3882 6408
519 314 578 366 Η
652 312 661 318 ’
1012 312 1073 372 S.
1110 311 1395 371 MARTIM
1433 311 1814 373 CONFESSIO
1853 310 2085 368 TRINE

2193 308 2447 369 lil'l‘ATiS
2485 309 2575 368 ET
2612 308 2822 371 tritius
2853 306 3275 375 nummis.
3677 306 3735 375 is

514 422 829 477 testimonio
858 421 1025 478 habiti
1054 433 1202 479 sunt.
1236 426 1401 481 Porro
1430 407 1605 482 tribus
1637 427 1787 481 hisce
1812 424 2104 481 volumini-
2131 428 2175 489 Α
2206 410 2504 482 edisserere
2521 442 2766 496 pergens.
2788 429 3094 499 complures
3126 431 3360 487 haereses
3382 430 3483 487 hac
3512 447 3594 486 sua
3617 431 3736 489 Cou-

515 510 615 567 bus
663 511 1051 579 emendicatis,
1104 514 1299 582 triplex
1354 518 1541 573 Severi
1586 514 1818 585 Sulpicii
1870 515 2100 572 historia

514 605 1002 662 contexebatnr....
1033 607 1227 663 Verum
1257 623 1378 662 cum
1409 609 1583 679 primo
1602 608 1659 663 in
1684 604 1813 665 libri
1844 608 2102 679 cujusque

516 698 744 766 vcsﬁgio
784 701 1140 769 compendium
1164 704 1503 765 itoatrw'lidei
1529 719 1559 757 a
1597 704 1660 758 D.
1689 703 1937 759 MAR'I‘INO
1966 718 2100 759 con-

511 789 773 857 scriptum
835 793 1217 862 agnovissent;
1279 796 1533 862 obstupui
1596 812 1762 864 sane,
1828 813 1926 853 cur
1975 812 2098 852 cum

511 878 674 936 taties
721 880 959 937 Severus
987 898 1021 938 e
1064 884 1228 952 prelis
1269 886 1551 957 prodiret,
1593 884 1743 941 illius
1785 902 1853 942 ne
1897 887 2101 942 mentio

513 970 732 1039 quidem
761 970 899 1027 facta
943 974 1033 1028 sit.
1068 976 1174 1031 Sed
1197 1018 1212 1041 ,
1245 985 1306 1031 ut
1345 978 1604 1040 arbitror.
1635 986 1837 1047 prater
1879 979 2103 1035 charac-

512 1072 690 1118 terum
724 1066 1132 1135 antiquitatem.
1162 1071 1239 1124 rei
1272 1071 1443 1137 ipsius
1477 1086 1575 1126 eos
1603 1062 1894 1127 difﬁcultas
1921 1072 2101 1128 deter-

514 1154 687 1208 rebat.
722 1154 831 1210 Nec
873 1158 1018 1212 enim
1062 1159 1174 1213 suis
1225 1160 1500 1229 periodis,
1550 1163 1773 1229 virgulis
1813 1164 2099 1219 caeterisve

513 1244 716 1299 notnlis
758 1255 1047 1302 contextus
1084 1248 1483 1306 deﬁniebatnr:
1516 1253 1652 1307 adeo
1688 1262 1747 1307 ut
1776 1253 2096 1322 quibusdam

504 1314 794 1479 Kmbiguus
817 1377 835 1405 ,
874 1339 998 1393 aliis
1027 1355 1278 1405 mancus,
1308 1344 1557 1397 omnibus
1596 1344 1899 1399 abstrusior
1933 1350 2099 1415 appa-

504 1440 533 1479 r
572 1435 674 1479 ret.
727 1425 860 1479 Nam
932 1444 1053 1479 cum
1099 1447 1309 1479 summa
1357 1434 1629 1479 brevitate
1691 1450 1806 1479 rom
1854 1437 2093 1479 ninnium

502 1418 674 1480 rbret.
727 1418 860 1482 Nam
932 1444 1053 1483 cum
1099 1447 1310 1486 summa
1355 1434 1629 1490 brevitate
1691 1450 1807 1490 rem
1854 1437 2094 1491 omnium

504 1514 883 1572 difﬁcillimam
925 1521 1348 1589 complectatur;
1384 1525 1507 1593 quis
1537 1523 1678 1579 inter
1716 1524 1983 1581 dictiones
2015 1526 2099 1581 in-

504 1609 944 1681 circumscriptas
991 1613 1130 1668 adeo
1176 1616 1493 1685 perplexas,
1540 1617 1671 1687 quid
1714 1617 1851 1673 certi
1894 1618 2095 1675 elicere

504 1699 873 1767 potuisset?...
892 1702 1084 1773 Operm
1109 1708 1357 1773 praetium
1382 1706 1544 1777 igitur
1565 1708 1691 1763 duxi
1715 1708 1827 1762 suis
1856 1694 2088 1776 punctis,

2202 517 2438 574 fessione
2476 518 2537 593 B.
2589 521 2870 577 Martinunt
2920 534 3166 579 evertere
3209 525 3477 591 ostendit,
3503 522 3735 595 Ebionis,

2202 609 2438 665 Cerinthi
2467 652 2481 676 ,
2528 611 2843 677 Marcionis.
2903 614 3164 681 Manetis,
3208 614 3565 686 Apoilinarii,
3605 620 3736 691 Arii,

2203 700 2494 758 Macedonii
2516 718 2578 758 ac
2609 701 2880 761 Eunomii.
2898 708 3117 779 Quibus
3140 711 3431 775 enarratis.
3459 709 3531 765 ita
3554 712 3741 767 conclu-

2201 792 2318 845 dit:
2374 813 2392 845 ι
2424 793 2623 859 Vides,
2677 795 2979 851 Christiane
3024 799 3193 853 lector
3220 841 3234 865 ,
3287 810 3345 854 ut
3388 801 3740 870 compendiose

2194 883 2394 938 multas
2423 884 2661 957 haereses
2686 895 2871 941 uester
2897 886 3158 943 Martinus
3183 892 3413 944 enecet?
3433 879 3545 945 Illis
3564 891 3741 962 quippe

2200 975 2531 1044 temporibus
2556 977 2761 1031 exstitit
2790 1018 2805 1043 ,
2832 972 3029 1048 quilius
3054 990 3146 1033 aut
3174 980 3266 1049 qui
3293 981 3600 1038 Trinitatem
3620 1025 3633 1049 ,
3660 970 3743 1037 aut

2200 1068 2289 1138 qui
2313 1068 2528 1123 unicam
2558 1068 2891 1125 divinitatem
2919 1083 3166 1127 evertere
3189 1071 3517 1138 nitebantur,
3543 1074 3743 1143 pallula.

2196 1167 2415 1216 runL...
2466 1156 2720 1229 Expendb
2752 1177 2879 1217 vero
2920 1171 3050 1232 quot
3076 1163 3363 1220 schismata
3386 1206 3400 1227 ,
3432 1164 3670 1220 factiones
3693 1175 3744 1221 ct

2200 1260 2392 1317 scctm,
2421 1268 2529 1322 quo
2557 1262 2801 1322 tempore
2828 1252 3008 1309 lloruit
3031 1296 3045 1319 ,
3074 1256 3431 1310 emerserint:
3465 1266 3570 1310 tum
3602 1256 3744 1311 facile

2196 1356 2461 1413 agnosces
2486 1359 2592 1397 non
2620 1344 2714 1399 abs
2734 1359 2792 1399 re
2818 1344 2951 1399 banc
2979 1346 3045 1398 de
3068 1344 3350 1401 Trinitatis
3373 1355 3426 1400 et
3454 1347 3601 1400 unius
3620 1347 3741 1402 divi-

2199 1436 2384 1491 nitatis
2414 1437 2517 1491 ﬁde
2542 1436 2742 1491 editam
2770 1438 3115 1491 sententiam.
3148 1455 3167 1488 ι
3203 1436 3327 1492 Haec
3351 1438 3459 1491 ille.
3489 1437 3611 1505 Qum
3633 1440 3744 1507 qui-

2198 1525 2319 1580 dem
2346 1526 2522 1580 omnia
2545 1527 2592 1581 si
2615 1527 2733 1596 quis
2756 1536 3011 1582 accurate
3038 1526 3356 1597 perpendat,
3384 1534 3569 1599 arguet
3590 1530 3747 1583 enim-

2198 1628 2328 1669 vero
2353 1655 2367 1679 ,
2399 1629 2516 1670 mea
2543 1615 2755 1685 quidem
2788 1618 3053 1671 sententia
3073 1656 3089 1683 ,
3114 1618 3426 1672 nonnullos
3469 1618 3603 1700 viros
3635 1634 3748 1674 eru-

2197 1705 2339 1758 ditos
2369 1705 2630 1773 ejusmodi
2652 1704 3055 1762 Confessioucm
3085 1707 3263 1761 minus
3291 1718 3436 1763 recte
3461 1718 3745 1776 suSpectam

504 1790 657 1858 quasi
684 1792 908 1857 vinclis,
950 1793 1239 1851 efﬁuentes
1263 1796 1525 1851 dictiones
1567 1798 1864 1863 cohibere,
1900 1798 2093 1867 sicque
2124 1807 2170 1866 Β
2198 1794 2489 1860 habuisse;
2530 1808 2649 1867 qum
2695 1799 2947 1851 nimirum
2985 1799 3036 1851 in
3071 1798 3258 1868 primis
3280 1800 3747 1857 vetustissimorum

498 1876 657 1934 facile
692 1880 755 1934 D.
787 1881 1020 1937 Manrtst
1048 1880 1434 1948 Confessioncm
1463 1887 1719 1967 reddere.
1767 1889 1835 1942 Et
1861 1905 1929 1942 ne
1956 1888 2083 1958 quid

498 1968 745 2038 deesset,
774 1975 1247 2031 annotatiunculas
1271 1977 1488 2041 addidi,
1519 1994 1585 2033 ne
1626 1972 1779 2048 cujus
1803 1979 1955 2033 vocis
1991 1979 2089 2033 ob-

500 2058 731 2115 scuritas
772 2061 976 2118 diutius
1024 2064 1281 2121 lectorem
1337 2059 1715 2137 suspenderet.
1750 2086 1767 2119 ι
1823 2069 2085 2137 Deinceps

494 2164 621 2207 vero
646 2162 833 2239 noster
872 2154 1051 2211 editor
1091 2157 1411 2214 Parisiensis
1475 2159 1644 2216 libelli
1715 2160 2082 2239 praestantiam

564 2284 643 2355 (a)
683 2285 804 2342 Vid.
839 2254 1013 2344 nostr.
1047 2289 1186 2345 Bibl.
1221 2290 1327 2346 PP.
1364 2299 1473 2347 tom
1498 2290 1595 2357 Ill,
1624 2305 1748 2361 pag.
1777 2282 1909 2346 sas.

2195 1886 2439 1941 codicum
2486 1887 2590 1941 ﬁde
2630 1896 2685 1942 et
2729 1889 3048 1944 auctoritate
3093 1891 3377 1945 munitur:
3420 1890 3573 1962 digna
3600 1893 3748 1962 plane

2191 1991 2313 2046 quae
2354 1991 2476 2031 cum
2523 1975 2859 2048 Expositione
2902 1979 3023 2049 ﬁdei
3075 1980 3321 2051 Gregorii
3378 1981 3748 2053 Thaumaturgi

2193 2066 2502 2121 conferatur
2523 2067 2597 2137 (a)
2623 2108 2637 2133 ,
2669 2069 2713 2122 si
2742 2083 2939 2139 paucas
2967 2070 3149 2125 demas
3186 2070 3527 2127 duriusculas
3555 2087 3706 2130 voces
3731 2114 3744 2137 ,

2192 2160 2426 2215 librariis
2457 2160 2598 2215 forte
2623 2161 2757 2216 vitio
2787 2161 3094 2217 vertendas.

1342 2573 2023 2688 SANGTI
2096 2574 2955 2689 MARTINI'

926 2800 1342 2886 TRIN/E‘
1381 2796 1921 2884 UNITATIS
1996 2798 2146 2880 ET
2217 2792 2577 2884 UNIUS
2649 2793 3310 2906 TRINITATIS

1537 2984 2709 3141 CONFESSIO.

1895 3218 2364 3274 W

562 3397 812 3453 Clemens
837 3392 1075 3448 Trinitas
1100 3395 1185 3445 est
1211 3402 1314 3443 una
1355 3386 1642 3449 divinitas.
1668 3358 1733 3438 ut
1762 3390 1940 3437 autem
1977 3395 2075 3449 per
2100 3382 2146 3443 C
2178 3376 2365 3448 genuit
2392 3395 2404 3430 :
2438 3362 2492 3431 et
2518 3391 2677 3433 nemo
2704 3377 2969 3446 comperit
2993 3385 3205 3433 secreta
3233 3379 3428 3449 paIriS,
3460 3380 3557 3438 nisi
3592 3382 3639 3438 is
3664 3384 3759 3455 qui

486 3496 884 3543 sacramentum
911 3490 1267 3551 cognoscatur
1292 3495 1306 3532 :
1338 3478 1518 3533 unitas
1542 3485 1628 3531 est
1646 3484 1671 3512 ⁸
1695 3474 1762 3528 ab
1790 3488 1855 3528 eo
1880 3472 1969 3541 qui
1994 3480 2079 3525 est

494 3554 748 3641 Sanctus,
778 3583 836 3630 et
862 3571 1085 3643 spiritus
1112 3586 1126 3623 :
1169 3584 1200 3623 ιι
1228 3583 1337 3640 quo
1357 3610 1371 3635 ,
1402 3569 1492 3638 qui
1524 3577 1609 3623 est
1630 3606 1646 3630 ,
1677 3572 1732 3621 ct
1770 3562 2081 3645 unigenitus

495 3671 572 3724 sic
599 3668 868 3723 exsistens
894 3662 1092 3718 divina:
1120 3671 1367 3728 naturas,
1401 3658 1534 3715 lucis
1555 3699 1569 3724 ,
1612 3656 1834 3733 spiritus
1859 3694 1874 3720 ,
1915 3669 1942 3706 a
1985 3667 2077 3715 se.

494 3776 553 3815 se
579 3774 679 3829 per
704 3765 948 3812 naturam
976 3794 990 3817 ,
1020 3766 1115 3823 per
1149 3751 1507 3830 substantiam
1540 3746 1866 3817 majestatis,
1902 3754 2079 3812 potes-

494 3848 649 3908 tatis,
675 3843 892 3899 virtutis
908 3882 924 3908 ,
951 3840 1147 3897 divina:
1167 3840 1322 3896 lucis.
1352 3838 1586 3907 Spiritus
1608 3850 1750 3890 unus
1773 3837 1823 3888 in
1846 3831 2075 3896 duobus,

494 3949 547 3995 et
575 3950 801 4007 uterque
825 3936 875 3989 in
906 3934 1163 4003 id-ipsum
1190 3950 1203 3985 :
1231 3938 1387 4000 pater
1414 3930 1467 3985 in
1491 3928 1625 3992 ﬁlio,
1654 3925 1795 3982 ﬁlius
1822 3925 1875 3978 in
1904 3930 2076 3991 patre,

491 4032 545 4085 iu
604 4036 796 4083 sancto
833 4024 1062 4094 Spiritu.
1105 4022 1196 4077 Sic
1218 4022 1391 4080 tribus
1434 4018 1714 4088 personis,
1755 4011 2081 4069 conﬁtemur

492 4119 521 4158 ιι
542 4131 739 4187 corpus
790 4112 1144 4185 przracientia‘.
1174 4130 1185 4165 :
1223 4109 1366 4181 quod
1415 4123 1582 4179 super
1614 4107 1794 4161 omnia
1823 4146 1837 4169 ,
1885 4110 2079 4158 cuncta

495 4209 793 4265 concludit.
819 4206 877 4262 in
905 4205 1008 4260 hoc
1034 4202 1350 4275 mysterium
1375 4214 1505 4271 ergo
1531 4195 1805 4255 credimus
1824 4238 1839 4260 ,
1867 4208 1986 4250 esse
2014 4207 2081 4247 ex

497 4299 662 4355 nullis
684 4295 1024 4353 exstantibus
1044 4301 1234 4349 cuncta
1258 4302 1400 4357 orta,
1423 4291 1563 4362 quod
1589 4290 2081 4361 mysterium'mens

500 4392 729 4445 humana
774 4384 1064 4452 concipere
1100 4398 1211 4438 non
1242 4390 1454 4453 potest,
1499 4396 1600 4437 nec
1626 4380 1864 4434 oratoria
1898 4378 2080 4446 lingua

496 4494 753 4538 enarrare
774 4518 790 4544 ,
818 4491 993 4546 neque
1018 4474 1196 4530 diﬂ'usi
1221 4472 1492 4530 sermonis
1514 4470 1959 4527 bibliothecarum
1987 4480 2082 4522 vo-

498 4573 734 4635 lumina,
779 4570 824 4623 si
874 4576 1049 4623 totum
1095 4566 1353 4625 mundum
1402 4563 1520 4619 libri
1571 4561 1852 4631 repleant,
1901 4558 2079 4612 divina

497 4663 727 4721 scientia
771 4674 877 4716 non
918 4659 1089 4729 possit
1134 4656 1512 4713 inenarrabilis
1549 4653 1788 4709 enarrari
1825 4668 1837 4705 :
1871 4650 1959 4721 qui
1999 4644 2083 4703 est

497 4752 790 4810 iudicibilis
816 4792 831 4817 ,
862 4749 1014 4805 nullo
1044 4747 1203 4803 modo
1244 4746 1415 4815 possit
1445 4740 1711 4809 describi,
1739 4755 1918 4810 neque
1948 4754 2081 4794 con-

2186 3484 2283 3539 per
2316 3478 2597 3535 naturam,
2639 3467 2895 3523 nascendi
2926 3467 3135 3527 initium
3164 3470 3360 3527 amisit.
3402 3471 3590 3545 Omnis
3610 3487 3763 3545 ergo

2186 3558 2538 3613 mansuetudo
2564 3568 2617 3613 ct
2648 3559 2912 3614 modestia
2941 3558 3269 3629 peritorum»,
3310 3570 3663 3617 convertatur
3690 3563 3765 3619 ad

2183 3651 2497 3719 prophetam
2528 3650 2543 3706 ἐ
2580 3660 2633 3717 et
2658 3648 2926 3707 dominica
2956 3653 3284 3708 auctoritate
3312 3664 3639 3723 praesumat,
3673 3655 3763 3710 di-

2182 3741 2356 3796 cendo
2383 3758 2395 3795 :
2425 3740 2660 3809 Credidi,
2692 3753 2897 3814 propter
2923 3744 3060 3813 quod
3084 3746 3284 3800 locutus
3304 3762 3415 3800 sum
3433 3744 3606 3818 (Psal.
3629 3762 3763 3814 cxv.

2186 3833 2467 3903 10).,Quod
2489 3842 2667 3889 autem
2687 3849 2780 3903 per
2792 3837 3108 3906 mysterium
3132 3837 3358 3905 simplex
3375 3838 3444 3892 sit
3463 3830 3767 3909 professio,

2186 3936 2244 3981 ut
2270 3926 2675 3983 fundamentum
2706 3927 2994 3993 Ecclesiae,
3022 3928 3265 3984 solidata:
3293 3930 3606 4000 Apostolica
3632 3945 3771 3985 auc-

2185 4016 2433 4079 toritate,
2461 4016 2869 4086 prmdestinatio
2893 4032 3127 4086 sequens
3153 4029 3467 4088 prnsurust,
3497 4020 3769 4092 dicendo.

2186 4104 2265 4160 De
2294 4115 2491 4161 caetero
2533 4122 2691 4161 nemo
2736 4106 2866 4162 mibi
2915 4109 3189 4165 molestus
3222 4108 3324 4175 sit,
3363 4123 3465 4180 ego
3505 4109 3676 4165 credo
3709 4111 3769 4166 in

2183 4197 2493 4263 Christum,
2525 4206 2578 4253 et
2609 4199 2751 4256 bino
2778 4200 3117 4257 cruciﬁxum.
3150 4201 3283 4269 Quia
3314 4216 3433 4255 cum
3464 4200 3776 4257 conﬁtetur

2188 4288 2354 4343 ﬁlium
2406 4291 2675 4358 hominis,
2728 4291 3014 4351 audietur
3059 4305 3116 4367 et
3159 4300 3403 4349 sanctum
3450 4294 3722 4363 Spiritum
3754 4312 3773 4351 :

2186 4382 2311 4449 quia
2356 4396 2385 4435 e
2431 4389 2617 4435 sancto
2660 4378 2894 4451 Spirit’tt,
2938 4391 2993 4438 et
3032 4367 3192 4438 Maria
3243 4382 3447 4451 virgine
3492 4382 3777 4439 mediator

2189 4473 2427 4527 nascitur
2451 4489 2465 4526 :
2488 4488 2610 4525 cum
2638 4473 2927 4529 conﬁtetur
2955 4473 3367 4542 primogenitum
3385 4512 3399 4536 ,
3423 4486 3656 4527 necesse
3681 4484 3780 4529 est

2188 4563 2255 4618 de
2284 4563 2592 4633 unigenito.
2622 4565 2710 4631 qui
2739 4566 3101 4618 testimonium
3123 4562 3294 4626 dicat,
3320 4577 3481 4617 unum
3505 4571 3562 4615 et
3584 4562 3779 4620 solum

2188 4654 2309 4712 sine
2334 4656 2540 4727 origine
2568 4670 2727 4709 esse:
2763 4666 2785 4693 ε
2817 4655 3029 4709 tertiam
3071 4667 3353 4723 personam
3387 4660 3599 4724 patrem
3628 4667 3784 4713 enn-

2188 4740 2391 4809 ﬂletur,
2432 4744 2777 4797 cxsistentem
2806 4743 2999 4797 divina:
3046 4754 3289 4807 natura,
3328 4739 3784 4812 iucisJSpirilm

496 4844 639 4901 cludi
669 4851 763 4897 aut
786 4840 1011 4895 verbum
1048 4847 1139 4892 aut
1176 4835 1481 4893 substantia
1534 4834 1752 4905 propria
1780 4831 2083 4887 divinitatis
2106 4817 2161 4877 Ῑ)
2187 4842 2246 4887 ιιι
2275 4834 2417 4901 dixi,
2456 4836 2544 4903 qui
2588 4836 2875 4889 secundum
2908 4834 3139 4888 divinam
3187 4844 3462 4899 naturam,
3497 4846 3556 4888 ut
3594 4850 3784 4904 supra

500 4951 633 4991 sua.
664 4935 767 5001 Qui
806 4940 892 4988 est
924 4930 1045 4985 fons
1070 4930 1262 4984 divina:
1294 4927 1464 4994 lucis,
1498 4926 1752 4997 luminis,
1788 4939 1906 5006 sua:
1944 4924 2076 4983 sub-

501 5024 714 5080 stantiae
736 5063 750 5084 .
783 5032 1011 5076 naturas.
1043 5018 1209 5075 Sileat
1236 5020 1413 5089 lingua
1440 5017 1711 5083 oratoria,
1744 5012 1865 5085 quia
1896 5014 2081 5068 deﬁcit

498 5127 679 5167 sermo
718 5110 785 5165 de
815 5108 1076 5163 indicibili
1101 5126 1116 5161 :
1146 5122 1267 5162 cum
1299 5104 1757 5163 consummaverit
1795 5120 1942 5158 mens
1973 5103 2074 5158 hu-

498 5220 653 5261 mana
677 5204 743 5258 de
766 5201 943 5257 divina
966 5200 1245 5269 majestate
1265 5198 1468 5262 dicere,
1493 5207 1618 5253 tunc
1639 5196 1845 5268 incipit.
1870 5195 2077 5263 Quanta

493 5298 565 5353 sit
602 5300 779 5349 autem
833 5290 1014 5345 divina
1063 5288 1386 5355 clementia,
1442 5303 1602 5345 nemo
1650 5286 1789 5352 scit,
1842 5286 1943 5341 nisi
1987 5284 2079 5356 qui

564 5436 589 5462 ι
632 5426 704 5478 Ab
733 5442 822 5487 eo,
865 5433 968 5477 etc.
1005 5422 1067 5476 Al
1136 5420 1197 5472 ab
1229 5436 1286 5472 eo
1324 5422 1510 5489 quiest
1560 5422 1790 5493 Spiritus
1834 5430 2076 5483 sanctus,

497 5516 527 5550 α
554 5505 823 5633 inﬁgi}
854 5561 1205 5633 prudentia.
1238 5560 1295 5616 Id
1316 5567 1460 5633 est,
1480 5561 1599 5627 ipse
1624 5562 1718 5633 Qui
2005 5561 2077 5616 ab

491 5639 693 5759 adeng
717 5626 895 5688 omnia
914 5673 926 5695 ,
952 5632 1111 5700 ‘cojua
1134 5630 1480 5700 brachium
1510 5626 1595 5687 est
1617 5626 1790 5698 ipsius
1816 5626 2064 5688 cubitans

493 5718 587 5761 tta.
668 5716 829 5759 xaux.

2186 4924 2329 4992 dixi,
2372 4934 2456 4979 est
2486 4940 2620 4979 unus
2659 4925 2713 4979 in
2754 4924 2992 4990 duobus,
3023 4934 3076 4980 et
3107 4934 3329 4995 uterque
3359 4928 3409 4979 in
3444 4926 3495 4980 id
3541 4927 3734 4995 ipsum
3764 4945 3797 5007 ;J

2188 5022 2341 5083 pater
2370 5016 2425 5069 in
2458 5016 2597 5079 ﬁlio,
2631 5017 2769 5072 ﬁlius
2796 5017 2854 5073 in
2885 5026 3069 5087 patre,
3103 5021 3154 5072 In
3193 5027 3384 5073 sancto
3412 5018 3624 5087 Spiritu
3658 5016 3681 5051 λ
3724 5020 3787 5074 in

2186 5114 2366 5158 sancta
2390 5105 2653 5161 Ecclesia.
2680 5107 2827 5162 Nunc
2850 5116 2904 5161 et
2929 5108 2982 5160 in
3012 5104 3340 5163 immortalia
3361 5109 3559 5164 saecula
3585 5126 3650 5163 sa
3674 5120 3750 5162 cn
3768 5140 3783 5148 -

2186 5197 2379 5249 lorum.
2414 5202 2577 5253 Amen

2260 5432 2299 5501 bc,
2322 5418 2555 5501 Tertiam.
2580 5432 3105 5501 person‘ameotrem.
3135 5423 3295 5501 Pater
3324 5423 3617 5501 tertiaest‘
3637 5438 3792 5501 per-

2185 5496 2346 5569 sona,
2378 5494 2500 5569 quia
2527 5492 2692 5569 trium
2716 5492 2951 5569 tma‘e'st.
2979 5492 3059 5569 in.
3085 5523 3155 5534 --
3180 5492 3264 5569 Al.
3292 5502 3457 5569 unum:
3490 5502 3542 5544 et
3590 5492 3795 5545 έὸὴυη

2183 5564 2291 5635 sine
2319 5562 2513 5635 origine
2540 5578 2649 5635 esse
2674 5563 2727 5635 in
2753 5562 2951 5635 tertiani
2980 5567 3243 5635 personati:
3260 5566 3484 5630 patrm.

2248 5630 2275 5669 ἀ
2313 5634 2379 5687 In
2398 5622 2581 5688 "sancta
2608 5634 2838 5689 ecclesia.
2868 5624 2953 5687 Al.
2976 5622 3138 5689 suum
3158 5622 3213 5686 in
3240 5622 3417 5686 sancta
3442 5632 3703 5687 ecclesia.
