3828 6352
500 342 566 399 ts
1503 308 1507 312 ’
1697 308 1717 311 ⁷
1856 336 2148 394 TlCHONlI
2177 337 2336 392 mu
3683 339 3750 396 te

493 454 548 508 in
581 453 954 521 compendium
1001 452 1248 508 redactas
1286 451 1401 505 suis
1426 449 1719 506 intexuerit
1763 449 2066 506 Sententia-
2093 454 2139 516 Α
2169 460 2416 504 exactum
2455 449 2725 518 evolgavit
2763 461 2909 502 anno
2951 448 3089 504 1622
3127 449 3370 506 Andreas
3406 450 3663 507 Schottus
3693 453 3746 508 in

495 561 612 600 rum
646 546 796 599 libris
837 544 933 615 (a),
965 559 1256 614 earumque
1296 552 1568 598 auctorem
1615 543 1754 596 inter
1800 542 2069 612 Sapientes

495 638 758 691 retulerit.

562 729 651 782 Ν.
684 729 835 793 Quod
868 739 1130 795 Superest,
1164 728 1408 782 Tichouii
1439 728 1577 782 liber
1605 726 1926 795 Regularum
1960 725 2064 792 pri-

491 837 636 875 mum
680 821 877 889 prodiit
919 823 1139 876 Basilea:
1184 836 1325 874 anno
1367 820 1507 874 1569
1547 821 1598 872 iu
1629 818 2062 883 OrthodOXOgra-

491 911 611 979 phis
633 911 864 981 Gryuazi.
900 911 1246 966 Postmodnm
1277 926 1405 965 vero
1434 912 1487 963 in
1523 911 1691 981 prima
1717 909 2064 963 Bibliothecrc

491 979 722 1056 Patrum
754 1003 1080 1056 Parisieusis
1127 1002 1364 1056 editione
1395 979 1681 1070 Bigtizeana
1716 1015 1858 1054 anno
1903 1000 2060 1054 1575.

490 1094 758 1151 Praeterea
807 1095 945 1149 idem
975 1109 1109 1164 opus
1139 1095 1530 1149 Ticbonianum
1561 1093 1627 1147 ad
1671 1107 1801 1148 mss.
1848 1091 2065 1147 codices

559 1231 632 1303 (a)
675 1232 800 1286 Isid.
834 1231 986 1301 Hisp.
1014 1230 1268 1286 Sentent.
1295 1229 1392 1284 lib.
1421 1245 1459 1297 t,
1484 1244 1602 1298 cap.
1629 1227 1715 1283 l9.

2176 545 2564 613 Suppletnento
2594 558 2688 599 seu
2732 545 2985 597 Auctario
3023 545 3364 599 biblioutcca:
3404 547 3618 600 Patrum
3647 547 3748 601 Co-

2171 638 2432 692 loniensis
2465 657 2476 689 :
2512 647 2669 708 atque
2711 638 2782 690 ita
2813 639 3136 692 recensitum
3168 638 3507 707 Lugdunensi
3538 652 3745 708 postre-

2169 745 2312 783 mum
2345 730 2606 784 intextum
2649 729 2966 797 comparuit.
3007 729 3153 784 lianc
3182 738 3359 783 autem
3387 728 3596 784 Schotti
3639 731 3748 784 edi-

2169 822 2369 874 tionem
2394 822 2534 892 typis
2561 821 2960 887 expressimus;
2991 833 3160 874 sacra:
3181 821 3460 887 scriptura:
3482 821 3597 875 loca
3626 820 3748 874 dili-

2166 911 2414 978 gentibus
2474 912 2912 973 subnotavimus;
2971 911 3164 964 menda
3221 911 3502 978 complura
3554 913 3749 980 quibus

2167 1009 2322 1054 antea
2369 1000 2613 1056 scatebat
2650 986 2948 1070 exemplar,
2979 1001 3331 1061 sustulimus;
3365 1001 3745 1072 nonuullisque

2169 1093 2634 1149 observationibus
2661 1093 2924 1147 auximus.

1442 1501 2280 1613 TICHONII
2361 1504 2820 1615 ,ΔΙ-’31

1937 1705 2282 1786 LIBER

1053 1877 1320 2018 DE
1417 1866 2183 2022 SEPTEM
2281 1880 3185 2026 REGULIS.

565 2335 934 2392 Necessarium
964 2331 1090 2385 duxi
1123 2338 1248 2383 ante
1281 2328 1459 2381 omnia
1489 2340 1607 2394 quae
1639 2323 1767 2378 mihi
1797 2322 2069 2388 videntur,
2102 2323 2148 2381 B
2176 2320 2388 2390 corpori
2419 2320 2572 2388 ejus?
2601 2321 2777 2388 Quare
2801 2325 3139 2381 manifestum
3169 2337 3273 2393 est,
3305 2329 3420 2383 sola
3442 2329 3654 2386 ratione
3675 2331 3755 2386 vi-

493 2429 728 2484 libellum
763 2425 1082 2495 [tegularum
1125 2420 1363 2474 scribere
1407 2427 1460 2470 et
1499 2421 1829 2470 secretarum
1878 2414 2023 2482 leges
2049 2456 2062 2479 ,

493 2521 656 2574 veluti
687 2520 865 2572 claves
890 2530 940 2570 et
968 2514 1245 2568 luminaria
1271 2510 1557 2565 fabricare.
1588 2507 1725 2562 Sunt
1750 2507 1891 2560 enim
1921 2521 2066 2574 qua:-

493 2614 614 2666 dam
644 2611 839 2677 regulas
872 2607 1130 2678 mystice,
1176 2619 1297 2674 quas
1349 2603 1611 2656 universa:
1652 2601 1783 2668 legis
1821 2613 2067 2653 recessus

493 2708 757 2769 obtinent,
790 2715 842 2757 et
874 2703 1114 2756 veritatis
1146 2699 1428 2752 thesauros
1471 2697 1740 2766 aliquibus
1773 2693 2067 2747 invisibiles

493 2799 711 2850 faciunt.
746 2794 979 2859 Quarum
1012 2793 1055 2846 si
1103 2792 1237 2844 ratio
1280 2791 1584 2859 regularum
1615 2788 1731 2841 sine
1759 2787 1980 2845 imidia,
2015 2795 2071 2837 ut

496 2887 977 2948 comnmuicamus,
1008 2891 1224 2949 accepta
1257 2881 1432 2944 fuerit,
1461 2880 1642 2933 clausa
1671 2893 1891 2948 qua-que
1921 2885 2070 2945 pate-

496 2978 647 3041 ﬁent,
680 2986 734 3030 et
775 2975 1002 3028 obscura
1035 2971 1489 3035 dilucidabuntur,
1529 2980 1584 3022 ut
1628 2971 1746 3038 quis
1783 2966 2071 3036 prophetia:

496 3067 803 3120 universam
835 3065 1023 3117 silvam
1055 3061 1451 3130 perambulans,
1480 3060 1562 3112 his
1590 3058 1790 3126 regulis
1815 3057 2074 3125 quodam-

499 3162 661 3216 modo
686 3161 821 3214 lucis
849 3157 1153 3212 tramitibus
1182 3156 1466 3219 deductus,
1498 3153 1567 3209 ab
1593 3167 1780 3208 errore
1819 3149 2075 3206 delenda-

504 3263 608 3308 tur.
635 3253 770 3306 Sunt
797 3262 973 3302 autem
1004 3247 1202 3316 regula:
1227 3248 1365 3300 istae.

642 3344 682 3398 Ι.
727 3343 802 3395 De
841 3341 1062 3394 Domino
1094 3351 1138 3392 et
1165 3355 1376 3406 corpore
1413 3340 1541 3408 ejus.

618 3436 683 3488 ll.
728 3435 801 3486 De
832 3433 1039 3485 Domini
1063 3448 1273 3499 corpore
1293 3431 1551 3498 bipartito.

600 3527 685 3580 Ill.
729 3525 807 3578 De
835 3527 1096 3594 promissis
1132 3535 1177 3577 et
1203 3526 1330 3594 lege.

601 3617 690 3669 IV.
733 3616 810 3669 De
839 3617 1004 3680 specie
1029 3627 1074 3666 et
1102 3629 1300 3682 genere.

622 3707 686 3761 ν.
735 3706 806 3759 De
833 3707 1160 3774 temporibus.

606 3796 689 3849 Vl.
733 3794 808 3848 De
831 3795 1272 3864 recapitulatione.

584 3886 693 3941 Vll.
741 3886 811 3942 ne
840 3887 1042 3942 diabolo
1071 3897 1114 3940 et
1143 3890 1258 3964 ejus
1280 3904 1512 3954 corpore.

1122 3967 1400 4055 neeum
1441 4001 1478 4053 ι.

904 4112 982 4165 De
1004 4111 1222 4164 Domino
1243 4120 1288 4164 et
1318 4127 1529 4180 corpore
1550 4116 1679 4183 ejus.

590 4224 872 4278 Dominum
920 4223 1141 4289 ejusque
1184 4236 1414 4289 corpus,
1466 4222 1515 4273 id
1570 4232 1687 4285 est,
1744 4221 2038 4276 Ecclesiam
2068 4264 2081 4288 ,

520 4316 794 4384 Scriptura
829 4314 1062 4381 loquitur
1088 4315 1103 4382 (
1129 4312 1170 4365 ll
1202 4312 1332 4365 Tim.
1357 4329 1395 4377 ι,
1418 4313 1540 4382 20),
1575 4314 1688 4366 sola
1721 4314 1856 4366 ratio
1885 4314 2086 4367 discer-

520 4409 597 4462 nit
628 4427 640 4460 :
671 4408 796 4460 dum
847 4406 975 4474 quid
1027 4407 1217 4474 cuique
1262 4409 1574 4468 conveniat,
1622 4407 1942 4474 persuadet;
1991 4407 2086 4461 sed

520 4504 643 4570 quia
694 4509 840 4554 tanta
871 4511 954 4554 est
999 4503 1080 4552 vis
1111 4501 1351 4553 veritatis
1381 4540 1395 4563 ,
1436 4509 1739 4568 extorquet.
1787 4501 1932 4554 Alias
1981 4503 2087 4555 ulla

525 4610 754 4665 persona
779 4594 1097 4647 convenitur
1123 4633 1136 4655 ,
1188 4607 1344 4659 quam
1377 4593 1647 4660 duplicem
1675 4607 1798 4646 esse
1819 4634 1831 4657 ,
1877 4593 2088 4647 diversa

527 4690 753 4743 duorum
795 4685 973 4738 ollicia
1013 4684 1260 4738 edocent.
1311 4683 1401 4737 Sic
1430 4699 1525 4752 per
1566 4684 1755 4736 Isaiam
1790 4702 1800 4735 :
1836 4684 1938 4736 Hic
1963 4726 1976 4745 ,
2010 4687 2093 4738 in-

526 4785 661 4853 quit,
696 4790 900 4853 peccata
928 4789 1098 4831 nostra
1126 4783 1257 4845 fert,
1296 4787 1342 4829 et
1371 4794 1464 4846 pro
1503 4779 1645 4830 nobis
1675 4780 1846 4845 dolet,
1895 4790 1941 4831 et
1988 4783 2094 4850 ipse

527 4877 816 4928 vulneratus
861 4882 930 4925 est
979 4882 1184 4941 propter
1214 4870 1446 4938 facinora
1472 4881 1663 4924 nostra.
1705 4870 1844 4924 Deus
1885 4875 2093 4925 tradidit

528 4968 675 5019 illum
702 4981 794 5032 pro
836 4965 1051 5030 peccatis
1081 4965 1284 5022 nostris,
1319 4971 1423 5014 etc.
1457 4963 1472 5027 (
1502 4961 1607 5013 lsa.
1638 4977 1727 5016 Llll
1754 5003 1768 5024 ,
1798 4963 1852 5024 4,
1882 4965 1914 5016 6
1939 5004 1952 5023 ,
1991 4981 2092 5016 sec.

533 5056 667 5109 LXX
694 5055 737 5124 ),
785 5069 903 5121 quas
932 5055 980 5104 iu
1014 5053 1298 5105 Dominum
1328 5054 1616 5106 convenire
1643 5055 2095 5134 o/mnis‘Ecclesix

2174 2413 2289 2466 deri
2319 2427 2476 2482 posse
2506 2417 2719 2483 quando
2748 2433 2777 2470 a
2804 2420 2980 2488 capite
3023 2421 3091 2474 ad
3131 2437 3332 2491 corpus
3365 2425 3650 2479 transitum
3681 2427 3752 2479 la-

2170 2506 2296 2558 ciat.
2348 2506 2533 2560 Daniel
2576 2523 2790 2577 qumque
2836 2512 3068 2579 lapidem
3119 2513 3186 2568 de
3231 2527 3414 2570 monte
3462 2520 3752 2587 pra-cisum

2171 2596 2460 2664 impegisse
2500 2600 2551 2650 in
2583 2613 2782 2667 corpus
2815 2615 3098 2670 regnorum
3132 2605 3314 2658 mundi
3347 2647 3359 2668 ,
3393 2616 3445 2660 et
3473 2609 3522 2659 in
3567 2609 3756 2677 pulve—

2170 2702 2282 2740 rem
2311 2690 2697 2745 comminuissc
2727 2690 3012 2746 Dominum
3041 2693 3190 2749 dicit.
3240 2697 3472 2752 Montem
3497 2713 3629 2752 vero
3669 2697 3751 2753 ef-

2172 2779 2388 2846 fectum,
2422 2793 2474 2834 et
2506 2783 2814 2848 implevisse
2839 2786 3138 2841 universam
3172 2799 3368 2844 terram
3393 2807 3594 2860 corpus
3615 2792 3753 2861 ejus.

2172 2869 2286 2922 Nox:
2315 2871 2459 2923 enim
2498 2873 2641 2926 sicut
2669 2875 2883 2942 quidam
2920 2875 3142 2943 dicunt,
3173 2879 3224 2932 in
3252 2873 3640 2936 contumeliam
3672 2897 3756 2935 re-

2174 2959 2260 3026 gni
2292 2959 2422 3024 Dei,
2455 2962 2769 3033 invictteque
2797 2966 3134 3021 haereditalis
3163 2967 3360 3025 Christi
3389 3013 3403 3036 ,
3452 2972 3597 3040 quod
3649 2988 3755 3027 non

2173 3052 2292 3105 sine
2322 3052 2510 3108 dolore
2540 3054 2682 3109 dico.
2709 3056 2969 3112 Dominus
3000 3067 3168 3113 totum
3197 3063 3454 3115 mundum
3485 3073 3756 3132 potestate

2177 3144 2408 3213 (Matth.
2449 3161 2633 3212 xxvtn,
2671 3149 2737 3204 18
2763 3144 2807 3218 ),
2859 3158 2912 3204 et
2955 3165 3060 3204 non
3110 3155 3191 3205 sui
3235 3155 3482 3223 corporis
3527 3156 3758 3222 plenitu-

2177 3237 2301 3293 dine
2329 3243 2630 3308 occupavit.
2660 3242 2854 3296 Dicunt
2883 3245 3024 3298 enim
3051 3259 3116 3299 eo
3142 3257 3326 3301 monte
3357 3248 3616 3301 mundum
3660 3249 3761 3302 im-

2178 3331 2376 3399 pletum
2403 3349 2417 3395 ;
2451 3335 2592 3402 quod
2621 3336 2776 3389 liceat
2796 3334 3104 3390 Christiano
3136 3338 3189 3391 in
3237 3339 3386 3392 omni
3422 3339 3541 3393 loco
3569 3381 3583 3404 ,
3615 3340 3761 3410 quod

2178 3431 2331 3475 antea
2371 3438 2475 3476 non
2510 3424 2608 3476 nisi
2640 3426 2690 3476 in
2730 3425 2859 3480 Sion
2894 3427 3111 3491 licebat,
3144 3428 3358 3484 oﬂerre.
3402 3429 3555 3496 Quod
3589 3430 3638 3484 si
3690 3431 3763 3483 ita

2179 3525 2282 3576 cst,
2319 3532 2422 3568 non
2455 3532 2588 3585 opus
2633 3527 2753 3572 erat
2795 3519 2998 3583 dicere,
3029 3536 3096 3573 ex
3139 3521 3315 3588 lapide
3363 3531 3602 3575 montem
3634 3521 3764 3576 eﬂ'e-

2179 3613 2358 3670 ctum,
2407 3616 2458 3658 et
2501 3607 2851 3662 incrementis
2891 3611 3150 3663 mundum
3199 3611 3448 3679 cmpisse.
3497 3611 3766 3666 Dominus

2181 3698 2324 3750 enim
2368 3706 2552 3752 noster
2591 3698 2874 3765 Christus,
2927 3712 3054 3755 ante
3096 3704 3277 3759 mundi
3319 3704 3763 3762 constitutionem

2109 3806 2154 3867 ρ
2185 3787 2361 3856 (Joan.
2399 3804 2531 3852 xm,
2561 3790 2644 3860 2),
2676 3791 2813 3845 hanc
2843 3791 3030 3847 habuit
3054 3793 3354 3849 claritatem
3387 3837 3403 3861 ,
3432 3807 3485 3850 et
3513 3811 3638 3850 cum
3667 3798 3768 3851 ho-

2183 3892 2272 3930 mo
2299 3877 2388 3930 ille
2410 3921 2424 3942 ,
2460 3879 2553 3933 Dei
2585 3880 2720 3934 lilius
2753 3880 2912 3936 fuerit
2937 3923 2952 3948 ,
2985 3899 3090 3938 nou
3131 3884 3384 3952 paulatim
3417 3925 3432 3948 ,
3483 3894 3541 3939 ut
3589 3886 3729 3954 lapis
3750 3926 3766 3953 ,

2181 3968 2277 4021 sed
2309 3984 2414 4021 uno
2445 3977 2684 4038 tempore
2723 3972 2932 4041 accepit
2957 3988 3173 4027 omnem
3204 3985 3228 4009 τι
3257 3974 3510 4042 pietatem
3542 3977 3596 4029 in
3625 3977 3768 4032 caelo

2184 4066 2239 4111 et
2294 4058 2346 4111 in
2391 4054 2552 4113 terra.
2608 4061 2768 4128 Lapis
2817 4071 2993 4117 autem
3041 4063 3394 4118 incrementis
3452 4067 3625 4119 lactus
3682 4075 3769 4122 est

2186 4166 2379 4218 mons,
2411 4163 2464 4206 et
2489 4156 2784 4212 crescendo
2825 4166 3022 4214 terram
3050 4174 3263 4214 omnem
3303 4161 3464 4215 texit.
3517 4161 3675 4228 Quod
3723 4163 3769 4217 si

2188 4253 2451 4312 potestate
2482 4247 2758 4315 implesset
2783 4251 3084 4306 universam
3121 4261 3340 4318 terram,
3366 4269 3472 4308 non
3513 4269 3767 4325 corpore,

2185 4331 2347 4402 lapidi
2382 4351 2484 4389 non
2514 4349 2943 4406 compararetur.
2971 4341 3216 4396 Potestas
3240 4344 3381 4397 enim
3415 4360 3502 4399 res
3535 4357 3622 4401 est
3673 4349 3772 4401 im-

2189 4428 2491 4497 palpabilis,
2524 4432 2658 4500 lapis
2685 4449 2816 4488 vero
2841 4421 3039 4506 corpus
3063 4437 3348 4506 palpabile.
3396 4438 3507 4492 Nec
3538 4441 3656 4495 sola
3685 4459 3770 4496 ra-

2192 4521 2334 4573 tione
2366 4532 2695 4579 monstratur
2724 4541 2942 4596 corpus,
2977 4543 3083 4582 non
3115 4539 3274 4598 caput
3313 4544 3566 4584 crescere
3612 4549 3627 4582 :
3675 4533 3770 4586 sed

2192 4611 2352 4664 etiam
2402 4613 2714 4678 Apostolica
2760 4619 3084 4673 auctoritate
3121 4619 3365 4672 ﬁrmatur
3419 4638 3430 4671 :
3475 4618 3770 4690 Crescatis,

2193 4702 2387 4771 inquit,
2416 4722 2505 4773 per
2533 4708 2705 4759 omnia
2733 4712 2788 4761 in
2818 4725 2933 4763 eum
2960 4751 2976 4776 ,
3001 4713 3090 4780 qui
3115 4721 3186 4765 est
3212 4721 3367 4779 caput
3399 4711 3639 4768 Christus
3659 4757 3676 4782 ,
3713 4732 3775 4768 ea;

2192 4809 2292 4863 quo
2318 4811 2462 4849 omne
2499 4813 2682 4868 corpus
2717 4810 3060 4854 constructum
3092 4813 3137 4854 et
3163 4820 3445 4856 εοηηεπωη
3477 4843 3492 4868 ,
3541 4821 3636 4872 per
3666 4823 3775 4860 om—

2195 4903 2307 4938 nem
2331 4897 2521 4942 tactum
2543 4893 3019 4948 subministrationis
3048 4898 3100 4948 in
3122 4913 3412 4950 mensuram
3440 4900 3778 4973 uniuscujus-

2194 4994 2288 5046 qne
2334 4983 2514 5047 partis,
2548 4983 2905 5039 incrementum
2935 4990 3164 5057 corporis
3196 4989 3356 5055 facit,
3389 4992 3440 5042 in
3466 4991 3777 5060 trdiﬁcatio-

2197 5082 2310 5118 nem
2338 5070 2420 5119 sui
2451 5069 2688 5139 (Ep/tes.
2722 5090 2792 5136 tv,
2821 5077 2912 5137 15,
2947 5076 3079 5145 16).
3115 5078 3180 5130 Et
3205 5078 3396 5131 iterum
3431 5096 3444 5130 :
3482 5077 3606 5133 Non
3633 5092 3777 5136 tene-

533 5162 626 5200 ore
653 5146 980 5199 celebratur.
1018 5143 1268 5211 Sequitur
1296 5151 1469 5195 autem
1504 5153 1555 5196 et
1595 5144 1725 5197 dicit
1763 5146 1828 5198 de
1865 5147 2047 5199 eodem
2079 5164 2090 5199 :
2124 5166 2171 5223 ι)
2199 5161 2261 5212 τί.
2302 5174 2452 5231 caput
2474 5207 2488 5228 ,
2534 5182 2598 5217 επ
2620 5183 2718 5233 quo
2749 5184 2893 5220 οηιηε
2913 5143 3099 5236 εον-ρέα
3131 5188 3220 5234 νει-
3258 5180 3448 5223 tactum
3475 5182 3522 5224 ετ
3553 5181 3778 5247 con-pm-

534 5237 601 5288 Et
633 5241 763 5288 Deus
792 5235 898 5288 t'ult
921 5253 1030 5286 eum
1062 5251 1281 5304 purgare
1309 5251 1338 5285 a
1367 5237 1538 5302 plaga,
1562 5245 1608 5288 et
1637 5238 1740 5288 vult
1771 5234 1906 5289 Deus
1947 5254 1976 5288 α
2006 5241 2098 5290 do-

534 5330 640 5379 lore
689 5327 887 5392 auferre
929 5325 1008 5377 illi
1055 5324 1254 5386 lucem,
1300 5334 1345 5374 et
1393 5329 1614 5391 formare
1656 5328 1800 5378 illum
1829 5329 2098 5396 prudentia

534 5416 722 5486 (Ibid.,
752 5417 837 5479 10,
872 5415 980 5483 ll).
1013 5414 1277 5482 Numquid
1311 5416 1384 5478 ei,
1415 5433 1570 5484 quem
1606 5417 1824 5471 tradidit
1851 5434 1944 5486 pro
1977 5436 2097 5486 pec-

535 5508 672 5560 catis
703 5507 924 5572 nostris,
959 5507 1070 5558 vult
1103 5508 1388 5560 ostendere
1416 5509 1610 5570 lucem,
1643 5518 1698 5564 et
1724 5525 1843 5563 eum
1870 5512 2102 5568 formare

533 5600 838 5666 prudentia,
866 5605 987 5654 eum
1017 5597 1133 5666 ipse
1155 5600 1224 5652 sit
1252 5600 1343 5652 lux
1374 5607 1428 5652 et
1452 5601 1710 5668 sapientia
1740 5603 1869 5658 Deil
1901 5616 1953 5659 et
1992 5621 2098 5663 non

608 5750 629 5774 η
658 5742 1001 5812 Potestatom.

2195 5251 2360 5302 ctione
2387 5264 2727 5308 constructum
2757 5269 2802 5311 et
2825 5260 3278 5323 subministratum,
3305 5265 3482 5317 crescit
3520 5266 3574 5316 in
3603 5267 3775 5319 inere-

2198 5350 2421 5393 mentum
2444 5341 2540 5395 Dei
2565 5346 2783 5412 (Coloss.
2822 5364 2876 5410 tt,
2911 5347 3022 5417 29).
3057 5351 3173 5403 Non
3201 5368 3330 5420 ergo
3346 5365 3507 5422 caput
3532 5357 3679 5422 quod
3709 5374 3777 5414 ex

2197 5431 2404 5498 origine
2433 5433 2572 5486 idem
2609 5446 2690 5489 est
2712 5478 2726 5500 ,
2761 5438 2851 5490 sed
2881 5453 3075 5506 corpus
3105 5444 3301 5496 crescit
3330 5458 3394 5496 ex
3440 5445 3637 5511 capite.
3692 5449 3776 5503 Ad

2200 5525 2530 5589 propositum
2564 5527 2865 5582 redeamus.
2916 5530 3186 5598 Scriptum
3224 5543 3307 5588 est
3349 5534 3414 5586 de
3445 5534 3678 5592 Domino
3723 5552 3778 5595 et

2198 5614 2310 5682 ejus
2342 5630 2602 5683 corpore;
2646 5619 2771 5687 quid
2817 5620 2901 5700 cui
2937 5625 3260 5691 conveniat,
3310 5625 3516 5679 ratione
3561 5627 3778 5686 discer-
