1914 3172
47 248 71 275 17

577 227 680 274 ιω
696 245 743 274 DE
763 246 897 276 SEPTEM
911 247 1071 277 naeuus.

1594 251 1629 280 i8

43 302 136 329 nendum
150 310 156 328 :
179 302 278 337 Angelis
291 301 347 328 suis
360 302 489 329 mandauit
503 301 535 328 de
547 306 571 328 te
581 322 588 333 ,
610 306 638 328 ut
652 302 797 328 custodiant
811 303 836 333 Α
850 302 920 329 niam
935 303 1061 330 nativitas
1074 303 1207 331 adventus
1219 307 1261 331 est
1270 304 1338 331 sicut
1350 304 1478 339 scriptum
1489 309 1550 332 est:
1563 304 1631 332 Illu‘

43 353 60 375 te
71 350 94 374 in
104 347 207 374 omnibus
221 347 266 373 uiis
279 348 332 374 tuis
347 355 357 374 :
371 348 398 373 in
410 347 526 374 manibus
539 348 620 381 ferent
628 351 662 378 te,
674 355 705 373 ne
715 346 797 380 o/Ten-

42 394 77 419 des
89 393 117 419 ad
126 392 225 425 lapidem
236 392 326 426 pedem
339 397 424 419 tuum.
439 392 523 425 Super
532 391 650 426 aspidem
660 396 685 418 et
696 392 797 419 basilis-

40 448 83 465 ml
93 438 226 471 ambulabis,
246 443 269 464 et
283 438 448 466 conculcabis
462 438 560 465 leonem
574 458 581 469 ,
600 443 624 464 et
646 438 795 465 draconem.

42 485 141 518 Quoniam
162 486 188 511 in
210 483 247 510 ine
269 482 395 519 sperauit,
427 485 535 519 eripiam
561 492 637 517 eum,
665 491 796 520 protegam

39 539 91 561 ms.
102 530 209 564 quoniam
227 530 344 565 cognouit
367 538 458 557 nomen
478 538 570 557 nteum.
588 529 720 557 litvocavit
732 539 773 556 me
786 552 794 565 ,

40 580 57 601 st
70 582 107 609 ego
123 575 250 601 mdium
263 583 325 601 elus
336 595 346 608 ,
367 583 425 601 cum
438 583 468 602 eo
480 583 537 602 sum
558 575 586 601 in
607 575 774 602 tribulatione
786 595 793 608 ,

40 621 121 655 eripio.
138 629 190 647 eum
216 625 238 647 et
261 621 417 656 glori/icabo
443 629 509 649 eunt.
544 620 716 657 Longitudinc
742 622 796 648 die-

42 666 214 699 rssudiatplebo
225 674 282 692 em
294 687 302 698 ,
328 672 352 692 et
377 667 508 693 ostendam
522 667 561 694 illi
578 667 693 693 salutare
712 675 794 693 meum

41 711 111 745 (Pal.
134 719 180 745 sc,
203 713 283 740 "-46
298 713 322 747 ).
350 712 485 749 Numquid
509 713 543 741 de
565 715 645 748 cujus
664 714 797 748 obsequio

41 757 149 784 mandavit
160 759 259 792 angelis
274 759 334 786 suis
348 758 431 790 Deus.
446 759 535 786 eidem
544 760 665 787 ostendit
678 761 794 787 salutare

38 810 113 835 suum,
133 808 222 830 etnon
236 806 351 840 corpori
371 804 450 839 ejus?
464 805 581 832 lterum:
605 805 679 833 Sicut
700 814 794 841 sponso

38 850 130 882 inposuit
139 849 196 876 mihi
205 851 322 883 mitram,
335 856 359 877 et
370 852 434 878 sicut
448 860 569 886 sponsum
584 853 682 879 ornauit
702 861 741 879 nte
752 862 795 880 or-

38 899 83 920 ssts
94 893 154 929 (lsa.
169 903 221 929 ut,
237 896 272 923 10
283 917 291 929 ,
316 903 369 924 sec.
385 895 479 931 LXX).
495 896 582 924 Unum
605 905 706 933 corpus
726 898 794 925 dixit

39 943 147 976 utriusque
164 949 241 969 sexus
265 943 363 977 sponsi
376 948 404 970 et
417 950 523 977 sponsa:
541 951 548 969 :
563 944 609 970 sed
624 944 688 978 quid
702 944 728 970 in
741 944 794 970 Do-

845 349 926 374 minat
949 356 1047 376 onmem
1065 348 1193 376 hominem
1216 350 1353 376 venientem
1378 350 1405 376 in
1427 351 1493 377 hunc
1506 351 1630 377 mundum

845 393 933 429 (Joan.
951 402 970 427 t,
986 394 1025 429 9).
1040 395 1075 421 Et
1089 395 1185 422 iterum
1203 403 1210 421 '.
1222 387 1355 422 Generatio
1369 395 1448 427 vadit,
1462 400 1487 422 et
1499 396 1628 431 generatio

845 442 913 468 venit
926 441 1025 475 (Et-cie.
1041 449 1049 468 ι
1063 462 1071 474 ,
1085 442 1102 468 4
1113 442 1133 476 ).
1161 443 1193 469 Et
1207 442 1301 469 iterum
1320 451 1327 469 :
1349 443 1423 469 Sicut
1435 443 1553 475 audistis,
1568 444 1631 477 quia

845 486 1015 514 Antichristus
1027 488 1093 514 venit
1108 487 1135 522 (I
1150 487 1230 514 Joan.
1242 496 1274 520 ll,
1292 487 1352 523 l8).
1373 488 1470 516 lterum
1484 489 1518 516 de
1534 490 1628 516 eodem

842 540 960 566 corpore
976 543 982 560 :
999 533 1030 560 Si
1043 534 1109 560 enim
1123 534 1171 560 iste
1183 535 1226 566 qui
1240 535 1317 565 venit,
1332 534 1412 561 alium
1424 534 1552 561 Christum
1561 542 1629 570 prte—

845 578 912 605 dicat
923 578 966 614 (ll
979 572 1093 609 συνίῃ.
1107 579 1125 605 4
1134 578 1153 613 ).
1179 579 1255 606 Unde
1268 579 1398 607 Dominus
1410 601 1417 613 ,
1433 587 1494 608 cum
1509 581 1542 608 de
1554 580 1631 615 signo

845 624 976 651 adventus
992 625 1033 651 sui
1043 624 1268 659 interrogaretur,
1282 625 1316 652 de
1330 625 1375 652 illo
1386 625 1504 652 adventu
1515 633 1564 653 suo
1573 633 1631 654 cte-

846 671 883 704 pit
896 670 1043 704 disputare,
1059 671 1103 704 qui
1118 670 1151 696 ab
1167 670 1275 697 inimico
1289 678 1405 705 corpore
1417 672 1500 705 signis
1520 676 1548 698 et
1568 679 1630 704 pro-

845 716 924 750 digiis
938 716 1036 743 imitari
1057 720 1145 751 potest
1161 724 1168 743 :
1193 715 1294 749 Cavete,
1309 716 1409 750 inquit,
1423 725 1454 743 ne
1467 718 1522 751 quis
1534 725 1577 744 vos
1591 726 1630 744 se-

845 762 922 788 dueat
938 760 1045 796 (Matth.
1056 769 1129 793 xxtv,
1140 760 1179 796 4).
1195 760 1273 787 Multi
1285 762 1393 793 uenient,
1408 763 1435 788 in
1446 763 1548 789 nomine
1563 770 1629 795 meo,

845 806 871 833 id
887 811 928 833 est
938 807 964 833 in
979 808 1087 833 nomine
1101 807 1223 841 corporis
1236 807 1299 834 tnei.
1315 807 1465 834 Novissimo
1479 813 1568 835 autem
1583 808 1631 835 ad-

844 857 925 879 ventu
940 852 1056 884 Domini,
1069 852 1095 879 id
1105 857 1156 884 est,
1166 853 1407 881 consummationis
1432 854 1513 881 totius
1527 854 1629 881 adven-

846 902 888 925 tus
910 897 968 932 ejus
980 918 987 930 ,
1005 905 1087 925 nemo
1098 917 1106 930 ,
1121 903 1150 924 ut
1164 898 1245 932 aliqui
1259 903 1372 932 putant,
1395 906 1556 927 moreretur.
1576 898 1631 927 Sed

844 950 898 977 quo
912 943 1016 976 plenius
1031 943 1080 970 ista
1104 943 1228 970 dicantur
1239 964 1247 976 ,
1267 944 1353 971 ordini
1367 952 1416 970 suo
1436 944 1631 979 relinquamus.

38 987 122 1019 utinam,
132 988 188 1021 quid
201 988 226 1014 in
241 988 394 1016 Ecclesium
408 988 561 1019 conveniat.
577 988 681 1016 ratione
693 995 795 1023 cogno-
809 985 832 1014 Β
846 987 901 1016 Nec
914 988 977 1015 illud
991 988 1043 1016 etit
1062 988 1207 1016 absurdum
1218 1009 1225 1021 ,
1241 990 1312 1023 qttod
1327 997 1358 1016 ex
1375 997 1427 1016 uno
1439 994 1522 1017 totum
1533 998 1633 1025 corpus

36 1034 106 1059 scitur.
123 1034 152 1060 Et
165 1034 233 1061 idem
247 1034 383 1062 Dominus
401 1034 469 1062 dicit
487 1036 514 1062 in
534 1035 697 1070 Apocalyp~i
713 1043 720 1061 :
734 1034 792 1071 Ego

36 1086 76 1103 sm
87 1087 179 1113 sponsu
191 1084 216 1106 et
229 1088 329 1114 sponsa
344 1080 437 1116 (Apoc.
450 1088 532 1115 xvm,
547 1081 605 1116 25).
621 1081 655 1108 Et
668 1082 764 1112 iterum
782 1090 789 1108 :

35 1123 130 1151 Exierunt
143 1125 235 1152 obuiam
249 1134 349 1161 sponso
365 1131 389 1153 et
409 1135 510 1161 sponsa
524 1127 533 1160 (
545 1126 640 1153 Matth.
656 1134 706 1153 xxv
720 1147 727 1160 ,
743 1127 789 1162 1).

36 1170 58 1197 Et
67 1172 154 1205 iterum,
166 1174 226 1207 quid
242 1174 329 1208 capiti
343 1178 371 1200 et
381 1174 500 1208 corpori,
515 1175 622 1201 ratione
635 1173 791 1201 discernen.

32 1215 78 1242 dum
95 1217 126 1244 sit
142 1225 188 1252 per
201 1218 299 1245 Isaiam
326 1219 479 1246 declaratur
495 1228 502 1245 :
518 1218 563 1246 Sic
583 1218 645 1245 dicit
665 1217 791 1245 Dominus

34 1265 42 1279 '
52 1262 130 1289 Christo
147 1263 253 1291 Domino
271 1272 338 1291 meo
349 1284 358 1297 ,
374 1266 449 1300 cujus
467 1273 515 1300 ego
534 1266 604 1291 tenui
619 1264 762 1297 dexteram,
776 1263 789 1282 ¹²

32 1309 177 1336 ιιιααιόίωιι
190 1318 248 1337 eum
261 1316 354 1345 gentes
366 1311 375 1344 (
387 1309 440 1337 lsa.
452 1317 514 1343 ην,
531 1310 599 1344 1-5).
616 1310 743 1344 Sequitur
764 1314 792 1337 et

33 1354 160 1389 dict,un
174 1364 224 1383 non
246 1357 300 1383 nisi
317 1357 425 1390 corpori
438 1357 597 1383 conveniat:
614 1356 649 1382 Et
660 1356 726 1382 dabo
747 1356 792 1383 tibi

32 1399 133 1427 “tumes
151 1401 316 1427 absconditos
339 1406 364 1427 et
384 1401 523 1427 invisibiles
543 1401 659 1436 aperiam
681 1401 748 1434 tibi,
764 1406 791 1427 ut

32 1445 79 1470 uias
97 1446 206 1477 neniam
228 1455 275 1483 ego
302 1454 361 1473 sum
381 1445 527 1479 Dominus,
551 1447 594 1481 qui
617 1454 678 1473 uoco
699 1454 791 1473 nomen

32 1495 90 1521 tua,
101 1490 160 1518 Deus
173 1491 255 1520 Israel
269 1514 277 1525 ,
293 1497 401 1528 propter
423 1492 503 1519 Iacob
527 1501 635 1527 puerum
651 1501 732 1519 nteum
744 1513 752 1525 ,
769 1497 792 1519 et

35 1534 92 1562 tutel
100 1536 194 1565 electum
203 1547 302 1565 meum.
312 1538 429 1573 Propter
439 1543 629 1565 testamentum
641 1538 711 1566 enim
720 1537 791 1572 quod

34 1582 127 1616 donauit
140 1584 274 1618 Patribus,
295 1585 332 1612 ad
348 1586 547 1620 agnoscendum
563 1593 604 1619 se,
621 1586 691 1612 Deus
705 1586 792 1620 aperit

32 1631 110 1663 (artiori
120 1630 214 1658 Christi
228 1632 377 1659 thesauros
389 1632 548 1665 invisibiles,
563 1640 627 1667 quos
641 1631 730 1659 oculus
741 1641 791 1659 non

32 1673 131 1707 Filii,”
142 1677 210 1703 uris
222 1678 339 1710 audivit,
355 1685 399 1704 nec
413 1677 455 1704 illi
470 1678 498 1704 in
517 1686 563 1705 cor
581 1678 691 1705 hominis
701 1686 790 1705 ascen-
805 1671 828 1702 C

31 1720 98 1746 iam
109 1721 129 1754 (Ι
139 1721 195 1749 Cor.
211 1730 240 1755 u,
258 1723 302 1758 9),
321 1724 367 1749 sed
382 1730 433 1750 nec
447 1728 458 1741 ε
471 1724 587 1750 obturati
602 1723 729 1755 hominis,
743 1724 789 1758 qui

32 1767 148 1794 mestin
169 1775 288 1803 corpore
301 1767 401 1796 Christi
420 1777 426 1795 :
450 1769 580 1796 Ecclesia:
601 1774 691 1796 autem
713 1777 790 1797 reve-

31 1810 78 1838 larit
88 1811 146 1840 Deus
157 1821 203 1848 per
213 1815 352 1849 Spiritum
364 1820 486 1842 sanctttnt
497 1815 549 1842 ista
563 1816 683 1850 quidem,
696 1824 791 1851 quam-

33 1857 61 1882 vis
71 1859 208 1894 hospitia
223 1860 273 1888 Dei
288 1861 337 1888 sit.
351 1860 478 1888 Adhibita
497 1865 585 1888 tamen
601 1862 706 1888 ratione
718 1882 725 1892 .
741 1862 791 1888 ali-

31 1903 218 1934 Mttcilius
231 1907 377 1934 videntur.
392 1906 461 1934 Sunt
475 1907 527 1934 alia
544 1907 569 1934 in
585 1907 682 1942 quibus
698 1908 792 1942 hujus-

32 1947 83 1976 Μ
98 1949 158 1977 ratio
166 1952 257 1979 minus
272 1953 380 1985 claret;
397 1960 430 1979 eo
446 1953 516 1986 quod
526 1974 532 1985 ,
548 1954 604 1979 sive
619 1953 646 1980 in
662 1948 786 1985 Domino,

31 1992 102 2022 siveil
116 2003 226 2032 corpore
238 1998 303 2032 ejus
319 2002 390 2025 recta
406 1999 550 2025 conveniat
563 1999 674 2026 dictum.
691 1999 790 2032 Quatu-

33 2039 158 2070 tla‘estsola
171 2048 199 2071 et
212 2044 322 2078 majore
342 2044 389 2071 Dei
404 2045 488 2079 gratia
504 2045 587 2072 videri
604 2051 724 2079 possunt.
746 2046 791 2073 Sic

32 2084 180 2122 iis-tangatis)
194 2097 201 2116 :
221 2089 339 2120 Antodo,
354 2090 457 2124 inquit,
473 2090 588 2117 videbitis
609 2090 692 2124 [ilium
707 2090 791 2117 homi—

33 2132 59 2157 l't
76 2134 185 2162 salutem
200 2137 236 2162 ad
252 2137 375 2163 dextrum
397 2136 497 2163 uirtutis
512 2136 560 2163 Dei
573 2157 580 2169 ,
602 2142 626 2163 et
652 2137 789 2164 venientem

31 2175 49 2201 ὶι
60 2178 148 2206 nutu
163 2180 220 2208 caeli
236 2181 357 2217 (Matth.
377 2189 449 2213 XXVI,
464 2182 499 2209 64
510 2181 530 2215 ).
546 2182 606 2208 Alio
620 2182 681 2209 loco
699 2182 765 2209 dicit
781 2189 790 2209 τ

34 2220 75 2249 Πο-
84 2225 169 2253 lis-ros
180 2228 324 2254 renientem
338 2227 364 2253 in
377 2227 486 2253 nubibus
506 2227 572 2259 celi,
584 2228 633 2254 nisi
653 2228 790 2255 notissima

32 2271 151 2299 Utilis
171 2272 328 2310 plangentes
350 2281 438 2300 onum
461 2274 542 2300 tribus
562 2279 644 2301 terrai.
673 2273 707 2300 Et
729 2279 791 2300 tunc

33 2314 120 2341 nidus
141 2316 222 2351 ﬂiam
255 2317 371 2345 hominis
395 2318 533 2345 uenientem
555 2319 583 2345 in
605 2319 713 2346 nubibus
734 2318 789 2353 ρωιὶ

35 2357 113 2390 Until.
126 2369 195 2396 ηπ,
207 2363 428 2399 50).Utrumque
441 2370 530 2391 autem
543 2365 599 2392 lieri
615 2373 726 2393 ttecesse
736 2352 829 2406 est.‘D

34 2403 69 2432 ⁵εά
86 2409 162 2445 pilo
175 2410 302 2445 corporis
321 2415 364 2437 est
378 2410 509 2437 adventus
521 2431 529 2443 ,
547 2411 579 2444 ,id
602 2415 645 2438 est
664 2411 790 2438 Ecclesia:

33 2446 104 2485 Πλεῖ
114 2455 243 2483 micatis
254 2457 281 2482 in
294 2457 389 2483 eadem
400 2457 523 2483 claritate
537 2456 680 2489 invisibili;
693 2456 790 2485 deinde

34 2498 143 2531 nauigio
152 2507 203 2533 est,
217 2501 326 2528 Domini
342 2501 368 2527 in
382 2501 520 2527 manifesta
536 2501 669 2529 claritate.
679 2501 706 2530 Si
718 2503 789 2529 enim

35 2541 108 2571 deerat
120 2554 127 2572 :
147 2546 246 2574 A-odo
261 2547 379 2574 videbitis
392 2548 530 2574 venientem
541 2568 547 2578 ,
571 2548 655 2575 solius
667 2549 791 2583 corporis

34 2589 189 2627 intelligendos
211 2600 287 2621 esset
310 2594 451 2621 adventus.
476 2593 503 2621 Si
531 2599 621 2621 autent
653 2594 788 2628 videbitis,

34 2637 103 2666 αυίῶ
120 2638 260 2666 adsultus.
281 2638 357 2666 Nunc
378 2646 442 2665 vero
465 2641 571 2671 amodo,
597 2640 699 2673 inquit,
723 2640 792 2666 vide-

34 2679 72 2706 δὶάι
87 2683 236 2716 salientem,
264 2685 391 2719 quoniam
413 2691 525 2718 corpore
548 2692 596 2711 suo
624 2685 721 2719 jugiter
750 2692 795 2712 ve-

35 2726 193 2757 litativilate
211 2734 241 2757 et
268 2729 397 2757 similium
425 2731 572 2764 passionutr
603 2731 735 2758 claritate.
766 2731 794 2759 Si

34 2772 86 2799 enim
98 2775 175 2802 nosti
193 2775 299 2814 Christi
317 2775 438 2802 membra
454 2776 616 2808 efﬁciuntur,
634 2781 660 2803 et
675 2777 793 2805 membra

35 2823 77 2851 φτ
91 2826 180 2855 nepos
190 2821 319 2849 efﬁciunt
330 2841 340 2856 ,
362 2821 487 2850 Christus
501 2827 544 2850 est
556 2824 601 2859 qui
617 2824 689 2852 venit
701 2845 709 2858 ,
728 2831 795 2859 quo-

12 3134 41 3163 4

843 1035 969 1062 volumus
979 1035 1104 1068 intelligi,
1115 1040 1144 1062 ut
1152 1035 1248 1062 Filium
1264 1035 1378 1062 Izontinis
1387 1036 1534 1063 Ecclesiam
1544 1056 1551 1069 ,
1562 1044 1632 1071 quo-

843 1082 916 1108 niam
934 1080 1065 1113 Ecclesia,
1081 1081 1105 1107 id
1120 1086 1160 1107 cst
1175 1081 1235 1107 Filii
1248 1081 1294 1108 Dei
1312 1082 1413 1108 redacti
1430 1082 1457 1108 in
1477 1089 1558 1108 unum
1571 1089 1633 1109 cor-

843 1134 903 1161 pus,
920 1126 984 1153 dicti
1003 1130 1065 1153 sunt
1083 1126 1168 1154 Filius
1184 1127 1250 1159 Dei,
1265 1127 1352 1154 dictus
1368 1135 1436 1154 unus
1452 1127 1531 1154 ltonto
1545 1148 1552 1161 ,
1568 1127 1631 1155 dicti

845 1173 926 1200 etiam
949 1173 1038 1205 Deus,
1064 1172 1133 1199 sicut
1159 1180 1205 1206 per
1232 1173 1393 1206 Apostolunt
1419 1181 1425 1199 :
1451 1173 1536 1208 Super
1558 1181 1633 1201 omne

842 1218 910 1252 quod
925 1218 1018 1244 dicitur
1034 1217 1115 1250 Deus,
1136 1223 1181 1244 aut
1194 1219 1262 1252 quod
1276 1217 1368 1245 colitur
1382 1220 1390 1251 (
1403 1218 1423 1245 ll
1435 1218 1525 1246 Thess.
1541 1227 1571 1249 11,
1589 1218 1631 1254 ι).

841 1264 893 1297 Qui
908 1264 1007 1291 dicitur
1021 1264 1101 1297 Deus,
1118 1264 1239 1291 Ecclesia
1255 1268 1306 1290 est.
1323 1264 1399 1297 Quod
1416 1269 1505 1291 autem
1521 1265 1630 1298 colitur.

843 1309 914 1336 Dcus
925 1317 1045 1336 summus
1059 1315 1102 1336 est
1119 1319 1125 1336 :
1141 1315 1168 1336 ut
1179 1310 1206 1336 in
1219 1308 1311 1345 templo
1325 1309 1373 1335 Dei
1384 1310 1484 1343 sedeat,
1498 1310 1633 1337 ostendens

843 1363 881 1388 se,
897 1355 965 1389 quod
980 1356 1034 1391 ipse
1046 1355 1079 1382 sit
1092 1354 1173 1388 Deus,
1189 1355 1213 1381 id
1234 1360 1285 1387 est,
1301 1356 1372 1390 quitd
1384 1357 1442 1390 ipse
1451 1356 1486 1383 sit
1499 1355 1630 1383 Ecclesia.

843 1401 923 1434 Qttasi
946 1401 1068 1429 diceret:
1085 1402 1113 1428 In
1134 1402 1235 1436 templo
1248 1403 1293 1429 Dei
1310 1403 1402 1430 sedeat
1414 1424 1422 1436 ,
1443 1404 1633 1431 ostendens“

842 1448 913 1482 quod
929 1448 986 1482 ipse
995 1448 1028 1475 sit
1043 1449 1090 1475 Dei
1102 1450 1241 1483 templum.
1253 1449 1306 1476 Aut
1319 1450 1344 1475 in
1359 1449 1413 1476 Deo
1425 1451 1527 1480 sedeat.
1538 1455 1631 1477 osten-

843 1495 910 1522 (lens
924 1502 953 1522 se
967 1515 973 1527 ,
995 1495 1066 1529 qttod
1082 1495 1139 1530 ipse
1154 1496 1189 1522 sit
1206 1495 1287 1522 Deus.
1312 1495 1365 1523 Sed
1381 1494 1452 1523 hunc
1465 1495 1630 1522 intellectum

844 1549 897 1568 non
913 1541 1010 1570 minus.
1027 1546 1057 1567 ut
1080 1541 1214 1573 novimus,
1231 1541 1316 1568 voluit
1327 1542 1473 1569 obscurare
1488 1542 1581 1569 Daniel
1596 1542 1631 1570 de

844 1594 906 1621 rege
918 1586 1064 1613 novissimo
1080 1594 1086 1613 z
1099 1585 1133 1613 In
1148 1586 1296 1618 Dominum,
1312 1587 1408 1621 inquit,
1420 1588 1489 1614 locus
1505 1590 1559 1624 ejus
1574 1588 1631 1623 glo-

844 1632 986 1667 riﬁcabt’tur
1000 1632 1086 1668 (Dan.
1102 1640 1139 1665 ιι,
1155 1633 1200 1664 58,
1215 1641 1267 1659 sec.
1280 1632 1350 1660 LXX
1363 1633 1371 1667 )
1384 1642 1390 1659 :
1406 1634 1431 1660 id
1447 1638 1488 1661 est
1501 1633 1632 1661 ciarilica-

843 1680 926 1712 bitur,
941 1679 1014 1706 velut
1029 1679 1176 1706 Ecclesiam
1193 1679 1219 1705 in
1235 1679 1295 1705 loco
1307 1679 1447 1711 Ecclesiae,
1459 1680 1485 1706 itt
1496 1680 1556 1707 loco
1569 1687 1631 1707 san-

841 1730 885 1753 cto
898 1746 905 1757 ,
917 1724 1116 1753 abominationc
1129 1724 1288 1751 vastationis
1298 1744 1304 1756 .
1324 1725 1349 1751 itt
1366 1724 1449 1751 Deum
1461 1745 1469 1757 ,
1490 1724 1514 1752 id
1529 1729 1587 1758 est,
1602 1725 1629 1752 in

842 1772 991 1798 Ecclesium
1006 1772 1173 1798 subornavit.
1190 1771 1223 1798 Et
1239 1771 1367 1798 Dominus
1381 1776 1465 1799 totum
1481 1772 1625 1809 populum,

842 1824 970 1850 sponsam
993 1816 1058 1844 dicit
1072 1821 1099 1844 et
1113 1824 1246 1844 sororem.
1271 1817 1304 1843 Et
1325 1816 1471 1850 Apostolus
1494 1817 1630 1852 Virginem

842 1866 974 1893 sanctam,
988 1868 1015 1889 et
1029 1862 1171 1889 adversum
1190 1869 1299 1896 corpus,
1317 1862 1451 1889 hominem
1467 1853 1578 1897 peccati.
1596 1863 1630 1890 Et

842 1907 927 1934 David
951 1912 1035 1934 totam
1048 1928 1056 1938 .
1069 1908 1206 1934 Christum
1220 1928 1226 1939 ,
1243 1907 1391 1935 Ecclesiam
1407 1908 1471 1935 dicit
1487 1917 1493 1934 :
1520 1908 1630 1936 Faciem

841 1952 1028 1979 misericordias
1043 1951 1143 1978 Christo
1158 1960 1204 1979 suo
1225 1951 1320 1986 David,
1334 1958 1357 1979 et
1373 1953 1463 1980 semini
1482 1953 1538 1987 ejus
1554 1961 1631 1984 usque

841 1997 868 2023 in
882 1997 1000 2024 swculuut
1022 1998 1032 2033 (
1046 1996 1118 2024 Psal.
1134 1997 1250 2029 “11,5!
1260 1998 1280 2030 ).
1302 1998 1336 2024 Et
1357 1997 1495 2031 apostolus
1507 1998 1608 2025 Paulus
1620 2020 1627 2031 ,

841 2050 939 2077 corpus
948 2042 1057 2074 Christi,
1076 2042 1213 2070 Christum
1226 2043 1345 2078 appeliat
1357 2052 1363 2069 :
1382 2043 1456 2070 Sicut
1469 2044 1536 2070 enim
1547 2052 1627 2071 unum

841 2096 934 2122 corpus
950 2093 996 2119 est,
1011 2088 1122 2114 ntentbra
1137 2094 1221 2114 autent
1232 2088 1306 2115 habet
1317 2090 1396 2115 multa
1410 2097 1419 2121 ;
1437 2089 1522 2115 omnia
1544 2094 1628 2116 autem

841 2135 953 2171 membtyt
967 2142 998 2160 es
1011 2142 1060 2161 uno
1075 2143 1181 2170 corpore
1194 2155 1200 2167 ,
1224 2143 1282 2161 cum
1297 2136 1346 2161 sint
1361 2135 1440 2162 multa
1453 2156 1460 2167 ,
1476 2144 1555 2163 unum
1571 2144 1629 2162 cor-

842 2188 890 2214 pus
903 2185 962 2206 sunt
976 2187 985 2206 :
998 2180 1033 2206 sic
1044 2185 1066 2206 et
1082 2180 1200 2207 Christus
1213 2181 1235 2214 (l
1252 2180 1311 2208 Cor.
1329 2189 1374 2213 xu,
1389 2181 1443 2217 12),
1461 2181 1486 2208 id
1499 2186 1540 2208 est
1550 2180 1629 2208 Chri-

841 2225 875 2253 sti
890 2233 987 2259 corpus
1000 2245 1008 2257 ,
1024 2226 1094 2257 qttod
1115 2230 1155 2251 est
1173 2226 1306 2252 Ecclesia.
1333 2225 1432 2252 Iterum
1451 2234 1457 2252 :
1482 2225 1588 2254 Gaudeo
1602 2227 1628 2253 in

841 2271 1002 2306 passionisz
1013 2279 1060 2307 pro
1072 2271 1142 2298 vobis
1158 2279 1166 2297 :
1180 2276 1204 2298 et
1218 2272 1318 2306 repleo,
1334 2280 1390 2306 quae
1407 2272 1498 2299 desunt
1522 2281 1627 2307 pressu-

843 2324 930 2343 rarunt
945 2315 1039 2343 Christi
1054 2315 1164 2351 (Coloss.
1179 2324 1196 2347 I,
1209 2316 1245 2342 24
1257 2315 1276 2350 ),
1292 2316 1317 2342 id
1331 2321 1382 2349 est,
1398 2316 1536 2344 Ecclesiae.
1558 2317 1630 2344 Nihil

843 2362 915 2388 enim
936 2361 1022 2388 defuit
1043 2361 1141 2389 Christi
1167 2362 1335 2396 passionibus
1353 2363 1510 2396 {quoniam
1530 2363 1632 2390 sufﬁcit

845 2407 988 2441 discipulo,
1001 2407 1072 2433 utsit
1087 2407 1156 2434 sicut
1168 2408 1294 2441 magister
1307 2407 1375 2441 ejus.
1391 2407 1437 2434 Sic
1451 2415 1514 2443 ergo
1530 2409 1630 2436 adven-

845 2457 899 2479 tum
917 2453 1015 2480 Christi
1039 2459 1088 2487 pro
1106 2453 1173 2479 locis
1186 2453 1358 2487 accipiemus.
1380 2453 1446 2492 Item
1467 2455 1494 2481 in
1514 2454 1608 2482 Exodo
1621 2476 1628 2488 ,

844 2507 938 2527 onmes
950 2499 1017 2526 ﬁlios
1033 2498 1092 2531 Dei,
1108 2507 1190 2526 unum
1206 2499 1303 2532 tilium,
1314 2505 1341 2526 et
1355 2507 1450 2527 omnes
1463 2501 1627 2536 primogeni-

845 2551 887 2574 tos
903 2545 1089 2580 Egyptiorum
1102 2566 1110 2577 ,
1129 2546 1333 2580 primogenitum
1356 2553 1416 2574 esse
1429 2568 1436 2578 ,
1460 2548 1499 2574 sic
1514 2547 1570 2575 Deo
1590 2548 1631 2576 di-

845 2597 932 2623 cente,
949 2591 1136 2626 cognoscimus
1151 2600 1158 2618 :
1181 2590 1244 2618 Haec
1258 2592 1342 2624 dices,
1358 2593 1458 2626 inquit,
1474 2592 1606 2621 Pharaoni
1622 2604 1631 2622 :

849 2636 910 2664 Ilth
925 2637 985 2663 dicit
993 2636 1118 2663 Dominus
1133 2644 1142 2663 :
1157 2635 1182 2662 F
1184 2636 1243 2664 ilius
1257 2645 1328 2663 meus
1341 2637 1525 2671 primogenitus
1538 2639 1631 2667 Israel.

847 2682 909 2710 Dixi
924 2683 968 2710 tibi
983 2683 1108 2710 :Dimitte
1121 2682 1244 2718 populant
1258 2691 1352 2715 meum,
1368 2688 1395 2709 ut
1408 2685 1499 2710 serviat
1511 2684 1632 2711 mihi.Tu

846 2735 928 2757 autent
951 2729 1054 2756 noluisti
1074 2730 1199 2755 dimittere
1213 2737 1269 2755 eum
1286 2728 1389 2763 (Exod.
1406 2737 1443 2760 tv,
1467 2730 1502 2756 22
1514 2730 1534 2765 ).
1559 2730 1635 2758 Unde

846 2783 911 2811 ergo
928 2784 934 2802 :
950 2775 1017 2802 Ecce
1030 2783 1076 2810 ego
1090 2775 1203 2802 occidam
1225 2774 1309 2809 [ilium
1333 2780 1404 2801 tuum
1426 2776 1630 2812 primogenitum.

845 2823 878 2850 Et
893 2822 975 2849 David
991 2843 997 2853 ,
1014 2822 1118 2848 vineam
1134 2821 1255 2853 Domini,
1281 2828 1362 2848 unum
1389 2821 1472 2848 lilium
1485 2842 1492 2854 ,
1515 2822 1553 2848 sic
1576 2822 1634 2850 ait;

886 2928 894 2940 ι
910 2922 1047 2948 Obdurnti.
