3828 6400
380 333 447 392 25
1799 346 2096 404 TlCHONlI
2126 349 2286 404 AFRI
3576 359 3651 414 25

379 474 441 511 ex
467 457 656 510 ancilla
687 461 960 512 carnaliter
996 471 1152 521 natus
1194 471 1288 516 est.
1336 463 1437 530 Qui
1467 474 1634 516 autem
1664 481 1726 518 ea:
1755 467 1914 518 libera
1940 507 1954 530 ,
1987 474 2035 529 Α
2067 466 2228 521 Deum
2256 472 2462 539 :justtts
2483 478 2657 522 autem
2703 485 2764 522 ea:
2793 471 2894 538 ﬁde
2935 471 3054 524 vivit
3085 471 3224 540 (Gal.
3256 487 3312 526 ut
3340 513 3355 537 ,
3392 473 3501 544 11).
3548 473 3652 531 Os-

380 566 442 603 ex
471 553 807 620 promissione
833 551 975 620 (Gal.
1010 570 1080 617 iv,
1107 555 1197 619 23,
1229 554 1339 621 ει).
1377 556 1491 610 Non
1526 569 1851 612 csse'aulem
1883 573 1966 612 sc-

383 658 502 694 men
525 643 776 705 Abrabzo,
815 645 912 697 nisi
943 646 1083 712 quod
1117 662 1182 699 ex
1211 647 1314 699 lide
1343 659 1455 712 est,
1487 649 1776 716 Apostolus
1808 649 1964 701 dicit:

386 733 696 800 Cognoscitis
719 753 858 804 ergo,
886 739 1128 805 quoniam
1156 740 1241 806 qui
1261 755 1324 792 ea:
1343 739 1447 808 ﬁde
1473 752 1590 794 sunt
1608 783 1619 804 ,
1653 743 1703 791 lii
1736 752 1852 793 sunt
1874 741 1970 807 [ilii

386 826 604 878 ﬁbra/to:
635 825 776 888 (ϐαι.
814 843 903 893 ιιι,
939 829 994 898 7)
1016 829 1037 879 ?
1061 829 1126 881 Et
1179 831 1370 884 iterum
1404 849 1415 859 ’
1455 830 1552 885 Vos
1575 843 1761 895 autem,
1789 837 1970 898 fratres

386 921 662 972 secundant
689 920 836 974 Isaac
862 963 873 982 ,
906 925 1257 988 promissionis
1283 926 1380 992 ﬁlii
1409 929 1529 979 estis
1558 927 1699 993 (Gal.
1751 943 1821 991 tv,
1852 927 1968 996 ‘28).

385 1013 581 1064 Semen
626 1030 755 1081 ergo
789 1015 1039 1079 Abrabm,
1073 1031 1178 1069 non
1224 1033 1289 1072 ex
1320 1019 1434 1087 lege
1459 1060 1481 1087 ,ν
1503 1022 1596 1072 ενιι
1646 1036 1708 1072 ex
1742 1022 1974 1084 promis-

388 1105 538 1157 sione
575 1118 654 1157 est
685 1147 697 1168 ,
733 1106 971 1172 quodex
1001 1108 1146 1160 lsaac
1184 1110 1386 1178 jugitrr
1432 1113 1639 1165 transit.
1692 1112 1750 1164 Si
1799 1122 1974 1165 autem

389 1206 596 1248 constat
641 1213 826 1250 semen
885 1199 1155 1261 Abralue,
1216 1201 1356 1268 quod
1406 1218 1468 1255 ex
1519 1203 1621 1256 lidc
1668 1215 1788 1264 est.
1842 1219 1974 1258 con-

389 1289 678 1360 st.:t,quia
721 1304 1011 1356 numquam
1044 1293 1139 1344 luit
1190 1309 1255 1345 ex
1309 1295 1446 1360 li-ge.
1475 1293 1590 1347 Non
1640 1295 1779 1348 enim
1808 1298 1979 1364 potuit
2019 1301 2046 1318 ‘

390 1395 451 1431 ev
485 1379 598 1444 lege
619 1390 844 1444 €S>C,\Cl
889 1398 951 1434 es
997 1383 1119 1436 ﬁde.
1151 1384 1258 1437 Lex
1293 1387 1435 1438 enim
1485 1398 1535 1440 et
1579 1388 1728 1449 lides,
1765 1388 1977 1441 diversa

391 1485 475 1523 res
503 1481 602 1525 est.
637 1472 769 1538 Quia
803 1475 883 1526 les
919 1492 1022 1528 non
1069 1488 1150 1529 est
1197 1475 1318 1530 ﬁdei
1349 1519 1362 1540 ,
1411 1479 1503 1532 sed
1536 1493 1781 1547 opermn.
1830 1481 1980 1534 Sicut

392 1563 647 1629 scriptum
676 1576 756 1615 ρει
782 1582 792 1614 :
823 1565 924 1618 Lex
950 1583 1050 1618 non
1078 1576 1150 1618 est
1180 1583 1241 1619 ea:
1267 1568 1369 1635 ﬁde
1397 1610 1410 1631 ,
1442 1569 1528 1621 sed
1559 1571 1646 1638 qui
1676 1573 1850 1638 fecerit
1879 1589 1935 1624 ea
1961 1616 1973 1638 ,

393 1655 516 1707 viret
547 1660 597 1707 in
629 1658 698 1708 eis
733 1656 872 1712 (Gul.
907 1673 982 1720 ιιι,
1017 1657 1121 1728 l2).
1157 1661 1426 1714 Abi-aliam
1458 1677 1586 1730 ergo
1620 1664 1722 1716 lide
1763 1679 1979 1730 semper

393 1743 531 1796 ﬁlios
558 1745 769 1808 habuit,
798 1748 913 1814 lege
955 1765 1265 1819 nun‘aquztm.
1301 1752 1413 1805 Non
1442 1755 1585 1806 enim
1618 1770 1679 1807 ex
1713 1755 1826 1820 lege
1856 1773 1977 1822 pro.

2073 562 2242 614 tendit
2286 570 2579 629 praeterea,
2631 562 2833 618 dictum
2865 578 2984 617 esse
3031 578 3128 632 per
3170 564 3492 634 Prophetam
3517 608 3532 632 ,
3568 565 3655 622 Es

2072 655 2176 722 ﬁde
2203 657 2321 708 vivit
2351 671 2367 709 :
2400 665 2456 709 ut
2487 654 2826 710 manifestum
2863 656 3047 719 ﬁeret,
3089 658 3540 726 quemadmodum
3573 661 3658 714 vi-

2074 756 2256 797 verent
2283 786 2296 810 ,
2327 745 2414 812 qui
2447 745 2616 813 legem
2663 745 2844 800 lacere
2891 762 2995 799 non
3029 758 3266 810 possunt.
3313 747 3418 802 Sed
3471 751 3658 804 minus

2077 835 2252 899 lucet,
2291 835 2416 901 quid
2446 835 2549 887 sit:
2579 833 2764 887 Justus
2794 852 2860 889 ex
2901 835 3003 903 ﬁde
3046 838 3162 889 vivit
3200 837 3427 908 (Ilabac.
3457 855 3493 894 ιι
3517 881 3532 904 ,
3570 840 3654 911 ι).

2076 929 2189 983 Non
2222 931 2364 984 enim
2399 934 2567 1000 potuit
2593 936 2872 1002 quisquam
2897 935 3070 1002 justus
3104 937 3153 990 in
3186 936 3301 1006 lege
3332 937 3534 1006 positus
3575 935 3662 990 vi-

2079 1038 2227 1085 vere,
2275 1023 2374 1074 nisi
2403 1038 2563 1091 opera
2596 1025 2728 1092 legis
2765 1024 2983 1078 fecisset
3005 1067 3017 1087 ,
3050 1035 3104 1080 et
3135 1026 3311 1080 omnia
3343 1041 3507 1094 Opera
3533 1043 3547 1079 :
3569 1026 3658 1081 sin

2079 1115 2274 1179 minus,
2305 1115 2623 1168 maledictus
2649 1126 2814 1169 esset.
2844 1116 2995 1169 Dedit
3020 1117 3156 1170 Deus
3181 1117 3351 1186 legem
3377 1159 3392 1184 ,
3416 1127 3469 1171 et
3493 1118 3661 1173 dixit:

2085 1207 2203 1259 Non
2236 1209 2558 1278 concupisces
2582 1207 2771 1276 (Exod.
2807 1225 2895 1268 xx.
2922 1210 3022 1273 l7;
3058 1206 3209 1263 Deut.
3241 1225 3296 1273 v,
3317 1208 3433 1278 2i).
3464 1210 3664 1265 Statim

2081 1299 2367 1353 occasione
2398 1308 2650 1368 accepta,
2680 1312 2978 1366 peccatu-:t,
3013 1315 3105 1366 per
3135 1299 3445 1354 mandatum
3469 1316 3667 1367 opera-

2083 1401 2190 1444 tum
2222 1401 2304 1445 est
2333 1383 2546 1444 omnem
2585 1393 3101 1458 c-~ncttpiscentiani.
3135 1390 3369 1446 Necesse
3409 1398 3493 1446 est
3514 1393 3667 1446 enim

2083 1482 2360 1550 passiones
2384 1489 2726 1548 peccatorum
2753 1522 2767 1544 ,
2791 1497 2908 1549 quae
2937 1497 3029 1548 per
3054 1481 3224 1548 legem
3254 1491 3382 1534 sunt
3405 1522 3419 1544 ,
3447 1481 3669 1550 operari

2083 1573 2133 1625 in
2156 1572 2414 1625 membris
2429 1571 2566 1638 ejus.
2581 1571 2670 1639 qui
2695 1570 2745 1622 in
2769 1571 2887 1640 lege
2902 1579 3002 1622 est.
3023 1570 3312 1638 Propterea
3331 1586 3392 1624 ea
3411 1571 3528 1622 data
3549 1580 3669 1624 est:

2082 1675 2136 1716 ut
2156 1663 2439 1716 abundaret
2453 1673 2711 1732 peccatum
2727 1664 2741 1729 (
2752 1662 2900 1715 Rom.
2918 1679 2968 1725 ν,
2988 1663 3104 1729 20),
3130 1664 3254 1730 Quia
3277 1661 3445 1716 virtus
3472 1677 3669 1731 pecca-

2085 1758 2140 1818 ti,
2170 1758 2274 1810 lex.
2307 1755 2657 1808 Venundatus
2677 1765 2855 1809 autem
2881 1755 2978 1809 sub
2998 1767 3236 1823 peccato,
3256 1755 3365 1823 jam
3389 1770 3493 1808 non
3520 1753 3670 1824 quod

397 1835 580 1888 missio
611 1847 691 1890 est
720 1839 950 1892 Abralue
976 1881 992 1905 ,
1022 1852 1111 1894 aut
1141 1844 1333 1896 semini
1373 1844 1508 1910 ejus,
1555 1854 1611 1898 ut
1639 1845 1811 1899 ha‘res
1837 1857 1978 1901 esset
2012 1843 2059 1901 Β
2088 1847 2196 1898 vult
2236 1855 2494 1915 operatur
2539 1845 2739 1901 bonum
2766 1889 2777 1906 .
2834 1847 2925 1899 sed
2955 1845 3095 1913 quod
3140 1860 3244 1898 non
3277 1844 3390 1897 vult
3417 1845 3616 1897 malum
3654 1862 3669 1897 :

396 1928 600 1987 mundi.
633 1930 727 1982 sed
761 1932 1138 1998 perjustitiam
1170 1933 1310 1986 ﬁdei.
1335 1934 1394 1988 Si
1419 1935 1560 1989 enim
1582 1937 1670 2005 qui
1696 1952 1790 2006 per
1813 1938 1982 2007 legem

398 2020 494 2085 ipsi
541 2033 664 2073 sunt
703 2017 988 2088 lituretles,
1027 2040 1196 2080 vacua
1230 2036 1328 2080 est
1381 2025 1543 2090 ﬁdes,
1589 2038 1642 2082 et
1696 2045 1856 2082 vacua
1907 2042 1988 2085 est

397 2113 699 2179 promissio.
738 2115 845 2169 Lex
879 2119 1019 2170 enim
1077 2120 1207 2172 iram
1239 2130 1515 2188 Operalul‘.
1544 2119 1597 2174 Si
1629 2136 1760 2190 ergo
1792 2137 1889 2176 nec
1923 2123 1985 2175 ﬁ-

395 2206 510 2266 des,
542 2222 638 2258 nee
670 2209 954 2272 promissio
998 2211 1227 2264 Abi-alia:
1272 2211 1477 2266 destrui
1509 2222 1684 2280 p0test
1709 2253 1724 2275 ,
1754 2214 1820 2265 ab
1863 2223 1986 2266 ortu

392 2297 473 2348 sui
511 2300 711 2364 iugiter
758 2301 972 2353 mansit.
1003 2301 1150 2367 Nec,
1201 2303 1319 2355 data
1372 2307 1518 2372 lege,
1570 2304 1819 2368 impedita
1863 2314 1984 2358 est:

398 2390 686 2455 quominus
717 2390 946 2442 Abrahae
986 2392 1077 2444 ﬁlii
1101 2393 1395 2446 secundum
1425 2393 1837 2460 promissionem
1866 2394 1988 2448 ﬁdei

399 2490 741 2546 generentur.
772 2481 906 2534 Dicit
929 2483 1070 2535 enim
1092 2486 1401 2551 Apostolus,
1430 2495 1549 2552 post
1570 2485 1989 2554 quadringentos
2018 2478 2036 2490 ’

401 2584 453 2626 et
501 2575 713 2641 triginta
762 2590 932 2628 annos
977 2575 1153 2628 datam
1193 2577 1363 2645 legem
1417 2593 1524 2630 non
1569 2578 1845 2642 obfuisse,
1891 2595 1990 2634 nec

401 2664 729 2719 destruxisse
773 2668 1184 2734 promissionem
1219 2687 1230 2722 :
1266 2670 1328 2721 Si
1369 2671 1501 2722 enim
1544 2686 1605 2722 ea:
1655 2672 1763 2739 lege
1796 2683 1849 2733 εί,
1874 2674 1987 2740 jam

404 2775 501 2810 non
531 2772 591 2808 ea:
622 2759 977 2828 promissione.
1009 2761 1226 2812 Abralue
1253 2773 1421 2813 autem
1448 2801 1461 2820 .
1493 2777 1582 2831 per
1629 2764 1986 2832 repromissio-

403 2864 513 2899 ueut
542 2850 745 2900 donat-it
776 2850 911 2903 Deus
938 2850 1102 2917 (Ibid.
1129 2891 1144 2916 ,
1174 2851 1282 2921 ¹18).
1316 2853 1380 2903 Et
1402 2853 1507 2905 alio
1540 2853 1659 2906 loco
1689 2871 1701 2904 :
1737 2852 1843 2906 Lex
1873 2872 1990 2925 ergo

402 2938 642 2991 adversus
669 2944 917 3009 promissu
941 2940 1082 2994 Dei?
1111 2943 1252 2994 Absit
1283 2943 1474 3012 (Ibid.,
1497 2944 1610 3012 2|).
1639 2945 1894 3000 Videmus
1919 2947 1993 3000 le-

400 3043 520 3095 gem
554 3031 616 3082 ad
649 3034 908 3096 prtlmlSSil
936 3048 1040 3085 non
1077 3033 1365 3100 pertinere,
1403 3049 1500 3088 nec
1540 3037 1828 3105 aliquando
1859 3037 1992 3090 alte-

404 3123 594 3174 ramin
637 3123 864 3176 alteram
917 3125 1242 3194 iinpegisse,
1291 3127 1383 3179 sed
1431 3137 1715 3197 utramque
1745 3129 1990 3183 ordinem

2087 1939 2358 1992 consentit
2384 1936 2529 1992 enim
2559 1935 2992 2006 legi,secundum
3028 1937 3338 1988 interiorem
3366 1933 3671 1991 hominem.

2090 2032 2437 2100 Extinguatur
2465 2039 2642 2084 autem
2670 2031 2824 2083 aliter
2851 2032 2966 2098 lege
2991 2029 3381 2092 membrorum,
3407 2026 3677 2082 trahitur-

2088 2139 2192 2192 que
2239 2123 2507 2190 captivus,
2539 2137 2714 2190 neque
2759 2121 3047 2188 aliquando
3078 2120 3292 2173 liberari
3327 2120 3532 2186 potuit,
3564 2119 3678 2174 nisi

2089 2217 2201 2269 sola
2231 2213 2402 2286 gratia
2435 2230 2529 2283 per
2561 2213 2740 2268 ﬁdem.
2795 2213 2892 2268 Est
2939 2222 3114 2266 autem
3164 2227 3411 2282 magnum
3459 2212 3676 2267 ctimen

2093 2307 2368 2376 perﬁdire,
2417 2322 2523 2360 non
2574 2305 2874 2359 attendisse
2921 2320 3089 2373 genus
3135 2318 3446 2368 armorum,
3474 2303 3681 2372 quibus

2094 2402 2352 2455 violentia
2387 2399 2588 2468 peccati
2619 2407 3045 2468 expugnaretur,
3078 2404 3133 2452 et
3163 2410 3192 2449 e
3221 2405 3428 2460 contra,
3464 2395 3684 2462 magni-

2090 2493 2204 2546 ﬁcae
2233 2491 2354 2546 ﬁdei
2384 2502 2463 2545 est
2497 2490 2788 2558 inquisisse
2815 2499 2868 2540 et
2894 2487 3111 2540 vidisse.
3143 2486 3234 2540 Est
3261 2501 3390 2555 ergo
3413 2485 3680 2554 sacrilega

2095 2600 2269 2644 mens,
2309 2593 2361 2637 et
2396 2583 2534 2635 male
2580 2582 2645 2634 de
2693 2581 2803 2633 Deo
2855 2579 3130 2644 sentiens,
3164 2594 3282 2647 qum
3328 2592 3448 2631 cum
3496 2577 3679 2646 legem

2095 2678 2243 2730 nullo
2295 2674 2454 2727 modo
2505 2673 2810 2727 humanitus
2859 2687 3015 2738 poSSt:
3046 2671 3188 2734 ﬁeri,
3220 2681 3269 2722 et
3303 2669 3367 2722 ad
3411 2668 3684 2722 ulciscen-

2093 2769 2220 2822 dum
2255 2774 2496 2835 paratam
2531 2764 2766 2824 videret;
2808 2777 2911 2814 non
2946 2760 3275 2815 intellexerit
3307 2774 3428 2814 esse
3457 2758 3682 2826 aliquod

2096 2857 2393 2911 remedium
2423 2856 2542 2908 vita:
2571 2871 2582 2906 :
2611 2868 2709 2907 nec
2747 2850 2860 2905 ﬁeri
2905 2851 3162 2919 petuisse,
3195 2863 3251 2903 ut
3283 2850 3462 2905 bonus
3503 2849 3678 2914 Deus,

2095 2948 2183 3016 qni
2217 2948 2422 3000 sciebat
2472 2946 2641 3013 legem
2676 2960 2784 2997 non
2832 2944 3072 3012 potuisse
3104 2943 3241 3007 ﬁeri,
3275 2942 3504 2996 alterum
3550 2941 3682 2995 vita:

2097 3037 2297 3089 aditum
2333 3052 2437 3088 non
2472 3033 2784 3103 reliquisset
2810 3052 2821 3086 :
2846 3043 2899 3088 et
2927 3035 3211 3087 adversum
3243 3033 3510 3092 homines.
3540 3046 3684 3102 quos

2095 3131 2161 3183 ad
2213 3132 2375 3183 vitam
2426 3131 2657 3194 iecerat,
2695 3127 3148 3195 undiqueversum
3197 3128 3320 3180 vitae
3378 3125 3492 3178 vias
3517 3125 3683 3179 clau-

403 3226 556 3264 suum
589 3214 848 3267 tenuisse.
873 3214 1008 3279 Quia
1032 3218 1171 3269 sicut
1204 3217 1286 3270 lex
1313 3232 1604 3286 numquam
1632 3219 1754 3271 ﬁdei
1781 3219 1987 3285 obluit,
2021 3218 2064 3277 C
2096 3225 2279 3278 sisset.
2327 3223 2437 3276 lloc
2479 3223 2611 3276 ﬁdes
2650 3239 2756 3277 non
2800 3223 2954 3284 tulit,
2989 3236 3093 3275 non
3138 3220 3376 3274 admisit.
3413 3215 3517 3274 Sed
3549 3235 3680 3275 cum

405 3304 472 3355 ita
504 3319 601 3357 nec
634 3305 764 3358 ﬁdes
786 3306 957 3374 legem
985 3309 1269 3362 destruxit.
1298 3308 1726 3377 Sicutscriptum
1760 3311 1990 3364 est:Le-

324 3399 327 3414 ’
403 3412 515 3464 gem
540 3413 658 3466 ergo
680 3398 985 3452 destruimus
1007 3418 1094 3471 per
1117 3401 1274 3469 [idem
1292 3401 1316 3454 .7
1337 3402 1489 3466 absit,
1513 3403 1602 3455 sed
1626 3406 1784 3472 legem
1814 3407 1994 3457 statui-

405 3503 513 3540 mus
533 3489 710 3556 (llont.
739 3507 816 3551 Ill.
837 3492 896 3546 5i
913 3497 953 3556 ),
979 3494 1028 3544 id
1051 3504 1158 3556 est,
1183 3494 1735 3548 ﬁrmamuszinvicem
1760 3510 1994 3564 namque

409 3580 642 3632 ﬁrmant.
677 3581 816 3650 Ergo
860 3585 950 3636 lilii
980 3583 1212 3639 Abrahae
1238 3601 1341 3639 non
1375 3602 1438 3640 ex
1473 3586 1590 3655 lege
1617 3596 1743 3639 sunt
1769 3627 1782 3646 .
1806 3587 1900 3640 sed
1928 3603 1992 3640 ex

408 3679 513 3733 ﬁde
555 3697 648 3748 per
670 3686 1169 3748 repromissionem.
1203 3685 1563 3749 Quierendum
1594 3694 1776 3738 antem
1805 3698 1996 3750 quem-

408 3770 693 3825 admodum
757 3773 856 3837 lii,
927 3775 1017 3844 qui
1073 3791 1137 3827 ex
1215 3775 1469 3843 operibus
1533 3775 1665 3842 legis
1733 3783 1995 3843 negantur

407 3867 647 3934 potuisse
670 3867 975 3934 jnstillcari,
1012 3868 1063 3920 in
1114 3867 1231 3936 lege
1288 3868 1486 3933 positi,
1539 3877 1590 3919 et
1637 3867 1809 3935 legem
1865 3880 1995 3933 one-

409 3970 628 4021 rantes,
679 3960 954 4025 iustiﬁcati
1005 3957 1223 4012 ruerint.
1270 3957 1633 4025 Quaerendum
1686 3969 1989 4024 prmterea,

409 4065 504 4106 cur
545 4061 665 4119 post
704 4049 1121 4119 promissionem
1167 4048 1318 4112 ﬁdei,
1343 4064 1464 4117 qua:
1492 4049 1643 4102 nullo
1695 4047 1858 4101 modo
1900 4048 2019 4129 deo‘

406 4144 536 4197 strui
570 4153 787 4212 potest,
815 4143 936 4196 data
965 4150 1050 4195 est
1081 4141 1190 4205 lex,
1234 4156 1353 4207 qua:
1382 4156 1487 4192 non
1518 4151 1600 4195 est
1639 4157 1702 4194 ex
1745 4140 1850 4195 ﬁde
1885 4161 1896 4193 :
1929 4155 1993 4194 ex

406 4236 560 4303 cujus
590 4235 847 4302 operibus
881 4247 1039 4286 nemo
1081 4230 1488 4300 justiﬁciretur,
1539 4233 1661 4300 quia
1690 4273 1704 4295 ,
1741 4230 1997 4301 Quotquot

407 4344 470 4382 ex.
491 4331 725 4396 operibus
757 4328 881 4395 legis
910 4336 1060 4387 sunt,
1107 4325 1198 4376 sub
1244 4324 1516 4376 maledicto
1559 4334 1700 4376 sunt.
1732 4323 1995 4394 Scriptum

407 4428 480 4471 est
525 4422 656 4470 enim
683 4435 700 4470 :
731 4417 1038 4469 Maledictus
1066 4417 1152 4484 qui
1195 4431 1295 4467 non
1350 4416 1683 4485 permamerit
1727 4415 1780 4466 in
1824 4415 1993 4466 omni-

407 4511 527 4572 bus,
579 4525 695 4578 qua:
739 4511 926 4579 scripta
975 4519 1093 4562 sunt
1140 4510 1192 4561 in
1247 4507 1376 4560 libro
1426 4507 1578 4577 legis,
1636 4518 1689 4560 ut
1729 4506 1886 4573 faciat
1937 4526 1994 4560 ea

2098 3317 2417 3371 inﬁrmitate
2466 3316 2686 3380 carnis,
2736 3325 2788 3370 et
2834 3316 3033 3370 virtute
3087 3317 3292 3387 peccati
3345 3325 3677 3383 urgeretur:

2100 3409 2241 3462 Deus
2287 3409 2436 3463 dedit
2480 3407 2805 3462 claritatem.
2841 3406 3032 3462 Sciens
3071 3405 3351 3458 Dominum
3395 3405 3595 3458 bonum
3623 3413 3697 3474 et,

2092 3501 2335 3568 justum,
2390 3507 2443 3552 et
2472 3498 2681 3552 viscera
2729 3513 2842 3551 sua:
2885 3496 3251 3552 miserationis
3291 3507 3477 3550 contra
3506 3511 3678 3564 opera

2097 3605 2352 3644 manuum
2397 3605 2612 3644 suarum
2647 3603 2751 3643 non
2791 3590 3092 3642 clausisse:
3121 3587 3381 3641 intellexit
3411 3601 3532 3640 esse
3567 3588 3679 3642 iter

2098 3683 2162 3736 ad
2199 3684 2392 3747 vitam,
2426 3692 2479 3736 et
2511 3681 2770 3737 facienda:
2820 3682 2953 3751 legis
2999 3678 3296 3734 remedium
3346 3676 3499 3731 vidit.
3527 3675 3678 3733 Deus

2098 3778 2239 3830 enim
2273 3790 2393 3828 cum
2426 3775 2633 3829 diceret
2657 3792 2669 3827 :
2693 3772 2818 3827 Non
2847 3773 3198 3842 concupisces;
3229 3785 3335 3824 non
3358 3769 3676 3838 denudavit,

2097 3867 2554 3937 quemadmodum
2583 3867 2632 3920 id
2665 3867 2946 3935 provenire
2979 3873 3164 3936 posset
3185 3905 3198 3928 ,
3228 3863 3325 3918 sed
3358 3878 3480 3917 vere
3509 3870 3677 3930 atque

2095 3963 2280 4017 decise
2325 3961 2466 4014 dixit
2508 3979 2519 4012 :
2563 3961 2682 4014 Non
2709 3961 3068 4028 concupisces;
3116 3958 3371 4026 quooiam
3417 3953 3468 4008 id
3514 3967 3678 4022 repe-

2099 4053 2343 4108 riendum
2376 4053 2612 4122 reliquit.
2647 4052 2700 4107 Si
2730 4053 2874 4106 enim
2905 4049 3184 4103 mandaret
3210 4063 3237 4101 a
3268 4063 3324 4100 se
3348 4054 3678 4116 proventum

2099 4145 2386 4217 postulari,
2420 4123 2588 4213 legem
2621 4144 2964 4198 destruxerat
2987 4151 3040 4195 et
3062 4139 3239 4196 ﬁdem.
3274 4138 3342 4194 Ut
3369 4137 3492 4207 quid
3522 4139 3676 4192 enim

2099 4235 2272 4308 legent
2304 4236 2481 4306 daret,
2513 4238 2553 4290 si
2591 4237 2758 4306 legem
2789 4237 2839 4289 in
2871 4234 3120 4288 omnibus
3152 4234 3415 4308 factorum
3441 4231 3676 4299 pollice-

2097 4331 2284 4383 retur?
2312 4330 2417 4384 Aut
2463 4329 2590 4396 quid
2623 4329 2740 4382 ﬁdei
2772 4329 3187 4397 relinqueretur,
3217 4327 3262 4380 si
3294 4325 3477 4388 ﬁdem.
3509 4325 3676 4379 auxi-

2100 4421 2227 4474 lium
2253 4421 2576 4488 pollicendo,
2605 4417 2964 4487 prieveniret?
2993 4416 3145 4471 Nune
3173 4428 3353 4469 autem
3379 4417 3518 4470 bono
3548 4415 3674 4472 ﬁdei

2097 4511 2247 4566 dedit
2298 4511 2496 4579 legem,
2533 4510 2834 4564 ministram
2863 4498 3059 4563 mortis
3089 4527 3101 4560 :
3126 4518 3180 4562 ut
3210 4518 3483 4562 amatores
3523 4509 3673 4574 vitae,

404 4601 547 4675 (Gal.
598 4617 690 4664 ιιι,
745 4601 852 4668 l0).
905 4600 1198 4668 Apostolus
1244 4598 1480 4668 denique
1533 4598 1655 4650 Ituic
1701 4599 1990 4666 quiestioui
2023 4584 2074 4642 D
2101 4605 2202 4658 ﬁde
2230 4607 2393 4656 vitam
2428 4603 2694 4666 viderent,
2726 4614 2779 4657 et
2805 4605 2958 4670 justi,
2991 4603 3095 4655 lide
3125 4604 3388 4662 viverent,
3417 4599 3505 4666 qui
3535 4612 3677 4668 opus

406 4694 770 4762 prospiciens,
819 4705 938 4743 eum
983 4699 1193 4744 asserat
1220 4691 1538 4743 omnimodo
1579 4688 1717 4742 lllios
1760 4689 1992 4743 Abrahae

403 4787 545 4858 dono
571 4787 660 4839 Dei
688 4798 902 4850 semper
926 4783 1092 4833 fuisse
1109 4797 1199 4850 per
1216 4781 1398 4841 ﬁdem,
1427 4794 1535 4833 non
1567 4780 1846 4848 perlegem
1879 4779 1990 4833 lac-

407 4894 583 4935 torum
613 4921 625 4939 .
660 4894 723 4931 ex
755 4876 978 4930 alterius
1009 4888 1236 4942 persiina
1273 4873 1557 4940 respondit
1582 4872 1682 4924 sibi
1709 4914 1723 4935 ,
1751 4873 1938 4925 dicens
1975 4889 1985 4922 :

407 4973 543 5039 Quid
585 4986 702 5040 ergo
742 4970 823 5021 lea:
873 4972 1130 5037 factorum
1173 4966 1344 5035 (Rom.
1382 4981 1478 5030 ιιι,
1528 4964 1657 5033 27)?
1690 4964 1742 5018 ld
1774 4973 1858 5018 est
1891 4983 1902 5017 :
1933 4964 1988 5020 Si

403 5080 466 5118 ex
511 5064 610 5116 ﬁde
642 5062 734 5113 lilii
765 5101 778 5123 ,
809 5075 902 5112 cur
931 5059 1059 5112 data
1088 5069 1172 5112 cst
1196 5061 1275 5112 lex
1308 5058 1570 5111 factorum
1599 5097 1613 5121 ,
1662 5073 1783 5110 cum
1832 5055 1985 5110 sufﬁ-

399 5165 545 5207 ceret
575 5151 868 5218 promissio
895 5148 1224 5216 generandis
1254 5148 1377 5200 ﬁliis
1403 5149 1737 5208 Abratue,et
1771 5146 1874 5200 ﬁde
1903 5162 1989 5200 es-

403 5256 522 5299 sent
548 5241 814 5294 nutriendi
840 5243 861 5290 ?
885 5240 1020 5306 Quia
1039 5241 1215 5308 justus
1237 5255 1298 5290 ea:
1327 5238 1428 5304 ﬁde
1472 5240 1588 5290 vivit
1615 5233 1788 5306 (llam.
1817 5254 1865 5303 ι,
1900 5240 1983 5300 l7;

403 5335 521 5388 Cal.
549 5348 602 5386 ιιι
627 5374 639 5394 ,
675 5334 769 5390 ll;
809 5331 935 5382 Hel).
973 5348 1025 5393 ιι,
1057 5331 1169 5398 50).
1203 5333 1507 5397 Antequam
1559 5329 1703 5383 enim
1735 5347 1792 5384 se
1823 5331 1988 5383 inter-

405 5433 645 5494 rogasset
680 5441 691 5476 :
728 5422 864 5487 Quid
895 5438 1015 5492 ergo
1046 5425 1130 5476 lea:
1171 5423 1460 5491 factorum?
1507 5422 1616 5490 jam
1649 5423 1899 5487 dixerat,
1932 5433 1990 5474 ut

404 5523 676 5583 viverent,
732 5521 822 5586 qtti
872 5534 935 5570 ex
987 5517 1405 5584 ﬁdejnstilieari
1441 5531 1548 5570 non
1593 5524 1854 5584 possent,
1884 5515 1988 5570 hoc

404 5612 564 5663 modo
597 5629 605 5660 :
643 5611 898 5673 Quoniam
921 5619 1089 5662 autem
1119 5624 1180 5662 ex
1204 5610 1313 5678 lege
1333 5622 1478 5661 nemo
1504 5609 1821 5675 jttstiﬁcatur
1845 5610 1986 5678 apud

476 5803 495 5827 ε
541 5790 849 5846 "meditor.

2098 4695 2229 4764 legis
2263 4709 2368 4747 nOn
2401 4709 2467 4747 ex
2497 4709 2590 4746 sua
2626 4694 2846 4759 virtute,
2873 4694 2966 4748 sed
2995 4710 3061 4748 ex
3092 4693 3184 4745 Dei
3216 4691 3357 4743 dono
3376 4688 3490 4742 ﬁeri
3514 4702 3676 4758 posse

2092 4788 2397 4842 crederent.
2435 4787 2545 4840 Lex
2573 4787 2716 4840 enim
2747 4801 2777 4838 a
2807 4801 2972 4839 carne
3001 4785 3117 4838 ﬁeri
3164 4797 3269 4836 non
3302 4790 3481 4851 potest
3507 4797 3520 4832 :
3551 4793 3674 4847 qua:

2093 4893 2214 4932 cum
2250 4878 2385 4929 l’acta
2430 4891 2535 4929 non
2563 4875 2757 4940 fuerit,
2791 4875 2972 4945 punit.
3001 4877 3131 4940 Qua:
3158 4889 3287 4941 ergo
3315 4886 3438 4936 spes
3467 4868 3673 4924 homini

2095 4967 2352 5021 faciendze
2388 4967 2544 5034 legis,
2575 4977 2628 5022 et
2659 4966 2924 5036 fugiendae
2954 4965 3144 5030 morti
3171 4981 3182 5015 :
3210 4961 3314 5016 nisi
3339 4962 3459 5040 opis
3485 4973 3537 5015 et
3567 4960 3674 5014 mi-

2097 5057 2410 5111 sericordizn
2461 5056 2578 5122 Dei,
2623 5071 2781 5126 quam
2825 5055 2955 5109 ﬁdes
3005 5054 3239 5109 invenit?
3266 5053 3406 5106 Caro
3445 5051 3545 5122 legi
3574 5048 3671 5102 Dei

2095 5149 2326 5217 subjecta
2376 5165 2478 5200 non
2514 5158 2618 5210 est;
2662 5165 2821 5217 neque
2866 5150 3000 5201 enim
3041 5137 3222 5215 potest.
3269 5145 3368 5208 Qui
3407 5150 3578 5195 autem
3618 5142 3673 5195 in

2094 5258 2249 5296 carne
2282 5250 2420 5300 sunt,
2455 5236 2565 5292 Deo
2594 5242 2795 5316 placere
2826 5256 2928 5291 non
2957 5247 3187 5307 possunt.
3244 5235 3343 5289 Vos
3373 5244 3542 5289 autem
3571 5249 3672 5289 non

2093 5336 2213 5386 estis
2240 5336 2291 5385 in
2323 5349 2505 5395 came,
2541 5332 2629 5384 sed
2673 5334 2725 5384 in
2767 5332 2984 5396 spiritu;
3015 5329 3270 5400 siquidem
3317 5327 3542 5396 Spiritus
3576 5325 3673 5378 Dei

2091 5427 2141 5478 iu
2176 5426 2311 5477 vobis
2346 5435 2439 5477 est.
2495 5423 2553 5477 Si
2581 5431 2692 5492 quis
2736 5433 2904 5474 autem
2944 5422 3200 5489 Spiritum
3227 5419 3414 5473 Christi
3444 5434 3543 5470 non
3573 5413 3667 5469 Ita—

2092 5518 2191 5580 bet,
2220 5518 2301 5569 hic
2343 5533 2445 5571 non
2473 5526 2544 5569 est
2585 5517 2695 5585 ejus
2723 5512 2898 5583 (Rom.
2925 5529 3036 5579 vm,
3072 5514 3123 5578 7,
3151 5511 3227 5581 9).
3262 5509 3516 5566 Ostendit
3542 5507 3665 5577 Spl-

2092 5612 2252 5664 ritum
2278 5610 2374 5665 Dei
2406 5618 2461 5664 et
2487 5607 2715 5682 (ἶιιιτιδιίι
2745 5607 2886 5663 idem
2929 5619 3072 5662 esse.
3105 5605 3352 5661 Ostendit
3384 5614 3665 5674 praeterea,
