3828 6368
478 638 548 693 27
1703 631 1713 639 ’
1840 639 2146 699 'rtcuoutt
2174 641 2340 699 ΛΡΜ
2643 683 2652 688 .
2703 668 2709 672 -
3389 614 3402 626 ’
3639 633 3706 693 9.8

477 741 665 813 donum
687 771 837 821 esset.
865 762 991 825 Adii,
1017 762 1318 826 Dominum,
1345 774 1396 817 et
1424 763 1725 831 deprecatus
1750 778 1862 821 sunt
1889 761 2046 831 (Sep.
2074 760 2128 820 Α
2149 760 2288 829 φιυά
2311 759 2513 814 locutus
2547 775 2661 812 sum
2685 758 2755 831 (ll
2781 758 2899 813 Cor.
2924 774 2996 822 tv,
3032 758 3144 829 13).
3181 752 3442 814 Eumdem
3470 758 3706 828 spiritum

481 863 596 915 Vill.
625 851 686 904 2t
705 852 741 919 ).
774 852 987 910 Iudicio
1015 851 1326 933 Salomonis
1349 853 1673 910 credendum
1704 861 1815 916 est,
1845 858 1949 913 non
1978 865 2045 910 ex

478 941 754 1009 operibus,
785 942 878 997 sed
906 959 972 999 ex
1000 946 1173 1018 gratia
1223 944 1346 1010 Dei,
1370 957 1558 997 omnes
1580 943 1928 1012 justiticatos,
1955 942 2066 1012 qui~

477 1029 718 1090 scierunt.
757 1048 894 1101 opus
943 1034 1079 1104 legis
1099 1049 1134 1088 a
1159 1035 1267 1088 Deo
1295 1033 1624 1102 implendum
1651 1073 1666 1100 ,
1693 1049 1798 1102 quo
1840 1032 2047 1102 possint

475 1121 713 1192 gloriari.
746 1123 886 1180 Dicit
924 1136 1112 1189 autem,
1141 1125 1436 1196 Apostolus
1455 1143 1472 1178 :
1496 1123 1567 1188 Ut
1589 1125 1756 1186 omnis
1792 1141 1914 1178 caro
1943 1140 2047 1178 non

475 1210 723 1285 glorietur
750 1215 807 1270 in
832 1227 1101 1286 conspectu
1130 1216 1227 1272 Dei
1256 1216 1298 1287 (Ι
1339 1214 1457 1271 Cor.
1490 1231 1538 1281 ι,ι
1570 1215 1684 1286 29).
1716 1216 1851 1282 Mali,
1870 1216 2048 1271 omni-

475 1305 658 1370 modo,
703 1307 851 1378 quod
897 1307 1064 1366 Deum
1111 1324 1218 1364 non
1269 1317 1642 1380 cognoverunt
1679 1326 1698 1363 z
1721 1307 1869 1377 justi,
1905 1307 2045 1378 quod

476 1408 588 1454 non
610 1410 787 1464 suum,
817 1395 912 1455 sed
939 1396 1044 1472 Dei
1065 1399 1175 1452 siut
1199 1413 1358 1466 opus.
1387 1396 1628 1464 Inmilia,
1658 1398 1853 1467 inquit,
1883 1405 1929 1454 et
1949 1397 2044 1452 ab-

475 1485 606 1549 iecta
653 1486 803 1561 elegit
846 1486 1010 1556 Deus,
1030 1505 1151 1559 autc
1193 1506 1298 1544 non
1339 1500 1460 1545 sunt
1488 1506 1509 1544 :
1533 1500 1590 1543 ut
1617 1506 1707 1553 ea,
1746 1505 1860 1557 qua
1883 1497 2002 1542 sunt
2023 1527 2041 1554 ,

458 1589 836 1634 concitarentur
852 1621 869 1646 ,
899 1589 955 1634 ut
977 1598 1080 1643 non
1106 1581 1356 1655 glorietur
1375 1582 1430 1636 in
1459 1589 1732 1650 conspectu
1759 1579 1860 1638 Del
1881 1580 2049 1644 omnis

472 1683 615 1723 caro.
639 1669 720 1724 Et:
741 1671 853 1741 ipso
882 1680 1152 1727 antennas
1181 1673 1300 1726 estis
1319 1673 1373 1726 in
1393 1670 1597 1727 Christo
1610 1668 1856 1740 lesu,qui
1877 1673 2047 1742 {actus

472 1768 547 1813 es!
581 1761 725 1817 vobis
761 1762 1018 1832 sapientia,
1038 1781 1072 1817 a
1097 1760 1234 1827 Deo,
1266 1771 1316 1814 et
1335 1763 1570 1835 justitia,
1595 1771 1651 1824 et,
1682 1761 2045 1826 sanctimonia,

470 1857 521 1904 et
565 1851 848 1920 redemptio
885 1862 985 1905 :ut
1022 1837 1300 1909 iecuudum
1333 1851 1470 1922 quod
1509 1853 1753 1919 scriptum
1793 1859 1867 1904 est
1897 1865 1916 1904 :
1945 1850 2044 1916 Qui

471 1937 749 2011 gloriatur,
776 1942 830 1995 in
873 1940 1088 2001 Domino
1116 1941 1358 2012 glorietur
1380 1940 1430 2011 (ι
1439 1940 1544 1999 bid.
1563 1980 1580 2007 ,
1610 1940 1820 2010 28—50).
1852 1939 2043 2003 ELitc-

473 2045 592 2095 rum
624 2049 636 2084 :
669 2031 852 2093 Gratia
868 2035 990 2089 estis
1014 2034 1200 2095 salrati
1223 2049 1313 2103 per
1333 2035 1486 2104 [idem
1507 2074 1521 2099 ,
1551 2043 1597 2086 et
1626 2033 1722 2086 hoc
1752 2049 1852 2087 non
1872 2049 1936 2088 ex
1956 2048 2044 2086 uo-

2150 849 2312 912 ﬁdei,
2355 849 2499 909 dixit
2537 848 2788 904 habuisse
2837 847 3083 904 eumdem
3110 890 3125 914 ,
3176 850 3266 918 qui
3307 840 3708 904 dixittCredidi

2146 949 2353 1011 propter
2372 939 2509 1010 quod
2527 937 2731 993 locatus
2749 956 2861 994 sum
2881 939 3003 1010 (Ps.
3018 955 3143 1004 αν,
3159 937 3215 1009 l)
3235 957 3248 992 :
3268 949 3319 994 et
3339 939 3391 994 id
3413 940 3705 1007 conﬁrmat,

2147 1035 2333 1090 dicens
2349 1053 2362 1088 :
2382 1034 2446 1088 Et
2457 1049 2549 1100 nos
2562 1033 2814 1088 credimus
2829 1050 2848 1100 ;
2861 1033 3072 1104 ideoque
3089 1043 3138 1088 et
3153 1030 3427 1104 loquimur.
3445 1032 3704 1089 Dicendo:

2145 1121 2215 1175 Et
2232 1140 2341 1187 nos,
2362 1124 2668 1178 ostenditct
2687 1124 2807 1180 illos
2829 1115 3022 1179 eodem
3042 1125 3231 1194 spiritu
3254 1123 3377 1178 ﬁdei
3396 1123 3706 1198 credidisse.

2149 1215 2298 1270 Unde
2339 1215 2680 1287 manifesmm
2700 1224 2793 1276 est
2817 1258 2829 1279 ,
2859 1215 2980 1287 quia
3029 1216 3142 1274 haec
3181 1215 3310 1284 justi
3343 1203 3448 1270 non
3477 1230 3541 1270 ex
3572 1215 3707 1286 lege,

2145 1308 2239 1364 sed
2287 1309 2475 1377 spiritu
2524 1308 2646 1365 ﬁdci
2695 1323 2910 1378 semper
2960 1308 3282 1362 habuerunt.
3325 1305 3590 1377 Quidquid
3620 1321 3711 1376 per

2147 1398 2433 1452 Dominum
2479 1401 2643 1464 venit,
2670 1397 2951 1472 plenitudo
2978 1407 3095 1462 est,
3127 1396 3280 1466 cujus
3322 1412 3444 1465 pars
3483 1395 3581 1451 fuit
3617 1411 3727 1466 per

2144 1487 2415 1542 eumdem.
2440 1488 2593 1544 Sicut
2613 1476 2890 1557 parvulus,
2913 1485 3152 1558 quicum
3175 1486 3309 1540 nihil
3331 1486 3506 1542 minus
3525 1486 3713 1542 habeat

2142 1596 2172 1635 a
2198 1584 2338 1644 viro,
2374 1592 2554 1636 tamen
2588 1579 2678 1636 vir
2716 1597 2823 1636 non
2863 1588 2970 1642 est,
3001 1587 3058 1634 et
3093 1593 3190 1648 per
3231 1581 3558 1635 incrementa
3600 1594 3712 1636 non

2145 1687 2428 1737 novorum,
2460 1673 2555 1728 sed
2585 1672 2900 1728 earumdem
2926 1669 3322 1734 membrorum,
3346 1672 3399 1726 in
3425 1673 3715 1729 eum’venit

2145 1765 2422 1833 plenitudo
2447 1765 2714 1833 corporis,
2739 1773 2797 1819 ut
2823 1765 2894 1819 sit
2922 1762 3214 1832 perfectus,
3244 1763 3387 1819 idem
3417 1773 3591 1821 tamen
3619 1769 3711 1836 qui

2143 1850 2324 1910 fuerat
2349 1849 2861 1922 parvulumltevera
2900 1849 3010 1907 non
3034 1861 3153 1908 erat
3179 1854 3232 1908 in
3261 1854 3514 1911 omnibus
3543 1855 3713 1925 Spiri-

2144 1953 2228 2000 tus
2253 1951 2476 2002 saactus
2498 1954 2627 2002 ante
2662 1947 2971 2016 passionem
2997 1943 3248 2012 Domini;
3277 1940 3372 2006 sed
3397 1948 3454 2001 in
3483 1947 3589 2002 illis
3618 1951 3709 2018 qui

2145 2052 2240 2104 per
2264 2037 2438 2106 ipsum
2471 2045 2793 2105 pmseutem
2825 2033 3146 2103 credebant,
3171 2044 3231 2091 ut
3259 2037 3376 2106 ipso
3403 2037 3622 2104 victore,
3655 2050 3712 2094 et

471 2122 547 2176 bis
577 2122 794 2194 (Epltes.
829 2139 888 2188 ll,
917 2126 994 2194 8).
1022 2124 1114 2183 Dei
1155 2125 1354 2183 donum
1383 2135 1500 2189 est,
1531 2140 1638 2178 non
1668 2139 1732 2179 ex
1762 2125 2040 2194 operibus,
2143 2104 2340 2182 cuncta
2361 2127 2693 2206 perﬁcieate,
2725 2115 2920 2197 iiguati
2949 2104 3366 2206 perﬁcerentur.
3387 2126 3519 2182 Nam
3544 2127 3706 2196 justi,
3784 2192 3790 2196 _

473 2229 542 2269 ne
569 2215 709 2277 forte
741 2216 862 2285 quis
899 2217 1162 2286 glorietur
1184 2237 1198 2269 ;
1222 2217 1392 2286 ipsius
1429 2215 1570 2272 enim
1601 2229 1784 2270 sumus
1812 2215 2040 2285 ﬁgmen-

474 2313 616 2368 tum,
641 2306 810 2360 creati
841 2305 894 2361 in
920 2304 1166 2370 Christo.
1189 2306 1282 2362 Sic
1312 2307 1456 2362 nulla
1497 2321 1626 2365 caro
1658 2307 1947 2377 aliquando
1972 2323 2038 2362 cx

469 2393 611 2466 lege,
644 2397 694 2450 id
724 2404 813 2458 est.
835 2411 903 2454 ex
933 2394 1500 2468 operibusjustiﬁcari
1541 2407 1740 2469 potest,
1772 2406 1832 2452 ut
1862 2398 2044 2458 omnia

467 2485 650 2555 justus
693 2501 764 2542 ex
810 2486 922 2543 Deo
964 2488 1192 2559 gloriam
1241 2488 1484 2544 haberet.
1542 2488 1633 2544 Est
1677 2487 1852 2552 aliud;
1893 2488 2042 2556 quod,

470 2591 630 2632 nemo
672 2577 933 2647 glorietur
975 2579 1030 2633 in
1073 2589 1360 2649 conspectu
1394 2579 1489 2634 Dei
1523 2594 1540 2633 :
1579 2577 1728 2633 Deus
1765 2578 1908 2634 enim
1954 2577 2043 2640 sic—

469 2669 583 2722 suis
623 2676 909 2738 operatur,
942 2679 999 2724 ut
1027 2671 1104 2727 sit
1143 2673 1300 2741 quod
1328 2682 1387 2728 et
1421 2669 1658 2730 dimittat
1695 2687 1711 2723 :
1755 2669 1922 2729 Nemo
1963 2675 2045 2734 est

467 2759 602 2817 enim
626 2757 848 2817 mundus
871 2777 904 2813 a
931 2761 1098 2826 sorde,
1123 2778 1214 2817 nec
1255 2762 1301 2815 si
1339 2763 1492 2817 unius
1537 2761 1644 2819 diei
1679 2762 1743 2814 sit
1789 2762 1888 2815 vita
1924 2763 2045 2833 ejus

467 2844 612 2915 (Job.
658 2863 764 2916 xlv,
797 2847 878 2920 4).
911 2848 980 2904 Ει
1013 2849 1174 2905 David
1217 2851 1347 2905 dicit
1377 2868 1390 2904 :
1423 2849 1542 2904 Non
1568 2851 1789 2904 introeas
1817 2851 1871 2908 in
1887 2849 2038 2922 judi-

462 2939 600 2992 cium
646 2954 760 2992 cum
804 2954 946 2994 servo
987 2948 1112 3005 tuo,
1159 2941 1544 3011 quoniammou
1571 2940 1944 3013 justi/imbitur
1980 2940 2038 2993 in

462 3041 736 3101 conspectu
761 3041 846 3087 tuo
864 3033 1025 3087 omnis
1051 3035 1218 3088 vivens
1241 3033 1359 3105 (Ps.
1391 3049 1556 3100 chtt,
1580 3033 1662 3104 ἓ).
1695 3035 1758 3087 Et
1779 3033 2031 3090 Salomon

462 3122 519 3177 in
547 3122 888 3179 dedicatione
913 3125 1097 3193 templi
1121 3143 1135 3179 :
1163 3124 1287 3180 Non
1313 3135 1411 3192 est,
1441 3126 1634 3195 inquit,
1660 3127 1809 3181 homo
1825 3127 1913 3196 qui
1931 3142 2033 3180 non

461 3215 685 3283 peccauit
714 3213 805 3291 (.lll
835 3211 966 3287 Reg.
1005 3230 1120 3279 vui,
1145 3214 1262 3286 46).
1292 3216 1358 3270 Et
1385 3217 1578 3272 iterum
1607 3235 1619 3269 :
1647 3215 1759 3275 tibi
1783 3216 1881 3270 soli
1901 3214 2035 3281 deli-

463 3304 552 3375 qui
581 3303 698 3375 (Ps.
729 3308 786 3369 ις
815 3305 896 3375 6).
924 3307 1056 3374 Quis
1091 3307 1237 3361 enim
1266 3307 1585 3378 gloriabitur
1614 3315 1819 3370 castum
1847 3324 1909 3364 se
1939 3308 2035 3372 hu-

463 3395 592 3454 bere
639 3395 772 3454 cor?
817 3396 927 3456 Aut
968 3397 1088 3466 quis
1132 3396 1494 3466 gloriabitur,
1534 3397 1801 3464 mundum.
1835 3412 1960 3459 esse
2001 3415 2034 3455 a

2141 2235 2279 2290 quos
2309 2219 2396 2274 bic
2439 2218 2686 2285 invenit,
2729 2205 3035 2274 habuerunt
3059 2216 3322 2288 Spiritum
3353 2227 3626 2284 sanctum,
3651 2227 3712 2273 ut

2139 2310 2360 2366 Simeon
2391 2321 2442 2366 et
2470 2309 2787 2376 Nathanael,
2814 2320 2870 2365 et
2895 2308 3184 2378 Zacharias
3203 2349 3219 2374 ,
3247 2318 3302 2364 et
3329 2307 3624 2375 Elisabeth,
3656 2317 3714 2364 et

2140 2405 2291 2458 Anna
2322 2403 2481 2477 vidua
2510 2403 2619 2457 ﬁlia
2643 2401 2905 2456 Phanuel.
2936 2385 3232 2455 Promissio
3259 2417 3299 2462 at
3319 2400 3439 2468 lege
3466 2408 3710 2470 separata

2138 2503 2254 2558 est;
2286 2508 2459 2562 neque
2497 2507 2618 2547 cum
2664 2492 2735 2546 sit
2773 2491 3022 2556 diversa,
3053 2488 3343 2543 immisceri
3374 2495 3566 2558 potest.
3593 2488 3708 2543 Non

2135 2585 2380 2640 conditio
2399 2584 2633 2639 inﬁrmat
2662 2583 3108 2652 promissionem;
3139 2580 3385 2652 cogimur
3408 2591 3580 2636 autem
3608 2595 3709 2636 nos

2096 2703 2098 2706 ν
2135 2677 2280 2747 loqui
2308 2691 2394 2740 ea,
2421 2679 2542 2746 qum
2587 2676 2705 2730 siue
2757 2677 2880 2744 igne
2921 2673 3126 2729 doloris
3163 2673 3352 2728 audire
3387 2689 3493 2728 non
3520 2687 3708 2741 possu-

2136 2783 2277 2824 mus.
2309 2768 2670 2828 Bicuuteuim
2697 2756 2938 2837 quidam,
2970 2766 3058 2835 qui
3097 2765 3510 2833 promis'sionum
3537 2765 3707 2820 ﬁrmi-

2139 2869 2323 2923 tatem,
2347 2870 2399 2914 et
2419 2874 2540 2929 qua:
2560 2875 2629 2914 ex
2655 2859 2769 2929 lege
2792 2867 2895 2924 est,
2912 2856 3396 2927 transgressionem
3421 2857 3697 2912 nesciunt:

2136 2949 2448 3018 promisisse
2466 2949 2682 3019 quidem
2709 2950 2874 3002 Deum
2898 2947 3147 3012 Abrahm,
3171 2961 3358 3002 omnes
3379 2957 3563 3016 gentes
3582 2947 3699 3018 (sed

2135 3039 2286 3094 salvo
2316 3039 2488 3094 libero
2531 3037 2798 3109 arbitrio),
2835 3037 2881 3093 si
2912 3038 3091 3105 legem
3128 3036 3509 3092 custodissent.
3542 3036 3610 3091 Et
3649 3037 3699 3092 si

2137 3129 2372 3198 pericula
2411 3127 2695 3197 imperitiae
2722 3127 3076 3198 quorumdam
3097 3126 3365 3196 iustorum
3401 3128 3572 3182 salute
3602 3143 3698 3197 pa-

2137 3213 2376 3277 telacero
2387 3218 2600 3288 prodest
2618 3234 2634 3286 ;
2657 3217 2752 3273 sed
2771 3218 2890 3273 cum
2913 3218 2978 3271 de
2999 3216 3110 3272 Deo
3132 3219 3502 3286 omnipotente
3518 3231 3702 3274 sermo

2135 3318 2238 3374 est,
2258 3310 2527 3364 moderari
2548 3309 2772 3364 dicenda
2792 3302 3070 3372 debemus,
3095 3322 3163 3362 ne
3181 3308 3385 3363 silenda
3405 3307 3702 3378 reputando

2134 3417 2517 3468 memoremus,
2549 3413 2604 3458 et
2635 3418 2699 3456 ex
2727 3417 2822 3457 ore
2847 3413 3066 3469 nostro,
3099 3403 3276 3456 aliena
3291 3385 3449 3466 licet,
3476 3400 3707 3456 audian-

464 3488 722 3557 peccato?
750 3487 948 3552 Parum
993 3489 1093 3543 fuit
1126 3489 1192 3545 de
1233 3491 1397 3550 corde
1425 3500 1606 3560 casto,
1628 3490 1686 3546 id
1706 3501 1857 3557 est,a
1885 3495 2031 3564 cOgi-
2054 3493 2099 3555 C.
2133 3503 2238 3550 tur.
2261 3494 2439 3562 Quare
2465 3509 2587 3552 cum
2609 3505 2843 3550 tremore
2868 3494 3174 3562 loquentes,
3212 3507 3308 3546 sua
3335 3493 3529 3561 cuique
3556 3492 3704 3560 peri-

462 3580 778 3649 tatiouibus,
805 3581 916 3648 nisi
943 3592 996 3637 et
1026 3598 1056 3638 a
1088 3592 1312 3654 peccato
1352 3598 1418 3646 se
1450 3584 1704 3644 mundum
1733 3587 2033 3657 nemoglo-

460 3673 714 3728 riaretur.
761 3673 949 3730 Omnis
989 3676 1214 3731 victoria
1260 3690 1374 3731 non
1409 3691 1478 3733 ex
1514 3678 1786 3747 operibus,
1813 3678 1908 3740 sed
1938 3678 2058 3743 Dei.

465 3766 816 3826 miseratione
853 3767 1206 3835 conceditur,
1240 3770 1380 3829 sicut
1421 3769 1689 3839 scriptum
1709 3777 1835 3830 est:
1861 3770 1963 3838 Qui
1985 3781 2034 3833 te

459 3865 670 3908 coronat
692 3855 744 3909 in
774 3857 1097 3912 miseratione
1120 3869 1166 3912 et
1191 3859 1543 3919 πίθηκοι-ω
1569 3859 1687 3927 (Ps.
1716 3874 1829 3925 ctua,
1851 3861 1933 3930 4).
1966 3861 2039 3926 Et

464 3953 637 4000 mater
667 3958 966 4019 martyrum
1010 3950 1122 4003 ﬁlio
1152 3965 1252 4007 atto
1278 3951 1357 4006 sic
1380 3951 1514 4007 dicit
1544 3971 1558 4005 :~
1589 3951 1658 4011 Ut
1697 3951 1791 4007 illa
1823 3955 2035 4009 misera-9

463 4036 598 4091 tione
625 4053 740 4092 cum
778 4039 1026 4108 fratribus
1065 4041 1167 4095 luis
1205 4051 1253 4094 te
1288 4043 1534 4112 recipiam
1561 4041 1630 4114 (ll
1671 4041 1907 4102 Machab.
1939 4061 2031 4112 vn,

460 4126 575 4198 29).
601 4127 740 4189 iusti
778 4141 960 4187 autem
1006 4131 1353 4202 perfecerunt
1394 4137 1727 4192 voluntatem
1775 4136 1866 4190 Dei
1891 4132 2038 4195 ‘voto.

465 4229 629 4291 atque
654 4232 874 4290 conatu,
901 4225 991 4294 qui
1020 4226 1266 4289 nituntur
1289 4234 1344 4282 et
1377 4226 1764 4296 concupiscunt
1791 4228 1900 4283 Deo
1921 4243 2037 4285 ser-

467 4313 601 4386 vire,
635 4328 741 4368 non
775 4315 1032 4373 tamenin
1062 4315 1197 4386 lege.
1229 4314 1360 4382 Qua:
1387 4317 1432 4371 si
1455 4316 1824 4386 juStiﬁcasset,
1847 4325 2040 4376 omnes

448 4395 591 4469 ,j'usti
637 4405 803 4458 unius
846 4417 1032 4462 essent
1072 4407 1284 4471 meriti,
1313 4408 1437 4476 quia
1483 4423 1662 4477 parem
1689 4407 1757 4464 de
1781 4409 2034 4470 omnibus

465 4492 634 4562 exigit
675 4492 1106 4566 oltsarvationem
1132 4512 1147 4548 :
1174 4497 1259 4550 sin
1290 4497 1491 4565 minus,
1521 4506 1834 4566 operaretur
1863 4500 2034 4557 male-

467 4583 758 4641 dictiozsi
799 4593 978 4644 autem
1038 4585 1278 4654 disparis
1322 4598 1441 4645 erat
1485 4585 1838 4658 meriti,’quis
1865 4606 2037 4661 quan—

467 4683 580 4731 tum
609 4677 844 4738 credidit
863 4679 967 4734 sibi
992 4677 1132 4745 dari,
1157 4687 1358 4740 tantum
1388 4681 1579 4754 gratiae
1606 4682 1698 4738 Dei
1726 4683 2039 4742 miserentis

468 4768 680 4838 accepit
705 4807 723 4834 ,
764 4769 1175 4824 transformatus
1205 4786 1232 4824 a
1259 4771 1428 4840 gl0ria
1459 4772 1512 4826 in
1539 4772 1765 4842 gloriam
1786 4813 1803 4840 ,
1840 4773 1983 4830 sicut
2004 4790 2038 4830 a

2132 3587 2255 3642 cttla
2307 3586 2695 3643 consideranda
2753 3587 3147 3660 relinquamus.
3197 3584 3532 3640 Manifestum
3583 3594 3707 3652 est,

2133 3679 2413 3750 prtcscisse
2459 3679 2662 3745 Deum,
2712 3681 2921 3732 futuros
2964 3679 3033 3732 de
3082 3679 3253 3730 libero
3298 3677 3539 3740 arbitrio,
3565 3691 3709 3745 quos

2133 3766 2369 3824 Abrahae
2392 3767 2660 3836 promisit,
2689 3778 2782 3822 aut
2808 3782 2913 3821 non
2943 3765 3171 3823 futuros.
3202 3765 3438 3820 Alterum
3462 3774 3545 3820 est
3571 3766 3711 3821 duo-

2132 3877 2254 3916 rum
2279 3877 2294 3918 :
2315 3861 2360 3916 si
2391 3859 2602 3924 iuturus
2622 3900 2636 3926 ,
2663 3860 2809 3914 ﬁnita
2851 3859 3080 3929 quaestio
3105 3867 3217 3920 est;
3247 3858 3294 3910 si
3320 3872 3427 3911 non
3477 3856 3707 3923 inituros,

2135 3950 2358 4006 «ﬁdelis
2382 3952 2530 4006 Deus
2571 3965 2675 4005 non
2715 3951 3076 4020 promitteret.
3119 3948 3224 4001 Aut
3252 3947 3300 4000 si
3331 3950 3432 4017 hoc
3465 3956 3550 4001 est
3587 3956 3708 4001 sta-

2136 4049 2306 4098 tutum
2327 4040 2470 4109 apud
2501 4041 2696 4106 Deum,
2726 4051 2860 4096 tunc
2875 4039 3176 4110 psomissos
3195 4038 3347 4102 dare,
3377 4039 3422 4094 si
3454 4037 3714 4108 promissi

2135 4132 2372 4190 vellent:
2399 4132 2639 4202 prolecm
2663 4131 2894 4198 diceret,
2920 4146 2987 4186 ue
3015 4144 3206 4186 servus
3231 4128 3350 4198 eius
3369 4143 3434 4183 ac
3452 4128 3711 4195 credens,

2133 4225 2280 4293 quia,
2313 4224 2453 4294 quod
2481 4223 2763 4293 promisit,
2809 4236 2999 4294 potens
3025 4232 3109 4282 est
3139 4230 3194 4274 et
3222 4219 3402 4275 facere
3425 4261 3440 4285 ,
3476 4219 3713 4274 ludiﬁcar

2134 4325 2283 4373 retur
2310 4312 2604 4388 Abraham.
2632 4312 2927 4372 l‘romissio
2954 4321 3134 4366 autem
3163 4310 3254 4380 illa
3280 4317 3384 4375 est,
3424 4324 3544 4378 qua:
3569 4307 3719 4364 nihil

2133 4404 2459 4460 conditionis
2502 4405 2746 4460 incurrit.
2789 4404 2889 4460 Sia
2930 4404 3135 4466 minus;
3167 4414 3266 4455 nec
3306 4400 3596 4469 promissio
3625 4409 3715 4456 est

2135 4496 2306 4561 ﬁrma,
2332 4510 2430 4551 nec
2458 4495 2590 4551 ﬁdes
2618 4495 2847 4572 integra.
2867 4494 3008 4563 Quid
3029 4494 3170 4548 enim
3191 4489 3383 4546 stabile
3409 4491 3716 4546 remanebit

2133 4585 2189 4660 in
2221 4586 2316 4641 Dei
2348 4581 2723 4655 promisslbne,
2768 4586 2942 4664 autin
2967 4583 3200 4639 Abrahae
3231 4581 3356 4648 ﬁde,
3389 4582 3432 4636 si
3460 4579 3534 4645 id,
3558 4581 3719 4651 quod

2133 4679 2462 4749 promissum
2487 4687 2540 4734 et
2560 4669 2831 4733 creditum
2856 4685 2937 4732 est
2959 4719 2973 4742 ,
3004 4677 3055 4729 in
3086 4689 3294 4736 eorum,
3323 4677 3411 4744 qui
3443 4675 3711 4744 promissi

2135 4777 2281 4834 Sunt,
2315 4769 2578 4840 penderet
2607 4767 2868 4822 arbitrio?
2901 4766 3041 4835 Ergo
3072 4772 3129 4819 et
3155 4767 3295 4819 Deus
3316 4764 3551 4824 alienum
3582 4779 3716 4833 pro-

473 4857 566 4912 Dei
597 4859 812 4930 spiritu,
844 4859 896 4915 id
935 4868 1136 4926 θείνει
1167 4863 1356 4918 eodem
1390 4864 1446 4926 in
1467 4863 1760 4919 eumdem!
1782 4866 1910 4921 Tale
1946 4875 2037 4941 est

2138 4863 2303 4927 misit,
2331 4873 2387 4916 et
2426 4863 2692 4916 Abraham
2732 4866 2942 4915 incaute
2983 4856 3232 4938 credidit.
3276 4855 3345 4911 Ut
3383 4855 3508 4926 quid
3541 4857 3715 4909 etiam

468 4954 650 5017 enim,
697 4955 820 5023 quia
873 4966 994 5027 post
1039 4955 1312 5012 Christum
1361 4954 1500 5018 ﬁdes
1545 4957 1669 5016 data
1711 4959 2038 5031 estzquale,

466 5045 588 5114 quia
617 5044 856 5114 Spiritus
883 5055 1126 5115 sanctus,
1142 5064 1282 5104 cum
1305 5063 1522 5120 semper
1543 5063 1734 5104 omnes
1762 5053 2042 5121 prophetat

468 5141 524 5190 et
547 5135 675 5203 justi
706 5137 893 5205 eodem
921 5139 1111 5209 spiritu
1139 5140 1414 5196 vixerunt.
1447 5139 1573 5196 Non
1603 5143 1746 5195 enim
1776 5143 1935 5197 aliter
1961 5146 2038 5198 vi-

465 5239 591 5279 vere
625 5237 934 5296 potuerunt,
963 5245 1124 5301 quam
1149 5231 1348 5300 Spiritu
1385 5230 1531 5286 ﬁdet.
1577 5217 1852 5302 Quotquot
1892 5234 2034 5291 enim

465 5317 568 5371 sub
599 5319 718 5389 lege
748 5318 998 5388 fuerunt,
1023 5324 1185 5380 occisi
1230 5332 1376 5378 sunt.
1424 5324 1560 5392 Quia
1601 5324 1768 5380 littera
1810 5327 2030 5395 occidit,

463 5409 672 5479 spiritus
699 5422 870 5466 autem
898 5415 1117 5482 rivi/irai
1138 5414 1202 5486 (ll
1231 5415 1350 5469 Cor.
1381 5431 1463 5481 ut,
1497 5415 1575 5486 6).
1607 5417 1670 5470 Et
1698 5426 1873 5472 tamen
1902 5418 2032 5474 dicit

466 5499 724 5573 Dominus
753 5502 824 5559 de
849 5505 1040 5560 eodem
1071 5507 1274 5575 Spiritu
1300 5524 1314 5561 :
1339 5504 1458 5562 Nisi
1480 5523 1574 5577 ego
1595 5507 1787 5571 abiero,
1811 5507 1900 5562 ille
1929 5527 2031 5564 non

462 5593 625 5648 veniet
657 5595 833 5664 (Joan.
867 5612 978 5663 xvr,
1009 5598 1064 5667 7)
1086 5639 1102 5663 ,
1129 5612 1248 5652 cum
1279 5607 1334 5652 et
1360 5598 1638 5666 Apostolis
1657 5599 1766 5668 jam
1796 5599 2036 5656 dedisset

463 5684 712 5740 eumdem
744 5687 1016 5755 spiritum.
1065 5688 1356 5757 Apostolus
1381 5701 1558 5745 autem
1587 5691 1748 5758 dicit,
1782 5692 2033 5747 eumdem

460 5777 710 5846 spiritum
741 5779 882 5848 apud
911 5783 1159 5851 antiquos
1183 5780 1389 5836 fuisse:
1419 5780 1672 5836 Habentes
1697 5791 1864 5836 autem
1891 5798 2033 5835 eum-

457 5866 573 5922 dent
596 5870 840 5938 spiritum
864 5871 1005 5938 ﬁdei,
1031 5873 1162 5927 sicut
1182 5871 1426 5944 scriptum
1448 5881 1568 5929 est:
1598 5871 1802 5928 Credidi
1827 5881 2033 5943 prapter

525 6063 556 6093 ⁸
596 6057 763 6128 Alias,
785 6059 979 6144 fideles.

2134 4955 2252 5025 ipsa
2285 4955 2602 5025 promissio,
2637 4954 2875 5008 debitum
2925 4934 3264 5021 postmodum
3309 4947 3446 5002 facta
3491 4956 3598 5034 est,
3629 4948 3720 5001 di-

2134 5055 2290 5102 conte
2309 5036 2422 5101 Deo
2448 5065 2459 5098 :
2485 5044 2857 5100 Rettt'dt'ccnlttr
2883 5045 2936 5096 iit
2961 5053 3008 5096 te
3029 5058 3197 5096 omnes
3226 5051 3395 5112 grnfes
3420 5050 3586 5116 terras,
3613 5057 3716 5110 pro

2133 5152 2193 5190 eo
2216 5136 2350 5205 quod
2377 5135 2564 5188 audisti
2584 5149 2750 5194 vocem
2775 5149 2954 5196 meam,
2981 5143 3025 5185 et
3055 5149 3157 5186 non
3182 5128 3444 5200 pepercisti
3467 5126 3580 5198 ﬁlio
3621 5138 3718 5184 tuo

2135 5225 2320 5292 dilecto
2349 5236 2553 5297 prap.'er
2601 5240 2678 5278 me
2707 5225 2855 5296 (Gen.
2883 5239 3022 5288 χχιι,
3057 5222 3185 5288 is)?
3214 5221 3393 5289 Neque
3423 5231 3608 5274 autem
3641 5238 3716 5277 ex

2137 5317 2242 5384 his,
2273 5318 2467 5390 quibus
2487 5317 2640 5372 lucile
2667 5329 2770 5381 est,
2802 5324 2860 5370 et
2880 5315 3162 5370 adversum
3194 5313 3423 5367 Abrahae
3449 5298 3714 5367 meritum

2134 5410 2287 5466 liberi
2332 5411 2539 5465 arbitrii
2576 5411 2841 5464 calumnia
2889 5419 3162 5476 strepere;
3195 5392 3519 5472 etiam'post
3557 5404 3718 5470 mor:

2135 5511 2243 5558 tem
2299 5504 2466 5575 ipsius
2527 5503 2790 5570 Ahraltre,
2845 5500 3141 5556 debitorem
3193 5515 3256 5553 se
3295 5498 3461 5566 ipsius
3502 5497 3763 5552 coulir-‘

2133 5605 2243 5649 mat
2294 5595 2476 5660 Deus,
2521 5607 2573 5649 et
2619 5603 2841 5666 propter
2887 5609 3047 5659 eum,
3105 5607 3162 5645 se
3209 5589 3466 5643 facturum
3495 5629 3508 5653 ,
3555 5591 3712 5655 quod

2131 5687 2246 5754 ejus
2303 5687 2414 5740 ﬁlio
2473 5687 2855 5755 promittebat,
2919 5685 3157 5738 dicens:
3201 5679 3302 5735 Ero
3371 5689 3534 5732 tecum
3569 5717 3587 5742 ,
3664 5688 3726 5732 et

2132 5777 2422 5835 benedictum
2474 5787 2540 5831 te.
2597 5775 2714 5844 Tibi.
2761 5775 2897 5829 cuius
2949 5784 2997 5829 et
3045 5772 3224 5828 semini
3277 5779 3370 5828 tuo
3417 5767 3551 5820 dabo
3606 5779 3722 5826 ter.

2132 5886 2248 5924 raat
2273 5869 2406 5924 Itane
2433 5911 2450 5935 ,
2488 5879 2538 5924 ct
2573 5877 2797 5926 statuam
2830 5867 3151 5940 juratiorsem
3195 5878 3386 5929 uim,
3429 5877 3592 5932 quam
3625 5861 3724 5927 iu-
