1914 3207
122 304 153 340 ss
672 313 774 342 LIBER
794 313 839 346 DE
858 313 997 347 SEPTEM
1012 314 1172 356 uacuus.
1698 317 1735 347 so

122 369 169 395 ruri
183 368 467 405 Itbratwpatritao,“
479 368 654 405 ιιιιιιιὶριεεαὸο
664 375 833 401 semensum
843 370 895 400 εἰς·
910 373 936 409 Α
949 373 1011 409 quia
1034 373 1153 400 animam
1176 380 1229 403 non
1253 374 1362 405 miscuit
1376 374 1510 402 voluntati
1533 374 1591 402 Dei.
1608 373 1740 409 Displicet

121 420 147 443 at
159 416 239 443 uellus
251 416 322 450 ccli,
334 421 359 444 et
374 417 441 445 dabo
450 417 495 445 tibi
508 422 532 444 ct
541 408 631 444 semini
645 422 689 444 tuo
703 425 790 445 omnes
811 422 896 457 gentes

120 466 202 493 terra,
216 470 303 497 proco
315 463 387 501 σιοό
401 463 498 491 “dicit
514 462 643 491 Abraham
655 467 727 498 pater
739 468 799 501 tuus
812 472 897 494 vocem

121 515 193 534 mni
203 507 279 543 (Gen.
295 516 377 543 xx",
388 509 462 545 5-5).
479 510 547 537 Ecce
567 509 704 538 ﬁrmatum
718 513 761 538 est
774 500 896 538 debitum

120 552 235 581 Abrahae.
251 553 311 581 No
333 555 407 601 enlist
427 555 515 596 potuit
530 562 578 601 per
592 555 707 584 liberum
736 555 895 590 arbitriutn,

120 603 174 633 post
193 603 307 631 mortem
321 600 464 637 amittere,
479 600 550 636 quod
569 601 647 629 vivus
668 605 823 633 meruerat;
847 609 897 631 no-

120 644 217 673 luerunt
225 650 316 673 autem
330 651 428 681 gentes
437 646 560 675 credere.
572 646 642 682 Quid
656 647 737 677 faciet
749 647 896 681 Abraham,

119 692 157 717 ent
169 690 299 718 debetur?
316 691 457 727 quomodo
479 691 597 728 accipiet
618 691 681 720 ﬁdei
695 698 723 721 ει
738 692 896 723 tentationis

117 744 167 764 sua
180 736 317 771 debitum,
330 734 412 773 cujus
426 737 528 766 debere
549 738 607 766 Deo
627 745 741 767 securus
756 738 824 765 iuit?
844 737 895 766 Cui

119 783 139 810 sl
151 783 247 811 dictum
267 787 312 811 eat
327 793 335 810 :
356 784 429 812 Dabo
441 784 511 820 quod
524 785 630 821 promisi
646 804 653 817 ,
668 788 693 811 et
706 784 814 813 reddam
826 785 896 820 quod

119 828 192 861 ivssi
201 829 295 865 (κιαι,
311 829 342 868 ι)
357 838 367 857 :
381 830 405 858 si
419 830 553 858 voluerint
565 834 676 867 gentes,
688 838 741 858 non
750 831 894 865 crederet,

106 873 160 902 sed
175 879 343 910 exspectaret
356 876 509 907 fortuitum.
525 876 554 904 Si
568 876 727 908 conditione
740 884 809 913 opus
829 882 872 903 est
885 896 895 910 ,

118 928 170 948 cum
183 921 307 957 operario
318 929 381 952 esse
392 923 494 956 debet,
507 930 561 951 non
572 930 633 954 cum
646 923 783 952 mercede.
794 923 896 958 Opera-

118 965 167 993 rlus
178 967 248 993 enim
262 971 357 1003 potest
370 968 440 998 velle
452 968 576 1004 accipere
590 973 635 996 aut
647 964 720 997 nolle
729 989 738 1003 ,
752 975 806 996 non
821 976 895 996 mer-

117 1018 157 1039 ces
177 1012 249 1040 reddi
272 1018 321 1040 aut
342 1021 395 1042 non
417 1014 505 1043 reddi.
530 1015 630 1044 Omnes
653 1016 726 1043 enim
750 1020 847 1054 gentes
866 1015 892 1043 in

948 419 1005 453 illi,
1020 419 1092 459 quod
1107 419 1179 447 Deus
1192 420 1286 448 voluit.
1301 420 1406 448 Etenim
1420 420 1560 449 voluntate
1576 420 1663 447 malus
1676 425 1716 447 est
1726 439 1735 453 ,

947 466 993 501 qui
1004 466 1167 497 necessitate
1180 466 1267 494 bonus
1280 471 1332 494 est.
1347 465 1401 494 Lex
1421 466 1497 502 operi
1512 466 1735 502 impedimentum

947 515 1004 543 est,
1019 518 1072 537 non
1086 511 1228 539 voluntati.
1243 510 1301 539 Non
1315 515 1358 538 est
1377 512 1539 546 coniunctus
1562 512 1635 546 Deo,
1649 513 1696 548 qui
1711 513 1736 541 si

948 556 1012 584 mali
1021 564 1099 592 penna
1111 563 1164 584 non
1175 561 1268 590 esset,
1281 557 1379 584 malum
1389 562 1557 592 sequeretur.
1571 557 1627 588 Nec
1640 559 1737 585 volun-

948 605 1029 629 tatem
1044 601 1090 629 Dei
1111 601 1176 630 facit
1190 622 1198 635 ,
1222 602 1266 637 qui
1291 602 1374 637 gemit
1389 602 1459 636 quod
1474 610 1527 629 non
1541 609 1618 629 suam
1641 602 1734 630 iaciat.

946 648 1004 676 Non
1028 653 1069 677 est
1084 648 1257 681 misericors,
1281 648 1327 684 qui
1349 649 1427 676 timet
1447 656 1509 676 esse
1533 649 1662 677 crudelis.
1678 649 1734 679 Sub

947 695 1005 730 lege
1019 700 1077 728 est,
1091 701 1184 726 servus
1198 699 1249 722 est.
1272 695 1331 722 Non
1346 694 1445 725 furtum
1463 695 1521 722 odit
1534 716 1542 728 ,
1557 695 1606 726 sed
1627 702 1733 730 pinnam

946 741 1051 770 metuit,
1075 740 1191 772 Furetur
1209 746 1301 769 autem
1322 748 1434 769 necesse
1453 745 1509 775 est,
1538 748 1682 779 persuasus
1706 747 1735 771 et

946 787 1044 819 victus,
1066 787 1114 821 qui
1134 786 1252 814 carnalis
1269 791 1312 814 est
1326 787 1376 814 sub
1397 787 1497 816 virtute
1516 787 1630 822 peccati,
1647 787 1734 822 Spiri-

947 837 1004 860 tum
1018 832 1065 860 Dei
1078 840 1131 863 non
1142 832 1256 862 habens.
1268 832 1318 868 Qui
1331 836 1420 861 autem
1432 836 1505 860 amat
1519 832 1631 866 bonum,
1646 832 1735 868 imago

946 878 992 906 Del
1003 883 1044 905 est
1056 898 1062 909 .
1080 877 1133 906 ﬁde
1152 878 1291 905 Dominica
1303 877 1387 909 vivit.
1408 881 1436 905 et
1447 879 1528 905 haeres
1539 898 1547 911 ,
1558 879 1617 914 jam
1630 886 1681 905 non
1694 883 1732 905 est

945 924 1048 951 ancilla!
1062 924 1131 959 ﬁlius
1140 923 1212 959 (Gal.
1224 931 1251 950 tv
1263 944 1271 956 ,
1283 923 1327 956 30,
1340 922 1386 959 5|)
1401 943 1409 956 ,
1427 923 1473 958 qui
1489 924 1595 958 accepit
1605 924 1692 959 legem
1704 924 1733 951 in

946 970 1057 1002 timore;
1073 969 1117 997 sed
1132 969 1228 1002 liberto,
1246 969 1394 996 secundum
1406 968 1498 1002 Isaac,
1510 969 1555 1003 qui
1570 976 1621 995 non
1634 970 1734 1004 accepit

945 1016 1073 1051 Spiritum
1092 1015 1219 1044 servitutis
1243 1016 1269 1042 in
1288 1015 1379 1042 timore
1391 1022 1401 1042 :
1414 1015 1460 1042 sed
1479 1014 1641 1051 adoptiuum
1662 1014 1731 1048 ﬁlio-

118 1057 255 1086 utercedem
270 1058 333 1087 ﬁdei
347 1060 419 1088 dats
431 1066 494 1088 sunt
503 1061 634 1095 Abrahae,
645 1063 717 1090 sicut
725 1063 795 1090 Deus
807 1062 891 1090 dicit:
906 1062 931 1093 Β
942 1070 1000 1090 rum
1014 1084 1022 1096 ,
1037 1062 1190 1089 clamantem
1204 1054 1273 1089 Abba
1284 1066 1357 1098 pater
1370 1061 1458 1097 (Rom.
1471 1069 1516 1089 vin
1526 1082 1534 1094 ,
1551 1061 1605 1095 15).
1620 1061 1669 1095 Qui
1686 1062 1730 1089 «Ιὶ.

119 1101 205 1130 Herm
218 1108 262 1131 tae
274 1105 359 1132 multo
369 1110 407 1133 eu
430 1105 516 1142 (Gen.
529 1114 575 1140 xv,
594 1107 636 1143 Ι).
651 1107 710 1135 Non
724 1108 796 1147 enim
811 1108 833 1135 si
850 1107 891 1136 tu-

117 1149 162 1194 tori
183 1154 290 1183 essent,
314 1155 342 1179 et
365 1159 419 1179 non
444 1152 506 1189 quia
532 1152 613 1181 futuri
638 1159 733 1188 erant,
758 1154 891 1194 promisit.

117 1193 174 1228 Quia
188 1202 238 1223 non
250 1200 362 1232 propter
374 1197 454 1225 ﬁdem
465 1198 581 1226 Abraha
589 1218 597 1231 ,
610 1198 711 1235 placuit
721 1198 793 1232 Deo,
804 1199 892 1226 salvas

118 1240 170 1269 fore
190 1249 284 1270 omnes
309 1249 428 1279 gentes:
449 1252 517 1280 quas
539 1253 592 1273 non
620 1245 701 1273 modo
724 1249 788 1273 ante
810 1245 892 1273 ﬁdem

118 1286 231 1321 Abrahs,
239 1290 288 1316 sed
301 1295 367 1318 ante
374 1291 465 1322 mundi
471 1291 694 1322 constitutionem
700 1283 831 1327 possedit.
838 1290 891 1319 Sed

118 1334 228 1368 quaesivit
240 1334 349 1368 ﬁdelem
359 1357 367 1369 ,
382 1336 427 1364 eui
440 1335 467 1364 id
479 1336 609 1370 d0naret,
624 1344 659 1366 ex
678 1345 733 1373 quo
745 1341 815 1364 esset
826 1356 833 1369 ,
844 1336 892 1364 ἐιιί

119 1378 140 1406 id
151 1379 262 1407 futurum
274 1386 416 1409 statuerat.
430 1381 568 1410 Abraham
581 1390 649 1418 ergo
661 1389 715 1410 non
731 1382 758 1414 id
770 1382 869 1409 meruit
881 1402 890 1415 ,

119 1420 143 1451 ui
152 1430 238 1452 essent
247 1447 255 1459 ,
269 1426 316 1461 qui
332 1427 414 1455 futuri
428 1433 525 1461 erant,
538 1436 606 1463 quos
630 1429 702 1456 Deus
715 1428 850 1463 elegerat,
864 1431 892 1455 et

118 1470 260 1499 contortae:
276 1472 403 1508 imaginis
414 1473 462 1500 ﬁlii
476 1473 519 1501 sui
530 1473 632 1501 futuros
643 1480 704 1501 esse
721 1472 891 1508 praeviderat.

118 1517 143 1545 ln
154 1518 247 1547 Genesi
262 1527 380 1556 namque
396 1520 430 1548 de
445 1521 613 1555 prtescientia
631 1521 677 1549 Dei
693 1528 786 1548 omnes
795 1524 893 1558 gentes

118 1563 220 1592 Abt-aha:
245 1567 395 1601 promissis
410 1587 418 1599 ,
444 1566 584 1602 Scriptura
605 1571 738 1599 testatur,
765 1567 857 1594 dicens
883 1575 890 1594 :

119 1609 233 1637 Abraham
247 1617 334 1638 autem
346 1612 410 1646 ﬁent
421 1612 480 1647 ﬂet,
496 1617 520 1639 et
529 1613 578 1639 erit
590 1613 616 1643 iit
627 1617 726 1648 gentem
740 1619 857 1646 magnam
867 1616 892 1638 et

120 1657 211 1683 nsunt
222 1662 245 1683 et
256 1657 436 1685 benedicentur
448 1658 476 1685 in
491 1666 521 1685 eo
534 1666 620 1685 omnes
630 1663 717 1694 gentes
732 1663 805 1686 teme
813 1657 889 1694 (Gen.

120 1707 187 1733 xm.
201 1701 258 1738 16).
272 1702 380 1730 Sciebat
394 1703 476 1730 etiam
498 1704 561 1743 quia
580 1703 741 1738 disponebat
753 1703 890 1730 Abraham

942 1109 1000 1144 ligit
1020 1108 1103 1139 Deum
1115 1128 1122 1139 ,
1136 1115 1190 1135 nou
1204 1108 1282 1135 timet
1304 1108 1449 1135 serviliter.
1464 1107 1600 1143 Scriptum
1615 1111 1657 1134 est
1670 1127 1678 1139 ,
1695 1107 1728 1133 ti-

929 1162 1004 1191 ⁵ιιιοι·
1028 1155 1100 1182 enim
1120 1153 1243 1188 servilis,
1261 1161 1322 1180 cum
1338 1152 1399 1181 odio
1422 1158 1464 1180 est
1485 1152 1644 1188 disciplinas.
1669 1151 1732 1180 Filii

941 1205 1106 1237 atttem‘eum
1124 1200 1228 1226 honore
1242 1199 1334 1233 patris.
1350 1198 1428 1226 Aliud
1443 1198 1588 1227 es‘ttitnere
1601 1206 1635 1226 ex
1652 1198 1729 1233 lege,

942 1246 1013 1274 aliud
1038 1240 1091 1284 pro
1113 1244 1287 1276 veneratione
1313 1245 1472 1274 tremenda:
1494 1244 1542 1272 Dei
1568 1243 1731 1279 majestatis.

942 1292 1080 1330 Ejusmodi
1092 1292 1198 1321 similes
1210 1296 1273 1321 sunt
1288 1292 1355 1327 patri
1367 1298 1431 1322 suo,
1446 1290 1624 1333 qui‘in‘cmlis
1636 1299 1643 1316 :
1655 1297 1730 1317 com-

942 1338 1081 1369 memorati
1102 1343 1129 1365 et
1144 1338 1216 1369 docti
1229 1337 1454 1370 amanthonum,
1476 1336 1593 1364 oderunt
1615 1335 1728 1363 malum.

940 1383 1006 1414 Sine
1017 1384 1077 1420 lege
1091 1389 1154 1411 sunt
1166 1405 1174 1416 .
1185 1384 1263 1411 liberi
1278 1389 1339 1411 sunt
1354 1404 1362 1416 ,
1377 1383 1427 1419 ipsi
1438 1382 1563 1418 promissi
1576 1386 1658 1409 sunt:
1674 1388 1728 1408 non

943 1430 995 1466 ipsi
1006 1430 1105 1457 dicitttr
1119 1438 1125 1456 :
1143 1429 1173 1457 Si
1186 1437 1225 1457 me
1239 1429 1387 1462 audieritis,
1399 1431 1489 1464 potest
1500 1428 1600 1456 etenim
1613 1427 1708 1455 audire
1720 1434 1728 1455 :

942 1475 1070 1511 numquid
1096 1475 1241 1503 conveniet
1264 1475 1290 1502 in
1312 1482 1390 1507 eum,
1413 1481 1493 1509 quem
1514 1474 1585 1501 Deus
1607 1473 1728 1502 nondum

942 1521 1066 1556 praevidit
1088 1522 1261 1548 auditurum?
1288 1520 1322 1548 Et
1343 1520 1408 1555 justi
1430 1519 1557 1554 quidem,
1574 1527 1636 1554 quos
1659 1518 1729 1547 Deus

942 1567 1054 1603 prrcrciit
1062 1566 1070 1602 (
1079 1566 1160 1598 ΙΙιὶιίἿ
1172 1566 1230 1599 ‘29),
1240 1570 1304 1600 sunt,
1315 1565 1340 1592 in
1354 1566 1403 1595 ista
1414 1565 1484 1600 lege.
1492 1564 1594 1592 Dicitur
1604 1568 1632 1591 et
1644 1563 1727 1599 ipsis:

942 1614 964 1641 si
975 1621 1015 1640 me
1028 1612 1173 1644 audieritis;
1186 1612 1233 1639 sed
1244 1612 1294 1638 alia
1309 1618 1400 1643 causa.
1417 1611 1540 1648 nonquia
1550 1614 1661 1645 possunt
1674 1616 1728 1637 non

942 1659 1036 1686 audire
1050 1667 1057 1685 :
1073 1658 1121 1685 sed
1137 1662 1166 1685 ut
1186 1664 1293 1694 semper
1313 1656 1423 1684 solliciti
1438 1657 1493 1684 sint
1502 1663 1558 1683 sum
1578 1655 1683 1687 salutis,
1699 1658 1727 1682 et

942 1704 1009 1733 ccrti
1024 1704 1115 1733 exitus
1127 1703 1178 1731 sui.
1196 1703 1252 1730 Non
1267 1702 1339 1730 enim
1356 1709 1471 1729 securus
1487 1706 1529 1729 est
1543 1701 1729 1735 unusquisque

120 1745 170 1773 ﬁliis
178 1747 251 1781 suis,
267 1753 295 1775 et
307 1748 397 1775 domui
412 1755 468 1776 suae
481 1754 539 1782 post
554 1756 585 1776 se
597 1769 604 1780 ,
622 1753 651 1775 nt
665 1748 818 1776 custodiunt
833 1748 887 1779 vias

941 1759 974 1779 ex
989 1757 1102 1779 numero
1112 1758 1141 1778 se
1155 1757 1216 1777 esse
1231 1749 1417 1784 [inest-iturum
1431 1769 1438 1780 ,
1455 1747 1586 1782 Apostolo
1601 1747 1728 1775 dicente:

119 1789 227 1826 Domini,
243 1794 333 1821 facere
344 1794 475 1829 justitiam
486 1794 671 1828 etjudicium»,
684 1798 714 1822 ut
726 1794 890 1829 superducat

119 1837 176 1866 Deus
189 1840 213 1867 in
230 1840 366 1868 Abraham
380 1848 557 1876 qumcumque
576 1842 682 1868 locutus
696 1846 738 1867 cst
759 1841 790 1867 ad
814 1849 885 1867 eunt.

118 1883 252 1913 [uenimus
264 1891 354 1913 autem
375 1892 401 1913 et
421 1886 606 1920 conditiones,
623 1893 667 1914 ut:
686 1888 716 1914 Si
739 1896 776 1913 ηιι¹
797 1889 886 1914 audie-

116 1931 162 1957 ritis
173 1953 179 1963 ,
193 1937 215 1958 et
229 1932 368 1963 volueritis.
383 1933 435 1960 Ubi
452 1933 620 1969 prsescit-ntiu
638 1935 682 1961 Dei
697 1956 702 1964 ,
717 1935 760 1961 ubi
777 1935 888 1961 ill‘lllll-IS

117 1980 286 2012 promissionis
324 1981 349 2007 in
379 1981 533 2015 ltujusmodi
562 1982 783 2009 conditionibus?
816 1978 886 2008 llirit

116 2027 184 2053 etiam
199 2029 353 2063 Apostolus,
372 2034 514 2064 propterea
529 2038 560 2057 ex
578 2030 639 2061 lide,
653 2036 680 2057 et
696 2038 747 2055 non
764 2038 793 2055 cx
810 2030 884 2063 lege,

116 2070 191 2099 datam
204 2081 263 2101 esse
276 2075 503 2108 promissionem,
520 2081 546 2101 ut
569 2076 643 2109 ﬁrma
665 2081 728 2101 esset
750 2077 885 2109 promissio

115 2116 187 2152 (Rom.
198 2127 237 2151 tv,
252 2119 305 2154 I6).
321 2118 383 2152 Lex,
401 2120 499 2156 inquit,
517 2121 582 2146 iram
598 2128 736 2155 opcrrtlur;
754 2121 795 2146 ubi
809 2121 884 2145 etiam

116 2171 156 2191 un
164 2166 246 2193 ulle:
256 2186 263 2198 ,
280 2174 360 2202 neque
373 2168 540 2202 transgressio
557 2166 652 2201 (lbid.,
666 2168 722 2202 15).
737 2167 764 2193 Pt
776 2172 883 2200 opu-rea

115 2210 198 2238 stlide
212 2217 239 2239 ut
254 2213 401 2249 secundum
423 2213 539 2247 gratiam
565 2214 639 2246 ﬁrma
660 2218 725 2239 esset
749 2214 885 2247 promissio

115 2259 171 2285 estsi
183 2260 276 2287 semini.
294 2261 376 2287 Recte
388 2281 396 2294 ,
408 2266 436 2287 ut
450 2261 524 2296 ﬁrma
538 2266 601 2287 esset
617 2261 761 2294 promissio.
778 2260 884 2292 Adiecit

115 2304 191 2338 enim,
209 2306 351 2333 conditione
370 2314 420 2332 non
434 2310 471 2332 est
489 2306 574 2342 ﬁrma.
591 2305 664 2332 Satis
678 2307 750 2332 enim
773 2306 882 2332 stultum

115 2351 272 2383 “taedere,
291 2353 316 2379 in
341 2356 425 2379 totum
447 2358 546 2389 corpus
570 2351 729 2382 convenire,
748 2350 818 2385 quod
842 2350 882 2376 bi-

942 1797 984 1825 Ne
998 1798 1052 1832 ipse
1073 1795 1195 1830 reprobus
1206 1795 1267 1829 ﬂant
1281 1795 1304 1829 (l
1324 1794 1384 1821 Car.
1406 1802 1449 1825 rx,
1463 1793 1520 1828 27).
1537 1793 1594 1820 Non
1608 1797 1647 1819 est
1661 1799 1726 1827 ergo

939 1843 995 1870 illis
1007 1863 1015 1874 ,
1031 1842 1078 1869 ira:
1093 1841 1227 1874 operatrix
1250 1840 1299 1870 ista
1313 1840 1371 1872 lex,
1387 1839 1435 1866 sed
1458 1838 1520 1866 ﬁdei
1545 1838 1703 1866 exercitium
1717 1856 1727 1872 ,

939 1898 992 1925 quo
1004 1889 1104 1925 jugiter
1121 1888 1166 1915 Dei
1177 1888 1290 1923 gratiam
1301 1891 1423 1922 quarunt
1434 1885 1587 1912 laborantes
1599 1904 1608 1918 ,
1620 1888 1650 1911 ut
1666 1892 1726 1918 pcr-

939 1936 1042 1963 ﬁciatur
1051 1934 1123 1971 quod
1140 1935 1167 1963 in
1183 1934 1236 1960 illis
1252 1933 1323 1960 Deus
1336 1931 1460 1967 prrevidit
1472 1952 1479 1963 ,
1494 1936 1520 1958 et
1537 1931 1570 1957 de
1587 1930 1670 1958 libero
1681 1937 1725 1959 ar<

939 1982 1019 2009 bitrio
1033 1970 1132 2008 fuerint
1145 1981 1170 2006 in
1182 1980 1265 2006 vitam
1274 1977 1409 2005 destinati.
1422 1976 1496 2003 Alias
1509 1970 1673 2010 impossibile
1685 1978 1727 2002 est

938 2035 990 2055 non
1005 2026 1098 2054 audire
1112 2029 1198 2057 "eum,
1219 2032 1299 2058 quem
1316 2024 1388 2051 Deus
1410 2023 1563 2050 auditurum
1583 2021 1724 2057 prtevidit,

937 2074 1062 2110 promisit
1076 2094 1086 2106 ,
1096 2073 1206 2108 iuravit.
1220 2071 1249 2099 ln
1263 2079 1342 2106 quam
1356 2077 1422 2097 vero
1437 2074 1540 2104 partem
1558 2069 1600 2096 lex
1615 2069 1725 2103 proprie

935 2121 1097 2151 conveniat.
1120 2119 1182 2146 licet
1207 2117 1251 2145 uni
1277 2117 1358 2144 detur
1382 2116 1509 2153 corpori,
1538 2114 1667 2142 Dominus
1695 2114 1723 2141 in

937 2166 1078 2201 Evangelio
1093 2164 1214 2194 declarat
1226 2163 1337 2196 ,dicens
1350 2161 1504 2199 Apostolis:
1526 2161 1557 2188 Si
1567 2161 1620 2189 lucc
1634 2160 1721 2193 stilis,

934 2214 999 2241 beati
1012 2213 1072 2240 estis
1091 2211 1114 2240 si
1124 2211 1234 2245 feceritis
1247 2218 1286 2237 ea.
1309 2209 1369 2235 Non
1388 2209 1419 2235 de
1432 2208 1548 2235 omnibus
1558 2207 1616 2234 dico
1627 2206 1695 2233 vobis
1711 2214 1722 2234 .'

933 2259 991 2295 Ego
1000 2260 1053 2286 scio
1063 2280 1071 2291 ,
1081 2266 1145 2294 quos
1155 2257 1218 2292 elegi
1229 2255 1321 2291 (John.
1336 2263 1399 2287 χιιι,
1414 2255 1459 2287 Π,
1480 2254 1537 2288 18).
1553 2253 1643 2288 Magno
1658 2252 1722 2280 bre-

933 2306 1000 2333 vitas
1012 2304 1180 2334 ostendentis
1191 2310 1272 2330 unum
1284 2308 1381 2334 corpus
1390 2306 1417 2328 et
1429 2300 1592 2334 separantis.
1604 2298 1634 2326 Si
1647 2298 1721 2326 enim

932 2351 1033 2379 diceret
1050 2359 1058 2380 :
1073 2349 1134 2379 Non
1155 2348 1189 2379 de
1210 2347 1335 2375 omnibus
1348 2345 1425 2373 vobis
1441 2345 1502 2372 dico
1517 2352 1526 2376 ;
1540 2348 1603 2376 aut,
1618 2351 1671 2371 non
1687 2342 1723 2370 de

115 2396 196 2430 partito
207 2398 312 2432 corpori
325 2397 435 2424 dicitur.
460 2397 534 2423 Absit
549 2401 578 2426 ut
593 2396 634 2424 his
650 2397 721 2424 dicat
743 2397 811 2423 Dens
828 2405 833 2422 :
852 2397 881 2424 Si
932 2395 1058 2423 omnibus
1072 2394 1134 2423 dico
1145 2414 1155 2425 ι
1176 2401 1230 2424 non
1250 2391 1408 2420 ostenderet
1421 2398 1503 2417 unum
1520 2396 1629 2425 corpus.
1643 2388 1722 2416 Nunc

115 2442 289 2475 lsudiaitis,
300 2451 367 2478 quos
377 2443 481 2471 sciebat
490 2443 628 2469 audituros
638 2463 645 2475 ,
657 2450 725 2477 quos
737 2447 880 2476 antequam
894 2432 921 2463 Ῑ)
933 2446 1023 2469 autem
1037 2449 1087 2467 non
1100 2439 1132 2466 de
1146 2438 1261 2469 omnibus
1272 2438 1328 2464 diro
1350 2445 1359 2463 :
1378 2435 1498 2464 ostendit
1510 2435 1573 2471 quia
1589 2439 1616 2462 et
1629 2434 1651 2461 si
1667 2441 1721 2462 non

114 2484 212 2521 iaceret,
233 2493 344 2518 noverat
373 2489 399 2516 in
425 2488 542 2524 imagine
570 2488 618 2519 Dei
645 2494 881 2522 perseveratnros,

113 2540 203 2568 quoset
214 2536 346 2570 promisit.
363 2535 421 2563 Non
436 2540 478 2562 est
491 2535 550 2562 data
567 2534 703 2565 conditio,
722 2534 747 2560 id
764 2539 804 2560 est
821 2534 880 2566 lux,

114 2580 156 2609 nisi
167 2581 247 2618 impiis
260 2587 288 2611 et
302 2582 490 2618 peccatoribus
506 2591 512 2608 :
527 2587 555 2610 ut
570 2586 616 2609 aut
631 2581 662 2609 ad
679 2582 794 2617 gratiam
816 2590 880 2609 con-

114 2624 274 2662 ilgiant,aut
290 2630 390 2664 justius
411 2629 557 2664 puniantur
569 2649 576 2659 ,
593 2629 614 2656 si
636 2630 738 2659 irritam
755 2628 878 2659 fecerint.

115 2670 206 2708 “(quid
217 2674 257 2702 lex
270 2675 303 2707 ad
317 2675 423 2713 iustos,
437 2675 534 2709 quibus
544 2675 585 2705 lex
597 2681 649 2701 non
662 2678 703 2701 cst
714 2674 800 2708 posita
815 2696 821 2706 ,
834 2675 878 2709 qui

114 2719 212 2754 πορίιίο
223 2720 278 2749 Deo
289 2721 374 2756 legem
396 2721 456 2752 sine
471 2721 530 2757 lege
544 2720 664 2753 faciunt,
681 2722 724 2757 qui
741 2721 875 2754 serviunt,

114 2763 164 2798 (id
181 2765 212 2793 ad
233 2767 377 2804 imaginem
392 2772 421 2795 et
442 2766 645 2794 similitudinem
669 2767 714 2795 Dei
731 2772 758 2794 et
777 2767 875 2794 Christi

114 2807 258 2853 τίω,φί
269 2813 390 2841 volentes
403 2833 411 2846 ,
426 2812 488 2840 boni
503 2818 565 2840 sunt
577 2813 588 2840 ?
602 2812 653 2850 Qui
667 2814 737 2840 enim
752 2814 802 2840 sub
819 2814 876 2849 lege

115 2858 164 2889 ιιι,
174 2861 239 2884 metu
251 2858 364 2891 mortis,
378 2864 430 2885 nou
446 2862 488 2884 est
501 2858 576 2890 talis,
590 2858 757 2889 misericors.
772 2866 823 2885 non
836 2863 878 2886 est

114 2896 184 2938 ϋηο
193 2901 246 2930 Dei.
257 2902 391 2939 Displicet
400 2903 440 2931 illi
455 2902 497 2930 lex
509 2911 516 2929 :
526 2903 572 2931 sed
586 2904 661 2931 timet
672 2905 793 2933 ultricem
805 2926 810 2935 ,
827 2913 876 2933 nec

115 2945 224 2980 Μοιη
234 2952 336 2984 potest;
351 2948 424 2984 quod
438 2956 492 2977 non
508 2954 582 2981 voto,
596 2950 642 2981 sed
655 2951 817 2977 necessitate
839 2950 875 2976 ra-

116 2989 216 3021 Gil-data
229 2999 314 3030 potat.
328 2994 464 3023 Tradatur
483 3002 595 3023 necesse
613 3000 673 3028 est,
689 2997 805 3030 proprizc
828 3004 873 3023 vo-

114 3032 208 3072 hac;
231 3044 262 3068 It
285 3039 411 3070 voluntas
435 3040 555 3076 profecto
583 3041 723 3077 prmmium
744 3042 873 3076 recipiat,

932 2488 966 2516 de
980 2487 1115 2518 omnibus,
1131 2486 1167 2514 de
1178 2485 1233 2512 illis
1256 2489 1347 2512 tamen
1370 2483 1448 2510 dixit.
1464 2482 1540 2510 Sient
1552 2481 1612 2516 quis
1626 2481 1720 2515 dicat,

931 2541 986 2561 non
999 2532 1033 2561 de
1048 2537 1104 2560 toto
1119 2536 1145 2559 te
1157 2530 1212 2562 disi
1224 2551 1233 2564 ,
1247 2530 1305 2557 duo
1318 2529 1389 2556 enim
1409 2534 1523 2564 corpora
1545 2527 1626 2554 mixta
1646 2530 1720 2560 sunt,

931 2579 1003 2610 velut
1017 2585 1110 2609 unum,
1124 2582 1152 2605 et
1173 2577 1200 2603 in
1215 2582 1374 2607 commune,
1388 2581 1469 2601 unum
1483 2580 1583 2609 cprpus
1596 2572 1721 2599 laudatur

930 2623 977 2653 aut
989 2625 1151 2661 increptttur.
1168 2623 1244 2650 Sicut
1259 2622 1286 2649 in
1301 2621 1407 2653 Exodo,
1424 2627 1485 2647 cum
1501 2618 1609 2654 quidam
1624 2623 1721 2646 contra

930 2673 1041 2701 vetitum
1054 2691 1063 2703 ,
1076 2668 1200 2697 Sabbatis
1221 2668 1322 2695 exisset
1336 2673 1364 2693 ut
1383 2672 1482 2693 manna
1507 2665 1668 2699 colligeret,
1682 2664 1722 2691 ait

930 2718 1001 2746 Deus
1015 2717 1097 2753 Moysi
1112 2724 1120 2742 :
1137 2715 1276 2749 Ortonaque
1290 2722 1341 2740 non
1355 2713 1431 2740 vultis
1445 2712 1535 2739 audire
1547 2711 1626 2747 legem
1638 2717 1719 2736 meam

931 2762 1028 2800 (Ea-od.
1045 2770 1101 2794 xvi,
1116 2761 1180 2794 EG)?
1192 2768 1253 2787 cum
1269 2759 1377 2794 Moyses
1392 2764 1500 2791 semper
1515 2755 1720 2789 audierit.Qnid

929 2809 962 2841 de
976 2810 1022 2841 illa
1033 2809 1092 2843 lege
1102 2808 1227 2839 dicimus,
1241 2813 1302 2842 qua:
1317 2810 1409 2840 aperte
1425 2803 1599 2838 promissioni
1613 2802 1720 2829 videtur

928 2855 1054 2885 adversa?
1063 2854 1196 2889 Scriptum
1209 2858 1249 2881 est
1262 2853 1288 2880 in
1298 2852 1378 2880 Isaia:
1391 2851 1469 2879 Sime
1482 2851 1606 2882 audisses,
1620 2849 1715 2883 Israel,

928 2907 993 2930 esset
1005 2902 1070 2928 sicut
1081 2897 1160 2927 arena
1174 2899 1253 2926 maris
1264 2906 1384 2925 numerus
1398 2901 1455 2924 tuus
1466 2896 1532 2932 (lsa.
1544 2903 1625 2923 xuur
1638 2916 1645 2927 ,
1658 2895 1717 2930 18).

929 2948 1001 2976 Ecce
1023 2948 1178 2986 increpatur
1192 2945 1293 2978 lsracl,
1315 2943 1386 2983 quod
1400 2944 1465 2970 vitio
1485 2950 1535 2970 suo
1559 2948 1611 2986 nou
1637 2941 1721 2968 fuerit

930 2994 1016 3021 factus
1025 2993 1094 3021 sicut
1102 2983 1182 3020 arena
1198 2991 1290 3019 maris.
1303 2991 1432 3026 Superest
1445 2983 1593 3023 intelligere
1601 3009 1608 3021 ,
1621 2986 1684 3023 quia
1694 2988 1715 3014 si

929 3047 1037 3077 semper
1062 3047 1115 3067 non
1128 3039 1263 3072 audierit,
1284 3046 1392 3074 semper
1410 3037 1522 3068 exiguus
1536 3036 1596 3064 erit.
1612 3035 1648 3063 Et
1668 3035 1713 3064 ubi
