3828 6364
299 418 362 472 5|
1675 414 1966 470 TICHONII
2008 417 2166 472 AFRI
3493 422 3560 478 δὲ

300 532 523 587 ﬁrmitas
553 531 966 614 promissionum
992 531 1015 581 τ
1039 530 1146 586 Sed
1177 529 1277 584 hoc
1311 530 1368 583 lit
1395 571 1409 595 ,
1444 531 1566 601 quia
1601 532 1751 600 prius
1777 547 1876 586 vo-
1906 535 1958 593 Α
1981 532 2245 586 Iudicium
2294 532 2507 586 Domini
2558 535 2625 585 ad
2654 518 2876 599 ludam,
2933 547 2985 587 ut
3016 535 3233 589 uindicet
3277 537 3331 589 in
3360 535 3522 590 Iacob
3545 579 3562 604 ,

300 625 479 678 lumus
533 624 872 692 intelligere,
912 639 1072 692 quant
1121 623 1346 676 credere
1382 632 1440 676 et
1483 623 1642 677 fidem
1688 625 1878 678 rationi

297 717 592 783 subjicere.
628 716 683 769 Si
729 725 910 769 autem
943 715 1230 769 credamus
1263 713 1578 768 omnimodo
1609 715 1680 767 ita
1725 715 1838 768 ﬁeri
1868 758 1882 781 ,

299 818 356 861 ut
388 810 525 860 Deus
560 809 792 874 juravit,
823 807 972 861 dabit
1014 807 1277 860 rationem
1312 806 1467 860 lldes.
1501 807 1674 870 Quam
1724 806 1883 874 perli-

299 901 426 953 dnm
449 911 531 954 est
563 903 769 953 ratione
796 915 1039 968 qumrere
1060 942 1073 960 ,
1103 913 1152 952 et
1188 899 1540 967 intelligimus
1574 899 1884 952 firmitatem

300 990 561 1058 majorem
598 1005 717 1042 esse
760 989 1179 1056 promissioitum
1207 1030 1222 1053 ,
1258 1005 1417 1055 quam
1462 1000 1713 1058 putamus
1742 990 1888 1043 inﬁr-

300 1084 562 1136 mitatem.
597 1081 708 1135 Hoc
723 1082 863 1134 enim
895 1081 1097 1133 dictum
1133 1098 1144 1132 :
1173 1080 1231 1134 Si
1259 1082 1483 1133 audisset
1514 1080 1713 1144 Israel,
1741 1095 1890 1134 com-

302 1173 622 1228 memoratio
668 1185 750 1227 est
775 1174 1001 1240 justitim
1033 1173 1159 1235 Dei,
1188 1183 1242 1226 et
1271 1175 1615 1227 conlirmatio
1655 1172 1889 1239 promis-

302 1271 534 1326 siouum,
555 1265 914 1332 dispositione
947 1265 1036 1317 ltei
1061 1265 1320 1332 quosdam
1345 1264 1515 1316 laetos
1539 1263 1604 1315 ad
1638 1272 1886 1326 mortem,

304 1360 563 1427 quosdam
618 1374 743 1410 vero
784 1357 848 1410 ad
899 1358 1087 1409 vitam.
1151 1356 1479 1424 Propterea,
1528 1339 1891 1424 pra'sentibus

305 1452 468 1511 dixit,
520 1449 580 1503 Si
616 1467 693 1502 nte
729 1450 1004 1502 audissetis
1035 1466 1053 1501 :
1091 1460 1148 1501 ttt
1175 1448 1521 1502 manifestum
1550 1451 1730 1511 lieret,
1767 1447 1891 1515 quia

305 1557 440 1612 quos
468 1520 719 1610 promisit
745 1583 759 1602 ,
796 1551 855 1594 ut
898 1557 1117 1594 arenam
1151 1541 1396 1603 futuros,
1440 1540 1562 1593 ideo
1604 1539 1890 1607 promisit,

307 1639 428 1704 quia
463 1635 708 1702 praevidit
739 1636 1042 1688 audituros.
1071 1636 1213 1688 Ante
1239 1633 1683 1686 Dominutneuim
1710 1631 1894 1685 Chris-

310 1735 442 1788 tttttt,
476 1742 595 1780 cum
632 1728 732 1780 ltoc
773 1728 975 1780 dictum
1031 1738 1142 1788 est,
1174 1735 1198 1761 ³
1254 1741 1527 1794 numquam
1582 1725 1676 1778 fuit
1726 1741 1894 1778 semen

308 1817 544 1876 Abrahae,
580 1819 704 1868 sicut
732 1833 889 1870 arena
921 1819 1076 1868 maris
1101 1821 1123 1869 2’
1161 1816 1313 1882 Quod
1345 1816 1576 1884 probare
1602 1815 1756 1868 facile
1787 1823 1891 1867 est.

1984 626 2261 677 secundum
2291 626 2396 676 vias
2425 627 2556 695 ejus,
2590 636 2635 677 et
2661 627 2939 678 secundum
2977 627 3152 678 studia
3179 630 3290 698 ejus
3323 629 3568 681 retribuet

1986 717 2030 767 ei
2055 714 2199 782 (Ose.
2237 731 2327 774 xu,
2363 713 2426 782 ‘2)
2461 733 2471 764 :
2506 716 2627 782 quia
2661 717 2711 768 in
2743 726 2898 768 utero
2936 716 3305 784 supplantavit
3347 717 3563 772 fratrem

1987 820 2141 859 suum
2168 849 2181 869 ,
2231 815 2286 858 et
2329 806 2380 857 in
2416 806 2690 860 laboribus
2721 807 2835 860 suis
2882 807 3113 860 invaluit
3150 808 3216 860 ad
3258 808 3427 862 Deum
3455 852 3468 874 ,
3517 819 3568 864 et

1990 900 2215 964 invaluit
2240 915 2357 952 cum
2399 899 2597 966 angelo
2629 941 2642 959 ,
2679 910 2870 968 potens
2900 899 3074 953 factus
3107 910 3189 954 est
3232 897 3382 966 (Gen.
3424 916 3530 955 xxv
3552 942 3569 967 ,

1967 992 2091 1053 ~23;
2127 981 2353 1044 Romﬁx
2384 1032 2397 1051 ,
2427 990 2535 1059 l0).
2569 990 2626 1045 Si
2657 999 2832 1044 autem
2856 1001 3094 1054 constat,
3131 990 3182 1045 in
3212 991 3382 1048 Jacob
3406 993 3572 1046 dilec-

1993 1090 2101 1134 ttttu
2133 1095 2546 1134 consummasse
2573 1122 2588 1144 ,
2623 1083 2728 1135 non
2775 1093 2859 1136 est
2889 1083 3032 1138 idem
3073 1085 3161 1154 qui
3206 1085 3257 1137 in
3293 1085 3573 1138 laboribus

1994 1175 2214 1228 invaluit
2246 1174 2310 1226 ad
2340 1173 2505 1226 Dnum
2540 1183 2594 1227 et
2643 1177 3018 1243 supplantator
3042 1218 3057 1242 ,
3105 1166 3196 1230 sed
3231 1176 3338 1229 duo
3369 1177 3421 1229 in
3469 1193 3572 1230 uno

1993 1281 2241 1334 corpore.
2287 1265 2476 1332 Figura
2517 1275 2600 1318 est
2629 1268 2771 1320 enim
2801 1267 3032 1334 duplicis
3064 1269 3288 1321 seminis
3319 1266 3572 1331 Abrabaz,

1995 1357 2044 1409 id
2092 1366 2175 1409 est
2218 1356 2446 1411 duorum
2485 1355 2802 1425 popttlol‘lttll
2837 1359 2887 1410 in
2922 1373 3028 1411 uno
3069 1368 3224 1411 utero
3255 1357 3443 1410 matris
3475 1359 3576 1411 Ec-

1993 1449 2170 1502 clesia:
2201 1450 2540 1504 luctantium.
2591 1449 2740 1504 Unus
2777 1459 2860 1502 est
2885 1491 2898 1510 ,
2929 1449 3221 1503 secundum
3254 1450 3574 1504 electionem

1994 1539 2060 1592 de
2104 1542 2442 1605 pneseientia
2474 1541 2702 1594 dilectus
2756 1559 2770 1594 :
2819 1540 2971 1595 Alter
3007 1541 3273 1595 electione
3321 1554 3434 1594 sua:
3479 1555 3576 1593 vo-

1998 1619 2514 1700 luntatis,'iniquus.
2547 1631 2715 1685 .Iacob
2737 1641 2914 1685 autem
2947 1642 3000 1685 et
3029 1633 3171 1685 Esau
3197 1672 3210 1696 ,
3241 1631 3292 1684 in
3324 1647 3432 1684 uno
3455 1639 3580 1685 sunt

1997 1736 2256 1790 corpore,
2305 1739 2368 1776 es
2413 1739 2517 1778 uno
2560 1726 2783 1778 semine.
2840 1724 2946 1778 Sed
2987 1724 3130 1792 quod
3164 1725 3442 1793 perstricue
3472 1725 3582 1777 duo

2001 1816 2265 1880 procreati
2299 1825 2423 1869 sunt
2453 1835 2464 1868 :
2498 1818 2744 1871 ostensio
2774 1825 2858 1870 est
2886 1817 3112 1869 duorum
3144 1817 3480 1886 populorum.
3513 1816 3582 1869 Et

311 1907 551 1962 l‘ritnutn
578 1950 592 1974 ,
628 1912 750 1978 quia
802 1912 852 1962 itt
887 1910 1099 1964 Clu-isto
1129 1909 1376 1977 promisit
1424 1909 1563 1961 hanc
1591 1907 1896 1960 multitudi-
1928 1905 1974 1962 B
2005 1921 2069 1959 ne
2099 1908 2219 1974 quis
2265 1917 2514 1978 putaret,
2548 1912 2620 1962 ita
2656 1912 2937 1977 pet-Spicue
2987 1910 3104 1962 fore
3133 1919 3415 1976 separatos
3445 1910 3584 1962 duos

312 2017 433 2055 netu
463 2019 473 2051 :
511 2001 631 2053 Non
652 2003 704 2054 in
745 2003 1019 2053 seminibus
1047 2002 1194 2069 quasi
1210 2002 1264 2052 in
1294 2001 1468 2052 ntultis
1503 2043 1515 2060 ,
1547 2000 1636 2053 sed
1664 2001 1812 2068 quasi
1849 2001 1902 2051 in

316 2109 414 2145 uno
438 2135 451 2157 ,
489 2103 535 2144 et
580 2094 758 2145 semini
801 2103 912 2155 tuo,
942 2093 1079 2160 quod
1107 2101 1180 2144 est
1208 2090 1439 2144 Christus
1483 2088 1624 2158 (Gal.
1660 2104 1713 2141 ttt
1744 2130 1755 2151 ,
1789 2088 1898 2154 l6).

317 2185 521 2238 Deinde
550 2223 566 2249 ,
620 2185 744 2252 quia
797 2199 987 2237 omnes
1025 2194 1217 2252 gentes
1267 2182 1562 2250 promisit,
1605 2180 1747 2248 quod
1781 2191 1904 2232 ante

319 2274 578 2328 Christum
629 2275 742 2328 fieri
772 2290 876 2327 non
927 2277 1117 2342 potuit.
1152 2274 1218 2326 Et
1246 2275 1288 2325 si
1332 2273 1431 2326 luit
1463 2283 1587 2324 ante
1617 2271 1905 2324 Dominum

322 2384 579 2421 numerus
608 2370 832 2421 tiliorum
865 2368 1031 2421 Israel
1063 2367 1204 2421 sicut
1231 2380 1392 2420 arena
1427 2365 1592 2417 maris
1621 2381 1633 2415 :
1666 2362 1759 2416 sed
1787 2377 1906 2418 cum

322 2460 470 2512 l':tlSts
503 2461 754 2511 irtttrtbus
773 2499 786 2522 ,
817 2459 910 2527 qui
932 2474 1038 2512 non
1063 2470 1187 2512 sunt
1212 2458 1305 2509 lilii
1327 2457 1582 2511 Abraltte.
1602 2439 1716 2507 Non
1741 2457 1906 2520 enim,

321 2554 443 2621 quia
477 2566 664 2605 omnes
707 2567 771 2604 ex
813 2552 1087 2604 Abraham
1121 2592 1135 2614 ,
1177 2563 1369 2603 omnes
1407 2548 1501 2600 ﬁlii
1529 2547 1787 2609 Abrahae;
1820 2556 1910 2599 aut

321 2645 445 2713 quia
482 2643 640 2696 Israel
667 2685 680 2704 ,
716 2658 906 2696 omnes
935 2643 1120 2696 Israel.
1156 2642 1308 2696 Sicut
1335 2639 1665 2705 Apostolus,
1699 2653 1818 2691 cum
1851 2653 1910 2692 se

325 2734 606 2787 Anathema
634 2745 827 2803 optaret
849 2749 957 2786 esse
978 2751 1070 2804 pro
1090 2732 1252 2784 Israel
1271 2730 1441 2800 (Rom.
1471 2745 1544 2792 ιι,
1573 2729 1654 2792 3),
1683 2745 1908 2796 quorum

326 2838 468 2881 esset
496 2828 728 2879 liliorum
760 2828 985 2893 adoptio
1023 2835 1078 2878 et
1112 2833 1432 2877 testamenta
1463 2863 1476 2882 ,
1509 2820 1780 2884 ostendit,
1807 2835 1909 2872 non

325 2935 448 2973 esse
475 2919 777 2986 cujusmodi
810 2921 952 2972 lilios
978 2918 1212 2972 Abralta!
1231 2957 1247 2982 ,
1277 2918 1370 2970 sed
1408 2917 1474 2968 de
1504 2918 1697 2970 affectu
1725 2929 1913 2967 carna-

327 3011 395 3064 lis
427 3010 843 3063 necessitudinis
870 3011 1085 3073 dolere,
1119 3005 1359 3078 quodex
1393 3009 1509 3076 ipso
1543 3023 1772 3060 numero
1808 3023 1911 3085 non

328 3114 529 3156 essent.
569 3101 681 3154 Non
707 3103 845 3166 quod
878 3103 1169 3169 promi~sio
1205 3101 1296 3154 Dei
1325 3101 1619 3154 excidisset
1647 3142 1659 3162 ,
1694 3079 1912 3151 dicens”:

335 3195 456 3248 Non
490 3208 654 3248 tamen
685 3195 873 3248 excidit
903 3211 1067 3246 sermo
1105 3193 1230 3255 Dei,
1282 3209 1380 3245 non
1412 3193 1547 3244 enim
1584 3207 1756 3243 omnes
1781 3232 1795 3254 ,
1829 3193 1916 3260 qui

2007 1997 2234 2063 populos
2265 2015 2276 2045 :
2307 2009 2586 2052 estensttm
2618 2010 2698 2052 est
2727 2040 2740 2062 ,
2783 1999 2973 2051 ambos
3006 1996 3056 2051 in
3085 2013 3191 2050 uno
3233 2013 3460 2065 corpore
3504 1996 3585 2049 lu-

2009 2096 2153 2140 turos
2215 2088 2266 2140 in
2296 2087 2468 2142 Jaeob
2489 2131 2503 2152 ,
2535 2091 2623 2158 qui
2654 2097 2708 2143 et
2737 2089 2965 2144 dilectus
2997 2098 3218 2143 vocatus
3246 2097 3328 2144 est
3353 2132 3365 2148 .
3396 2098 3449 2143 et
3480 2087 3588 2142 fra-

2005 2180 2105 2232 tris
2131 2180 2503 2248 supplautator
2541 2195 2852 2250 expressus.
2887 2181 3072 2250 Itaque
3102 2181 3153 2233 in
3183 2181 3391 2234 duobus
3419 2193 3592 2246 quau-

2010 2273 2139 2324 titas
2201 2288 2458 2340 expressa
2502 2320 2506 2324 .
2544 2284 2666 2339 est,
2732 2288 2836 2328 non
2909 2273 3140 2338 qualitas
3209 2270 3590 2340 separatinnis.

2012 2366 2323 2428 Caeterum,
2353 2369 2513 2420 ambo
2545 2369 2635 2434 qui
2685 2369 2918 2435 separati
2968 2375 3094 2420 sunt
3140 2367 3192 2421 itt
3249 2381 3354 2420 uno
3384 2364 3547 2418 futuri
3575 2403 3594 2428 ,

2012 2465 2297 2525 antequam
2325 2458 2669 2522 dividuntur,
2698 2459 2903 2512 ostensi
2930 2467 3076 2511 sunt.
3112 2457 3176 2510 Et
3205 2456 3352 2510 Isaac
3371 2498 3385 2521 ,
3413 2456 3550 2508 venit
3575 2495 3592 2520 ,

2012 2550 2184 2616 inquit
2207 2592 2220 2611 ,
2250 2555 2408 2618 frater
2435 2560 2552 2602 titus
2577 2566 2692 2602 cum
2720 2550 2839 2603 dolo
2860 2592 2873 2612 ,
2901 2560 2947 2603 et
2973 2551 3166 2618 accepit
3199 2549 3599 2601 benedictionem

2015 2651 2152 2692 tuam
2182 2640 2333 2712 (Gen.
2372 2659 2511 2696 xxvtt
2534 2685 2547 2707 ,
2577 2644 2692 2711 55).
2735 2643 2846 2697 Nisi
2880 2644 2950 2696 ita
2994 2642 3190 2695 locutio
3224 2644 3448 2711 mystica
3481 2641 3554 2694 sit
3579 2681 3595 2706 ,

2015 2734 2246 2787 breviter
2291 2737 2628 2788 ostendentis
2676 2736 2784 2789 duo
2834 2735 2887 2787 in
2921 2750 3026 2788 uno
3073 2749 3300 2802 corpore
3351 2752 3365 2786 :
3417 2747 3600 2786 nonne

2014 2838 2200 2880 contra
2230 2825 2597 2882 ratione-mest
2621 2870 2634 2892 ,
2668 2839 2724 2882 ut
2754 2827 3184 2882 benedictionem
3210 2827 3262 2878 in
3288 2825 3600 2894 proximum

2017 2924 2204 2978 dolose
2235 2927 2550 2991 acceperit,
2583 2923 2864 2993 Scriptura
2891 2925 3106 2977 dicente
3148 2940 3162 2975 :
3201 2923 3300 2988 Qui
3330 2938 3430 2974 non
3452 2924 3604 2990 jura-

2017 3017 2084 3067 vit
2109 3017 2342 3084 proximo
2370 3017 2420 3068 in
2468 3016 2587 3070 dolo
2611 3034 2628 3082 ;
2656 3019 2753 3069 iste
2781 3017 2993 3086 accipiet
3022 3014 3421 3068 benedictionem
3446 3030 3475 3064 a
3494 3011 3604 3065 Do-

2019 3108 2156 3158 mino
2186 3106 2357 3172 (I’sal.
2408 3123 2532 3160 xtllt
2560 3149 2574 3172 ,
2623 3107 2724 3176 4)?
2770 3109 3065 3174 Numquam
3111 3116 3289 3160 autem
3318 3105 3514 3169 Jacob,
3548 3105 3600 3159 id

2019 3207 2101 3250 est
2134 3197 2369 3250 Ecclesia
2401 3197 2541 3250 venit
2574 3196 2639 3249 ad
2674 3197 3100 3250 benedictionem
3129 3237 3142 3259 ,
3175 3210 3277 3247 non
3308 3197 3605 3249 comitante

333 3300 450 3340 sunt
482 3304 542 3340 ex
572 3288 768 3350 Israel,
799 3287 850 3337 lti
884 3297 998 3338 sunt
1023 3285 1224 3348 Israel,
1253 3301 1412 3355 neque
1458 3286 1580 3354 quia
1611 3295 1726 3336 sunt
1754 3301 1919 3338 semen
1950 3279 1993 3339 C
2027 3287 2190 3347 dolo,
2241 3288 2290 3340 id
2324 3297 2407 3340 est
2432 3329 2445 3352 ,
2477 3288 2629 3340 falsis
2670 3289 2943 3340 fratribus.
2977 3287 3086 3355 Sed
3115 3303 3220 3338 non
3243 3327 3257 3351 ,
3291 3287 3416 3355 quia
3449 3286 3606 3339 iuno-

335 3379 576 3437 ΑΙηγιΙητ.
602 3393 775 3430 omnes
817 3378 914 3441 ﬁlii
941 3388 1057 3428 sunt
1083 3393 1101 3428 :
1128 3378 1216 3429 sed
1259 3379 1308 3427 in
1354 3374 1505 3427 Isaac
1545 3376 1802 3427 vocabitur
1833 3376 1920 3427 tibi

336 3485 503 3522 semen
537 3485 553 3519 :
582 3468 634 3517 id
662 3479 734 3518 est
765 3508 780 3532 ,
808 3484 906 3519 non
935 3469 1022 3536 qui
1067 3477 1181 3519 sunt
1223 3469 1318 3533 ﬁlii
1347 3469 1513 3518 carnis
1535 3507 1548 3529 ,
1578 3469 1631 3520 hi
1671 3478 1783 3520 sunt
1827 3469 1922 3535 filii

337 3561 433 3611 Dei
468 3574 484 3610 :
512 3559 601 3610 sed
622 3558 715 3621 ﬁlii
747 3558 1098 3623 promissionis
1126 3558 1504 3628 deputantnrin
1536 3574 1702 3610 semen
1733 3556 1918 3625 (Ibid.,

339 3649 478 3717 6-8).
516 3649 654 3716 Ergo
684 3650 733 3700 itt
767 3649 982 3716 antiqua
1017 3648 1358 3702 multitudine
1415 3664 1521 3700 non
1567 3648 1663 3701 fuit
1695 3649 1920 3701 Abralu‘e

343 3755 529 3794 semen
563 3756 572 3788 :
602 3739 699 3790 ni~i
732 3738 866 3800 illis,
901 3740 989 3804 qui
1023 3738 1318 3792 secundum
1365 3738 1512 3793 Isaac
1543 3739 1666 3792 ﬁdei
1709 3749 1764 3792 et
1795 3754 1920 3806 pro-

341 3830 616 3884 missionis
648 3829 738 3882 lilii
773 3839 946 3882 erant.
970 3815 971 3819 η
996 3830 1168 3884 Etiam
1199 3829 1302 3883 hoc
1330 3829 1640 3897 exemplum
1675 3830 1874 3883 inducit
1905 3844 1919 3879 :

345 3923 401 3976 Si
429 3926 581 3992 fuerit
611 3938 851 3976 numerus
878 3923 1102 3990 ﬁliorum
1136 3920 1340 3993 Israel,
1372 3923 1502 3975 sicut
1535 3911 1874 3974 arena'maris
1905 3937 1923 3972 :

343 4017 573 4081 reliquia:
606 4014 985 4075 liberabuntur,
1034 4014 1083 4065 id
1124 4021 1230 4074 est,
1261 4013 1522 4080 exiguum
1553 4009 1680 4076 (Isa.
1717 4026 1774 4071 x,
1818 4011 1921 4062 1‘2:

347 4105 462 4158 οδε.
497 4122 534 4166 ι,
574 4105 681 4172 10).
726 4105 829 4166 Et,
862 4106 962 4158 nisi
991 4104 1241 4157 Dominus
1285 4102 1494 4155 sabaoth
1526 4101 1807 4168 reliquisset
1837 4117 1926 4151 no-

343 4199 418 4251 bis
447 4215 652 4260 semen,
690 4201 820 4249 sicut
869 4198 1096 4251 Sodoma
1140 4211 1362 4248 essemus
1412 4193 1548 4262 (Isa.
1583 4209 1628 4253 I,
1672 4191 1749 4259 9).
1793 4191 1925 4256 Ipsm

346 4291 586 4357 reliqube
638 4288 857 4341 fuerunt
888 4304 1072 4340 semen
1106 4286 1336 4340 Abrahae
1366 4301 1380 4337 :
1410 4300 1477 4337 ne
1503 4285 1680 4338 omnis
1706 4282 1886 4336 Juda'a
1911 4326 1922 4346 ,

348 4393 405 4436 ut
437 4382 670 4434 Sodoma
697 4390 861 4434 esset.
895 4380 1099 4433 lterum
1145 4395 1263 4433 cum
1296 4386 1606 4438 assereret,
1640 4390 1926 4441 numquam

350 4475 514 4527 Deum
540 4472 910 4525 ltztsreditatetu
939 4486 1089 4524 suam
1117 4471 1409 4539 reliquisse
1438 4485 1450 4520 :
1483 4467 1578 4520 sed
1603 4469 1740 4519 sicut
1770 4466 1928 4517 inad-

349 4581 510 4622 vcttttt
551 4566 781 4627 Domini,
838 4581 954 4632 pars
983 4563 1148 4616 Israel
1175 4562 1317 4616 salra
1347 4565 1482 4632 [acta
1515 4570 1587 4614 est
1630 4576 1647 4612 :
1680 4559 1751 4612 ita
1791 4573 1931 4611 sctu—

2025 3383 2199 3435 Centia
2233 3391 2285 3435 et
2315 3381 2471 3434 dolus
2494 3383 2650 3434 simul
2686 3381 2906 3434 veniunt
2937 3383 2999 3432 ad
3030 3349 3460 3434 h’euedietionem
3487 3420 3503 3444 ,
3533 3381 3610 3434 si-

2027 3476 2133 3525 tuul
2188 3473 2580 3525 benedicuntur
2631 3489 2644 3521 :
2699 3472 2823 3538 quia
2873 3472 2960 3537 qui
3009 3480 3166 3539 potest
3198 3487 3404 3539 capere,
3435 3470 3607 3539 capiat

2026 3563 2238 3632 (Matth.
2271 3578 2357 3616 χιχ
2378 3605 2392 3625 ,
2421 3563 2532 3628 12).
2557 3571 2611 3615 et
2631 3578 2792 3613 unum
2807 3577 2992 3614 semen
3019 3577 3116 3629 pro
3138 3561 3398 3628 qualitate
3423 3572 3603 3623 terrai,

2027 3653 2290 3722 provenit.
2328 3652 2440 3705 Neu
2496 3660 2579 3705 est
2614 3660 2792 3705 autem
2824 3651 3194 3713 contrarium,
3235 3650 3375 3718 quod
3407 3649 3607 3700 malum

2027 3747 2252 3800 fratrum
2302 3745 2518 3797 videtur
2569 3746 2950 3810 supplantasse
2975 3783 2988 3804 ,
3038 3740 3158 3807 quia
3194 3757 3297 3792 non
3327 3740 3459 3792 dixit
3494 3756 3504 3789 :
3539 3736 3608 3792 In

2028 3849 2169 3889 utero
2190 3835 2543 3902 supplantavit
2575 3830 2736 3893 Esau,
2768 3831 2865 3885 sed
2907 3831 3116 3899 fratrem
3135 3845 3302 3882 suum.
3336 3829 3475 3883 Esau
3505 3842 3607 3881 su-

2028 3938 2134 3982 tem
2165 3968 2179 3991 ,
2215 3926 2408 3992 ubique
2440 3927 2651 3991 signum
2693 3931 2773 3975 est
2794 3965 2806 3987 ,
2838 3933 2891 3976 et
2921 3937 3118 3975 nomen
3151 3919 3414 3974 malorum
3452 3936 3465 3971 :
3511 3917 3611 3971 Ja-

2027 4020 2130 4072 θυι)
2183 4031 2361 4070 autem
2388 4059 2402 4078 ,
2437 4026 2786 4082 utrorumque
2834 4033 2846 4067 :
2894 4014 2983 4067 illa
3019 4013 3229 4067 ratione
3256 4055 3269 4077 ,
3301 4013 3442 4083 quod
3483 4027 3611 4080 pars

2031 4109 2169 4162 mala
2194 4108 2413 4160 simulet
2438 4121 2496 4160 se
2525 4106 2691 4159 Jaeob
2721 4147 2732 4166 ,
2759 4115 2813 4160 et
2839 4106 2956 4159 sine
2980 4106 3145 4159 dubio
3171 4147 3185 4169 ,
3213 4121 3322 4159 uno
3354 4106 3608 4159 nomine:

2032 4218 2154 4271 pars
2185 4214 2361 4272 autem
2396 4201 2562 4256 bona.
2594 4215 2700 4250 non
2727 4210 2906 4266 potest
2934 4214 2990 4251 se
3030 4198 3286 4251 simulare
3317 4198 3480 4252 Esau.
3517 4197 3615 4251 Est

2035 4293 2135 4345 hoc
2168 4306 2359 4344 nomen
2392 4291 2652 4343 malorum
2686 4299 2889 4343 tantum
2918 4307 2929 4342 :
2963 4289 3091 4344 illttd
3115 4303 3244 4343 vero
3274 4289 3606 4358 bipartitum.

2033 4369 2308 4436 Ca-terum
2331 4383 2394 4433 de
2426 4383 2595 4436 libero
2624 4382 2850 4434 arbitrio
2871 4422 2884 4444 ,
2925 4397 3024 4435 nec
3049 4381 3214 4434 Jacob
3238 4396 3402 4435 omne
3428 4394 3610 4433 semen

2035 4473 2232 4526 bonum
2261 4514 2274 4535 ,
2308 4487 2405 4525 nec
2453 4472 2593 4525 Esau
2651 4487 2810 4524 omne
2853 4473 3049 4524 malum
3084 4512 3098 4533 ,
3145 4471 3236 4525 sed
3288 4487 3352 4524 ex
3386 4483 3614 4540 utroque

2037 4574 2345 4632 utrumque.
2375 4563 2448 4616 Ex
2483 4563 2749 4617 Abraham
2775 4565 2845 4615 ita
2875 4562 3190 4630 bipertitum
3217 4579 3400 4617 semen
3429 4577 3614 4616 osten-

351 4677 446 4730 per
475 4661 662 4711 fuiSse.
698 4658 856 4724 Quid,
905 4658 1116 4725 inquit,
1159 4657 1282 4708 dicit
1330 4668 1633 4719 responsum
1667 4649 1933 4701 diuinum?
1962 4645 2009 4700 ί)
2039 4673 2155 4709 sum
2190 4664 2293 4710 est.
2324 4656 2514 4709 Natum
2556 4665 2641 4710 est
2680 4673 2841 4710 unum
2872 4671 2934 4710 ex
2958 4657 3150 4711 ancilla
3181 4658 3231 4710 in
3272 4656 3437 4724 ﬁgura
3463 4655 3610 4726 (σαι,

353 4752 556 4820 Reliqui
590 4749 711 4802 mihi
739 4758 927 4815 septem
972 4747 1136 4799 millia
1169 4748 1416 4809 rivorum,
1454 4747 1538 4814 qui
1568 4761 1666 4796 non
1695 4758 1933 4813 curvave-

351 4852 468 4895 ruitt
495 4858 625 4910 genu
672 4851 788 4892 ante
820 4839 984 4892 Bahal
1041 4839 1129 4908 (Ill
1161 4837 1290 4910 Reg.
1330 4852 1460 4893 “In
1487 4878 1502 4900 ,
1537 4837 1638 4900 19;
1668 4835 1816 4888 Rom.
1848 4849 1895 4886 at
1921 4876 1934 4896 ,

351 4936 430 5002 4).
466 4935 553 4987 Sic
587 4949 726 4986 nunc
763 4933 1004 4999 reliquiae
1051 4934 1351 5010 secundum
1398 4931 1722 4983 electionem
1749 4953 1752 4960 ι
1775 4930 1935 4982 salt-te

352 5028 506 5082 laete
556 5035 720 5088 sunt,
767 5025 996 5079 dicendo
1041 5042 1052 5078 :
1097 5024 1157 5078 Si
1207 5039 1348 5078 nunc
1396 5024 1449 5077 in
1497 5023 1599 5075 hoc
1648 5030 1928 5088 tempore:

353 5119 590 5173 ostendit
617 5127 673 5170 et
700 5128 823 5170 ante
850 5119 928 5170 sit:
957 5117 1152 5170 factum
1184 5116 1235 5170 in
1260 5116 1458 5179 Israel,
1490 5123 1549 5167 ut
1579 5113 1850 5181 reliqui:t-,
1884 5115 1933 5166 id

358 5223 474 5272 est,
507 5210 772 5264 uiodicmn
802 5209 1010 5263 salvum
1055 5210 1228 5263 lieret.
1261 5209 1315 5262 Si
1361 5218 1536 5262 autem
1564 5249 1578 5271 ,
1627 5220 1724 5260 nec
1755 5206 1888 5261 lides
1918 5251 1931 5272 ,

360 5319 457 5358 uec
478 5306 614 5357 ratio
644 5306 928 5369 persuadet
959 5305 1111 5364 lidei.
1147 5305 1238 5373 qui
1271 5305 1570 5371 promissus
1595 5299 1766 5358 fuerat
1790 5344 1802 5364 ,
1825 5301 1934 5353 dit:-

359 5406 468 5449 tum
501 5410 623 5448 esse
679 5412 690 5445 ε
743 5395 800 5447 Si
841 5411 918 5446 me
938 5395 1191 5459 audisses,
1236 5393 1436 5459 Israel;
1467 5404 1594 5447 esset
1622 5396 1750 5446 sicut
1781 5409 1936 5445 arena

363 5495 518 5546 maris
566 5508 806 5545 numerus
831 5503 947 5546 tuus
993 5492 1128 5563 (Isa.
1158 5508 1316 5548 XLVIII
1343 5491 1494 5562 ,18).
1528 5493 1778 5546 EtJacob
1801 5534 1813 5553 ,
1846 5493 1933 5560 qui

363 5594 651 5653 antequam
695 5595 1006 5638 nasceretur
1036 5627 1049 5647 ,
1082 5585 1236 5638 datus
1263 5594 1349 5638 est
1378 5603 1393 5638 :
1423 5583 1563 5638 idem
1599 5585 1771 5640 libero
1798 5584 1940 5638 arbi—

363 5678 466 5732 trio
484 5677 835 5747 postmodum
885 5678 1202 5748 reprobatus
1243 5685 1346 5734 est.
1392 5677 1710 5736 SicutOsee
1758 5679 1936 5736 dicit:

429 5882 455 5904 "
513 5865 795 5930 Nmnqltta.

2038 4765 2088 4802 tv
2115 4794 2128 4814 ,
2164 4747 2256 4818 :2)
2372 4757 2426 4800 ttt
2455 4748 2829 4802 ostenderetur
2871 4749 3032 4802 etiam
3073 4761 3258 4801 servos
3299 4747 3506 4804 futuros
3543 4765 3613 4804 ex

2036 4841 2305 4893 Abraham
2336 4883 2348 4904 ,
2368 4841 2660 4894 ctrecessit
2686 4854 2804 4894 eum
2824 4853 2918 4892 sua
2950 4851 3141 4895 matre.
3170 4839 3459 4908 Postquam
3484 4855 3614 4894 vero

2037 4935 2259 4986 recessit
2286 4975 2298 4996 ,
2337 4933 2611 4986 inventum
2645 4943 2725 4986 est
2757 4934 2808 4985 in
2836 4930 3058 4984 alterius
3089 4931 3296 4985 semine
3319 4971 3334 4994 ,
3364 4935 3504 4997 quod
3530 4939 3616 4988 est

2036 5040 2099 5079 ex
2141 5027 2338 5090 libera,
2378 5025 2516 5095 quod
2547 5036 2714 5080 estex
2761 5022 3070 5092 Israel,qui
3094 5024 3296 5092 accepit
3345 5023 3515 5093 legem
3557 5024 3614 5081 in

2044 5133 2225 5176 monte
2246 5121 2396 5177 Sina.
2415 5120 2554 5188 quod
2571 5119 2807 5188 estAgar
2829 5117 2882 5171 in
2906 5118 3167 5172 servitute
3188 5127 3476 5186 generatis.
3499 5113 3616 5172 lllic

2043 5219 2095 5272 in
2129 5220 2317 5274 eodem
2348 5219 2550 5288 populo
2578 5217 2871 5272 secundum
2903 5215 3053 5270 Isaac
3086 5231 3153 5270 ex
3185 5215 3352 5268 libera
3384 5209 3617 5279 promis-

2042 5313 2207 5365 sionis
2240 5312 2351 5372 lilii.
2385 5311 2435 5363 id
2467 5321 2570 5374 est,
2609 5311 2780 5386 sancti
2813 5321 2868 5364 et
2918 5307 3107 5362 ﬁdeles
3150 5305 3300 5358 multi
3347 5307 3620 5376 procreati

2041 5413 2185 5457 sunt.
2219 5403 2494 5470 Separatis
2524 5403 2703 5469 itaque
2733 5417 2763 5455 a
2793 5399 3142 5455 credentibus
3173 5397 3354 5466 ﬁguris
3384 5395 3618 5451 lsraelet

2044 5498 2182 5552 Esau
2210 5540 2225 5563 ,
2275 5499 2330 5551 in
2363 5513 2468 5549 uno
2519 5497 2714 5565 populo
2745 5497 2926 5548 totum
2978 5491 3315 5560 postmodum
3345 5487 3612 5557 provenit.

2044 5587 2158 5642 Illic
2186 5589 2250 5643 ab
2278 5588 2487 5657 origine
2506 5591 3182 5654 utrumquetestamentum
3210 5572 3425 5650 Agar'et
3448 5578 3614 5641 Isaac;

2043 5679 2137 5737 sed
2161 5696 2257 5750 pro
2287 5691 2525 5748 tempore
2546 5676 2778 5749 alterum
2805 5675 2902 5730 sub
2922 5673 3147 5728 alterius
3169 5673 3384 5727 nomine
3407 5668 3621 5726 delituit

3404 5857 3409 5867 ι
3485 5830 3618 5856 ..ἶι
