  <div class='ocr_page' id='page_1' title='image "/cluster/home/n/w/nwhite01/storage/ocr_20150623/18-19/uva.x000826554/028.png"; bbox 0 0 1914 3196; ppageno 0'>
   <div class='ocr_carea' id='block_1_1' title="bbox 97 207 121 234">
    <p class='ocr_par' dir='ltr' id='par_1_1' title="bbox 97 207 121 234">
     <span class='ocr_line' id='line_1_1' title="bbox 97 207 121 234; baseline 0 0"><span class='ocrx_word' id='word_1_1' title='bbox 97 207 121 234; x_wconf 66' lang='grc' dir='ltr'><strong>π</strong></span> 
     </span>
    </p>
   </div>
   <div class='ocr_carea' id='block_1_2' title="bbox 614 206 1122 241">
    <p class='ocr_par' dir='ltr' id='par_1_2' title="bbox 614 206 1122 241">
     <span class='ocr_line' id='line_1_2' title="bbox 614 206 1122 241; baseline 0.006 -7"><span class='ocrx_word' id='word_1_2' title='bbox 614 206 714 235; x_wconf 77' lang='lat' dir='ltr'><strong>LIBER</strong></span> <span class='ocrx_word' id='word_1_3' title='bbox 735 206 779 236; x_wconf 80' lang='lat' dir='ltr'><strong>DE</strong></span> <span class='ocrx_word' id='word_1_4' title='bbox 798 207 932 241; x_wconf 76' lang='lat' dir='ltr'><strong>SEPTEM</strong></span> <span class='ocrx_word' id='word_1_5' title='bbox 952 209 1122 238; x_wconf 73' lang='lat' dir='ltr'><strong>REGL&#39;LIS.-</strong></span> 
     </span>
    </p>
   </div>
   <div class='ocr_carea' id='block_1_3' title="bbox 1643 209 1680 238">
    <p class='ocr_par' dir='ltr' id='par_1_3' title="bbox 1643 209 1680 238">
     <span class='ocr_line' id='line_1_3' title="bbox 1643 209 1680 238; baseline 0.054 -2"><span class='ocrx_word' id='word_1_6' title='bbox 1643 209 1680 238; x_wconf 70' lang='grc' dir='ltr'><strong>δι</strong></span> 
     </span>
    </p>
   </div>
   <div class='ocr_carea' id='block_1_4' title="bbox 94 259 1677 301">
    <p class='ocr_par' dir='ltr' id='par_1_4' title="bbox 94 259 1677 301">
     <span class='ocr_line' id='line_1_4' title="bbox 94 259 1677 301; baseline 0.002 -13"><span class='ocrx_word' id='word_1_7' title='bbox 94 260 238 290; x_wconf 80' lang='lat' dir='ltr'><strong>ctdclitescit,</strong></span> <span class='ocrx_word' id='word_1_8' title='bbox 251 259 313 293; x_wconf 83' lang='lat' dir='ltr'><strong>quia</strong></span> <span class='ocrx_word' id='word_1_9' title='bbox 331 267 419 295; x_wconf 89' lang='lat' dir='ltr'><strong>neque</strong></span> <span class='ocrx_word' id='word_1_10' title='bbox 434 261 631 288; x_wconf 77' lang='lat' dir='ltr'><strong>revelatounvn</strong></span> <span class='ocrx_word' id='word_1_11' title='bbox 641 264 839 297; x_wconf 78' lang='lat' dir='ltr'><strong>quicscitveltts</strong></span> <span class='ocrx_word' id='word_1_12' title='bbox 853 270 877 298; x_wconf 74' lang='grc' dir='ltr'><strong>Α</strong></span> <span class='ocrx_word' id='word_1_13' title='bbox 894 275 963 294; x_wconf 87' lang='lat' dir='ltr'><strong>nunc</strong></span> <span class='ocrx_word' id='word_1_14' title='bbox 983 273 1024 294; x_wconf 77' lang='lat' dir='ltr'><strong>cst</strong></span> <span class='ocrx_word' id='word_1_15' title='bbox 1049 275 1096 301; x_wconf 83' lang='lat' dir='ltr'><strong>per</strong></span> <span class='ocrx_word' id='word_1_16' title='bbox 1123 266 1217 293; x_wconf 79' lang='lat' dir='ltr'><strong>urbem</strong></span> <span class='ocrx_word' id='word_1_17' title='bbox 1233 265 1381 292; x_wconf 51' lang='lat' dir='ltr'><strong>Ecclesium</strong></span> <span class='ocrx_word' id='word_1_18' title='bbox 1407 269 1566 296; x_wconf 86' lang='lat' dir='ltr'><strong>assumeret,</strong></span> <span class='ocrx_word' id='word_1_19' title='bbox 1590 269 1636 292; x_wconf 86' lang='lat' dir='ltr'><strong>aut</strong></span> <span class='ocrx_word' id='word_1_20' title='bbox 1650 265 1677 292; x_wconf 87' lang='lat' dir='ltr'><strong>iu</strong></span> 
     </span>
    </p>
   </div>
   <div class='ocr_carea' id='block_1_5' title="bbox 93 306 838 343">
    <p class='ocr_par' dir='ltr' id='par_1_5' title="bbox 93 306 838 343">
     <span class='ocr_line' id='line_1_5' title="bbox 93 306 838 343; baseline 0.007 -11"><span class='ocrx_word' id='word_1_21' title='bbox 93 307 221 341; x_wconf 61' lang='lat' dir='ltr'><strong>letterando.</strong></span> <span class='ocrx_word' id='word_1_22' title='bbox 234 306 289 333; x_wconf 84' lang='lat' dir='ltr'><strong>Non</strong></span> <span class='ocrx_word' id='word_1_23' title='bbox 305 314 372 341; x_wconf 79' lang='lat' dir='ltr'><strong>ergo</strong></span> <span class='ocrx_word' id='word_1_24' title='bbox 383 307 449 333; x_wconf 81' lang='lat' dir='ltr'><strong>dixit</strong></span> <span class='ocrx_word' id='word_1_25' title='bbox 462 328 468 338; x_wconf 88' lang='lat'><strong>,</strong></span> <span class='ocrx_word' id='word_1_26' title='bbox 484 308 567 343; x_wconf 76' lang='lat' dir='ltr'><strong>Agar,</strong></span> <span class='ocrx_word' id='word_1_27' title='bbox 584 317 641 343; x_wconf 67' lang='lat' dir='ltr'><strong>qua:</strong></span> <span class='ocrx_word' id='word_1_28' title='bbox 654 311 679 336; x_wconf 86' lang='lat' dir='ltr'><strong>in</strong></span> <span class='ocrx_word' id='word_1_29' title='bbox 695 312 838 337; x_wconf 71' lang='lat' dir='ltr'><strong>servitute»:</strong></span> 
     </span>
    </p>
   </div>
   <div class='ocr_carea' id='block_1_6' title="bbox 91 352 842 388">
    <p class='ocr_par' dir='ltr' id='par_1_6' title="bbox 91 352 842 388">
     <span class='ocr_line' id='line_1_6' title="bbox 91 352 842 388; baseline 0.008 -10"><span class='ocrx_word' id='word_1_30' title='bbox 91 360 193 388; x_wconf 67' lang='lat' dir='ltr'><strong>generum.</strong></span> <span class='ocrx_word' id='word_1_31' title='bbox 215 352 322 386; x_wconf 89' lang='lat' dir='ltr'><strong>Oportet</strong></span> <span class='ocrx_word' id='word_1_32' title='bbox 337 358 428 381; x_wconf 89' lang='lat' dir='ltr'><strong>autem</strong></span> <span class='ocrx_word' id='word_1_33' title='bbox 443 354 523 381; x_wconf 83' lang='lat' dir='ltr'><strong>simul</strong></span> <span class='ocrx_word' id='word_1_34' title='bbox 546 355 640 382; x_wconf 87' lang='lat' dir='ltr'><strong>ambos</strong></span> <span class='ocrx_word' id='word_1_35' title='bbox 662 364 787 385; x_wconf 74' lang='lat' dir='ltr'><strong>crescere</strong></span> <span class='ocrx_word' id='word_1_36' title='bbox 802 365 842 384; x_wconf 92' lang='lat' dir='ltr'><strong>us-</strong></span> 
     </span>
    </p>
   </div>
   <div class='ocr_carea' id='block_1_7' title="bbox 91 398 840 436">
    <p class='ocr_par' dir='ltr' id='par_1_7' title="bbox 91 398 840 436">
     <span class='ocr_line' id='line_1_7' title="bbox 91 398 840 436; baseline 0.007 -13"><span class='ocrx_word' id='word_1_37' title='bbox 91 405 130 432; x_wconf 85' lang='lat' dir='ltr'><strong>que</strong></span> <span class='ocrx_word' id='word_1_38' title='bbox 141 398 167 424; x_wconf 81' lang='lat' dir='ltr'><strong>ad</strong></span> <span class='ocrx_word' id='word_1_39' title='bbox 178 405 288 425; x_wconf 77' lang='lat' dir='ltr'><strong>messem.</strong></span> <span class='ocrx_word' id='word_1_40' title='bbox 306 398 383 426; x_wconf 75' lang='lat' dir='ltr'><strong>Sit-ut</strong></span> <span class='ocrx_word' id='word_1_41' title='bbox 397 407 461 435; x_wconf 68' lang='lat' dir='ltr'><strong>ergo</strong></span> <span class='ocrx_word' id='word_1_42' title='bbox 475 405 536 427; x_wconf 91' lang='lat' dir='ltr'><strong>tunc</strong></span> <span class='ocrx_word' id='word_1_43' title='bbox 551 401 602 428; x_wconf 89' lang='lat' dir='ltr'><strong>sub</strong></span> <span class='ocrx_word' id='word_1_44' title='bbox 613 402 780 436; x_wconf 76' lang='lat' dir='ltr'><strong>professione</strong></span> <span class='ocrx_word' id='word_1_45' title='bbox 795 411 840 429; x_wconf 72' lang='lat' dir='ltr'><strong>vo-</strong></span> 
     </span>
    </p>
   </div>
   <div class='ocr_carea' id='block_1_8' title="bbox 92 442 840 483">
    <p class='ocr_par' dir='ltr' id='par_1_8' title="bbox 92 442 840 483">
     <span class='ocr_line' id='line_1_8' title="bbox 92 442 840 483; baseline 0.008 -14"><span class='ocrx_word' id='word_1_46' title='bbox 92 443 140 470; x_wconf 84' lang='lat' dir='ltr'><strong>teris</strong></span> <span class='ocrx_word' id='word_1_47' title='bbox 151 442 296 471; x_wconf 81' lang='lat' dir='ltr'><strong>Testamenti</strong></span> <span class='ocrx_word' id='word_1_48' title='bbox 320 444 399 471; x_wconf 88' lang='lat' dir='ltr'><strong>latuit</strong></span> <span class='ocrx_word' id='word_1_49' title='bbox 413 452 509 472; x_wconf 87' lang='lat' dir='ltr'><strong>novum</strong></span> <span class='ocrx_word' id='word_1_50' title='bbox 525 467 532 478; x_wconf 91' lang='lat'><strong>,</strong></span> <span class='ocrx_word' id='word_1_51' title='bbox 550 445 576 473; x_wconf 92' lang='lat' dir='ltr'><strong>id</strong></span> <span class='ocrx_word' id='word_1_52' title='bbox 591 452 643 480; x_wconf 90' lang='lat' dir='ltr'><strong>est,</strong></span> <span class='ocrx_word' id='word_1_53' title='bbox 659 449 755 482; x_wconf 72' lang='lat' dir='ltr'><strong>gratia,</strong></span> <span class='ocrx_word' id='word_1_54' title='bbox 768 448 840 483; x_wconf 89' lang='lat' dir='ltr'><strong>quod</strong></span> 
     </span>
    </p>
   </div>
   <div class='ocr_carea' id='block_1_9' title="bbox 90 488 841 525">
    <p class='ocr_par' dir='ltr' id='par_1_9' title="bbox 90 488 841 525">
     <span class='ocr_line' id='line_1_9' title="bbox 90 488 841 525; baseline 0.007 -11"><span class='ocrx_word' id='word_1_55' title='bbox 90 488 203 515; x_wconf 81' lang='lat' dir='ltr'><strong>secundum</strong></span> <span class='ocrx_word' id='word_1_56' title='bbox 216 488 283 516; x_wconf 77' lang='lat' dir='ltr'><strong>Isaae</strong></span> <span class='ocrx_word' id='word_1_57' title='bbox 304 489 493 523; x_wconf 79' lang='lat' dir='ltr'><strong>promissionis</strong></span> <span class='ocrx_word' id='word_1_58' title='bbox 508 489 580 518; x_wconf 81' lang='lat' dir='ltr'><strong>ﬁlios</strong></span> <span class='ocrx_word' id='word_1_59' title='bbox 604 497 747 525; x_wconf 78' lang='lat' dir='ltr'><strong>generaret</strong></span> <span class='ocrx_word' id='word_1_60' title='bbox 763 500 794 520; x_wconf 82' lang='lat' dir='ltr'><strong>ex</strong></span> <span class='ocrx_word' id='word_1_61' title='bbox 810 493 841 519; x_wconf 88' lang='lat' dir='ltr'><strong>li-</strong></span> 
     </span>
    </p>
   </div>
   <div class='ocr_carea' id='block_1_10' title="bbox 92 533 841 569">
    <p class='ocr_par' dir='ltr' id='par_1_10' title="bbox 92 533 841 569">
     <span class='ocr_line' id='line_1_10' title="bbox 92 533 841 569; baseline 0.004 -8"><span class='ocrx_word' id='word_1_62' title='bbox 92 533 147 563; x_wconf 80' lang='lat' dir='ltr'><strong>ben.</strong></span> <span class='ocrx_word' id='word_1_63' title='bbox 165 535 224 569; x_wconf 87' lang='lat' dir='ltr'><strong>quod</strong></span> <span class='ocrx_word' id='word_1_64' title='bbox 238 535 262 561; x_wconf 92' lang='lat' dir='ltr'><strong>in</strong></span> <span class='ocrx_word' id='word_1_65' title='bbox 289 534 398 563; x_wconf 90' lang='lat' dir='ltr'><strong>Christo</strong></span> <span class='ocrx_word' id='word_1_66' title='bbox 418 537 567 562; x_wconf 88' lang='lat' dir='ltr'><strong>revelatttm</strong></span> <span class='ocrx_word' id='word_1_67' title='bbox 583 542 625 564; x_wconf 87' lang='lat' dir='ltr'><strong>est</strong></span> <span class='ocrx_word' id='word_1_68' title='bbox 641 545 647 563; x_wconf 94' lang='lat'>:</span> <span class='ocrx_word' id='word_1_69' title='bbox 672 538 708 564; x_wconf 80' lang='lat' dir='ltr'><strong>ita</strong></span> <span class='ocrx_word' id='word_1_70' title='bbox 723 543 750 565; x_wconf 87' lang='lat' dir='ltr'><strong>et</strong></span> <span class='ocrx_word' id='word_1_71' title='bbox 771 545 841 565; x_wconf 91' lang='lat' dir='ltr'><strong>nunc</strong></span> 
     </span>
    </p>
   </div>
   <div class='ocr_carea' id='block_1_11' title="bbox 89 579 842 619">
    <p class='ocr_par' dir='ltr' id='par_1_11' title="bbox 89 579 842 619">
     <span class='ocr_line' id='line_1_11' title="bbox 89 579 842 619; baseline 0.005 -12"><span class='ocrx_word' id='word_1_72' title='bbox 89 579 196 607; x_wconf 82' lang='lat' dir='ltr'><strong>obtinente</strong></span> <span class='ocrx_word' id='word_1_73' title='bbox 207 587 267 607; x_wconf 78' lang='lat' dir='ltr'><strong>nova</strong></span> <span class='ocrx_word' id='word_1_74' title='bbox 280 601 288 612; x_wconf 89' lang='lat'><strong>,</strong></span> <span class='ocrx_word' id='word_1_75' title='bbox 305 588 359 608; x_wconf 90' lang='lat' dir='ltr'><strong>non</strong></span> <span class='ocrx_word' id='word_1_76' title='bbox 373 581 472 609; x_wconf 87' lang='lat' dir='ltr'><strong>desunt</strong></span> <span class='ocrx_word' id='word_1_77' title='bbox 485 582 622 610; x_wconf 88' lang='lat' dir='ltr'><strong>servitutis</strong></span> <span class='ocrx_word' id='word_1_78' title='bbox 636 583 683 610; x_wconf 88' lang='lat' dir='ltr'><strong>lilii</strong></span> <span class='ocrx_word' id='word_1_79' title='bbox 695 589 842 619; x_wconf 70' lang='lat' dir='ltr'><strong>generante</strong></span> 
     </span>
    </p>
   </div>
   <div class='ocr_carea' id='block_1_12' title="bbox 91 627 841 666">
    <p class='ocr_par' dir='ltr' id='par_1_12' title="bbox 91 627 841 666">
     <span class='ocr_line' id='line_1_12' title="bbox 91 627 841 666; baseline 0.007 -13"><span class='ocrx_word' id='word_1_80' title='bbox 91 627 153 662; x_wconf 70' lang='lat' dir='ltr'><strong>Agar,</strong></span> <span class='ocrx_word' id='word_1_81' title='bbox 168 627 226 662; x_wconf 87' lang='lat' dir='ltr'><strong>quod</strong></span> <span class='ocrx_word' id='word_1_82' title='bbox 238 628 262 654; x_wconf 89' lang='lat' dir='ltr'><strong>in</strong></span> <span class='ocrx_word' id='word_1_83' title='bbox 277 627 389 656; x_wconf 88' lang='lat' dir='ltr'><strong>Christo</strong></span> <span class='ocrx_word' id='word_1_84' title='bbox 406 630 583 657; x_wconf 74' lang='lat' dir='ltr'><strong>revelabitur.</strong></span> <span class='ocrx_word' id='word_1_85' title='bbox 603 630 753 658; x_wconf 87' lang='lat' dir='ltr'><strong>Confirmat</strong></span> <span class='ocrx_word' id='word_1_86' title='bbox 767 631 841 666; x_wconf 76' lang='lat' dir='ltr'><strong>Apo-</strong></span> 
     </span>
    </p>
   </div>
   <div class='ocr_carea' id='block_1_13' title="bbox 88 671 843 711">
    <p class='ocr_par' dir='ltr' id='par_1_13' title="bbox 88 671 843 711">
     <span class='ocr_line' id='line_1_13' title="bbox 88 671 843 711; baseline 0.004 -11"><span class='ocrx_word' id='word_1_87' title='bbox 88 673 168 704; x_wconf 79' lang='lat' dir='ltr'><strong>stolus,</strong></span> <span class='ocrx_word' id='word_1_88' title='bbox 181 671 203 699; x_wconf 89' lang='lat' dir='ltr'><strong>id</strong></span> <span class='ocrx_word' id='word_1_89' title='bbox 216 680 281 699; x_wconf 87' lang='lat' dir='ltr'><strong>nunc</strong></span> <span class='ocrx_word' id='word_1_90' title='bbox 292 680 399 708; x_wconf 84' lang='lat' dir='ltr'><strong>quoque</strong></span> <span class='ocrx_word' id='word_1_91' title='bbox 415 674 485 701; x_wconf 84' lang='lat' dir='ltr'><strong>inter</strong></span> <span class='ocrx_word' id='word_1_92' title='bbox 499 674 597 702; x_wconf 75' lang='lat' dir='ltr'><strong>fratres</strong></span> <span class='ocrx_word' id='word_1_93' title='bbox 612 678 681 710; x_wconf 71' lang='lat' dir='ltr'><strong>geri,</strong></span> <span class='ocrx_word' id='word_1_94' title='bbox 692 675 764 711; x_wconf 89' lang='lat' dir='ltr'><strong>quod</strong></span> <span class='ocrx_word' id='word_1_95' title='bbox 780 681 843 703; x_wconf 90' lang='lat' dir='ltr'><strong>tunc</strong></span> 
     </span>
    </p>
   </div>
   <div class='ocr_carea' id='block_1_14' title="bbox 90 717 843 756">
    <p class='ocr_par' dir='ltr' id='par_1_14' title="bbox 90 717 843 756">
     <span class='ocr_line' id='line_1_14' title="bbox 90 717 843 756; baseline 0.005 -12"><span class='ocrx_word' id='word_1_96' title='bbox 90 718 143 745; x_wconf 78' lang='lat' dir='ltr'><strong>inter</strong></span> <span class='ocrx_word' id='word_1_97' title='bbox 158 717 209 745; x_wconf 83' lang='lat' dir='ltr'><strong>illos</strong></span> <span class='ocrx_word' id='word_1_98' title='bbox 220 718 369 753; x_wconf 73' lang='lat' dir='ltr'><strong>gerebatur.</strong></span> <span class='ocrx_word' id='word_1_99' title='bbox 383 719 476 747; x_wconf 90' lang='lat' dir='ltr'><strong>dicens</strong></span> <span class='ocrx_word' id='word_1_100' title='bbox 492 729 498 746; x_wconf 92' lang='lat'><strong>:</strong></span> <span class='ocrx_word' id='word_1_101' title='bbox 515 719 566 747; x_wconf 81' lang='lat' dir='ltr'><strong>Vos</strong></span> <span class='ocrx_word' id='word_1_102' title='bbox 581 725 677 752; x_wconf 82' lang='lat' dir='ltr'><strong>autem.</strong></span> <span class='ocrx_word' id='word_1_103' title='bbox 694 723 788 756; x_wconf 83' lang='lat' dir='ltr'><strong>fratres</strong></span> <span class='ocrx_word' id='word_1_104' title='bbox 804 729 843 748; x_wconf 83' lang='lat' dir='ltr'><strong>se-</strong></span> 
     </span>
    </p>
   </div>
   <div class='ocr_carea' id='block_1_15' title="bbox 87 763 843 800">
    <p class='ocr_par' dir='ltr' id='par_1_15' title="bbox 87 763 843 800">
     <span class='ocr_line' id='line_1_15' title="bbox 87 763 843 800; baseline 0.004 -9"><span class='ocrx_word' id='word_1_105' title='bbox 87 764 174 792; x_wconf 71' lang='lat' dir='ltr'><strong>cndum</strong></span> <span class='ocrx_word' id='word_1_106' title='bbox 185 763 260 796; x_wconf 84' lang='lat' dir='ltr'><strong>Isaac,</strong></span> <span class='ocrx_word' id='word_1_107' title='bbox 272 765 450 799; x_wconf 82' lang='lat' dir='ltr'><strong>promissionis</strong></span> <span class='ocrx_word' id='word_1_108' title='bbox 462 765 511 800; x_wconf 77' lang='lat' dir='ltr'><strong>ﬁlii</strong></span> <span class='ocrx_word' id='word_1_109' title='bbox 526 767 596 793; x_wconf 79' lang='lat' dir='ltr'><strong>estis.</strong></span> <span class='ocrx_word' id='word_1_110' title='bbox 610 766 662 794; x_wconf 86' lang='lat' dir='ltr'><strong>Sed</strong></span> <span class='ocrx_word' id='word_1_111' title='bbox 682 767 748 793; x_wconf 80' lang='lat' dir='ltr'><strong>sicut</strong></span> <span class='ocrx_word' id='word_1_112' title='bbox 761 772 822 794; x_wconf 81' lang='lat' dir='ltr'><strong>tunc</strong></span> <span class='ocrx_word' id='word_1_113' title='bbox 835 788 843 800; x_wconf 90' lang='lat'><strong>,</strong></span> 
     </span>
    </p>
   </div>
   <div class='ocr_carea' id='block_1_16' title="bbox 88 810 845 847">
    <p class='ocr_par' dir='ltr' id='par_1_16' title="bbox 88 810 845 847">
     <span class='ocr_line' id='line_1_16' title="bbox 88 810 845 847; baseline 0.003 -12"><span class='ocrx_word' id='word_1_114' title='bbox 88 810 248 843; x_wconf 68' lang='lat' dir='ltr'><strong>quiue-mittat</strong></span> <span class='ocrx_word' id='word_1_115' title='bbox 268 818 371 837; x_wconf 80' lang='lat' dir='ltr'><strong>carnem</strong></span> <span class='ocrx_word' id='word_1_116' title='bbox 390 816 466 838; x_wconf 84' lang='lat' dir='ltr'><strong>natus</strong></span> <span class='ocrx_word' id='word_1_117' title='bbox 492 816 546 844; x_wconf 81' lang='lat' dir='ltr'><strong>est,</strong></span> <span class='ocrx_word' id='word_1_118' title='bbox 563 811 758 847; x_wconf 69' lang='lat' dir='ltr'><strong>persequebatur</strong></span> <span class='ocrx_word' id='word_1_119' title='bbox 772 812 845 847; x_wconf 81' lang='lat' dir='ltr'><strong>spiri-</strong></span> 
     </span>
    </p>
   </div>
   <div class='ocr_carea' id='block_1_17' title="bbox 88 855 845 892">
    <p class='ocr_par' dir='ltr' id='par_1_17' title="bbox 88 855 845 892">
     <span class='ocr_line' id='line_1_17' title="bbox 88 855 845 892; baseline 0.005 -11"><span class='ocrx_word' id='word_1_120' title='bbox 88 855 177 888; x_wconf 64' lang='lat' dir='ltr'><strong>talem,</strong></span> <span class='ocrx_word' id='word_1_121' title='bbox 198 856 230 882; x_wconf 83' lang='lat' dir='ltr'><strong>ita</strong></span> <span class='ocrx_word' id='word_1_122' title='bbox 248 861 271 883; x_wconf 83' lang='lat' dir='ltr'><strong>et</strong></span> <span class='ocrx_word' id='word_1_123' title='bbox 294 865 362 883; x_wconf 81' lang='lat' dir='ltr'><strong>nunc</strong></span> <span class='ocrx_word' id='word_1_124' title='bbox 385 856 467 892; x_wconf 85' lang='lat' dir='ltr'><strong>(Ibid.</strong></span> <span class='ocrx_word' id='word_1_125' title='bbox 487 856 533 889; x_wconf 70' lang='grc'><strong>28,</strong></span> <span class='ocrx_word' id='word_1_126' title='bbox 548 856 608 892; x_wconf 76' lang='grc'><strong>29).</strong></span> <span class='ocrx_word' id='word_1_127' title='bbox 632 857 665 884; x_wconf 86' lang='lat' dir='ltr'><strong>Et</strong></span> <span class='ocrx_word' id='word_1_128' title='bbox 689 859 845 886; x_wconf 86' lang='lat' dir='ltr'><strong>necessario</strong></span> 
     </span>
    </p>
   </div>
   <div class='ocr_carea' id='block_1_18' title="bbox 89 901 846 938">
    <p class='ocr_par' dir='ltr' id='par_1_18' title="bbox 89 901 846 938">
     <span class='ocr_line' id='line_1_18' title="bbox 89 901 846 938; baseline 0.003 -11"><span class='ocrx_word' id='word_1_129' title='bbox 89 901 181 934; x_wconf 83' lang='lat' dir='ltr'><strong>addidit,</strong></span> <span class='ocrx_word' id='word_1_130' title='bbox 197 902 236 928; x_wconf 71' lang='lat' dir='ltr'><strong>sed</strong></span> <span class='ocrx_word' id='word_1_131' title='bbox 252 903 314 937; x_wconf 83' lang='lat' dir='ltr'><strong>quid</strong></span> <span class='ocrx_word' id='word_1_132' title='bbox 334 903 395 929; x_wconf 92' lang='lat' dir='ltr'><strong>dicit</strong></span> <span class='ocrx_word' id='word_1_133' title='bbox 415 902 572 938; x_wconf 75' lang='lat' dir='ltr'><strong>Scriptura!</strong></span> <span class='ocrx_word' id='word_1_134' title='bbox 592 901 701 938; x_wconf 70' lang='lat' dir='ltr'><strong>Ezpelle</strong></span> <span class='ocrx_word' id='word_1_135' title='bbox 723 903 846 930; x_wconf 83' lang='lat' dir='ltr'><strong>ancillam</strong></span> 
     </span>
    </p>
   </div>
   <div class='ocr_carea' id='block_1_19' title="bbox 891 309 1679 345">
    <p class='ocr_par' dir='ltr' id='par_1_19' title="bbox 891 309 1679 345">
     <span class='ocr_line' id='line_1_19' title="bbox 891 309 1679 345; baseline -0.004 -6"><span class='ocrx_word' id='word_1_136' title='bbox 891 321 971 339; x_wconf 90' lang='lat' dir='ltr'><strong>unum</strong></span> <span class='ocrx_word' id='word_1_137' title='bbox 999 313 1162 345; x_wconf 79' lang='lat' dir='ltr'><strong>membrum,</strong></span> <span class='ocrx_word' id='word_1_138' title='bbox 1188 316 1273 338; x_wconf 81' lang='lat' dir='ltr'><strong>telum</strong></span> <span class='ocrx_word' id='word_1_139' title='bbox 1294 309 1403 345; x_wconf 79' lang='lat' dir='ltr'><strong>corpus,</strong></span> <span class='ocrx_word' id='word_1_140' title='bbox 1430 310 1497 337; x_wconf 88' lang='lat' dir='ltr'><strong>utin</strong></span> <span class='ocrx_word' id='word_1_141' title='bbox 1522 311 1679 338; x_wconf 78' lang='lat' dir='ltr'><strong>Salomone.</strong></span> 
     </span>
    </p>
   </div>
   <div class='ocr_carea' id='block_1_20' title="bbox 889 358 1682 392">
    <p class='ocr_par' dir='ltr' id='par_1_20' title="bbox 889 358 1682 392">
     <span class='ocr_line' id='line_1_20' title="bbox 889 358 1682 392; baseline -0.005 -6"><span class='ocrx_word' id='word_1_142' title='bbox 889 359 940 386; x_wconf 91' lang='lat' dir='ltr'><strong>Sed</strong></span> <span class='ocrx_word' id='word_1_143' title='bbox 955 360 1005 387; x_wconf 90' lang='lat' dir='ltr'><strong>hoc</strong></span> <span class='ocrx_word' id='word_1_144' title='bbox 1019 368 1071 386; x_wconf 87' lang='lat' dir='ltr'><strong>non</strong></span> <span class='ocrx_word' id='word_1_145' title='bbox 1085 360 1175 387; x_wconf 90' lang='lat' dir='ltr'><strong>minus</strong></span> <span class='ocrx_word' id='word_1_146' title='bbox 1186 359 1322 385; x_wconf 86' lang='lat' dir='ltr'><strong>occultum</strong></span> <span class='ocrx_word' id='word_1_147' title='bbox 1336 362 1390 390; x_wconf 87' lang='lat' dir='ltr'><strong>est,</strong></span> <span class='ocrx_word' id='word_1_148' title='bbox 1405 358 1487 392; x_wconf 71' lang='lat' dir='ltr'><strong>Quam</strong></span> <span class='ocrx_word' id='word_1_149' title='bbox 1502 363 1609 387; x_wconf 75' lang='lat' dir='ltr'><strong>cauera.</strong></span> <span class='ocrx_word' id='word_1_150' title='bbox 1620 364 1682 392; x_wconf 69' lang='lat' dir='ltr'><strong>quas</strong></span> 
     </span>
    </p>
   </div>
   <div class='ocr_carea' id='block_1_21' title="bbox 892 403 1681 440">
    <p class='ocr_par' dir='ltr' id='par_1_21' title="bbox 892 403 1681 440">
     <span class='ocr_line' id='line_1_21' title="bbox 892 403 1681 440; baseline -0.003 -9"><span class='ocrx_word' id='word_1_151' title='bbox 892 413 944 432; x_wconf 84' lang='lat' dir='ltr'><strong>nun</strong></span> <span class='ocrx_word' id='word_1_152' title='bbox 961 406 1047 432; x_wconf 78' lang='lat' dir='ltr'><strong>SUlttm</strong></span> <span class='ocrx_word' id='word_1_153' title='bbox 1065 405 1157 440; x_wconf 89' lang='lat' dir='ltr'><strong>specie</strong></span> <span class='ocrx_word' id='word_1_154' title='bbox 1171 405 1259 438; x_wconf 80' lang='lat' dir='ltr'><strong>verbi,</strong></span> <span class='ocrx_word' id='word_1_155' title='bbox 1276 404 1323 432; x_wconf 89' lang='lat' dir='ltr'><strong>sed</strong></span> <span class='ocrx_word' id='word_1_156' title='bbox 1345 405 1426 431; x_wconf 88' lang='lat' dir='ltr'><strong>etiam</strong></span> <span class='ocrx_word' id='word_1_157' title='bbox 1442 403 1603 431; x_wconf 87' lang='lat' dir='ltr'><strong>ttmltiformi</strong></span> <span class='ocrx_word' id='word_1_158' title='bbox 1617 410 1681 430; x_wconf 88' lang='lat' dir='ltr'><strong>nar-</strong></span> 
     </span>
    </p>
   </div>
   <div class='ocr_carea' id='block_1_22' title="bbox 891 448 1681 484">
    <p class='ocr_par' dir='ltr' id='par_1_22' title="bbox 891 448 1681 484">
     <span class='ocr_line' id='line_1_22' title="bbox 891 448 1681 484; baseline -0.004 -6"><span class='ocrx_word' id='word_1_159' title='bbox 891 452 996 478; x_wconf 81' lang='lat' dir='ltr'><strong>ratione</strong></span> <span class='ocrx_word' id='word_1_160' title='bbox 1021 451 1203 478; x_wconf 78' lang='lat' dir='ltr'><strong>occultantur.</strong></span> <span class='ocrx_word' id='word_1_161' title='bbox 1232 450 1433 483; x_wconf 72' lang='lat' dir='ltr'><strong>Quamobrem,</strong></span> <span class='ocrx_word' id='word_1_162' title='bbox 1462 449 1511 479; x_wconf 87' lang='lat' dir='ltr'><strong>Dei</strong></span> <span class='ocrx_word' id='word_1_163' title='bbox 1537 449 1624 484; x_wconf 71' lang='lat' dir='ltr'><strong>gratia</strong></span> <span class='ocrx_word' id='word_1_164' title='bbox 1655 448 1681 475; x_wconf 89' lang='lat' dir='ltr'><strong>in</strong></span> 
     </span>
    </p>
   </div>
   <div class='ocr_carea' id='block_1_23' title="bbox 891 494 1682 530">
    <p class='ocr_par' dir='ltr' id='par_1_23' title="bbox 891 494 1682 530">
     <span class='ocr_line' id='line_1_23' title="bbox 891 494 1682 530; baseline -0.003 -8"><span class='ocrx_word' id='word_1_165' title='bbox 891 496 1018 523; x_wconf 76' lang='lat' dir='ltr'><strong>auxilitt‘m</strong></span> <span class='ocrx_word' id='word_1_166' title='bbox 1035 496 1186 530; x_wconf 50' lang='lat' dir='ltr'><strong>postulata;</strong></span> <span class='ocrx_word' id='word_1_167' title='bbox 1206 495 1403 523; x_wconf 88' lang='lat' dir='ltr'><strong>elaborandunt</strong></span> <span class='ocrx_word' id='word_1_168' title='bbox 1419 495 1497 522; x_wconf 91' lang='lat' dir='ltr'><strong>nobis</strong></span> <span class='ocrx_word' id='word_1_169' title='bbox 1512 499 1565 525; x_wconf 85' lang='lat' dir='ltr'><strong>est,</strong></span> <span class='ocrx_word' id='word_1_170' title='bbox 1583 498 1613 521; x_wconf 89' lang='lat' dir='ltr'><strong>ut</strong></span> <span class='ocrx_word' id='word_1_171' title='bbox 1623 494 1682 527; x_wconf 89' lang='lat' dir='ltr'><strong>spi-</strong></span> 
     </span>
    </p>
   </div>
   <div class='ocr_carea' id='block_1_24' title="bbox 892 541 1684 577">
    <p class='ocr_par' dir='ltr' id='par_1_24' title="bbox 892 541 1684 577">
     <span class='ocr_line' id='line_1_24' title="bbox 892 541 1684 577; baseline -0.001 -8"><span class='ocrx_word' id='word_1_172' title='bbox 892 543 960 569; x_wconf 83' lang='lat' dir='ltr'><strong>ritus</strong></span> <span class='ocrx_word' id='word_1_173' title='bbox 990 542 1152 576; x_wconf 86' lang='lat' dir='ltr'><strong>multiplicet</strong></span> <span class='ocrx_word' id='word_1_174' title='bbox 1177 541 1318 577; x_wconf 71' lang='lat' dir='ltr'><strong>ingressus</strong></span> <span class='ocrx_word' id='word_1_175' title='bbox 1344 541 1462 576; x_wconf 74' lang='lat' dir='ltr'><strong>legendi,</strong></span> <span class='ocrx_word' id='word_1_176' title='bbox 1493 541 1684 575; x_wconf 85' lang='lat' dir='ltr'><strong>eloquiumque</strong></span> 
     </span>
    </p>
   </div>
   <div class='ocr_carea' id='block_1_25' title="bbox 893 585 1685 622">
    <p class='ocr_par' dir='ltr' id='par_1_25' title="bbox 893 585 1685 622">
     <span class='ocr_line' id='line_1_25' title="bbox 893 585 1685 622; baseline -0.003 -8"><span class='ocrx_word' id='word_1_177' title='bbox 893 588 1001 621; x_wconf 82' lang='lat' dir='ltr'><strong>subtile,</strong></span> <span class='ocrx_word' id='word_1_178' title='bbox 1016 587 1088 622; x_wconf 86' lang='lat' dir='ltr'><strong>quod</strong></span> <span class='ocrx_word' id='word_1_179' title='bbox 1103 588 1136 614; x_wconf 87' lang='lat' dir='ltr'><strong>ad</strong></span> <span class='ocrx_word' id='word_1_180' title='bbox 1160 588 1382 622; x_wconf 87' lang='lat' dir='ltr'><strong>impedimentum</strong></span> <span class='ocrx_word' id='word_1_181' title='bbox 1403 587 1571 619; x_wconf 86' lang='lat' dir='ltr'><strong>intellectus,</strong></span> <span class='ocrx_word' id='word_1_182' title='bbox 1585 585 1685 620; x_wconf 82' lang='lat' dir='ltr'><strong>speciei</strong></span> 
     </span>
    </p>
   </div>
   <div class='ocr_carea' id='block_1_26' title="bbox 893 631 1688 668">
    <p class='ocr_par' dir='ltr' id='par_1_26' title="bbox 893 631 1688 668">
     <span class='ocr_line' id='line_1_26' title="bbox 893 631 1688 668; baseline -0.004 -8"><span class='ocrx_word' id='word_1_183' title='bbox 893 641 990 668; x_wconf 74' lang='lat' dir='ltr'><strong>genus,</strong></span> <span class='ocrx_word' id='word_1_184' title='bbox 1005 639 1052 660; x_wconf 88' lang='lat' dir='ltr'><strong>aut</strong></span> <span class='ocrx_word' id='word_1_185' title='bbox 1065 633 1159 668; x_wconf 77' lang='lat' dir='ltr'><strong>generi</strong></span> <span class='ocrx_word' id='word_1_186' title='bbox 1170 634 1289 666; x_wconf 86' lang='lat' dir='ltr'><strong>speciem</strong></span> <span class='ocrx_word' id='word_1_187' title='bbox 1303 633 1399 660; x_wconf 85' lang='lat' dir='ltr'><strong>inserit</strong></span> <span class='ocrx_word' id='word_1_188' title='bbox 1415 641 1422 659; x_wconf 89' lang='lat'>:</span> <span class='ocrx_word' id='word_1_189' title='bbox 1438 639 1525 668; x_wconf 69' lang='lat' dir='ltr'><strong>genus</strong></span> <span class='ocrx_word' id='word_1_190' title='bbox 1535 631 1642 666; x_wconf 78' lang='lat' dir='ltr'><strong>species</strong></span> <span class='ocrx_word' id='word_1_191' title='bbox 1654 638 1688 658; x_wconf 90' lang='lat' dir='ltr'><strong>ne</strong></span> 
     </span>
    </p>
   </div>
   <div class='ocr_carea' id='block_1_27' title="bbox 894 678 1685 713">
    <p class='ocr_par' dir='ltr' id='par_1_27' title="bbox 894 678 1685 713">
     <span class='ocr_line' id='line_1_27' title="bbox 894 678 1685 713; baseline -0.003 -8"><span class='ocrx_word' id='word_1_192' title='bbox 894 679 940 711; x_wconf 88' lang='lat' dir='ltr'><strong>sit,</strong></span> <span class='ocrx_word' id='word_1_193' title='bbox 953 679 1032 706; x_wconf 82' lang='lat' dir='ltr'><strong>facile</strong></span> <span class='ocrx_word' id='word_1_194' title='bbox 1046 679 1132 713; x_wconf 84' lang='lat' dir='ltr'><strong>possit</strong></span> <span class='ocrx_word' id='word_1_195' title='bbox 1151 678 1250 706; x_wconf 83' lang='lat' dir='ltr'><strong>videri.</strong></span> <span class='ocrx_word' id='word_1_196' title='bbox 1266 679 1335 706; x_wconf 86' lang='lat' dir='ltr'><strong>Dum</strong></span> <span class='ocrx_word' id='word_1_197' title='bbox 1355 678 1426 706; x_wconf 88' lang='lat' dir='ltr'><strong>enim</strong></span> <span class='ocrx_word' id='word_1_198' title='bbox 1446 679 1565 713; x_wconf 90' lang='lat' dir='ltr'><strong>speciem</strong></span> <span class='ocrx_word' id='word_1_199' title='bbox 1582 682 1685 710; x_wconf 85' lang='lat' dir='ltr'><strong>narrat,</strong></span> 
     </span>
    </p>
   </div>
   <div class='ocr_carea' id='block_1_28' title="bbox 896 720 1689 759">
    <p class='ocr_par' dir='ltr' id='par_1_28' title="bbox 896 720 1689 759">
     <span class='ocr_line' id='line_1_28' title="bbox 896 720 1689 759; baseline -0.003 -8"><span class='ocrx_word' id='word_1_200' title='bbox 896 725 932 751; x_wconf 90' lang='lat' dir='ltr'><strong>ita</strong></span> <span class='ocrx_word' id='word_1_201' title='bbox 943 720 972 751; x_wconf 91' lang='lat' dir='ltr'><strong>in</strong></span> <span class='ocrx_word' id='word_1_202' title='bbox 987 732 1072 759; x_wconf 75' lang='lat' dir='ltr'><strong>genus</strong></span> <span class='ocrx_word' id='word_1_203' title='bbox 1089 724 1197 756; x_wconf 85' lang='lat' dir='ltr'><strong>transit,</strong></span> <span class='ocrx_word' id='word_1_204' title='bbox 1214 729 1243 751; x_wconf 92' lang='lat' dir='ltr'><strong>ut</strong></span> <span class='ocrx_word' id='word_1_205' title='bbox 1259 724 1392 751; x_wconf 80' lang='lat' dir='ltr'><strong>transit-&#39;s</strong></span> <span class='ocrx_word' id='word_1_206' title='bbox 1404 731 1457 751; x_wconf 86' lang='lat' dir='ltr'><strong>non</strong></span> <span class='ocrx_word' id='word_1_207' title='bbox 1480 724 1571 750; x_wconf 82' lang='lat' dir='ltr'><strong>statim</strong></span> <span class='ocrx_word' id='word_1_208' title='bbox 1588 722 1689 757; x_wconf 91' lang='lat' dir='ltr'><strong>liquido</strong></span> 
     </span>
    </p>
   </div>
   <div class='ocr_carea' id='block_1_29' title="bbox 895 768 1686 805">
    <p class='ocr_par' dir='ltr' id='par_1_29' title="bbox 895 768 1686 805">
     <span class='ocr_line' id='line_1_29' title="bbox 895 768 1686 805; baseline -0.001 -9"><span class='ocrx_word' id='word_1_209' title='bbox 895 774 1026 803; x_wconf 82' lang='lat' dir='ltr'><strong>appareat</strong></span> <span class='ocrx_word' id='word_1_210' title='bbox 1040 778 1046 795; x_wconf 87' lang='lat'><strong>:</strong></span> <span class='ocrx_word' id='word_1_211' title='bbox 1072 769 1119 796; x_wconf 91' lang='lat' dir='ltr'><strong>sed</strong></span> <span class='ocrx_word' id='word_1_212' title='bbox 1144 770 1207 796; x_wconf 83' lang='lat' dir='ltr'><strong>talia</strong></span> <span class='ocrx_word' id='word_1_213' title='bbox 1232 769 1370 797; x_wconf 85' lang='lat' dir='ltr'><strong>transiens</strong></span> <span class='ocrx_word' id='word_1_214' title='bbox 1390 769 1466 805; x_wconf 79' lang='lat' dir='ltr'><strong>ponit</strong></span> <span class='ocrx_word' id='word_1_215' title='bbox 1480 769 1572 801; x_wconf 79' lang='lat' dir='ltr'><strong>verba,</strong></span> <span class='ocrx_word' id='word_1_216' title='bbox 1586 776 1646 802; x_wconf 70' lang='lat' dir='ltr'><strong>qua:</strong></span> <span class='ocrx_word' id='word_1_217' title='bbox 1660 768 1686 795; x_wconf 94' lang='lat' dir='ltr'><strong>in</strong></span> 
     </span>
    </p>
   </div>
   <div class='ocr_carea' id='block_1_30' title="bbox 897 813 1687 849">
    <p class='ocr_par' dir='ltr' id='par_1_30' title="bbox 897 813 1687 849">
     <span class='ocr_line' id='line_1_30' title="bbox 897 813 1687 849; baseline 0 -8"><span class='ocrx_word' id='word_1_218' title='bbox 897 820 1042 849; x_wconf 87' lang='lat' dir='ltr'><strong>utrumque</strong></span> <span class='ocrx_word' id='word_1_219' title='bbox 1050 816 1224 847; x_wconf 76' lang='lat' dir='ltr'><strong>conveniant,</strong></span> <span class='ocrx_word' id='word_1_220' title='bbox 1232 815 1319 842; x_wconf 90' lang='lat' dir='ltr'><strong>donec</strong></span> <span class='ocrx_word' id='word_1_221' title='bbox 1330 815 1458 849; x_wconf 86' lang='lat' dir='ltr'><strong>paulatim</strong></span> <span class='ocrx_word' id='word_1_222' title='bbox 1470 814 1570 848; x_wconf 83' lang='lat' dir='ltr'><strong>speciei</strong></span> <span class='ocrx_word' id='word_1_223' title='bbox 1578 813 1687 841; x_wconf 86' lang='lat' dir='ltr'><strong>modum</strong></span> 
     </span>
    </p>
   </div>
   <div class='ocr_carea' id='block_1_31' title="bbox 897 859 1690 895">
    <p class='ocr_par' dir='ltr' id='par_1_31' title="bbox 897 859 1690 895">
     <span class='ocr_line' id='line_1_31' title="bbox 897 859 1690 895; baseline -0.001 -7"><span class='ocrx_word' id='word_1_224' title='bbox 897 861 1022 891; x_wconf 78' lang='lat' dir='ltr'><strong>excedat,</strong></span> <span class='ocrx_word' id='word_1_225' title='bbox 1039 866 1065 887; x_wconf 89' lang='lat' dir='ltr'><strong>et</strong></span> <span class='ocrx_word' id='word_1_226' title='bbox 1088 861 1217 888; x_wconf 87' lang='lat' dir='ltr'><strong>transitus</strong></span> <span class='ocrx_word' id='word_1_227' title='bbox 1239 861 1383 893; x_wconf 89' lang='lat' dir='ltr'><strong>dilucidet,</strong></span> <span class='ocrx_word' id='word_1_228' title='bbox 1400 868 1545 895; x_wconf 84' lang='lat' dir='ltr'><strong>cum,qu:e</strong></span> <span class='ocrx_word' id='word_1_229' title='bbox 1568 868 1582 886; x_wconf 90' lang='lat' dir='ltr'><strong>a</strong></span> <span class='ocrx_word' id='word_1_230' title='bbox 1598 859 1690 895; x_wconf 86' lang='lat' dir='ltr'><strong>specie</strong></span> 
     </span>
    </p>
   </div>
   <div class='ocr_carea' id='block_1_32' title="bbox 898 906 1688 942">
    <p class='ocr_par' dir='ltr' id='par_1_32' title="bbox 898 906 1688 942">
     <span class='ocr_line' id='line_1_32' title="bbox 898 906 1688 942; baseline -0.001 -8"><span class='ocrx_word' id='word_1_231' title='bbox 898 912 1049 941; x_wconf 70' lang='lat' dir='ltr'><strong>coeperant,</strong></span> <span class='ocrx_word' id='word_1_232' title='bbox 1073 908 1177 934; x_wconf 82' lang='lat' dir='ltr'><strong>nonnisi</strong></span> <span class='ocrx_word' id='word_1_233' title='bbox 1193 908 1219 934; x_wconf 87' lang='lat' dir='ltr'><strong>in</strong></span> <span class='ocrx_word' id='word_1_234' title='bbox 1242 915 1327 942; x_wconf 75' lang='lat' dir='ltr'><strong>genus</strong></span> <span class='ocrx_word' id='word_1_235' title='bbox 1341 908 1530 939; x_wconf 77' lang='lat' dir='ltr'><strong>convenerint,</strong></span> <span class='ocrx_word' id='word_1_236' title='bbox 1547 912 1574 933; x_wconf 90' lang='lat' dir='ltr'><strong>et</strong></span> <span class='ocrx_word' id='word_1_237' title='bbox 1592 906 1688 933; x_wconf 88' lang='lat' dir='ltr'><strong>eodem</strong></span> 
     </span>
    </p>
   </div>
   <div class='ocr_carea' id='block_1_33' title="bbox 87 948 1690 988">
    <p class='ocr_par' dir='ltr' id='par_1_33' title="bbox 87 948 1690 988">
     <span class='ocr_line' id='line_1_33' title="bbox 87 948 1690 988; baseline 0.002 -11"><span class='ocrx_word' id='word_1_238' title='bbox 87 953 106 975; x_wconf 74' lang='lat' dir='ltr'><strong>tl</strong></span> <span class='ocrx_word' id='word_1_239' title='bbox 116 948 183 981; x_wconf 73' lang='lat' dir='ltr'><strong>ﬁlim</strong></span> <span class='ocrx_word' id='word_1_240' title='bbox 195 950 246 984; x_wconf 66' lang='lat' dir='ltr'><strong>ejus</strong></span> <span class='ocrx_word' id='word_1_241' title='bbox 260 957 269 975; x_wconf 71' lang='grc' dir='ltr'><em>ι</em></span> <span class='ocrx_word' id='word_1_242' title='bbox 291 958 341 976; x_wconf 81' lang='lat' dir='ltr'><strong>non</strong></span> <span class='ocrx_word' id='word_1_243' title='bbox 363 950 429 976; x_wconf 77' lang='lat' dir='ltr'><strong>enim</strong></span> <span class='ocrx_word' id='word_1_244' title='bbox 448 950 560 976; x_wconf 65' lang='lat' dir='ltr'><strong>velut&quot;!</strong></span> <span class='ocrx_word' id='word_1_245' title='bbox 579 950 626 976; x_wconf 60' lang='lat' dir='ltr'><strong>erit</strong></span> <span class='ocrx_word' id='word_1_246' title='bbox 637 948 706 983; x_wconf 68' lang='lat' dir='ltr'><strong>ﬁlim</strong></span> <span class='ocrx_word' id='word_1_247' title='bbox 720 949 825 980; x_wconf 76' lang='lat' dir='ltr'><strong>uncillw</strong></span> <span class='ocrx_word' id='word_1_248' title='bbox 837 971 843 981; x_wconf 86' lang='lat'>,</span> <span class='ocrx_word' id='word_1_249' title='bbox 860 949 883 978; x_wconf 90' lang='grc' dir='ltr'><strong>Β</strong></span> <span class='ocrx_word' id='word_1_250' title='bbox 899 953 979 980; x_wconf 86' lang='lat' dir='ltr'><strong>modo</strong></span> <span class='ocrx_word' id='word_1_251' title='bbox 989 961 1076 988; x_wconf 81' lang='lat' dir='ltr'><strong>genus</strong></span> <span class='ocrx_word' id='word_1_252' title='bbox 1087 954 1225 987; x_wconf 86' lang='lat' dir='ltr'><strong>relinquit,</strong></span> <span class='ocrx_word' id='word_1_253' title='bbox 1235 954 1262 980; x_wconf 93' lang='lat' dir='ltr'><strong>in</strong></span> <span class='ocrx_word' id='word_1_254' title='bbox 1274 954 1393 988; x_wconf 85' lang='lat' dir='ltr'><strong>speciem</strong></span> <span class='ocrx_word' id='word_1_255' title='bbox 1408 954 1526 981; x_wconf 87' lang='lat' dir='ltr'><strong>rediens.</strong></span> <span class='ocrx_word' id='word_1_256' title='bbox 1538 953 1690 988; x_wconf 85' lang='lat' dir='ltr'><strong>Aliquando</strong></span> 
     </span>
    </p>
   </div>
   <div class='ocr_carea' id='block_1_34' title="bbox 88 993 846 1029">
    <p class='ocr_par' dir='ltr' id='par_1_34' title="bbox 88 993 846 1029">
     <span class='ocr_line' id='line_1_34' title="bbox 88 993 846 1029; baseline 0.001 -11"><span class='ocrx_word' id='word_1_257' title='bbox 88 993 209 1026; x_wconf 65' lang='lat' dir='ltr'><strong>ﬁliolibcra-</strong></span> <span class='ocrx_word' id='word_1_258' title='bbox 220 994 312 1029; x_wconf 85' lang='lat' dir='ltr'><strong>(Ibid.,</strong></span> <span class='ocrx_word' id='word_1_259' title='bbox 328 994 385 1029; x_wconf 71' lang='lat'><strong>30).</strong></span> <span class='ocrx_word' id='word_1_260' title='bbox 399 994 476 1027; x_wconf 85' lang='lat' dir='ltr'><strong>Quod</strong></span> <span class='ocrx_word' id='word_1_261' title='bbox 493 999 583 1021; x_wconf 89' lang='lat' dir='ltr'><strong>autem</strong></span> <span class='ocrx_word' id='word_1_262' title='bbox 605 993 688 1026; x_wconf 81' lang='lat' dir='ltr'><strong>dixit,</strong></span> <span class='ocrx_word' id='word_1_263' title='bbox 702 995 768 1021; x_wconf 83' lang='lat' dir='ltr'><strong>sicut</strong></span> <span class='ocrx_word' id='word_1_264' title='bbox 780 998 846 1022; x_wconf 72' lang='lat' dir='ltr'><strong>tunc</strong></span> 
     </span>
    </p>
   </div>
   <div class='ocr_carea' id='block_1_35' title="bbox 87 1038 847 1073">
    <p class='ocr_par' dir='ltr' id='par_1_35' title="bbox 87 1038 847 1073">
     <span class='ocr_line' id='line_1_35' title="bbox 87 1038 847 1073; baseline 0 -8"><span class='ocrx_word' id='word_1_265' title='bbox 87 1039 254 1073; x_wconf 66' lang='lat' dir='ltr'><strong>mouebatur</strong></span> <span class='ocrx_word' id='word_1_266' title='bbox 264 1048 273 1071; x_wconf 91' lang='lat'><em>;</em></span> <span class='ocrx_word' id='word_1_267' title='bbox 288 1040 359 1065; x_wconf 80' lang='lat' dir='ltr'><strong>itaet</strong></span> <span class='ocrx_word' id='word_1_268' title='bbox 380 1047 448 1065; x_wconf 78' lang='lat' dir='ltr'><strong>nunc</strong></span> <span class='ocrx_word' id='word_1_269' title='bbox 460 1059 468 1071; x_wconf 96' lang='lat'><strong>,</strong></span> <span class='ocrx_word' id='word_1_270' title='bbox 489 1046 541 1065; x_wconf 91' lang='lat' dir='ltr'><strong>non</strong></span> <span class='ocrx_word' id='word_1_271' title='bbox 563 1043 603 1065; x_wconf 87' lang='lat' dir='ltr'><strong>est</strong></span> <span class='ocrx_word' id='word_1_272' title='bbox 623 1038 714 1066; x_wconf 85' lang='lat' dir='ltr'><strong>inane.</strong></span> <span class='ocrx_word' id='word_1_273' title='bbox 729 1038 847 1073; x_wconf 75' lang='lat' dir='ltr'><strong>Aposto-</strong></span> 
     </span>
    </p>
   </div>
   <div class='ocr_carea' id='block_1_36' title="bbox 88 1084 847 1120">
    <p class='ocr_par' dir='ltr' id='par_1_36' title="bbox 88 1084 847 1120">
     <span class='ocr_line' id='line_1_36' title="bbox 88 1084 847 1120; baseline 0.001 -10"><span class='ocrx_word' id='word_1_274' title='bbox 88 1084 119 1111; x_wconf 87' lang='lat' dir='ltr'><strong>lus</strong></span> <span class='ocrx_word' id='word_1_275' title='bbox 129 1086 188 1112; x_wconf 84' lang='lat' dir='ltr'><strong>enim</strong></span> <span class='ocrx_word' id='word_1_276' title='bbox 203 1086 443 1120; x_wconf 85' lang='lat' dir='ltr'><strong>interpretatusest</strong></span> <span class='ocrx_word' id='word_1_277' title='bbox 455 1085 662 1120; x_wconf 78' lang='lat' dir='ltr'><strong>persequebatur.</strong></span> <span class='ocrx_word' id='word_1_278' title='bbox 677 1084 743 1112; x_wconf 84' lang='lat' dir='ltr'><strong>Nam</strong></span> <span class='ocrx_word' id='word_1_279' title='bbox 756 1084 847 1119; x_wconf 87' lang='lat' dir='ltr'><strong>Serip-</strong></span> 
     </span>
    </p>
   </div>
   <div class='ocr_carea' id='block_1_37' title="bbox 89 1124 846 1166">
    <p class='ocr_par' dir='ltr' id='par_1_37' title="bbox 89 1124 846 1166">
     <span class='ocr_line' id='line_1_37' title="bbox 89 1124 846 1166; baseline 0.001 -11"><span class='ocrx_word' id='word_1_280' title='bbox 89 1134 133 1156; x_wconf 85' lang='lat' dir='ltr'><strong>ttm</strong></span> <span class='ocrx_word' id='word_1_281' title='bbox 142 1124 197 1158; x_wconf 82' lang='lat' dir='ltr'><strong>dicit</strong></span> <span class='ocrx_word' id='word_1_282' title='bbox 211 1141 217 1157; x_wconf 89' lang='lat'>:</span> <span class='ocrx_word' id='word_1_283' title='bbox 238 1130 351 1158; x_wconf 84' lang='lat' dir='ltr'><strong>Ludebat</strong></span> <span class='ocrx_word' id='word_1_284' title='bbox 365 1130 459 1158; x_wconf 81' lang='lat' dir='ltr'><strong>Ismael</strong></span> <span class='ocrx_word' id='word_1_285' title='bbox 474 1139 531 1158; x_wconf 71' lang='lat' dir='ltr'><strong>cum</strong></span> <span class='ocrx_word' id='word_1_286' title='bbox 546 1130 621 1157; x_wconf 84' lang='lat' dir='ltr'><strong>Isaac</strong></span> <span class='ocrx_word' id='word_1_287' title='bbox 632 1129 709 1166; x_wconf 84' lang='lat' dir='ltr'><strong>(Gen.</strong></span> <span class='ocrx_word' id='word_1_288' title='bbox 734 1138 793 1162; x_wconf 65' lang='grc' dir='ltr'><strong>κη,</strong></span> <span class='ocrx_word' id='word_1_289' title='bbox 807 1129 846 1165; x_wconf 82' lang='grc'><strong>9).</strong></span> 
     </span>
    </p>
   </div>
   <div class='ocr_carea' id='block_1_38' title="bbox 86 1175 848 1212">
    <p class='ocr_par' dir='ltr' id='par_1_38' title="bbox 86 1175 848 1212">
     <span class='ocr_line' id='line_1_38' title="bbox 86 1175 848 1212; baseline -0.003 -9"><span class='ocrx_word' id='word_1_290' title='bbox 86 1176 195 1211; x_wconf 77' lang='lat' dir='ltr'><strong>Numquid</strong></span> <span class='ocrx_word' id='word_1_291' title='bbox 209 1177 316 1211; x_wconf 87' lang='lat' dir='ltr'><strong>fratres,</strong></span> <span class='ocrx_word' id='word_1_292' title='bbox 332 1177 377 1212; x_wconf 86' lang='lat' dir='ltr'><strong>qui</strong></span> <span class='ocrx_word' id='word_1_293' title='bbox 392 1177 612 1205; x_wconf 84' lang='lat' dir='ltr'><strong>circumcisiones</strong></span> <span class='ocrx_word' id='word_1_294' title='bbox 634 1176 736 1203; x_wconf 83' lang='lat' dir='ltr'><strong>Calatis</strong></span> <span class='ocrx_word' id='word_1_295' title='bbox 750 1175 848 1210; x_wconf 64' lang='lat' dir='ltr'><strong>praedi-</strong></span> 
     </span>
    </p>
   </div>
   <div class='ocr_carea' id='block_1_39' title="bbox 88 1221 850 1258">
    <p class='ocr_par' dir='ltr' id='par_1_39' title="bbox 88 1221 850 1258">
     <span class='ocr_line' id='line_1_39' title="bbox 88 1221 850 1258; baseline 0 -10"><span class='ocrx_word' id='word_1_296' title='bbox 88 1223 166 1255; x_wconf 79' lang='lat' dir='ltr'><strong>cebat,</strong></span> <span class='ocrx_word' id='word_1_297' title='bbox 180 1230 266 1258; x_wconf 85' lang='lat' dir='ltr'><strong>aperte</strong></span> <span class='ocrx_word' id='word_1_298' title='bbox 287 1223 365 1255; x_wconf 81' lang='lat' dir='ltr'><strong>illos,</strong></span> <span class='ocrx_word' id='word_1_299' title='bbox 381 1228 409 1251; x_wconf 86' lang='lat' dir='ltr'><strong>et</strong></span> <span class='ocrx_word' id='word_1_300' title='bbox 423 1231 476 1250; x_wconf 90' lang='lat' dir='ltr'><strong>non</strong></span> <span class='ocrx_word' id='word_1_301' title='bbox 492 1230 539 1257; x_wconf 88' lang='lat' dir='ltr'><strong>per</strong></span> <span class='ocrx_word' id='word_1_302' title='bbox 553 1223 639 1249; x_wconf 87' lang='lat' dir='ltr'><strong>lusum</strong></span> <span class='ocrx_word' id='word_1_303' title='bbox 651 1243 658 1254; x_wconf 93' lang='lat'><strong>,</strong></span> <span class='ocrx_word' id='word_1_304' title='bbox 674 1221 699 1249; x_wconf 92' lang='lat' dir='ltr'><strong>id</strong></span> <span class='ocrx_word' id='word_1_305' title='bbox 722 1228 774 1253; x_wconf 85' lang='lat' dir='ltr'><strong>est,</strong></span> <span class='ocrx_word' id='word_1_306' title='bbox 789 1221 850 1249; x_wconf 85' lang='lat' dir='ltr'><strong>sine</strong></span> 
     </span>
    </p>
   </div>
   <div class='ocr_carea' id='block_1_40' title="bbox 87 1267 851 1303">
    <p class='ocr_par' dir='ltr' id='par_1_40' title="bbox 87 1267 851 1303">
     <span class='ocr_line' id='line_1_40' title="bbox 87 1267 851 1303; baseline 0.001 -10"><span class='ocrx_word' id='word_1_307' title='bbox 87 1267 169 1294; x_wconf 83' lang='lat' dir='ltr'><strong>indicio</strong></span> <span class='ocrx_word' id='word_1_308' title='bbox 190 1269 382 1302; x_wconf 81' lang='lat' dir='ltr'><strong>persecutionis</strong></span> <span class='ocrx_word' id='word_1_309' title='bbox 404 1268 615 1303; x_wconf 71' lang='lat' dir='ltr'><strong>insequebatur?</strong></span> <span class='ocrx_word' id='word_1_310' title='bbox 635 1267 711 1295; x_wconf 89' lang='lat' dir='ltr'><strong>Sicut</strong></span> <span class='ocrx_word' id='word_1_311' title='bbox 729 1275 793 1301; x_wconf 70' lang='lat' dir='ltr'><strong>ergo</strong></span> <span class='ocrx_word' id='word_1_312' title='bbox 817 1267 851 1294; x_wconf 85' lang='lat' dir='ltr'><strong>de</strong></span> 
     </span>
    </p>
   </div>
   <div class='ocr_carea' id='block_1_41' title="bbox 89 1312 850 1348">
    <p class='ocr_par' dir='ltr' id='par_1_41' title="bbox 89 1312 850 1348">
     <span class='ocr_line' id='line_1_41' title="bbox 89 1312 850 1348; baseline 0 -10"><span class='ocrx_word' id='word_1_313' title='bbox 89 1319 166 1346; x_wconf 72' lang='lat' dir='ltr'><strong>genere</strong></span> <span class='ocrx_word' id='word_1_314' title='bbox 179 1313 280 1340; x_wconf 83' lang='lat' dir='ltr'><strong>ludendi</strong></span> <span class='ocrx_word' id='word_1_315' title='bbox 297 1318 500 1348; x_wconf 82' lang='lat' dir='ltr'><strong>persecutorem</strong></span> <span class='ocrx_word' id='word_1_316' title='bbox 512 1313 579 1340; x_wconf 77' lang='lat' dir='ltr'><strong>dixit</strong></span> <span class='ocrx_word' id='word_1_317' title='bbox 591 1321 597 1339; x_wconf 90' lang='lat'><strong>:</strong></span> <span class='ocrx_word' id='word_1_318' title='bbox 615 1313 650 1339; x_wconf 82' lang='lat' dir='ltr'><strong>ita</strong></span> <span class='ocrx_word' id='word_1_319' title='bbox 667 1318 695 1340; x_wconf 87' lang='lat' dir='ltr'><strong>et</strong></span> <span class='ocrx_word' id='word_1_320' title='bbox 709 1313 776 1339; x_wconf 87' lang='lat' dir='ltr'><strong>istos</strong></span> <span class='ocrx_word' id='word_1_321' title='bbox 787 1333 795 1344; x_wconf 89' lang='lat'><strong>,</strong></span> <span class='ocrx_word' id='word_1_322' title='bbox 805 1312 850 1347; x_wconf 88' lang='lat' dir='ltr'><strong>qui</strong></span> 
     </span>
    </p>
   </div>
   <div class='ocr_carea' id='block_1_42' title="bbox 88 1358 850 1395">
    <p class='ocr_par' dir='ltr' id='par_1_42' title="bbox 88 1358 850 1395">
     <span class='ocr_line' id='line_1_42' title="bbox 88 1358 850 1395; baseline -0.001 -10"><span class='ocrx_word' id='word_1_323' title='bbox 88 1358 152 1386; x_wconf 74' lang='lat' dir='ltr'><strong>Filios</strong></span> <span class='ocrx_word' id='word_1_324' title='bbox 165 1360 225 1394; x_wconf 87' lang='lat' dir='ltr'><strong>Dei,</strong></span> <span class='ocrx_word' id='word_1_325' title='bbox 240 1361 314 1388; x_wconf 78' lang='lat' dir='ltr'><strong>velut</strong></span> <span class='ocrx_word' id='word_1_326' title='bbox 325 1368 373 1395; x_wconf 87' lang='lat' dir='ltr'><strong>per</strong></span> <span class='ocrx_word' id='word_1_327' title='bbox 386 1367 557 1387; x_wconf 84' lang='lat' dir='ltr'><strong>communem</strong></span> <span class='ocrx_word' id='word_1_328' title='bbox 570 1359 725 1391; x_wconf 75' lang='lat' dir='ltr'><strong>utilitatem,</strong></span> <span class='ocrx_word' id='word_1_329' title='bbox 741 1359 766 1385; x_wconf 90' lang='lat' dir='ltr'><strong>id</strong></span> <span class='ocrx_word' id='word_1_330' title='bbox 777 1363 829 1387; x_wconf 83' lang='lat' dir='ltr'><strong>.est</strong></span> <span class='ocrx_word' id='word_1_331' title='bbox 842 1377 850 1390; x_wconf 86' lang='lat'><strong>,</strong></span> 
     </span>
    </p>
   </div>
   <div class='ocr_carea' id='block_1_43' title="bbox 89 1404 853 1442">
    <p class='ocr_par' dir='ltr' id='par_1_43' title="bbox 89 1404 853 1442">
     <span class='ocr_line' id='line_1_43' title="bbox 89 1404 853 1442; baseline -0.001 -11"><span class='ocrx_word' id='word_1_332' title='bbox 89 1405 234 1439; x_wconf 80' lang='lat' dir='ltr'><strong>disciplinam</strong></span> <span class='ocrx_word' id='word_1_333' title='bbox 256 1407 324 1442; x_wconf 73' lang='lat' dir='ltr'><strong>legis</strong></span> <span class='ocrx_word' id='word_1_334' title='bbox 334 1427 342 1439; x_wconf 87' lang='lat'><strong>,</strong></span> <span class='ocrx_word' id='word_1_335' title='bbox 358 1414 372 1432; x_wconf 86' lang='lat' dir='ltr'><strong>a</strong></span> <span class='ocrx_word' id='word_1_336' title='bbox 385 1406 494 1434; x_wconf 77' lang='lat' dir='ltr'><strong>Christo</strong></span> <span class='ocrx_word' id='word_1_337' title='bbox 507 1412 650 1440; x_wconf 81' lang='lat' dir='ltr'><strong>separare,</strong></span> <span class='ocrx_word' id='word_1_338' title='bbox 668 1409 694 1432; x_wconf 88' lang='lat' dir='ltr'><strong>et</strong></span> <span class='ocrx_word' id='word_1_339' title='bbox 707 1404 786 1431; x_wconf 88' lang='lat' dir='ltr'><strong>matri</strong></span> <span class='ocrx_word' id='word_1_340' title='bbox 798 1411 853 1430; x_wconf 73' lang='lat' dir='ltr'><strong>sine</strong></span> 
     </span>
    </p>
   </div>
   <div class='ocr_carea' id='block_1_44' title="bbox 88 1452 852 1485">
    <p class='ocr_par' dir='ltr' id='par_1_44' title="bbox 88 1452 852 1485">
     <span class='ocr_line' id='line_1_44' title="bbox 88 1452 852 1485; baseline -0.007 -5"><span class='ocrx_word' id='word_1_341' title='bbox 88 1452 142 1485; x_wconf 66' lang='lat' dir='ltr'><strong>Agar</strong></span> <span class='ocrx_word' id='word_1_342' title='bbox 152 1473 159 1484; x_wconf 89' lang='lat'><strong>,</strong></span> <span class='ocrx_word' id='word_1_343' title='bbox 171 1453 238 1480; x_wconf 89' lang='lat' dir='ltr'><strong>filios</strong></span> <span class='ocrx_word' id='word_1_344' title='bbox 251 1453 378 1480; x_wconf 83' lang='lat' dir='ltr'><strong>militant.</strong></span> <span class='ocrx_word' id='word_1_345' title='bbox 401 1452 460 1480; x_wconf 79' lang='lat' dir='ltr'><strong>Alia</strong></span> <span class='ocrx_word' id='word_1_346' title='bbox 474 1453 546 1480; x_wconf 89' lang='lat' dir='ltr'><strong>enim</strong></span> <span class='ocrx_word' id='word_1_347' title='bbox 562 1459 614 1478; x_wconf 92' lang='lat' dir='ltr'><strong>non</strong></span> <span class='ocrx_word' id='word_1_348' title='bbox 625 1456 668 1478; x_wconf 87' lang='lat' dir='ltr'><strong>est</strong></span> <span class='ocrx_word' id='word_1_349' title='bbox 682 1457 778 1481; x_wconf 84' lang='lat' dir='ltr'><strong>causa,</strong></span> <span class='ocrx_word' id='word_1_350' title='bbox 800 1456 852 1484; x_wconf 87' lang='lat' dir='ltr'><strong>qua</strong></span> 
     </span>
    </p>
   </div>
   <div class='ocr_carea' id='block_1_45' title="bbox 92 1497 853 1533">
    <p class='ocr_par' dir='ltr' id='par_1_45' title="bbox 92 1497 853 1533">
     <span class='ocr_line' id='line_1_45' title="bbox 92 1497 853 1533; baseline -0.003 -9"><span class='ocrx_word' id='word_1_351' title='bbox 92 1498 125 1525; x_wconf 84' lang='lat' dir='ltr'><strong>lilii</strong></span> <span class='ocrx_word' id='word_1_352' title='bbox 142 1499 235 1526; x_wconf 87' lang='lat' dir='ltr'><strong>diaboli</strong></span> <span class='ocrx_word' id='word_1_353' title='bbox 260 1501 398 1533; x_wconf 82' lang='lat' dir='ltr'><strong>irrepant,</strong></span> <span class='ocrx_word' id='word_1_354' title='bbox 424 1499 457 1526; x_wconf 91' lang='lat' dir='ltr'><strong>ad</strong></span> <span class='ocrx_word' id='word_1_355' title='bbox 480 1498 673 1532; x_wconf 82' lang='lat' dir='ltr'><strong>explorandam</strong></span> <span class='ocrx_word' id='word_1_356' title='bbox 702 1497 853 1523; x_wconf 86' lang='lat' dir='ltr'><strong>libertatem</strong></span> 
     </span>
    </p>
   </div>
   <div class='ocr_carea' id='block_1_46' title="bbox 90 1541 855 1576">
    <p class='ocr_par' dir='ltr' id='par_1_46' title="bbox 90 1541 855 1576">
     <span class='ocr_line' id='line_1_46' title="bbox 90 1541 855 1576; baseline -0.004 -7"><span class='ocrx_word' id='word_1_357' title='bbox 90 1549 203 1576; x_wconf 79' lang='lat' dir='ltr'><strong>nostram,</strong></span> <span class='ocrx_word' id='word_1_358' title='bbox 217 1550 243 1571; x_wconf 90' lang='lat' dir='ltr'><strong>et</strong></span> <span class='ocrx_word' id='word_1_359' title='bbox 255 1545 384 1572; x_wconf 85' lang='lat' dir='ltr'><strong>simulent</strong></span> <span class='ocrx_word' id='word_1_360' title='bbox 395 1552 425 1572; x_wconf 86' lang='lat' dir='ltr'><strong>se</strong></span> <span class='ocrx_word' id='word_1_361' title='bbox 439 1544 535 1571; x_wconf 85' lang='lat' dir='ltr'><strong>fratres</strong></span> <span class='ocrx_word' id='word_1_362' title='bbox 547 1563 555 1575; x_wconf 86' lang='lat'><strong><em>.</em></strong></span> <span class='ocrx_word' id='word_1_363' title='bbox 571 1547 597 1569; x_wconf 85' lang='lat' dir='ltr'><strong>et</strong></span> <span class='ocrx_word' id='word_1_364' title='bbox 613 1544 637 1569; x_wconf 91' lang='lat' dir='ltr'><strong>in</strong></span> <span class='ocrx_word' id='word_1_365' title='bbox 651 1541 780 1568; x_wconf 72' lang='lat' dir='ltr'><strong>Pnradiso</strong></span> <span class='ocrx_word' id='word_1_366' title='bbox 794 1547 855 1567; x_wconf 87' lang='lat' dir='ltr'><strong>nos-</strong></span> 
     </span>
    </p>
   </div>
   <div class='ocr_carea' id='block_1_47' title="bbox 91 1586 856 1623">
    <p class='ocr_par' dir='ltr' id='par_1_47' title="bbox 91 1586 856 1623">
     <span class='ocr_line' id='line_1_47' title="bbox 91 1586 856 1623; baseline -0.005 -8"><span class='ocrx_word' id='word_1_367' title='bbox 91 1594 122 1615; x_wconf 84' lang='lat' dir='ltr'><strong>tro</strong></span> <span class='ocrx_word' id='word_1_368' title='bbox 133 1590 198 1616; x_wconf 80' lang='lat' dir='ltr'><strong>velut</strong></span> <span class='ocrx_word' id='word_1_369' title='bbox 213 1591 258 1617; x_wconf 88' lang='lat' dir='ltr'><strong>Dei</strong></span> <span class='ocrx_word' id='word_1_370' title='bbox 274 1590 346 1617; x_wconf 80' lang='lat' dir='ltr'><strong>ﬁlios</strong></span> <span class='ocrx_word' id='word_1_371' title='bbox 369 1590 462 1617; x_wconf 88' lang='lat' dir='ltr'><strong>ludere</strong></span> <span class='ocrx_word' id='word_1_372' title='bbox 479 1599 485 1616; x_wconf 90' lang='lat'>:</span> <span class='ocrx_word' id='word_1_373' title='bbox 503 1596 582 1623; x_wconf 87' lang='lat' dir='ltr'><strong>quam</strong></span> <span class='ocrx_word' id='word_1_374' title='bbox 602 1587 640 1614; x_wconf 79' lang='lat' dir='ltr'><strong>de</strong></span> <span class='ocrx_word' id='word_1_375' title='bbox 650 1588 760 1613; x_wconf 77' lang='lat' dir='ltr'><strong>subacta</strong></span> <span class='ocrx_word' id='word_1_376' title='bbox 777 1586 856 1612; x_wconf 85' lang='lat' dir='ltr'><strong>liber-</strong></span> 
     </span>
    </p>
   </div>
   <div class='ocr_carea' id='block_1_48' title="bbox 898 999 1690 1033">
    <p class='ocr_par' dir='ltr' id='par_1_48' title="bbox 898 999 1690 1033">
     <span class='ocr_line' id='line_1_48' title="bbox 898 999 1690 1033; baseline 0.003 -9"><span class='ocrx_word' id='word_1_377' title='bbox 898 1003 988 1025; x_wconf 89' lang='lat' dir='ltr'><strong>autem</strong></span> <span class='ocrx_word' id='word_1_378' title='bbox 1003 1006 1017 1024; x_wconf 88' lang='lat' dir='ltr'><strong>a</strong></span> <span class='ocrx_word' id='word_1_379' title='bbox 1041 999 1133 1032; x_wconf 86' lang='lat' dir='ltr'><strong>specie</strong></span> <span class='ocrx_word' id='word_1_380' title='bbox 1148 999 1174 1025; x_wconf 90' lang='lat' dir='ltr'><strong>in</strong></span> <span class='ocrx_word' id='word_1_381' title='bbox 1191 1006 1279 1033; x_wconf 79' lang='lat' dir='ltr'><strong>genus</strong></span> <span class='ocrx_word' id='word_1_382' title='bbox 1301 1007 1353 1026; x_wconf 90' lang='lat' dir='ltr'><strong>non</strong></span> <span class='ocrx_word' id='word_1_383' title='bbox 1367 999 1526 1033; x_wconf 88' lang='lat' dir='ltr'><strong>supradicto</strong></span> <span class='ocrx_word' id='word_1_384' title='bbox 1550 999 1631 1026; x_wconf 89' lang='lat' dir='ltr'><strong>modo</strong></span> <span class='ocrx_word' id='word_1_385' title='bbox 1647 1006 1690 1026; x_wconf 89' lang='lat' dir='ltr'><strong>re-</strong></span> 
     </span>
    </p>
   </div>
   <div class='ocr_carea' id='block_1_49' title="bbox 898 1043 1691 1077">
    <p class='ocr_par' dir='ltr' id='par_1_49' title="bbox 898 1043 1691 1077">
     <span class='ocr_line' id='line_1_49' title="bbox 898 1043 1691 1077; baseline 0.001 -9"><span class='ocrx_word' id='word_1_386' title='bbox 898 1043 1023 1069; x_wconf 88' lang='lat' dir='ltr'><strong>vertitur.</strong></span> <span class='ocrx_word' id='word_1_387' title='bbox 1042 1043 1195 1077; x_wconf 78' lang='lat' dir='ltr'><strong>Aliquando</strong></span> <span class='ocrx_word' id='word_1_388' title='bbox 1212 1044 1368 1077; x_wconf 85' lang='lat' dir='ltr'><strong>supradicto</strong></span> <span class='ocrx_word' id='word_1_389' title='bbox 1380 1043 1460 1070; x_wconf 91' lang='lat' dir='ltr'><strong>modo</strong></span> <span class='ocrx_word' id='word_1_390' title='bbox 1472 1044 1580 1077; x_wconf 85' lang='lat' dir='ltr'><strong>transit,</strong></span> <span class='ocrx_word' id='word_1_391' title='bbox 1594 1049 1621 1071; x_wconf 86' lang='lat' dir='ltr'><strong>et</strong></span> <span class='ocrx_word' id='word_1_392' title='bbox 1633 1044 1691 1071; x_wconf 66' lang='lat' dir='ltr'><strong>cvi.</strong></span> 
     </span>
    </p>
   </div>
   <div class='ocr_carea' id='block_1_50' title="bbox 899 1087 1690 1116">
    <p class='ocr_par' dir='ltr' id='par_1_50' title="bbox 899 1087 1690 1116">
     <span class='ocr_line' id='line_1_50' title="bbox 899 1087 1690 1116; baseline 0.001 -2"><span class='ocrx_word' id='word_1_393' title='bbox 899 1087 994 1114; x_wconf 89' lang='lat' dir='ltr'><strong>denter</strong></span> <span class='ocrx_word' id='word_1_394' title='bbox 1021 1088 1166 1115; x_wconf 74' lang='lat' dir='ltr'><strong>revertitur</strong></span> <span class='ocrx_word' id='word_1_395' title='bbox 1189 1087 1270 1115; x_wconf 88' lang='lat' dir='ltr'><strong>simili</strong></span> <span class='ocrx_word' id='word_1_396' title='bbox 1295 1088 1398 1115; x_wconf 87' lang='lat' dir='ltr'><strong>ordinis</strong></span> <span class='ocrx_word' id='word_1_397' title='bbox 1421 1087 1552 1115; x_wconf 87' lang='lat' dir='ltr'><strong>varietate</strong></span> <span class='ocrx_word' id='word_1_398' title='bbox 1575 1096 1582 1115; x_wconf 92' lang='lat'>:</span> <span class='ocrx_word' id='word_1_399' title='bbox 1608 1093 1653 1116; x_wconf 85' lang='lat' dir='ltr'><strong>aut</strong></span> <span class='ocrx_word' id='word_1_400' title='bbox 1675 1096 1690 1115; x_wconf 90' lang='lat' dir='ltr'><strong>a</strong></span> 
     </span>
    </p>
   </div>
   <div class='ocr_carea' id='block_1_51' title="bbox 900 1126 1692 1167">
    <p class='ocr_par' dir='ltr' id='par_1_51' title="bbox 900 1126 1692 1167">
     <span class='ocr_line' id='line_1_51' title="bbox 900 1126 1692 1167; baseline 0.001 -8"><span class='ocrx_word' id='word_1_401' title='bbox 900 1133 990 1166; x_wconf 89' lang='lat' dir='ltr'><strong>specie</strong></span> <span class='ocrx_word' id='word_1_402' title='bbox 1005 1133 1030 1159; x_wconf 94' lang='lat' dir='ltr'><strong>in</strong></span> <span class='ocrx_word' id='word_1_403' title='bbox 1044 1140 1139 1167; x_wconf 79' lang='lat' dir='ltr'><strong>genus,</strong></span> <span class='ocrx_word' id='word_1_404' title='bbox 1153 1138 1198 1159; x_wconf 90' lang='lat' dir='ltr'><strong>aut</strong></span> <span class='ocrx_word' id='word_1_405' title='bbox 1209 1140 1224 1160; x_wconf 86' lang='lat' dir='ltr'><strong>a</strong></span> <span class='ocrx_word' id='word_1_406' title='bbox 1235 1134 1371 1167; x_wconf 72' lang='lat' dir='ltr'><strong>generein</strong></span> <span class='ocrx_word' id='word_1_407' title='bbox 1384 1126 1513 1166; x_wconf 65' lang='lat' dir='ltr'><strong>spe&#39;ciem,</strong></span> <span class='ocrx_word' id='word_1_408' title='bbox 1528 1133 1586 1160; x_wconf 85' lang='lat' dir='ltr'><strong>ﬁuit</strong></span> <span class='ocrx_word' id='word_1_409' title='bbox 1599 1141 1692 1160; x_wconf 79' lang='lat' dir='ltr'><strong>narra-</strong></span> 
     </span>
    </p>
   </div>
   <div class='ocr_carea' id='block_1_52' title="bbox 901 1178 1690 1213">
    <p class='ocr_par' dir='ltr' id='par_1_52' title="bbox 901 1178 1690 1213">
     <span class='ocr_line' id='line_1_52' title="bbox 901 1178 1690 1213; baseline 0.003 -9"><span class='ocrx_word' id='word_1_410' title='bbox 901 1178 1015 1206; x_wconf 89' lang='lat' dir='ltr'><strong>tionem.</strong></span> <span class='ocrx_word' id='word_1_411' title='bbox 1033 1179 1186 1213; x_wconf 78' lang='lat' dir='ltr'><strong>Aliquando</strong></span> <span class='ocrx_word' id='word_1_412' title='bbox 1199 1179 1269 1206; x_wconf 92' lang='lat' dir='ltr'><strong>redit</strong></span> <span class='ocrx_word' id='word_1_413' title='bbox 1282 1186 1316 1205; x_wconf 83' lang='lat' dir='ltr'><strong>ex</strong></span> <span class='ocrx_word' id='word_1_414' title='bbox 1332 1178 1382 1205; x_wconf 88' lang='lat' dir='ltr'><strong>ltoc</strong></span> <span class='ocrx_word' id='word_1_415' title='bbox 1397 1179 1423 1205; x_wconf 91' lang='lat' dir='ltr'><strong>in</strong></span> <span class='ocrx_word' id='word_1_416' title='bbox 1439 1178 1505 1205; x_wconf 90' lang='lat' dir='ltr'><strong>illud</strong></span> <span class='ocrx_word' id='word_1_417' title='bbox 1521 1186 1574 1206; x_wconf 91' lang='lat' dir='ltr'><strong>non</strong></span> <span class='ocrx_word' id='word_1_418' title='bbox 1587 1179 1690 1206; x_wconf 83' lang='lat' dir='ltr'><strong>semel:</strong></span> 
     </span>
    </p>
   </div>
   <div class='ocr_carea' id='block_1_53' title="bbox 901 1224 1692 1258">
    <p class='ocr_par' dir='ltr' id='par_1_53' title="bbox 901 1224 1692 1258">
     <span class='ocr_line' id='line_1_53' title="bbox 901 1224 1692 1258; baseline -0.001 -7"><span class='ocrx_word' id='word_1_419' title='bbox 901 1228 929 1251; x_wconf 88' lang='lat' dir='ltr'><strong>et</strong></span> <span class='ocrx_word' id='word_1_420' title='bbox 948 1225 1038 1251; x_wconf 90' lang='lat' dir='ltr'><strong>omnis</strong></span> <span class='ocrx_word' id='word_1_421' title='bbox 1053 1225 1172 1251; x_wconf 82' lang='lat' dir='ltr'><strong>narratio</strong></span> <span class='ocrx_word' id='word_1_422' title='bbox 1194 1231 1244 1251; x_wconf 86' lang='lat' dir='ltr'><strong>nec</strong></span> <span class='ocrx_word' id='word_1_423' title='bbox 1263 1224 1380 1258; x_wconf 86' lang='lat' dir='ltr'><strong>speciem</strong></span> <span class='ocrx_word' id='word_1_424' title='bbox 1396 1224 1514 1257; x_wconf 77' lang='lat' dir='ltr'><strong>excedit,</strong></span> <span class='ocrx_word' id='word_1_425' title='bbox 1536 1231 1586 1251; x_wconf 89' lang='lat' dir='ltr'><strong>nec</strong></span> <span class='ocrx_word' id='word_1_426' title='bbox 1607 1230 1692 1258; x_wconf 71' lang='lat' dir='ltr'><strong>genus</strong></span> 
     </span>
    </p>
   </div>
   <div class='ocr_carea' id='block_1_54' title="bbox 889 1270 1691 1305">
    <p class='ocr_par' dir='ltr' id='par_1_54' title="bbox 889 1270 1691 1305">
     <span class='ocr_line' id='line_1_54' title="bbox 889 1270 1691 1305; baseline -0.001 -8"><span class='ocrx_word' id='word_1_427' title='bbox 889 1271 1040 1305; x_wconf 80' lang='lat' dir='ltr'><strong>&#39;pra-terit,</strong></span> <span class='ocrx_word' id='word_1_428' title='bbox 1063 1271 1089 1298; x_wconf 88' lang='lat' dir='ltr'><strong>in</strong></span> <span class='ocrx_word' id='word_1_429' title='bbox 1114 1275 1257 1305; x_wconf 87' lang='lat' dir='ltr'><strong>utrumque</strong></span> <span class='ocrx_word' id='word_1_430' title='bbox 1281 1271 1456 1297; x_wconf 80' lang='lat' dir='ltr'><strong>conveniens.</strong></span> <span class='ocrx_word' id='word_1_431' title='bbox 1489 1270 1551 1297; x_wconf 77' lang='lat' dir='ltr'><strong>Ha-c</strong></span> <span class='ocrx_word' id='word_1_432' title='bbox 1574 1270 1691 1297; x_wconf 85' lang='lat' dir='ltr'><strong>varietas</strong></span> 
     </span>
    </p>
   </div>
   <div class='ocr_carea' id='block_1_55' title="bbox 903 1314 1690 1353">
    <p class='ocr_par' dir='ltr' id='par_1_55' title="bbox 903 1314 1690 1353">
     <span class='ocr_line' id='line_1_55' title="bbox 903 1314 1690 1353; baseline 0.003 -14"><span class='ocrx_word' id='word_1_433' title='bbox 903 1316 1087 1342; x_wconf 61' lang='lat' dir='ltr'><strong>translationis</strong></span> <span class='ocrx_word' id='word_1_434' title='bbox 1101 1321 1128 1343; x_wconf 90' lang='lat' dir='ltr'><strong>et</strong></span> <span class='ocrx_word' id='word_1_435' title='bbox 1136 1315 1325 1353; x_wconf 74' lang='lat' dir='ltr'><strong>ordinisexigit</strong></span> <span class='ocrx_word' id='word_1_436' title='bbox 1338 1315 1497 1349; x_wconf 61' lang='lat' dir='ltr'><strong>fidumque:</strong></span> <span class='ocrx_word' id='word_1_437' title='bbox 1509 1316 1625 1350; x_wconf 70' lang='lat' dir='ltr'><strong>gratiam</strong></span> <span class='ocrx_word' id='word_1_438' title='bbox 1643 1314 1690 1342; x_wconf 89' lang='lat' dir='ltr'><strong>Dei</strong></span> 
     </span>
    </p>
   </div>
   <div class='ocr_carea' id='block_1_56' title="bbox 903 1362 1692 1397">
    <p class='ocr_par' dir='ltr' id='par_1_56' title="bbox 903 1362 1692 1397">
     <span class='ocr_line' id='line_1_56' title="bbox 903 1362 1692 1397; baseline -0.001 -9"><span class='ocrx_word' id='word_1_439' title='bbox 903 1367 1016 1397; x_wconf 79' lang='lat' dir='ltr'><strong>qmerat.</strong></span> <span class='ocrx_word' id='word_1_440' title='bbox 1032 1362 1076 1390; x_wconf 77' lang='lat' dir='ltr'><strong>Sic</strong></span> <span class='ocrx_word' id='word_1_441' title='bbox 1092 1363 1221 1390; x_wconf 88' lang='lat' dir='ltr'><strong>Dominus</strong></span> <span class='ocrx_word' id='word_1_442' title='bbox 1236 1370 1282 1396; x_wconf 81' lang='lat' dir='ltr'><strong>per</strong></span> <span class='ocrx_word' id='word_1_443' title='bbox 1292 1362 1457 1389; x_wconf 70' lang='lat' dir='ltr'><strong>Elechielem</strong></span> <span class='ocrx_word' id='word_1_444' title='bbox 1472 1362 1599 1395; x_wconf 86' lang='lat' dir='ltr'><strong>loquitur,</strong></span> <span class='ocrx_word' id='word_1_445' title='bbox 1611 1366 1637 1388; x_wconf 92' lang='lat' dir='ltr'><strong>et</strong></span> <span class='ocrx_word' id='word_1_446' title='bbox 1648 1369 1692 1388; x_wconf 86' lang='lat' dir='ltr'><strong>re-</strong></span> 
     </span>
    </p>
   </div>
   <div class='ocr_carea' id='block_1_57' title="bbox 904 1406 1692 1442">
    <p class='ocr_par' dir='ltr' id='par_1_57' title="bbox 904 1406 1692 1442">
     <span class='ocr_line' id='line_1_57' title="bbox 904 1406 1692 1442; baseline 0.001 -9"><span class='ocrx_word' id='word_1_447' title='bbox 904 1410 983 1442; x_wconf 78' lang='lat' dir='ltr'><strong>gibus</strong></span> <span class='ocrx_word' id='word_1_448' title='bbox 1000 1416 1093 1435; x_wconf 83' lang='lat' dir='ltr'><strong>eorum</strong></span> <span class='ocrx_word' id='word_1_449' title='bbox 1106 1429 1114 1441; x_wconf 89' lang='lat'><strong>,</strong></span> <span class='ocrx_word' id='word_1_450' title='bbox 1138 1409 1183 1442; x_wconf 87' lang='lat' dir='ltr'><strong>qui</strong></span> <span class='ocrx_word' id='word_1_451' title='bbox 1199 1409 1233 1435; x_wconf 82' lang='lat' dir='ltr'><strong>ab</strong></span> <span class='ocrx_word' id='word_1_452' title='bbox 1258 1408 1425 1435; x_wconf 86' lang='lat' dir='ltr'><strong>Hierusalem</strong></span> <span class='ocrx_word' id='word_1_453' title='bbox 1449 1406 1559 1441; x_wconf 86' lang='lat' dir='ltr'><strong>captiet</strong></span> <span class='ocrx_word' id='word_1_454' title='bbox 1576 1406 1692 1441; x_wconf 78' lang='lat' dir='ltr'><strong>dispersi</strong></span> 
     </span>
    </p>
   </div>
   <div class='ocr_carea' id='block_1_58' title="bbox 906 1455 1691 1490">
    <p class='ocr_par' dir='ltr' id='par_1_58' title="bbox 906 1455 1691 1490">
     <span class='ocr_line' id='line_1_58' title="bbox 906 1455 1691 1490; baseline -0.003 -9"><span class='ocrx_word' id='word_1_455' title='bbox 906 1455 1024 1486; x_wconf 82' lang='lat' dir='ltr'><strong>fuerant.</strong></span> <span class='ocrx_word' id='word_1_456' title='bbox 1039 1457 1156 1490; x_wconf 73' lang='lat' dir='ltr'><strong>gentium</strong></span> <span class='ocrx_word' id='word_1_457' title='bbox 1171 1455 1258 1490; x_wconf 79' lang='lat' dir='ltr'><strong>jungit</strong></span> <span class='ocrx_word' id='word_1_458' title='bbox 1269 1455 1426 1486; x_wconf 77' lang='lat' dir='ltr'><strong>adventum,</strong></span> <span class='ocrx_word' id='word_1_459' title='bbox 1438 1458 1466 1481; x_wconf 82' lang='lat' dir='ltr'><strong>et</strong></span> <span class='ocrx_word' id='word_1_460' title='bbox 1479 1455 1504 1481; x_wconf 92' lang='lat' dir='ltr'><strong>in</strong></span> <span class='ocrx_word' id='word_1_461' title='bbox 1516 1458 1598 1485; x_wconf 86' lang='lat' dir='ltr'><strong>terra,</strong></span> <span class='ocrx_word' id='word_1_462' title='bbox 1612 1460 1691 1488; x_wconf 85' lang='lat' dir='ltr'><strong>quam</strong></span> 
     </span>
    </p>
   </div>
   <div class='ocr_carea' id='block_1_59' title="bbox 906 1498 1733 1535">
    <p class='ocr_par' dir='ltr' id='par_1_59' title="bbox 906 1498 1733 1535">
     <span class='ocr_line' id='line_1_59' title="bbox 906 1498 1733 1535; baseline -0.004 -7"><span class='ocrx_word' id='word_1_463' title='bbox 906 1501 999 1528; x_wconf 84' lang='lat' dir='ltr'><strong>Patres</strong></span> <span class='ocrx_word' id='word_1_464' title='bbox 1009 1502 1093 1528; x_wconf 90' lang='lat' dir='ltr'><strong>nostri</strong></span> <span class='ocrx_word' id='word_1_465' title='bbox 1104 1500 1428 1535; x_wconf 66' lang='lat' dir='ltr'><strong>possederunt,exprimit</strong></span> <span class='ocrx_word' id='word_1_466' title='bbox 1437 1502 1577 1526; x_wconf 84' lang='lat' dir='ltr'><strong>mtmdnm.</strong></span> <span class='ocrx_word' id='word_1_467' title='bbox 1585 1498 1694 1532; x_wconf 87' lang='lat' dir='ltr'><strong>Septem</strong></span> <span class='ocrx_word' id='word_1_468' title='bbox 1730 1523 1733 1524; x_wconf 38' lang='grc' dir='ltr'><em>ν</em></span> 
     </span>
    </p>
   </div>
   <div class='ocr_carea' id='block_1_60' title="bbox 907 1545 1694 1580">
    <p class='ocr_par' dir='ltr' id='par_1_60' title="bbox 907 1545 1694 1580">
     <span class='ocr_line' id='line_1_60' title="bbox 907 1545 1694 1580; baseline -0.001 -8"><span class='ocrx_word' id='word_1_469' title='bbox 907 1547 980 1573; x_wconf 88' lang='lat' dir='ltr'><strong>enim</strong></span> <span class='ocrx_word' id='word_1_470' title='bbox 992 1550 1085 1580; x_wconf 77' lang='lat' dir='ltr'><strong>gentes</strong></span> <span class='ocrx_word' id='word_1_471' title='bbox 1100 1545 1215 1573; x_wconf 78' lang='lat' dir='ltr'><strong>Abraha:</strong></span> <span class='ocrx_word' id='word_1_472' title='bbox 1229 1546 1380 1580; x_wconf 58' lang='lat' dir='ltr'><strong>promissa‘,</strong></span> <span class='ocrx_word' id='word_1_473' title='bbox 1394 1546 1478 1579; x_wconf 82' lang='lat' dir='ltr'><strong>ligura</strong></span> <span class='ocrx_word' id='word_1_474' title='bbox 1492 1550 1556 1571; x_wconf 88' lang='lat' dir='ltr'><strong>sunt</strong></span> <span class='ocrx_word' id='word_1_475' title='bbox 1575 1545 1694 1571; x_wconf 86' lang='lat' dir='ltr'><strong>omnium</strong></span> 
     </span>
    </p>
   </div>
   <div class='ocr_carea' id='block_1_61' title="bbox 907 1589 1695 1625">
    <p class='ocr_par' dir='ltr' id='par_1_61' title="bbox 907 1589 1695 1625">
     <span class='ocr_line' id='line_1_61' title="bbox 907 1589 1695 1625; baseline -0.003 -8"><span class='ocrx_word' id='word_1_476' title='bbox 907 1591 1038 1625; x_wconf 81' lang='lat' dir='ltr'><strong>gentium.</strong></span> <span class='ocrx_word' id='word_1_477' title='bbox 1066 1590 1161 1617; x_wconf 77' lang='lat' dir='ltr'><strong>Factus</strong></span> <span class='ocrx_word' id='word_1_478' title='bbox 1189 1595 1237 1623; x_wconf 77' lang='lat' dir='ltr'><strong>est,</strong></span> <span class='ocrx_word' id='word_1_479' title='bbox 1264 1591 1360 1624; x_wconf 82' lang='lat' dir='ltr'><strong>inquit,</strong></span> <span class='ocrx_word' id='word_1_480' title='bbox 1376 1590 1410 1615; x_wconf 86' lang='lat' dir='ltr'><strong>ad</strong></span> <span class='ocrx_word' id='word_1_481' title='bbox 1425 1598 1464 1616; x_wconf 85' lang='lat' dir='ltr'><strong>me</strong></span> <span class='ocrx_word' id='word_1_482' title='bbox 1482 1597 1564 1616; x_wconf 80' lang='lat' dir='ltr'><strong>sermo</strong></span> <span class='ocrx_word' id='word_1_483' title='bbox 1579 1589 1695 1621; x_wconf 83' lang='lat' dir='ltr'><strong>Domini,</strong></span> 
     </span>
    </p>
   </div>
   <div class='ocr_carea' id='block_1_62' title="bbox 90 1632 1696 1671">
    <p class='ocr_par' dir='ltr' id='par_1_62' title="bbox 90 1632 1696 1671">
     <span class='ocr_line' id='line_1_62' title="bbox 90 1632 1696 1671; baseline -0.002 -7"><span class='ocrx_word' id='word_1_484' title='bbox 90 1639 131 1663; x_wconf 75' lang='lat' dir='ltr'><strong>tate</strong></span> <span class='ocrx_word' id='word_1_485' title='bbox 144 1636 254 1663; x_wconf 80' lang='lat' dir='ltr'><strong>ﬁliorum</strong></span> <span class='ocrx_word' id='word_1_486' title='bbox 264 1637 312 1664; x_wconf 86' lang='lat' dir='ltr'><strong>Dei</strong></span> <span class='ocrx_word' id='word_1_487' title='bbox 323 1636 486 1671; x_wconf 74' lang='lat' dir='ltr'><strong>glorientur,</strong></span> <span class='ocrx_word' id='word_1_488' title='bbox 499 1636 544 1668; x_wconf 82' lang='lat' dir='ltr'><strong>qui</strong></span> <span class='ocrx_word' id='word_1_489' title='bbox 556 1634 701 1669; x_wconf 71' lang='lat' dir='ltr'><strong>porlabum</strong></span> <span class='ocrx_word' id='word_1_490' title='bbox 714 1632 855 1667; x_wconf 65' lang='grc' dir='ltr'><strong>Ῑιιάίοίυιηε</strong></span> <span class='ocrx_word' id='word_1_491' title='bbox 870 1633 893 1664; x_wconf 85' lang='lat' dir='ltr'><strong>C</strong></span> <span class='ocrx_word' id='word_1_492' title='bbox 909 1638 994 1663; x_wconf 84' lang='lat' dir='ltr'><strong>dicens</strong></span> <span class='ocrx_word' id='word_1_493' title='bbox 1011 1645 1019 1663; x_wconf 95' lang='lat'><strong><em>:</em></strong></span> <span class='ocrx_word' id='word_1_494' title='bbox 1041 1635 1094 1662; x_wconf 84' lang='lat' dir='ltr'><strong>Fili</strong></span> <span class='ocrx_word' id='word_1_495' title='bbox 1108 1636 1234 1667; x_wconf 79' lang='lat' dir='ltr'><strong>hominis,</strong></span> <span class='ocrx_word' id='word_1_496' title='bbox 1249 1636 1340 1662; x_wconf 83' lang='lat' dir='ltr'><strong>domus</strong></span> <span class='ocrx_word' id='word_1_497' title='bbox 1360 1634 1442 1661; x_wconf 80' lang='lat' dir='ltr'><strong>Israel</strong></span> <span class='ocrx_word' id='word_1_498' title='bbox 1468 1634 1642 1661; x_wconf 75' lang='lat' dir='ltr'><strong>habitaverunt</strong></span> <span class='ocrx_word' id='word_1_499' title='bbox 1668 1635 1696 1661; x_wconf 75' lang='lat' dir='ltr'><strong>in</strong></span> 
     </span>
    </p>
   </div>
   <div class='ocr_carea' id='block_1_63' title="bbox 91 1680 856 1714">
    <p class='ocr_par' dir='ltr' id='par_1_63' title="bbox 91 1680 856 1714">
     <span class='ocr_line' id='line_1_63' title="bbox 91 1680 856 1714; baseline -0.004 -8"><span class='ocrx_word' id='word_1_500' title='bbox 91 1681 278 1714; x_wconf 74' lang='lat' dir='ltr'><strong>qualescumque</strong></span> <span class='ocrx_word' id='word_1_501' title='bbox 293 1681 330 1707; x_wconf 79' lang='lat' dir='ltr'><strong>illi</strong></span> <span class='ocrx_word' id='word_1_502' title='bbox 346 1680 463 1712; x_wconf 85' lang='lat' dir='ltr'><strong>fuerint,</strong></span> <span class='ocrx_word' id='word_1_503' title='bbox 479 1680 523 1714; x_wconf 85' lang='lat' dir='ltr'><strong>qui</strong></span> <span class='ocrx_word' id='word_1_504' title='bbox 539 1686 646 1706; x_wconf 88' lang='lat' dir='ltr'><strong>omnem</strong></span> <span class='ocrx_word' id='word_1_505' title='bbox 658 1681 779 1704; x_wconf 88' lang='lat' dir='ltr'><strong>sanctum</strong></span> <span class='ocrx_word' id='word_1_506' title='bbox 796 1684 856 1710; x_wconf 91' lang='lat' dir='ltr'><strong>per-</strong></span> 
     </span>
    </p>
   </div>
   <div class='ocr_carea' id='block_1_64' title="bbox 91 1724 857 1761">
    <p class='ocr_par' dir='ltr' id='par_1_64' title="bbox 91 1724 857 1761">
     <span class='ocr_line' id='line_1_64' title="bbox 91 1724 857 1761; baseline -0.008 -7"><span class='ocrx_word' id='word_1_507' title='bbox 91 1727 249 1757; x_wconf 68' lang='lat' dir='ltr'><strong>iculisunt.</strong></span> <span class='ocrx_word' id='word_1_508' title='bbox 270 1726 315 1761; x_wconf 91' lang='lat' dir='ltr'><strong>qui</strong></span> <span class='ocrx_word' id='word_1_509' title='bbox 337 1725 480 1761; x_wconf 84' lang='lat' dir='ltr'><strong>prophetas</strong></span> <span class='ocrx_word' id='word_1_510' title='bbox 495 1724 668 1756; x_wconf 85' lang='lat' dir='ltr'><strong>occiderunt,</strong></span> <span class='ocrx_word' id='word_1_511' title='bbox 692 1724 736 1758; x_wconf 87' lang='lat' dir='ltr'><strong>qui</strong></span> <span class='ocrx_word' id='word_1_512' title='bbox 751 1730 857 1756; x_wconf 71' lang='lat' dir='ltr'><strong>semper</strong></span> 
     </span>
    </p>
   </div>
   <div class='ocr_carea' id='block_1_65' title="bbox 91 1768 856 1805">
    <p class='ocr_par' dir='ltr' id='par_1_65' title="bbox 91 1768 856 1805">
     <span class='ocr_line' id='line_1_65' title="bbox 91 1768 856 1805; baseline -0.007 -7"><span class='ocrx_word' id='word_1_513' title='bbox 91 1770 182 1805; x_wconf 66' lang='lat' dir='ltr'><strong>Spiritui</strong></span> <span class='ocrx_word' id='word_1_514' title='bbox 195 1776 290 1799; x_wconf 66' lang='lat' dir='ltr'><strong>sancto</strong></span> <span class='ocrx_word' id='word_1_515' title='bbox 305 1771 482 1802; x_wconf 80' lang='lat' dir='ltr'><strong>restiterunt;</strong></span> <span class='ocrx_word' id='word_1_516' title='bbox 510 1770 609 1797; x_wconf 82' lang='lat' dir='ltr'><strong>inimici</strong></span> <span class='ocrx_word' id='word_1_517' title='bbox 631 1768 719 1796; x_wconf 88' lang='lat' dir='ltr'><strong>crucis</strong></span> <span class='ocrx_word' id='word_1_518' title='bbox 739 1768 856 1799; x_wconf 82' lang='lat' dir='ltr'><strong>Christi,</strong></span> 
     </span>
    </p>
   </div>
   <div class='ocr_carea' id='block_1_66' title="bbox 91 1814 857 1852">
    <p class='ocr_par' dir='ltr' id='par_1_66' title="bbox 91 1814 857 1852">
     <span class='ocr_line' id='line_1_66' title="bbox 91 1814 857 1852; baseline -0.009 -6"><span class='ocrx_word' id='word_1_519' title='bbox 91 1822 201 1852; x_wconf 58' lang='lat' dir='ltr'><strong>mutes</strong></span> <span class='ocrx_word' id='word_1_520' title='bbox 220 1817 361 1846; x_wconf 76' lang='lat' dir='ltr'><strong>Christum</strong></span> <span class='ocrx_word' id='word_1_521' title='bbox 384 1817 410 1843; x_wconf 91' lang='lat' dir='ltr'><strong>in</strong></span> <span class='ocrx_word' id='word_1_522' title='bbox 435 1823 537 1848; x_wconf 85' lang='lat' dir='ltr'><strong>carne,</strong></span> <span class='ocrx_word' id='word_1_523' title='bbox 567 1816 631 1842; x_wconf 89' lang='lat' dir='ltr'><strong>dum</strong></span> <span class='ocrx_word' id='word_1_524' title='bbox 656 1815 714 1849; x_wconf 88' lang='lat' dir='ltr'><strong>ejus</strong></span> <span class='ocrx_word' id='word_1_525' title='bbox 740 1814 857 1840; x_wconf 88' lang='lat' dir='ltr'><strong>membra</strong></span> 
     </span>
    </p>
   </div>
   <div class='ocr_carea' id='block_1_67' title="bbox 91 1859 860 1898">
    <p class='ocr_par' dir='ltr' id='par_1_67' title="bbox 91 1859 860 1898">
     <span class='ocr_line' id='line_1_67' title="bbox 91 1859 860 1898; baseline -0.009 -7"><span class='ocrx_word' id='word_1_526' title='bbox 91 1862 204 1896; x_wconf 62' lang='lat' dir='ltr'><strong>«hiut,</strong></span> <span class='ocrx_word' id='word_1_527' title='bbox 219 1871 320 1898; x_wconf 84' lang='lat' dir='ltr'><strong>corpus</strong></span> <span class='ocrx_word' id='word_1_528' title='bbox 340 1863 462 1898; x_wconf 83' lang='lat' dir='ltr'><strong>peccati,</strong></span> <span class='ocrx_word' id='word_1_529' title='bbox 482 1861 529 1889; x_wconf 88' lang='lat' dir='ltr'><strong>lilii</strong></span> <span class='ocrx_word' id='word_1_530' title='bbox 551 1860 701 1889; x_wconf 81' lang='lat' dir='ltr'><strong>exterminii</strong></span> <span class='ocrx_word' id='word_1_531' title='bbox 715 1881 722 1891; x_wconf 87' lang='lat'><strong>,</strong></span> <span class='ocrx_word' id='word_1_532' title='bbox 738 1859 860 1886; x_wconf 87' lang='lat' dir='ltr'><strong>ministe-</strong></span> 
     </span>
    </p>
   </div>
   <div class='ocr_carea' id='block_1_68' title="bbox 91 1906 859 1944">
    <p class='ocr_par' dir='ltr' id='par_1_68' title="bbox 91 1906 859 1944">
     <span class='ocr_line' id='line_1_68' title="bbox 91 1906 859 1944; baseline -0.008 -8"><span class='ocrx_word' id='word_1_533' title='bbox 91 1909 147 1936; x_wconf 72' lang='lat' dir='ltr'><strong>rium</strong></span> <span class='ocrx_word' id='word_1_534' title='bbox 159 1910 302 1942; x_wconf 82' lang='lat' dir='ltr'><strong>facinoris,</strong></span> <span class='ocrx_word' id='word_1_535' title='bbox 318 1910 363 1944; x_wconf 89' lang='lat' dir='ltr'><strong>qui</strong></span> <span class='ocrx_word' id='word_1_536' title='bbox 385 1909 498 1937; x_wconf 85' lang='lat' dir='ltr'><strong>veniunt</strong></span> <span class='ocrx_word' id='word_1_537' title='bbox 512 1907 658 1935; x_wconf 87' lang='lat' dir='ltr'><strong>secundum</strong></span> <span class='ocrx_word' id='word_1_538' title='bbox 676 1906 859 1940; x_wconf 81' lang='lat' dir='ltr'><strong>operationem</strong></span> 
     </span>
    </p>
   </div>
   <div class='ocr_carea' id='block_1_69' title="bbox 92 1950 862 1988">
    <p class='ocr_par' dir='ltr' id='par_1_69' title="bbox 92 1950 862 1988">
     <span class='ocr_line' id='line_1_69' title="bbox 92 1950 862 1988; baseline -0.008 -5"><span class='ocrx_word' id='word_1_539' title='bbox 92 1955 179 1982; x_wconf 65' lang='lat' dir='ltr'><strong>Solane</strong></span> <span class='ocrx_word' id='word_1_540' title='bbox 194 1956 220 1983; x_wconf 91' lang='lat' dir='ltr'><strong>in</strong></span> <span class='ocrx_word' id='word_1_541' title='bbox 233 1955 309 1983; x_wconf 89' lang='lat' dir='ltr'><strong>omni</strong></span> <span class='ocrx_word' id='word_1_542' title='bbox 323 1956 422 1982; x_wconf 71' lang='lat' dir='ltr'><strong>virtute</strong></span> <span class='ocrx_word' id='word_1_543' title='bbox 436 1975 444 1988; x_wconf 89' lang='lat'><strong>,</strong></span> <span class='ocrx_word' id='word_1_544' title='bbox 463 1954 547 1988; x_wconf 74' lang='lat' dir='ltr'><strong>signis</strong></span> <span class='ocrx_word' id='word_1_545' title='bbox 567 1957 595 1980; x_wconf 85' lang='lat' dir='ltr'><strong>et</strong></span> <span class='ocrx_word' id='word_1_546' title='bbox 608 1952 738 1987; x_wconf 75' lang='lat' dir='ltr'><strong>prodigiis</strong></span> <span class='ocrx_word' id='word_1_547' title='bbox 751 1972 759 1983; x_wconf 84' lang='lat'><strong>,</strong></span> <span class='ocrx_word' id='word_1_548' title='bbox 781 1950 862 1985; x_wconf 85' lang='lat' dir='ltr'><strong>spiri-</strong></span> 
     </span>
    </p>
   </div>
   <div class='ocr_carea' id='block_1_70' title="bbox 92 1996 862 2037">
    <p class='ocr_par' dir='ltr' id='par_1_70' title="bbox 92 1996 862 2037">
     <span class='ocr_line' id='line_1_70' title="bbox 92 1996 862 2037; baseline -0.01 -9"><span class='ocrx_word' id='word_1_549' title='bbox 92 2001 159 2028; x_wconf 68' lang='lat' dir='ltr'><strong>talia</strong></span> <span class='ocrx_word' id='word_1_550' title='bbox 173 2002 300 2037; x_wconf 72' lang='lat' dir='ltr'><strong>nequitiae</strong></span> <span class='ocrx_word' id='word_1_551' title='bbox 314 2001 341 2027; x_wconf 91' lang='lat' dir='ltr'><strong>in</strong></span> <span class='ocrx_word' id='word_1_552' title='bbox 362 1999 518 2028; x_wconf 71' lang='lat' dir='ltr'><strong>coelestibus</strong></span> <span class='ocrx_word' id='word_1_553' title='bbox 535 2008 541 2025; x_wconf 90' lang='lat'>:</span> <span class='ocrx_word' id='word_1_554' title='bbox 554 2005 620 2033; x_wconf 87' lang='lat' dir='ltr'><strong>quos</strong></span> <span class='ocrx_word' id='word_1_555' title='bbox 629 1997 758 2024; x_wconf 88' lang='lat' dir='ltr'><strong>Dominus</strong></span> <span class='ocrx_word' id='word_1_556' title='bbox 771 1996 862 2023; x_wconf 59' lang='lat' dir='ltr'><strong>Chris.</strong></span> 
     </span>
    </p>
   </div>
   <div class='ocr_carea' id='block_1_71' title="bbox 92 2042 862 2083">
    <p class='ocr_par' dir='ltr' id='par_1_71' title="bbox 92 2042 862 2083">
     <span class='ocr_line' id='line_1_71' title="bbox 92 2042 862 2083; baseline -0.013 -6"><span class='ocrx_word' id='word_1_557' title='bbox 92 2052 143 2081; x_wconf 70' lang='lat' dir='ltr'><strong>ll,</strong></span> <span class='ocrx_word' id='word_1_558' title='bbox 156 2056 232 2083; x_wconf 85' lang='lat' dir='ltr'><strong>quem</strong></span> <span class='ocrx_word' id='word_1_559' title='bbox 248 2048 276 2076; x_wconf 89' lang='lat' dir='ltr'><strong>in</strong></span> <span class='ocrx_word' id='word_1_560' title='bbox 295 2055 376 2076; x_wconf 81' lang='lat' dir='ltr'><strong>carne</strong></span> <span class='ocrx_word' id='word_1_561' title='bbox 390 2050 597 2082; x_wconf 84' lang='lat' dir='ltr'><strong>persequuntur,</strong></span> <span class='ocrx_word' id='word_1_562' title='bbox 613 2043 754 2071; x_wconf 89' lang='lat' dir='ltr'><strong>interliciet</strong></span> <span class='ocrx_word' id='word_1_563' title='bbox 767 2042 862 2076; x_wconf 88' lang='lat' dir='ltr'><strong>spiritu</strong></span> 
     </span>
    </p>
   </div>
   <div class='ocr_carea' id='block_1_72' title="bbox 93 2086 861 2126">
    <p class='ocr_par' dir='ltr' id='par_1_72' title="bbox 93 2086 861 2126">
     <span class='ocr_line' id='line_1_72' title="bbox 93 2086 861 2126; baseline -0.01 -6"><span class='ocrx_word' id='word_1_564' title='bbox 93 2094 138 2120; x_wconf 78' lang='lat' dir='ltr'><strong>oris</strong></span> <span class='ocrx_word' id='word_1_565' title='bbox 157 2094 211 2126; x_wconf 80' lang='lat' dir='ltr'><strong>sui,</strong></span> <span class='ocrx_word' id='word_1_566' title='bbox 233 2099 261 2122; x_wconf 91' lang='lat' dir='ltr'><strong>et</strong></span> <span class='ocrx_word' id='word_1_567' title='bbox 285 2094 407 2121; x_wconf 86' lang='lat' dir='ltr'><strong>destruet</strong></span> <span class='ocrx_word' id='word_1_568' title='bbox 421 2091 635 2119; x_wconf 80' lang='lat' dir='ltr'><strong>manifestatione</strong></span> <span class='ocrx_word' id='word_1_569' title='bbox 657 2088 788 2115; x_wconf 83' lang='lat' dir='ltr'><strong>adventus</strong></span> <span class='ocrx_word' id='word_1_570' title='bbox 811 2086 861 2114; x_wconf 90' lang='lat' dir='ltr'><strong>sui.</strong></span> 
     </span>
    </p>
   </div>
   <div class='ocr_carea' id='block_1_73' title="bbox 92 2132 863 2174">
    <p class='ocr_par' dir='ltr' id='par_1_73' title="bbox 92 2132 863 2174">
     <span class='ocr_line' id='line_1_73' title="bbox 92 2132 863 2174; baseline -0.01 -7"><span class='ocrx_word' id='word_1_571' title='bbox 92 2138 194 2174; x_wconf 80' lang='lat' dir='ltr'><strong>Tempus</strong></span> <span class='ocrx_word' id='word_1_572' title='bbox 204 2145 248 2168; x_wconf 86' lang='lat' dir='ltr'><strong>est</strong></span> <span class='ocrx_word' id='word_1_573' title='bbox 266 2141 338 2169; x_wconf 85' lang='lat' dir='ltr'><strong>enim</strong></span> <span class='ocrx_word' id='word_1_574' title='bbox 356 2160 362 2171; x_wconf 86' lang='lat'><strong>,</strong></span> <span class='ocrx_word' id='word_1_575' title='bbox 378 2139 448 2174; x_wconf 86' lang='lat' dir='ltr'><strong>quod</strong></span> <span class='ocrx_word' id='word_1_576' title='bbox 464 2138 522 2165; x_wconf 68' lang='lat' dir='ltr'><strong>hrc</strong></span> <span class='ocrx_word' id='word_1_577' title='bbox 533 2144 586 2163; x_wconf 87' lang='lat' dir='ltr'><strong>non</strong></span> <span class='ocrx_word' id='word_1_578' title='bbox 603 2140 615 2153; x_wconf 76' lang='grc' dir='ltr'>ι</span> <span class='ocrx_word' id='word_1_579' title='bbox 631 2134 778 2161; x_wconf 77' lang='lat' dir='ltr'><strong>ministeriis</strong></span> <span class='ocrx_word' id='word_1_580' title='bbox 792 2153 799 2166; x_wconf 89' lang='lat'><strong>,</strong></span> <span class='ocrx_word' id='word_1_581' title='bbox 816 2132 863 2159; x_wconf 89' lang='lat' dir='ltr'><strong>sed</strong></span> 
     </span>
    </p>
   </div>
   <div class='ocr_carea' id='block_1_74' title="bbox 93 2178 865 2219">
    <p class='ocr_par' dir='ltr' id='par_1_74' title="bbox 93 2178 865 2219">
     <span class='ocr_line' id='line_1_74' title="bbox 93 2178 865 2219; baseline -0.01 -7"><span class='ocrx_word' id='word_1_582' title='bbox 93 2191 172 2219; x_wconf 78' lang='lat' dir='ltr'><strong>aperte</strong></span> <span class='ocrx_word' id='word_1_583' title='bbox 188 2186 315 2213; x_wconf 85' lang='lat' dir='ltr'><strong>dicantur</strong></span> <span class='ocrx_word' id='word_1_584' title='bbox 327 2207 334 2218; x_wconf 92' lang='lat'><strong>,</strong></span> <span class='ocrx_word' id='word_1_585' title='bbox 362 2184 520 2212; x_wconf 87' lang='lat' dir='ltr'><strong>imminente</strong></span> <span class='ocrx_word' id='word_1_586' title='bbox 539 2181 720 2211; x_wconf 84' lang='lat' dir='ltr'><strong>discessione,</strong></span> <span class='ocrx_word' id='word_1_587' title='bbox 736 2178 807 2213; x_wconf 90' lang='lat' dir='ltr'><strong>quod</strong></span> <span class='ocrx_word' id='word_1_588' title='bbox 824 2183 865 2205; x_wconf 89' lang='lat' dir='ltr'><strong>est</strong></span> 
     </span>
    </p>
   </div>
   <div class='ocr_carea' id='block_1_75' title="bbox 92 2225 865 2266">
    <p class='ocr_par' dir='ltr' id='par_1_75' title="bbox 92 2225 865 2266">
     <span class='ocr_line' id='line_1_75' title="bbox 92 2225 865 2266; baseline -0.014 -5"><span class='ocrx_word' id='word_1_589' title='bbox 92 2231 208 2259; x_wconf 69' lang='lat' dir='ltr'><strong>metatio</strong></span> <span class='ocrx_word' id='word_1_590' title='bbox 222 2232 342 2260; x_wconf 86' lang='lat' dir='ltr'><strong>hominis</strong></span> <span class='ocrx_word' id='word_1_591' title='bbox 351 2230 464 2266; x_wconf 80' lang='lat' dir='ltr'><strong>peccati.</strong></span> <span class='ocrx_word' id='word_1_592' title='bbox 472 2228 627 2264; x_wconf 83' lang='lat' dir='ltr'><strong>discedente</strong></span> <span class='ocrx_word' id='word_1_593' title='bbox 641 2226 690 2253; x_wconf 86' lang='lat' dir='ltr'><strong>Lot</strong></span> <span class='ocrx_word' id='word_1_594' title='bbox 704 2233 719 2253; x_wconf 92' lang='lat' dir='ltr'><strong>a</strong></span> <span class='ocrx_word' id='word_1_595' title='bbox 728 2225 865 2253; x_wconf 87' lang='lat' dir='ltr'><strong>Sodomis.</strong></span> 
     </span>
    </p>
   </div>
   <div class='ocr_carea' id='block_1_76' title="bbox 367 2273 566 2302">
    <p class='ocr_par' dir='ltr' id='par_1_76' title="bbox 367 2273 566 2302">
     <span class='ocr_line' id='line_1_76' title="bbox 367 2273 566 2302; baseline -0.015 0"><span class='ocrx_word' id='word_1_596' title='bbox 367 2273 508 2302; x_wconf 67' lang='lat' dir='ltr'><strong>meum</strong></span> <span class='ocrx_word' id='word_1_597' title='bbox 520 2273 566 2300; x_wconf 82' lang='lat' dir='ltr'><strong>IV.</strong></span> 
     </span>
    </p>
   </div>
   <div class='ocr_carea' id='block_1_77' title="bbox 323 2320 627 2355">
    <p class='ocr_par' dir='ltr' id='par_1_77' title="bbox 323 2320 627 2355">
     <span class='ocr_line' id='line_1_77' title="bbox 323 2320 627 2355; baseline -0.01 -7"><span class='ocrx_word' id='word_1_598' title='bbox 323 2321 362 2348; x_wconf 87' lang='lat' dir='ltr'><strong>De</strong></span> <span class='ocrx_word' id='word_1_599' title='bbox 372 2320 464 2355; x_wconf 79' lang='lat' dir='ltr'><strong>specie</strong></span> <span class='ocrx_word' id='word_1_600' title='bbox 476 2322 504 2346; x_wconf 88' lang='lat' dir='ltr'><strong>et</strong></span> <span class='ocrx_word' id='word_1_601' title='bbox 516 2325 627 2353; x_wconf 73' lang='lat' dir='ltr'><strong>genere.</strong></span> 
     </span>
    </p>
   </div>
   <div class='ocr_carea' id='block_1_78' title="bbox 95 2365 867 2400">
    <p class='ocr_par' dir='ltr' id='par_1_78' title="bbox 95 2365 867 2400">
     <span class='ocr_line' id='line_1_78' title="bbox 95 2365 867 2400; baseline -0.006 -7"><span class='ocrx_word' id='word_1_602' title='bbox 95 2365 144 2393; x_wconf 63' lang='lat' dir='ltr'><strong>Ia:</strong></span> <span class='ocrx_word' id='word_1_603' title='bbox 158 2367 239 2395; x_wconf 68' lang='lat' dir='ltr'><strong>diota</strong></span> <span class='ocrx_word' id='word_1_604' title='bbox 255 2366 388 2398; x_wconf 67' lang='lat' dir='ltr'><strong>Ezechiel,</strong></span> <span class='ocrx_word' id='word_1_605' title='bbox 411 2372 489 2400; x_wconf 83' lang='lat' dir='ltr'><strong>capp.</strong></span> <span class='ocrx_word' id='word_1_606' title='bbox 512 2371 586 2391; x_wconf 78' lang='lat' dir='ltr'><strong>xxv&quot;</strong></span> <span class='ocrx_word' id='word_1_607' title='bbox 611 2368 639 2391; x_wconf 88' lang='lat' dir='ltr'><strong>et</strong></span> <span class='ocrx_word' id='word_1_608' title='bbox 654 2370 725 2390; x_wconf 80' lang='lat' dir='ltr'><strong>ssxn</strong></span> <span class='ocrx_word' id='word_1_609' title='bbox 744 2366 772 2389; x_wconf 87' lang='lat' dir='ltr'><strong>et</strong></span> <span class='ocrx_word' id='word_1_610' title='bbox 789 2369 867 2388; x_wconf 74' lang='lat' dir='ltr'><strong>sant</strong></span> 
     </span>
    </p>
   </div>
   <div class='ocr_carea' id='block_1_79' title="bbox 163 2408 785 2444">
    <p class='ocr_par' dir='ltr' id='par_1_79' title="bbox 163 2408 785 2444">
     <span class='ocr_line' id='line_1_79' title="bbox 163 2408 785 2444; baseline -0.014 -2"><span class='ocrx_word' id='word_1_611' title='bbox 163 2418 191 2442; x_wconf 83' lang='lat' dir='ltr'><strong>et</strong></span> <span class='ocrx_word' id='word_1_612' title='bbox 202 2420 308 2444; x_wconf 70' lang='lat' dir='ltr'><strong>nuit,</strong></span> <span class='ocrx_word' id='word_1_613' title='bbox 321 2412 387 2439; x_wconf 73' lang='lat' dir='ltr'><strong>lui.</strong></span> <span class='ocrx_word' id='word_1_614' title='bbox 404 2419 452 2439; x_wconf 78' lang='grc' dir='ltr'><strong>ιιιι</strong></span> <span class='ocrx_word' id='word_1_615' title='bbox 466 2415 494 2438; x_wconf 86' lang='lat' dir='ltr'><strong>et</strong></span> <span class='ocrx_word' id='word_1_616' title='bbox 507 2417 579 2442; x_wconf 77' lang='grc' dir='ltr'><strong>ιιιν,</strong></span> <span class='ocrx_word' id='word_1_617' title='bbox 593 2408 707 2435; x_wconf 69' lang='lat' dir='ltr'><strong>Hieran.</strong></span> <span class='ocrx_word' id='word_1_618' title='bbox 721 2415 785 2434; x_wconf 79' lang='lat' dir='ltr'><strong>xxv.</strong></span> 
     </span>
    </p>
   </div>
   <div class='ocr_carea' id='block_1_80' title="bbox 123 2463 871 2505">
    <p class='ocr_par' dir='ltr' id='par_1_80' title="bbox 123 2463 871 2505">
     <span class='ocr_line' id='line_1_80' title="bbox 123 2463 871 2505; baseline -0.012 -6"><span class='ocrx_word' id='word_1_619' title='bbox 123 2470 159 2498; x_wconf 73' lang='lat' dir='ltr'><strong>De</strong></span> <span class='ocrx_word' id='word_1_620' title='bbox 168 2471 261 2505; x_wconf 70' lang='lat' dir='ltr'><strong>specie</strong></span> <span class='ocrx_word' id='word_1_621' title='bbox 272 2474 302 2497; x_wconf 83' lang='lat' dir='ltr'><strong>et</strong></span> <span class='ocrx_word' id='word_1_622' title='bbox 315 2475 415 2504; x_wconf 70' lang='lat' dir='ltr'><strong>genere</strong></span> <span class='ocrx_word' id='word_1_623' title='bbox 426 2465 573 2502; x_wconf 74' lang='lat' dir='ltr'><strong>loquimur.</strong></span> <span class='ocrx_word' id='word_1_624' title='bbox 588 2474 641 2493; x_wconf 90' lang='lat' dir='ltr'><strong>non</strong></span> <span class='ocrx_word' id='word_1_625' title='bbox 653 2464 800 2493; x_wconf 88' lang='lat' dir='ltr'><strong>secundum</strong></span> <span class='ocrx_word' id='word_1_626' title='bbox 815 2463 871 2491; x_wconf 90' lang='lat' dir='ltr'><strong>vir-</strong></span> 
     </span>
    </p>
   </div>
   <div class='ocr_carea' id='block_1_81' title="bbox 95 2510 870 2546">
    <p class='ocr_par' dir='ltr' id='par_1_81' title="bbox 95 2510 870 2546">
     <span class='ocr_line' id='line_1_81' title="bbox 95 2510 870 2546; baseline -0.009 -4"><span class='ocrx_word' id='word_1_627' title='bbox 95 2519 170 2543; x_wconf 64' lang='lat' dir='ltr'><strong>tutem</strong></span> <span class='ocrx_word' id='word_1_628' title='bbox 190 2515 368 2544; x_wconf 60' lang='lat' dir='ltr'><strong>Rhetorica:</strong></span> <span class='ocrx_word' id='word_1_629' title='bbox 388 2513 512 2541; x_wconf 68' lang='lat' dir='ltr'><strong>humana:</strong></span> <span class='ocrx_word' id='word_1_630' title='bbox 532 2511 673 2546; x_wconf 54' lang='lat' dir='ltr'><strong>sapientia</strong></span> <span class='ocrx_word' id='word_1_631' title='bbox 686 2531 694 2543; x_wconf 94' lang='lat'><strong>,</strong></span> <span class='ocrx_word' id='word_1_632' title='bbox 721 2517 801 2544; x_wconf 84' lang='lat' dir='ltr'><strong>quam</strong></span> <span class='ocrx_word' id='word_1_633' title='bbox 825 2510 870 2544; x_wconf 91' lang='lat' dir='ltr'><strong>qui</strong></span> 
     </span>
    </p>
   </div>
   <div class='ocr_carea' id='block_1_82' title="bbox 96 2558 868 2596">
    <p class='ocr_par' dir='ltr' id='par_1_82' title="bbox 96 2558 868 2596">
     <span class='ocr_line' id='line_1_82' title="bbox 96 2558 868 2596; baseline -0.009 -8"><span class='ocrx_word' id='word_1_634' title='bbox 96 2561 172 2596; x_wconf 71' lang='grc' dir='ltr'><strong>-ιὶε</strong></span> <span class='ocrx_word' id='word_1_635' title='bbox 184 2560 312 2588; x_wconf 74' lang='lat' dir='ltr'><strong>omnibus</strong></span> <span class='ocrx_word' id='word_1_636' title='bbox 326 2558 423 2594; x_wconf 82' lang='lat' dir='ltr'><strong>potuit,</strong></span> <span class='ocrx_word' id='word_1_637' title='bbox 442 2559 547 2586; x_wconf 82' lang='lat' dir='ltr'><strong>locutus</strong></span> <span class='ocrx_word' id='word_1_638' title='bbox 563 2565 617 2584; x_wconf 91' lang='lat' dir='ltr'><strong>non</strong></span> <span class='ocrx_word' id='word_1_639' title='bbox 631 2561 685 2590; x_wconf 82' lang='lat' dir='ltr'><strong>est,</strong></span> <span class='ocrx_word' id='word_1_640' title='bbox 710 2563 745 2583; x_wconf 88' lang='lat' dir='ltr'><strong>ne</strong></span> <span class='ocrx_word' id='word_1_641' title='bbox 759 2563 868 2582; x_wconf 82' lang='lat' dir='ltr'><strong>crucem</strong></span> 
     </span>
    </p>
   </div>
   <div class='ocr_carea' id='block_1_83' title="bbox 95 2602 872 2635">
    <p class='ocr_par' dir='ltr' id='par_1_83' title="bbox 95 2602 872 2635">
     <span class='ocr_line' id='line_1_83' title="bbox 95 2602 872 2635; baseline -0.012 0"><span class='ocrx_word' id='word_1_642' title='bbox 95 2604 186 2634; x_wconf 67' lang='grc' dir='ltr'><strong>αὴιί</strong></span> <span class='ocrx_word' id='word_1_643' title='bbox 200 2606 313 2635; x_wconf 73' lang='lat' dir='ltr'><strong>fecisset</strong></span> <span class='ocrx_word' id='word_1_644' title='bbox 324 2606 444 2635; x_wconf 85' lang='lat' dir='ltr'><strong>inanem,</strong></span> <span class='ocrx_word' id='word_1_645' title='bbox 464 2604 486 2630; x_wconf 90' lang='lat' dir='ltr'><strong>si</strong></span> <span class='ocrx_word' id='word_1_646' title='bbox 500 2602 602 2630; x_wconf 78' lang='lat' dir='ltr'><strong>auxilio</strong></span> <span class='ocrx_word' id='word_1_647' title='bbox 616 2606 697 2635; x_wconf 84' lang='lat' dir='ltr'><strong>atque</strong></span> <span class='ocrx_word' id='word_1_648' title='bbox 711 2604 872 2627; x_wconf 85' lang='lat' dir='ltr'><strong>ornamento</strong></span> 
     </span>
    </p>
   </div>
   <div class='ocr_carea' id='block_1_84' title="bbox 98 2646 874 2683">
    <p class='ocr_par' dir='ltr' id='par_1_84' title="bbox 98 2646 874 2683">
     <span class='ocr_line' id='line_1_84' title="bbox 98 2646 874 2683; baseline -0.012 -3"><span class='ocrx_word' id='word_1_649' title='bbox 98 2653 235 2683; x_wconf 60' lang='lat' dir='ltr'><strong>“alio,</strong></span> <span class='ocrx_word' id='word_1_650' title='bbox 249 2657 282 2679; x_wconf 71' lang='lat' dir='ltr'><strong>ut</strong></span> <span class='ocrx_word' id='word_1_651' title='bbox 296 2651 407 2681; x_wconf 80' lang='lat' dir='ltr'><strong>falsitas,</strong></span> <span class='ocrx_word' id='word_1_652' title='bbox 423 2648 590 2682; x_wconf 75' lang='lat' dir='ltr'><strong>indiguisset.</strong></span> <span class='ocrx_word' id='word_1_653' title='bbox 608 2646 660 2674; x_wconf 87' lang='lat' dir='ltr'><strong>Sed</strong></span> <span class='ocrx_word' id='word_1_654' title='bbox 676 2647 811 2681; x_wconf 85' lang='lat' dir='ltr'><strong>loquimur</strong></span> <span class='ocrx_word' id='word_1_655' title='bbox 831 2652 874 2672; x_wconf 78' lang='lat' dir='ltr'><strong>se-</strong></span> 
     </span>
    </p>
   </div>
   <div class='ocr_carea' id='block_1_85' title="bbox 97 2691 874 2733">
    <p class='ocr_par' dir='ltr' id='par_1_85' title="bbox 97 2691 874 2733">
     <span class='ocr_line' id='line_1_85' title="bbox 97 2691 874 2733; baseline -0.01 -7"><span class='ocrx_word' id='word_1_656' title='bbox 97 2697 207 2726; x_wconf 67' lang='lat' dir='ltr'><strong>.dult</strong></span> <span class='ocrx_word' id='word_1_657' title='bbox 218 2697 346 2733; x_wconf 73' lang='lat' dir='ltr'><strong>nylteria</strong></span> <span class='ocrx_word' id='word_1_658' title='bbox 365 2694 483 2722; x_wconf 77' lang='lat' dir='ltr'><strong>cmlestis</strong></span> <span class='ocrx_word' id='word_1_659' title='bbox 496 2694 632 2728; x_wconf 65' lang='lat' dir='ltr'><strong>sapientia;</strong></span> <span class='ocrx_word' id='word_1_660' title='bbox 648 2693 803 2727; x_wconf 71' lang='lat' dir='ltr'><strong>magisterio</strong></span> <span class='ocrx_word' id='word_1_661' title='bbox 816 2691 874 2726; x_wconf 90' lang='lat' dir='ltr'><strong>Spi-</strong></span> 
     </span>
    </p>
   </div>
   <div class='ocr_carea' id='block_1_86' title="bbox 97 2734 872 2775">
    <p class='ocr_par' dir='ltr' id='par_1_86' title="bbox 97 2734 872 2775">
     <span class='ocr_line' id='line_1_86' title="bbox 97 2734 872 2775; baseline -0.012 -3"><span class='ocrx_word' id='word_1_662' title='bbox 97 2734 160 2771; x_wconf 47' lang='grc' dir='ltr'><strong><em>ἡ</em></strong></span> <span class='ocrx_word' id='word_1_663' title='bbox 175 2742 279 2771; x_wconf 65' lang='grc' dir='ltr'><strong>εικῆ.</strong></span> <span class='ocrx_word' id='word_1_664' title='bbox 292 2742 342 2775; x_wconf 87' lang='lat' dir='ltr'><strong>Qui</strong></span> <span class='ocrx_word' id='word_1_665' title='bbox 363 2743 389 2769; x_wconf 92' lang='lat' dir='ltr'><strong>in</strong></span> <span class='ocrx_word' id='word_1_666' title='bbox 415 2740 484 2775; x_wconf 88' lang='lat' dir='ltr'><strong>quod</strong></span> <span class='ocrx_word' id='word_1_667' title='bbox 510 2738 631 2766; x_wconf 81' lang='lat' dir='ltr'><strong>veritatis</strong></span> <span class='ocrx_word' id='word_1_668' title='bbox 655 2738 771 2772; x_wconf 88' lang='lat' dir='ltr'><strong>pretium</strong></span> <span class='ocrx_word' id='word_1_669' title='bbox 792 2737 872 2764; x_wconf 80' lang='lat' dir='ltr'><strong>fidem</strong></span> 
     </span>
    </p>
   </div>
   <div class='ocr_carea' id='block_1_87' title="bbox 99 2776 874 2824">
    <p class='ocr_par' dir='ltr' id='par_1_87' title="bbox 99 2776 874 2824">
     <span class='ocr_line' id='line_1_87' title="bbox 99 2776 874 2824; baseline -0.012 -6"><span class='ocrx_word' id='word_1_670' title='bbox 99 2776 267 2817; x_wconf 34' lang='lat' dir='ltr'><strong>Calliae“</strong></span> <span class='ocrx_word' id='word_1_671' title='bbox 277 2788 408 2824; x_wconf 68' lang='lat' dir='ltr'><strong>mysterii,</strong></span> <span class='ocrx_word' id='word_1_672' title='bbox 419 2786 571 2814; x_wconf 79' lang='lat' dir='ltr'><strong>namvitin</strong></span> <span class='ocrx_word' id='word_1_673' title='bbox 584 2784 702 2821; x_wconf 84' lang='lat' dir='ltr'><strong>speciem</strong></span> <span class='ocrx_word' id='word_1_674' title='bbox 715 2791 800 2820; x_wconf 76' lang='lat' dir='ltr'><strong>genus</strong></span> <span class='ocrx_word' id='word_1_675' title='bbox 811 2783 874 2810; x_wconf 84' lang='lat' dir='ltr'><strong>abs-</strong></span> 
     </span>
    </p>
   </div>
   <div class='ocr_carea' id='block_1_88' title="bbox 101 2830 876 2875">
    <p class='ocr_par' dir='ltr' id='par_1_88' title="bbox 101 2830 876 2875">
     <span class='ocr_line' id='line_1_88' title="bbox 101 2830 876 2875; baseline -0.009 -12"><span class='ocrx_word' id='word_1_676' title='bbox 101 2832 225 2875; x_wconf 59' lang='lat' dir='ltr'><strong>.deas,</strong></span> <span class='ocrx_word' id='word_1_677' title='bbox 247 2837 282 2862; x_wconf 74' lang='lat' dir='ltr'><strong>ut</strong></span> <span class='ocrx_word' id='word_1_678' title='bbox 304 2833 333 2861; x_wconf 86' lang='lat' dir='ltr'><strong>tu</strong></span> <span class='ocrx_word' id='word_1_679' title='bbox 350 2837 474 2861; x_wconf 78' lang='lat' dir='ltr'><strong>veterem</strong></span> <span class='ocrx_word' id='word_1_680' title='bbox 492 2830 678 2862; x_wconf 75' lang='lat' dir='ltr'><strong>Hierusalem,</strong></span> <span class='ocrx_word' id='word_1_681' title='bbox 702 2833 795 2862; x_wconf 80' lang='lat' dir='ltr'><strong>totam,</strong></span> <span class='ocrx_word' id='word_1_682' title='bbox 817 2835 876 2863; x_wconf 63' lang='lat' dir='ltr'><strong>qua:</strong></span> 
     </span>
    </p>
   </div>
   <div class='ocr_carea' id='block_1_89' title="bbox 133 2907 307 2950">
    <p class='ocr_par' dir='ltr' id='par_1_89' title="bbox 133 2907 307 2950">
     <span class='ocr_line' id='line_1_89' title="bbox 133 2907 307 2950; baseline 0 -18"><span class='ocrx_word' id='word_1_683' title='bbox 133 2907 307 2950; x_wconf 58' lang='lat' dir='ltr'><strong>.M</strong></span> 
     </span>
    </p>
   </div>
   <div class='ocr_carea' id='block_1_90' title="bbox 908 1680 1695 1716">
    <p class='ocr_par' dir='ltr' id='par_1_90' title="bbox 908 1680 1695 1716">
     <span class='ocr_line' id='line_1_90' title="bbox 908 1680 1695 1716; baseline -0.003 -8"><span class='ocrx_word' id='word_1_684' title='bbox 908 1688 987 1714; x_wconf 81' lang='lat' dir='ltr'><strong>terra,</strong></span> <span class='ocrx_word' id='word_1_685' title='bbox 1000 1687 1023 1709; x_wconf 78' lang='lat' dir='ltr'><strong>et</strong></span> <span class='ocrx_word' id='word_1_686' title='bbox 1037 1681 1186 1716; x_wconf 81' lang='lat' dir='ltr'><strong>polluerunt</strong></span> <span class='ocrx_word' id='word_1_687' title='bbox 1203 1681 1277 1707; x_wconf 84' lang='lat' dir='ltr'><strong>illam</strong></span> <span class='ocrx_word' id='word_1_688' title='bbox 1292 1682 1319 1707; x_wconf 83' lang='lat' dir='ltr'><strong>in</strong></span> <span class='ocrx_word' id='word_1_689' title='bbox 1340 1681 1380 1707; x_wconf 82' lang='lat' dir='ltr'><strong>ria</strong></span> <span class='ocrx_word' id='word_1_690' title='bbox 1395 1689 1452 1711; x_wconf 79' lang='lat' dir='ltr'><strong>sua,</strong></span> <span class='ocrx_word' id='word_1_691' title='bbox 1470 1685 1493 1706; x_wconf 87' lang='lat' dir='ltr'><strong>et</strong></span> <span class='ocrx_word' id='word_1_692' title='bbox 1506 1681 1531 1706; x_wconf 86' lang='lat' dir='ltr'><strong>in</strong></span> <span class='ocrx_word' id='word_1_693' title='bbox 1544 1680 1620 1707; x_wconf 75' lang='lat' dir='ltr'><strong>idolis</strong></span> <span class='ocrx_word' id='word_1_694' title='bbox 1642 1681 1695 1707; x_wconf 85' lang='lat' dir='ltr'><strong>suis</strong></span> 
     </span>
    </p>
   </div>
   <div class='ocr_carea' id='block_1_91' title="bbox 908 1726 1697 1761">
    <p class='ocr_par' dir='ltr' id='par_1_91' title="bbox 908 1726 1697 1761">
     <span class='ocr_line' id='line_1_91' title="bbox 908 1726 1697 1761; baseline -0.001 -7"><span class='ocrx_word' id='word_1_695' title='bbox 908 1732 931 1754; x_wconf 86' lang='lat' dir='ltr'><strong>et</strong></span> <span class='ocrx_word' id='word_1_696' title='bbox 951 1728 1060 1761; x_wconf 73' lang='lat' dir='ltr'><strong>peccatis</strong></span> <span class='ocrx_word' id='word_1_697' title='bbox 1077 1734 1084 1753; x_wconf 91' lang='lat'><em>:</em></span> <span class='ocrx_word' id='word_1_698' title='bbox 1099 1726 1239 1753; x_wconf 81' lang='lat' dir='ltr'><strong>secundum</strong></span> <span class='ocrx_word' id='word_1_699' title='bbox 1252 1726 1439 1752; x_wconf 78' lang='lat' dir='ltr'><strong>immunditiam</strong></span> <span class='ocrx_word' id='word_1_700' title='bbox 1452 1731 1614 1753; x_wconf 70' lang='lat' dir='ltr'><strong>menstruam</strong></span> <span class='ocrx_word' id='word_1_701' title='bbox 1626 1728 1697 1761; x_wconf 76' lang='lat' dir='ltr'><strong>facta</strong></span> 
     </span>
    </p>
   </div>
   <div class='ocr_carea' id='block_1_92' title="bbox 909 1770 1697 1805">
    <p class='ocr_par' dir='ltr' id='par_1_92' title="bbox 909 1770 1697 1805">
     <span class='ocr_line' id='line_1_92' title="bbox 909 1770 1697 1805; baseline -0.001 -7"><span class='ocrx_word' id='word_1_702' title='bbox 909 1778 946 1799; x_wconf 81' lang='lat' dir='ltr'><strong>est</strong></span> <span class='ocrx_word' id='word_1_703' title='bbox 960 1772 1000 1798; x_wconf 80' lang='lat' dir='ltr'><strong>uia</strong></span> <span class='ocrx_word' id='word_1_704' title='bbox 1011 1780 1097 1798; x_wconf 78' lang='lat' dir='ltr'><strong>eorum</strong></span> <span class='ocrx_word' id='word_1_705' title='bbox 1110 1776 1170 1798; x_wconf 82' lang='lat' dir='ltr'><strong>ante</strong></span> <span class='ocrx_word' id='word_1_706' title='bbox 1182 1772 1273 1805; x_wconf 81' lang='lat' dir='ltr'><strong>faciem</strong></span> <span class='ocrx_word' id='word_1_707' title='bbox 1285 1779 1376 1798; x_wconf 81' lang='lat' dir='ltr'><strong>meatu.</strong></span> <span class='ocrx_word' id='word_1_708' title='bbox 1392 1770 1425 1797; x_wconf 83' lang='lat' dir='ltr'><strong>Et</strong></span> <span class='ocrx_word' id='word_1_709' title='bbox 1438 1770 1519 1803; x_wconf 74' lang='lat' dir='ltr'><strong>effudi</strong></span> <span class='ocrx_word' id='word_1_710' title='bbox 1532 1771 1598 1796; x_wconf 85' lang='lat' dir='ltr'><strong>iram</strong></span> <span class='ocrx_word' id='word_1_711' title='bbox 1612 1778 1697 1797; x_wconf 79' lang='lat' dir='ltr'><strong>meam</strong></span> 
     </span>
    </p>
   </div>
   <div class='ocr_carea' id='block_1_93' title="bbox 910 1815 1696 1851">
    <p class='ocr_par' dir='ltr' id='par_1_93' title="bbox 910 1815 1696 1851">
     <span class='ocr_line' id='line_1_93' title="bbox 910 1815 1696 1851; baseline 0 -9"><span class='ocrx_word' id='word_1_712' title='bbox 910 1825 987 1849; x_wconf 80' lang='lat' dir='ltr'><strong>super</strong></span> <span class='ocrx_word' id='word_1_713' title='bbox 1005 1824 1058 1848; x_wconf 79' lang='lat' dir='ltr'><strong>eos,</strong></span> <span class='ocrx_word' id='word_1_714' title='bbox 1072 1821 1096 1843; x_wconf 74' lang='lat' dir='ltr'><strong>ut</strong></span> <span class='ocrx_word' id='word_1_715' title='bbox 1105 1816 1214 1851; x_wconf 81' lang='lat' dir='ltr'><strong>dispersi</strong></span> <span class='ocrx_word' id='word_1_716' title='bbox 1228 1815 1287 1851; x_wconf 76' lang='lat' dir='ltr'><strong>illos</strong></span> <span class='ocrx_word' id='word_1_717' title='bbox 1301 1816 1367 1842; x_wconf 84' lang='lat' dir='ltr'><strong>inter</strong></span> <span class='ocrx_word' id='word_1_718' title='bbox 1377 1816 1502 1846; x_wconf 75' lang='lat' dir='ltr'><strong>nationes,</strong></span> <span class='ocrx_word' id='word_1_719' title='bbox 1516 1824 1578 1850; x_wconf 85' lang='lat' dir='ltr'><strong>quas</strong></span> <span class='ocrx_word' id='word_1_720' title='bbox 1589 1816 1696 1851; x_wconf 73' lang='lat' dir='ltr'><strong>ingressi</strong></span> 
     </span>
    </p>
   </div>
   <div class='ocr_carea' id='block_1_94' title="bbox 911 1861 1698 1896">
    <p class='ocr_par' dir='ltr' id='par_1_94' title="bbox 911 1861 1698 1896">
     <span class='ocr_line' id='line_1_94' title="bbox 911 1861 1698 1896; baseline 0 -8"><span class='ocrx_word' id='word_1_721' title='bbox 911 1867 979 1894; x_wconf 84' lang='lat' dir='ltr'><strong>sunt,</strong></span> <span class='ocrx_word' id='word_1_722' title='bbox 996 1866 1019 1889; x_wconf 85' lang='lat' dir='ltr'><strong>et</strong></span> <span class='ocrx_word' id='word_1_723' title='bbox 1031 1861 1177 1896; x_wconf 75' lang='lat' dir='ltr'><strong>polluerunt</strong></span> <span class='ocrx_word' id='word_1_724' title='bbox 1200 1861 1255 1888; x_wconf 82' lang='lat' dir='ltr'><strong>illic</strong></span> <span class='ocrx_word' id='word_1_725' title='bbox 1268 1869 1360 1888; x_wconf 78' lang='lat' dir='ltr'><strong>nomen</strong></span> <span class='ocrx_word' id='word_1_726' title='bbox 1380 1869 1464 1887; x_wconf 84' lang='lat' dir='ltr'><strong>meum</strong></span> <span class='ocrx_word' id='word_1_727' title='bbox 1477 1866 1594 1888; x_wconf 85' lang='lat' dir='ltr'><strong>sanctum</strong></span> <span class='ocrx_word' id='word_1_728' title='bbox 1607 1870 1617 1888; x_wconf 92' lang='lat'><strong><em>:</em></strong></span> <span class='ocrx_word' id='word_1_729' title='bbox 1636 1862 1698 1888; x_wconf 82' lang='lat' dir='ltr'><strong>dum</strong></span> 
     </span>
    </p>
   </div>
   <div class='ocr_carea' id='block_1_95' title="bbox 912 1901 1700 1941">
    <p class='ocr_par' dir='ltr' id='par_1_95' title="bbox 912 1901 1700 1941">
     <span class='ocr_line' id='line_1_95' title="bbox 912 1901 1700 1941; baseline 0 -8"><span class='ocrx_word' id='word_1_730' title='bbox 912 1907 1000 1933; x_wconf 83' lang='lat' dir='ltr'><strong>dicunt</strong></span> <span class='ocrx_word' id='word_1_731' title='bbox 1010 1908 1071 1941; x_wconf 84' lang='lat' dir='ltr'><strong>ipsi,</strong></span> <span class='ocrx_word' id='word_1_732' title='bbox 1086 1906 1196 1941; x_wconf 82' lang='lat' dir='ltr'><strong>populus</strong></span> <span class='ocrx_word' id='word_1_733' title='bbox 1210 1906 1315 1932; x_wconf 83' lang='lat' dir='ltr'><strong>Domini</strong></span> <span class='ocrx_word' id='word_1_734' title='bbox 1328 1906 1366 1937; x_wconf 85' lang='lat' dir='ltr'><strong>hi,</strong></span> <span class='ocrx_word' id='word_1_735' title='bbox 1389 1911 1412 1932; x_wconf 85' lang='lat' dir='ltr'><strong>et</strong></span> <span class='ocrx_word' id='word_1_736' title='bbox 1426 1906 1458 1932; x_wconf 83' lang='lat' dir='ltr'><strong>de</strong></span> <span class='ocrx_word' id='word_1_737' title='bbox 1471 1901 1594 1933; x_wconf 18' lang='lat' dir='ltr'><strong>lcrra’tua</strong></span> <span class='ocrx_word' id='word_1_738' title='bbox 1604 1906 1700 1940; x_wconf 79' lang='lat' dir='ltr'><strong>egressi</strong></span> 
     </span>
    </p>
   </div>
   <div class='ocr_carea' id='block_1_96' title="bbox 911 1951 1700 1987">
    <p class='ocr_par' dir='ltr' id='par_1_96' title="bbox 911 1951 1700 1987">
     <span class='ocr_line' id='line_1_96' title="bbox 911 1951 1700 1987; baseline 0 -9"><span class='ocrx_word' id='word_1_739' title='bbox 911 1957 970 1978; x_wconf 82' lang='lat' dir='ltr'><strong>sunt</strong></span> <span class='ocrx_word' id='word_1_740' title='bbox 985 1960 993 1978; x_wconf 89' lang='lat'><strong><em>:</em></strong></span> <span class='ocrx_word' id='word_1_741' title='bbox 1010 1957 1034 1978; x_wconf 88' lang='lat' dir='ltr'><strong>et</strong></span> <span class='ocrx_word' id='word_1_742' title='bbox 1048 1952 1147 1987; x_wconf 79' lang='lat' dir='ltr'><strong>peperci</strong></span> <span class='ocrx_word' id='word_1_743' title='bbox 1169 1951 1230 1983; x_wconf 75' lang='lat' dir='ltr'><strong>illis,</strong></span> <span class='ocrx_word' id='word_1_744' title='bbox 1251 1957 1356 1986; x_wconf 80' lang='lat' dir='ltr'><strong>propter</strong></span> <span class='ocrx_word' id='word_1_745' title='bbox 1374 1958 1465 1977; x_wconf 80' lang='lat' dir='ltr'><strong>nomen</strong></span> <span class='ocrx_word' id='word_1_746' title='bbox 1480 1955 1549 1978; x_wconf 79' lang='lat' dir='ltr'><strong>Illum</strong></span> <span class='ocrx_word' id='word_1_747' title='bbox 1563 1956 1678 1978; x_wconf 86' lang='lat' dir='ltr'><strong>sanctum</strong></span> <span class='ocrx_word' id='word_1_748' title='bbox 1690 1971 1700 1985; x_wconf 84' lang='lat'><strong>,</strong></span> 
     </span>
    </p>
   </div>
   <div class='ocr_carea' id='block_1_97' title="bbox 912 1995 1699 2032">
    <p class='ocr_par' dir='ltr' id='par_1_97' title="bbox 912 1995 1699 2032">
     <span class='ocr_line' id='line_1_97' title="bbox 912 1995 1699 2032; baseline 0.003 -10"><span class='ocrx_word' id='word_1_749' title='bbox 912 1997 980 2032; x_wconf 84' lang='lat' dir='ltr'><strong>quod</strong></span> <span class='ocrx_word' id='word_1_750' title='bbox 991 1997 1136 2031; x_wconf 83' lang='lat' dir='ltr'><strong>polluerunt</strong></span> <span class='ocrx_word' id='word_1_751' title='bbox 1152 1997 1242 2023; x_wconf 82' lang='lat' dir='ltr'><strong>domus</strong></span> <span class='ocrx_word' id='word_1_752' title='bbox 1262 1995 1346 2023; x_wconf 80' lang='lat' dir='ltr'><strong>Israel</strong></span> <span class='ocrx_word' id='word_1_753' title='bbox 1361 1997 1387 2023; x_wconf 85' lang='lat' dir='ltr'><strong>in</strong></span> <span class='ocrx_word' id='word_1_754' title='bbox 1404 1998 1563 2030; x_wconf 80' lang='lat' dir='ltr'><strong>nationibus,</strong></span> <span class='ocrx_word' id='word_1_755' title='bbox 1589 1997 1616 2024; x_wconf 85' lang='lat' dir='ltr'><strong>in</strong></span> <span class='ocrx_word' id='word_1_756' title='bbox 1636 2005 1699 2032; x_wconf 82' lang='lat' dir='ltr'><strong>quas</strong></span> 
     </span>
    </p>
   </div>
   <div class='ocr_carea' id='block_1_98' title="bbox 913 2041 1700 2077">
    <p class='ocr_par' dir='ltr' id='par_1_98' title="bbox 913 2041 1700 2077">
     <span class='ocr_line' id='line_1_98' title="bbox 913 2041 1700 2077; baseline 0 -8"><span class='ocrx_word' id='word_1_757' title='bbox 913 2044 1019 2077; x_wconf 79' lang='lat' dir='ltr'><strong>ingressi</strong></span> <span class='ocrx_word' id='word_1_758' title='bbox 1030 2049 1087 2069; x_wconf 80' lang='lat' dir='ltr'><strong>sunt</strong></span> <span class='ocrx_word' id='word_1_759' title='bbox 1100 2043 1164 2069; x_wconf 88' lang='lat' dir='ltr'><strong>illic.</strong></span> <span class='ocrx_word' id='word_1_760' title='bbox 1179 2041 1289 2075; x_wconf 81' lang='lat' dir='ltr'><strong>Propter</strong></span> <span class='ocrx_word' id='word_1_761' title='bbox 1301 2042 1359 2075; x_wconf 87' lang='lat' dir='ltr'><strong>hoc,</strong></span> <span class='ocrx_word' id='word_1_762' title='bbox 1374 2042 1415 2068; x_wconf 82' lang='lat' dir='ltr'><strong>dit:</strong></span> <span class='ocrx_word' id='word_1_763' title='bbox 1427 2042 1513 2068; x_wconf 86' lang='lat' dir='ltr'><strong>domui</strong></span> <span class='ocrx_word' id='word_1_764' title='bbox 1525 2042 1624 2069; x_wconf 75' lang='lat' dir='ltr'><strong>Israel:</strong></span> <span class='ocrx_word' id='word_1_765' title='bbox 1638 2041 1700 2069; x_wconf 83' lang='lat' dir='ltr'><strong>Ha&#39;c</strong></span> 
     </span>
    </p>
   </div>
   <div class='ocr_carea' id='block_1_99' title="bbox 914 2087 1700 2122">
    <p class='ocr_par' dir='ltr' id='par_1_99' title="bbox 914 2087 1700 2122">
     <span class='ocr_line' id='line_1_99' title="bbox 914 2087 1700 2122; baseline -0.001 -7"><span class='ocrx_word' id='word_1_766' title='bbox 914 2090 975 2115; x_wconf 81' lang='lat' dir='ltr'><strong>dicit</strong></span> <span class='ocrx_word' id='word_1_767' title='bbox 989 2089 1115 2115; x_wconf 86' lang='lat' dir='ltr'><strong>Dominus</strong></span> <span class='ocrx_word' id='word_1_768' title='bbox 1133 2096 1141 2115; x_wconf 91' lang='lat'><em>:</em></span> <span class='ocrx_word' id='word_1_769' title='bbox 1155 2087 1215 2114; x_wconf 79' lang='lat' dir='ltr'><strong>Non</strong></span> <span class='ocrx_word' id='word_1_770' title='bbox 1230 2088 1298 2114; x_wconf 71' lang='lat' dir='ltr'><strong>vobis</strong></span> <span class='ocrx_word' id='word_1_771' title='bbox 1316 2095 1362 2122; x_wconf 83' lang='lat' dir='ltr'><strong>ego</strong></span> <span class='ocrx_word' id='word_1_772' title='bbox 1377 2087 1444 2121; x_wconf 80' lang='lat' dir='ltr'><strong>facio</strong></span> <span class='ocrx_word' id='word_1_773' title='bbox 1457 2107 1464 2119; x_wconf 89' lang='lat'><strong>,</strong></span> <span class='ocrx_word' id='word_1_774' title='bbox 1483 2088 1572 2115; x_wconf 81' lang='lat' dir='ltr'><strong>domus</strong></span> <span class='ocrx_word' id='word_1_775' title='bbox 1591 2087 1675 2114; x_wconf 73' lang='lat' dir='ltr'><strong>Israel</strong></span> <span class='ocrx_word' id='word_1_776' title='bbox 1690 2095 1700 2114; x_wconf 90' lang='lat'><strong><em>:</em></strong></span> 
     </span>
    </p>
   </div>
   <div class='ocr_carea' id='block_1_100' title="bbox 914 2133 1701 2168">
    <p class='ocr_par' dir='ltr' id='par_1_100' title="bbox 914 2133 1701 2168">
     <span class='ocr_line' id='line_1_100' title="bbox 914 2133 1701 2168; baseline 0 -8"><span class='ocrx_word' id='word_1_777' title='bbox 914 2134 959 2160; x_wconf 83' lang='lat' dir='ltr'><strong>sed</strong></span> <span class='ocrx_word' id='word_1_778' title='bbox 977 2138 1081 2168; x_wconf 77' lang='lat' dir='ltr'><strong>propter</strong></span> <span class='ocrx_word' id='word_1_779' title='bbox 1098 2141 1189 2160; x_wconf 81' lang='lat' dir='ltr'><strong>nomen</strong></span> <span class='ocrx_word' id='word_1_780' title='bbox 1213 2140 1329 2160; x_wconf 83' lang='lat' dir='ltr'><strong>sanctum</strong></span> <span class='ocrx_word' id='word_1_781' title='bbox 1347 2133 1416 2168; x_wconf 89' lang='lat' dir='ltr'><strong>quod</strong></span> <span class='ocrx_word' id='word_1_782' title='bbox 1433 2133 1562 2168; x_wconf 78' lang='lat' dir='ltr'><strong>polluistis</strong></span> <span class='ocrx_word' id='word_1_783' title='bbox 1576 2133 1603 2160; x_wconf 85' lang='lat' dir='ltr'><strong>in</strong></span> <span class='ocrx_word' id='word_1_784' title='bbox 1617 2134 1701 2160; x_wconf 86' lang='lat' dir='ltr'><strong>natio-</strong></span> 
     </span>
    </p>
   </div>
   <div class='ocr_carea' id='block_1_101' title="bbox 915 2179 1703 2214">
    <p class='ocr_par' dir='ltr' id='par_1_101' title="bbox 915 2179 1703 2214">
     <span class='ocr_line' id='line_1_101' title="bbox 915 2179 1703 2214; baseline 0.001 -9"><span class='ocrx_word' id='word_1_785' title='bbox 915 2180 998 2211; x_wconf 83' lang='lat' dir='ltr'><strong>nibus,</strong></span> <span class='ocrx_word' id='word_1_786' title='bbox 1025 2180 1051 2205; x_wconf 86' lang='lat' dir='ltr'><strong>in</strong></span> <span class='ocrx_word' id='word_1_787' title='bbox 1072 2180 1154 2205; x_wconf 81' lang='lat' dir='ltr'><strong>medio</strong></span> <span class='ocrx_word' id='word_1_788' title='bbox 1175 2187 1284 2213; x_wconf 81' lang='lat' dir='ltr'><strong>quarum</strong></span> <span class='ocrx_word' id='word_1_789' title='bbox 1312 2179 1419 2213; x_wconf 83' lang='lat' dir='ltr'><strong>ingressi</strong></span> <span class='ocrx_word' id='word_1_790' title='bbox 1445 2180 1515 2205; x_wconf 80' lang='lat' dir='ltr'><strong>estis.</strong></span> <span class='ocrx_word' id='word_1_791' title='bbox 1538 2179 1595 2206; x_wconf 92' lang='lat' dir='ltr'><strong>Illic</strong></span> <span class='ocrx_word' id='word_1_792' title='bbox 1610 2180 1703 2214; x_wconf 87' lang='lat' dir='ltr'><strong>ittcipit</strong></span> 
     </span>
    </p>
   </div>
   <div class='ocr_carea' id='block_1_102' title="bbox 914 2225 1700 2261">
    <p class='ocr_par' dir='ltr' id='par_1_102' title="bbox 914 2225 1700 2261">
     <span class='ocr_line' id='line_1_102' title="bbox 914 2225 1700 2261; baseline -0.003 -8"><span class='ocrx_word' id='word_1_793' title='bbox 914 2227 1026 2261; x_wconf 78' lang='lat' dir='ltr'><strong>jungcre</strong></span> <span class='ocrx_word' id='word_1_794' title='bbox 1040 2233 1124 2260; x_wconf 72' lang='lat' dir='ltr'><strong>genus</strong></span> <span class='ocrx_word' id='word_1_795' title='bbox 1136 2234 1141 2251; x_wconf 92' lang='lat'>:</span> <span class='ocrx_word' id='word_1_796' title='bbox 1154 2225 1186 2251; x_wconf 82' lang='lat' dir='ltr'><strong>Et</strong></span> <span class='ocrx_word' id='word_1_797' title='bbox 1201 2225 1367 2259; x_wconf 78' lang='lat' dir='ltr'><strong>sanctiﬁcabo</strong></span> <span class='ocrx_word' id='word_1_798' title='bbox 1380 2233 1471 2251; x_wconf 78' lang='lat' dir='ltr'><strong>nautea</strong></span> <span class='ocrx_word' id='word_1_799' title='bbox 1483 2231 1700 2256; x_wconf 83' lang='lat' dir='ltr'><strong>meum,sanctmn</strong></span> 
     </span>
    </p>
   </div>
   <div class='ocr_carea' id='block_1_103' title="bbox 916 2272 1702 2309">
    <p class='ocr_par' dir='ltr' id='par_1_103' title="bbox 916 2272 1702 2309">
     <span class='ocr_line' id='line_1_103' title="bbox 916 2272 1702 2309; baseline -0.003 -9"><span class='ocrx_word' id='word_1_800' title='bbox 916 2274 981 2300; x_wconf 87' lang='lat' dir='ltr'><strong>illud</strong></span> <span class='ocrx_word' id='word_1_801' title='bbox 994 2281 1124 2309; x_wconf 81' lang='lat' dir='ltr'><strong>magnum,</strong></span> <span class='ocrx_word' id='word_1_802' title='bbox 1137 2272 1206 2308; x_wconf 79' lang='lat' dir='ltr'><strong>quod</strong></span> <span class='ocrx_word' id='word_1_803' title='bbox 1220 2272 1348 2307; x_wconf 83' lang='lat' dir='ltr'><strong>pollutum</strong></span> <span class='ocrx_word' id='word_1_804' title='bbox 1360 2276 1396 2298; x_wconf 85' lang='lat' dir='ltr'><strong>est</strong></span> <span class='ocrx_word' id='word_1_805' title='bbox 1414 2272 1481 2298; x_wconf 85' lang='lat' dir='ltr'><strong>inter</strong></span> <span class='ocrx_word' id='word_1_806' title='bbox 1495 2272 1619 2303; x_wconf 82' lang='lat' dir='ltr'><strong>nationes,</strong></span> <span class='ocrx_word' id='word_1_807' title='bbox 1634 2272 1702 2306; x_wconf 79' lang='lat' dir='ltr'><strong>quod</strong></span> 
     </span>
    </p>
   </div>
   <div class='ocr_carea' id='block_1_104' title="bbox 878 2315 1702 2355">
    <p class='ocr_par' dir='ltr' id='par_1_104' title="bbox 878 2315 1702 2355">
     <span class='ocr_line' id='line_1_104' title="bbox 878 2315 1702 2355; baseline -0.004 -9"><span class='ocrx_word' id='word_1_808' title='bbox 878 2315 904 2345; x_wconf 73' lang='grc' dir='ltr'><strong>Ι)</strong></span> <span class='ocrx_word' id='word_1_809' title='bbox 916 2320 1043 2355; x_wconf 71' lang='grc' dir='ltr'><strong><em>ροέιαὶιιὶδ</em></strong></span> <span class='ocrx_word' id='word_1_810' title='bbox 1060 2320 1085 2345; x_wconf 87' lang='lat' dir='ltr'><strong>in</strong></span> <span class='ocrx_word' id='word_1_811' title='bbox 1101 2319 1183 2345; x_wconf 87' lang='lat' dir='ltr'><strong>medio</strong></span> <span class='ocrx_word' id='word_1_812' title='bbox 1201 2326 1304 2350; x_wconf 86' lang='lat' dir='ltr'><strong>eorum,</strong></span> <span class='ocrx_word' id='word_1_813' title='bbox 1324 2323 1347 2343; x_wconf 83' lang='lat' dir='ltr'><strong>et</strong></span> <span class='ocrx_word' id='word_1_814' title='bbox 1371 2319 1449 2344; x_wconf 81' lang='lat' dir='ltr'><strong>scient</strong></span> <span class='ocrx_word' id='word_1_815' title='bbox 1461 2323 1559 2353; x_wconf 78' lang='lat' dir='ltr'><strong>gentes,</strong></span> <span class='ocrx_word' id='word_1_816' title='bbox 1581 2318 1702 2352; x_wconf 83' lang='lat' dir='ltr'><strong>quoniam</strong></span> 
     </span>
    </p>
   </div>
   <div class='ocr_carea' id='block_1_105' title="bbox 919 2363 1703 2400">
    <p class='ocr_par' dir='ltr' id='par_1_105' title="bbox 919 2363 1703 2400">
     <span class='ocr_line' id='line_1_105' title="bbox 919 2363 1703 2400; baseline -0.003 -9"><span class='ocrx_word' id='word_1_817' title='bbox 919 2373 963 2400; x_wconf 69' lang='lat' dir='ltr'><strong>ego</strong></span> <span class='ocrx_word' id='word_1_818' title='bbox 978 2364 1176 2395; x_wconf 82' lang='lat' dir='ltr'><strong>sumDomimss,</strong></span> <span class='ocrx_word' id='word_1_819' title='bbox 1187 2364 1231 2399; x_wconf 80' lang='lat' dir='ltr'><strong>qui</strong></span> <span class='ocrx_word' id='word_1_820' title='bbox 1244 2363 1453 2397; x_wconf 77' lang='lat' dir='ltr'><strong>sanctiﬁcaborin</strong></span> <span class='ocrx_word' id='word_1_821' title='bbox 1465 2363 1532 2389; x_wconf 83' lang='lat' dir='ltr'><strong>vobis</strong></span> <span class='ocrx_word' id='word_1_822' title='bbox 1544 2367 1603 2389; x_wconf 85' lang='lat' dir='ltr'><strong>ante</strong></span> <span class='ocrx_word' id='word_1_823' title='bbox 1616 2364 1703 2392; x_wconf 80' lang='lat' dir='ltr'><strong>oculos</strong></span> 
     </span>
    </p>
   </div>
   <div class='ocr_carea' id='block_1_106' title="bbox 919 2408 1704 2443">
    <p class='ocr_par' dir='ltr' id='par_1_106' title="bbox 919 2408 1704 2443">
     <span class='ocr_line' id='line_1_106' title="bbox 919 2408 1704 2443; baseline -0.001 -7"><span class='ocrx_word' id='word_1_824' title='bbox 919 2418 1016 2441; x_wconf 85' lang='lat' dir='ltr'><strong>eorum,</strong></span> <span class='ocrx_word' id='word_1_825' title='bbox 1031 2416 1052 2436; x_wconf 78' lang='lat' dir='ltr'><strong>et</strong></span> <span class='ocrx_word' id='word_1_826' title='bbox 1064 2410 1190 2443; x_wconf 84' lang='lat' dir='ltr'><strong>accipiam</strong></span> <span class='ocrx_word' id='word_1_827' title='bbox 1203 2416 1247 2435; x_wconf 77' lang='lat' dir='ltr'><strong>vos</strong></span> <span class='ocrx_word' id='word_1_828' title='bbox 1261 2408 1293 2435; x_wconf 81' lang='lat' dir='ltr'><strong>de</strong></span> <span class='ocrx_word' id='word_1_829' title='bbox 1307 2408 1434 2443; x_wconf 79' lang='lat' dir='ltr'><strong>gentibus,</strong></span> <span class='ocrx_word' id='word_1_830' title='bbox 1449 2413 1471 2434; x_wconf 84' lang='lat' dir='ltr'><strong>et</strong></span> <span class='ocrx_word' id='word_1_831' title='bbox 1487 2410 1644 2443; x_wconf 65' lang='lat' dir='ltr'><strong>congregabo</strong></span> <span class='ocrx_word' id='word_1_832' title='bbox 1660 2417 1704 2435; x_wconf 81' lang='lat' dir='ltr'><strong>ros</strong></span> 
     </span>
    </p>
   </div>
   <div class='ocr_carea' id='block_1_107' title="bbox 919 2454 1703 2487">
    <p class='ocr_par' dir='ltr' id='par_1_107' title="bbox 919 2454 1703 2487">
     <span class='ocr_line' id='line_1_107' title="bbox 919 2454 1703 2487; baseline -0.003 -4"><span class='ocrx_word' id='word_1_833' title='bbox 919 2465 950 2483; x_wconf 78' lang='lat' dir='ltr'><strong>ea:</strong></span> <span class='ocrx_word' id='word_1_834' title='bbox 960 2456 1075 2482; x_wconf 84' lang='lat' dir='ltr'><strong>omnibus</strong></span> <span class='ocrx_word' id='word_1_835' title='bbox 1089 2455 1172 2487; x_wconf 85' lang='lat' dir='ltr'><strong>terris,</strong></span> <span class='ocrx_word' id='word_1_836' title='bbox 1188 2460 1211 2480; x_wconf 84' lang='lat' dir='ltr'><strong>et</strong></span> <span class='ocrx_word' id='word_1_837' title='bbox 1234 2454 1354 2480; x_wconf 64' lang='lat' dir='ltr'><strong>inducam</strong></span> <span class='ocrx_word' id='word_1_838' title='bbox 1366 2462 1410 2481; x_wconf 76' lang='lat' dir='ltr'><strong>vos</strong></span> <span class='ocrx_word' id='word_1_839' title='bbox 1432 2455 1459 2481; x_wconf 85' lang='lat' dir='ltr'><strong>in</strong></span> <span class='ocrx_word' id='word_1_840' title='bbox 1480 2459 1573 2481; x_wconf 80' lang='lat' dir='ltr'><strong>terram</strong></span> <span class='ocrx_word' id='word_1_841' title='bbox 1584 2460 1703 2482; x_wconf 77' lang='lat' dir='ltr'><strong>uestram.</strong></span> 
     </span>
    </p>
   </div>
   <div class='ocr_carea' id='block_1_108' title="bbox 922 2499 1704 2538">
    <p class='ocr_par' dir='ltr' id='par_1_108' title="bbox 922 2499 1704 2538">
     <span class='ocr_line' id='line_1_108' title="bbox 922 2499 1704 2538; baseline -0.005 -8"><span class='ocrx_word' id='word_1_842' title='bbox 922 2505 939 2530; x_wconf 84' lang='lat' dir='ltr'><strong>A</strong></span> <span class='ocrx_word' id='word_1_843' title='bbox 945 2511 986 2538; x_wconf 65' lang='lat' dir='ltr'><strong>per</strong></span> <span class='ocrx_word' id='word_1_844' title='bbox 995 2507 1020 2530; x_wconf 83' lang='lat' dir='ltr'><strong>te</strong></span> <span class='ocrx_word' id='word_1_845' title='bbox 1027 2502 1130 2529; x_wconf 80' lang='lat' dir='ltr'><strong>excedit</strong></span> <span class='ocrx_word' id='word_1_846' title='bbox 1143 2501 1261 2535; x_wconf 85' lang='lat' dir='ltr'><strong>speciem</strong></span> <span class='ocrx_word' id='word_1_847' title='bbox 1270 2508 1279 2527; x_wconf 89' lang='lat'><em>:</em></span> <span class='ocrx_word' id='word_1_848' title='bbox 1286 2499 1318 2526; x_wconf 85' lang='lat' dir='ltr'><strong>Et</strong></span> <span class='ocrx_word' id='word_1_849' title='bbox 1326 2507 1463 2535; x_wconf 74' lang='lat' dir='ltr'><strong>aspergunt</strong></span> <span class='ocrx_word' id='word_1_850' title='bbox 1472 2509 1514 2527; x_wconf 83' lang='lat' dir='ltr'><strong>vos</strong></span> <span class='ocrx_word' id='word_1_851' title='bbox 1525 2508 1590 2536; x_wconf 72' lang='lat' dir='ltr'><strong>aqua</strong></span> <span class='ocrx_word' id='word_1_852' title='bbox 1598 2502 1704 2534; x_wconf 84' lang='lat' dir='ltr'><strong>munda,</strong></span> 
     </span>
    </p>
   </div>
   <div class='ocr_carea' id='block_1_109' title="bbox 920 2546 1706 2578">
    <p class='ocr_par' dir='ltr' id='par_1_109' title="bbox 920 2546 1706 2578">
     <span class='ocr_line' id='line_1_109' title="bbox 920 2546 1706 2578; baseline -0.004 -3"><span class='ocrx_word' id='word_1_853' title='bbox 920 2554 943 2576; x_wconf 86' lang='lat' dir='ltr'><strong>et</strong></span> <span class='ocrx_word' id='word_1_854' title='bbox 957 2548 1140 2574; x_wconf 83' lang='lat' dir='ltr'><strong>mundabimini</strong></span> <span class='ocrx_word' id='word_1_855' title='bbox 1155 2547 1186 2573; x_wconf 91' lang='lat' dir='ltr'><strong>ab</strong></span> <span class='ocrx_word' id='word_1_856' title='bbox 1200 2546 1314 2572; x_wconf 84' lang='lat' dir='ltr'><strong>omnibus</strong></span> <span class='ocrx_word' id='word_1_857' title='bbox 1327 2547 1469 2572; x_wconf 80' lang='lat' dir='ltr'><strong>sintulacris</strong></span> <span class='ocrx_word' id='word_1_858' title='bbox 1483 2546 1581 2578; x_wconf 70' lang='lat' dir='ltr'><strong>uestris,</strong></span> <span class='ocrx_word' id='word_1_859' title='bbox 1597 2552 1621 2572; x_wconf 71' lang='lat' dir='ltr'><strong>et</strong></span> <span class='ocrx_word' id='word_1_860' title='bbox 1633 2554 1706 2573; x_wconf 86' lang='lat' dir='ltr'><strong>mun-</strong></span> 
     </span>
    </p>
   </div>
   <div class='ocr_carea' id='block_1_110' title="bbox 922 2592 1750 2626">
    <p class='ocr_par' dir='ltr' id='par_1_110' title="bbox 922 2592 1750 2626">
     <span class='ocr_line' id='line_1_110' title="bbox 922 2592 1750 2626; baseline -0.004 -5"><span class='ocrx_word' id='word_1_861' title='bbox 922 2596 986 2621; x_wconf 89' lang='lat' dir='ltr'><strong>dabo</strong></span> <span class='ocrx_word' id='word_1_862' title='bbox 1005 2602 1058 2626; x_wconf 81' lang='lat' dir='ltr'><strong>vos,</strong></span> <span class='ocrx_word' id='word_1_863' title='bbox 1070 2599 1093 2620; x_wconf 85' lang='lat' dir='ltr'><strong>et</strong></span> <span class='ocrx_word' id='word_1_864' title='bbox 1108 2593 1173 2619; x_wconf 84' lang='lat' dir='ltr'><strong>dabo</strong></span> <span class='ocrx_word' id='word_1_865' title='bbox 1186 2593 1255 2619; x_wconf 68' lang='lat' dir='ltr'><strong>vobis</strong></span> <span class='ocrx_word' id='word_1_866' title='bbox 1268 2600 1312 2619; x_wconf 84' lang='lat' dir='ltr'><strong>cor</strong></span> <span class='ocrx_word' id='word_1_867' title='bbox 1326 2598 1427 2623; x_wconf 68' lang='lat' dir='ltr'><strong>nouum,</strong></span> <span class='ocrx_word' id='word_1_868' title='bbox 1443 2596 1466 2617; x_wconf 84' lang='lat' dir='ltr'><strong>et</strong></span> <span class='ocrx_word' id='word_1_869' title='bbox 1481 2592 1600 2625; x_wconf 81' lang='lat' dir='ltr'><strong>spiritum</strong></span> <span class='ocrx_word' id='word_1_870' title='bbox 1613 2600 1706 2619; x_wconf 76' lang='lat' dir='ltr'><strong>nouunt</strong></span> <span class='ocrx_word' id='word_1_871' title='bbox 1748 2624 1750 2626; x_wconf 24' lang='grc' dir='ltr'><strong><em>τ</em></strong></span> 
     </span>
    </p>
   </div>
   <div class='ocr_carea' id='block_1_111' title="bbox 923 2637 1704 2673">
    <p class='ocr_par' dir='ltr' id='par_1_111' title="bbox 923 2637 1704 2673">
     <span class='ocr_line' id='line_1_111' title="bbox 923 2637 1704 2673; baseline -0.004 -6"><span class='ocrx_word' id='word_1_872' title='bbox 923 2643 989 2667; x_wconf 86' lang='lat' dir='ltr'><strong>dabo</strong></span> <span class='ocrx_word' id='word_1_873' title='bbox 1004 2641 1030 2666; x_wconf 87' lang='lat' dir='ltr'><strong>in</strong></span> <span class='ocrx_word' id='word_1_874' title='bbox 1042 2647 1094 2668; x_wconf 83' lang='lat' dir='ltr'><strong>ros.</strong></span> <span class='ocrx_word' id='word_1_875' title='bbox 1110 2643 1133 2665; x_wconf 88' lang='lat' dir='ltr'><strong>et</strong></span> <span class='ocrx_word' id='word_1_876' title='bbox 1147 2640 1263 2673; x_wconf 75' lang='lat' dir='ltr'><strong>auferam</strong></span> <span class='ocrx_word' id='word_1_877' title='bbox 1274 2645 1317 2664; x_wconf 64' lang='lat' dir='ltr'><strong>nor</strong></span> <span class='ocrx_word' id='word_1_878' title='bbox 1331 2637 1459 2671; x_wconf 82' lang='lat' dir='ltr'><strong>lapideum</strong></span> <span class='ocrx_word' id='word_1_879' title='bbox 1474 2637 1505 2664; x_wconf 88' lang='lat' dir='ltr'><strong>de</strong></span> <span class='ocrx_word' id='word_1_880' title='bbox 1518 2643 1704 2664; x_wconf 82' lang='lat' dir='ltr'><strong>carne.restra:</strong></span> 
     </span>
    </p>
   </div>
   <div class='ocr_carea' id='block_1_112' title="bbox 923 2684 1703 2718">
    <p class='ocr_par' dir='ltr' id='par_1_112' title="bbox 923 2684 1703 2718">
     <span class='ocr_line' id='line_1_112' title="bbox 923 2684 1703 2718; baseline -0.003 -5"><span class='ocrx_word' id='word_1_881' title='bbox 923 2692 946 2713; x_wconf 79' lang='lat' dir='ltr'><strong>et</strong></span> <span class='ocrx_word' id='word_1_882' title='bbox 960 2686 1023 2712; x_wconf 87' lang='lat' dir='ltr'><strong>dabo</strong></span> <span class='ocrx_word' id='word_1_883' title='bbox 1034 2686 1101 2712; x_wconf 74' lang='lat' dir='ltr'><strong>vobis</strong></span> <span class='ocrx_word' id='word_1_884' title='bbox 1114 2692 1242 2715; x_wconf 74' lang='lat' dir='ltr'><strong>corneum,</strong></span> <span class='ocrx_word' id='word_1_885' title='bbox 1256 2689 1280 2710; x_wconf 81' lang='lat' dir='ltr'><strong>et</strong></span> <span class='ocrx_word' id='word_1_886' title='bbox 1291 2685 1408 2718; x_wconf 82' lang='lat' dir='ltr'><strong>spiritum</strong></span> <span class='ocrx_word' id='word_1_887' title='bbox 1421 2691 1504 2709; x_wconf 83' lang='lat' dir='ltr'><strong>meum</strong></span> <span class='ocrx_word' id='word_1_888' title='bbox 1518 2684 1583 2710; x_wconf 88' lang='lat' dir='ltr'><strong>dabo</strong></span> <span class='ocrx_word' id='word_1_889' title='bbox 1606 2685 1633 2711; x_wconf 84' lang='lat' dir='ltr'><strong>in</strong></span> <span class='ocrx_word' id='word_1_890' title='bbox 1651 2692 1703 2715; x_wconf 74' lang='lat' dir='ltr'><strong>ros,</strong></span> 
     </span>
    </p>
   </div>
   <div class='ocr_carea' id='block_1_113' title="bbox 923 2730 1705 2768">
    <p class='ocr_par' dir='ltr' id='par_1_113' title="bbox 923 2730 1705 2768">
     <span class='ocr_line' id='line_1_113' title="bbox 923 2730 1705 2768; baseline -0.005 -8"><span class='ocrx_word' id='word_1_891' title='bbox 923 2740 945 2761; x_wconf 86' lang='lat' dir='ltr'><strong>et</strong></span> <span class='ocrx_word' id='word_1_892' title='bbox 969 2734 1071 2768; x_wconf 74' lang='lat' dir='ltr'><strong>faciam,</strong></span> <span class='ocrx_word' id='word_1_893' title='bbox 1088 2737 1113 2758; x_wconf 85' lang='lat' dir='ltr'><strong>ut</strong></span> <span class='ocrx_word' id='word_1_894' title='bbox 1136 2732 1163 2758; x_wconf 88' lang='lat' dir='ltr'><strong>in</strong></span> <span class='ocrx_word' id='word_1_895' title='bbox 1183 2731 1293 2767; x_wconf 75' lang='lat' dir='ltr'><strong>justitiis</strong></span> <span class='ocrx_word' id='word_1_896' title='bbox 1320 2731 1382 2756; x_wconf 77' lang='lat' dir='ltr'><strong>meis</strong></span> <span class='ocrx_word' id='word_1_897' title='bbox 1398 2731 1541 2766; x_wconf 56' lang='lat' dir='ltr'><strong>amba/etis,</strong></span> <span class='ocrx_word' id='word_1_898' title='bbox 1566 2735 1590 2756; x_wconf 81' lang='lat' dir='ltr'><strong>et</strong></span> <span class='ocrx_word' id='word_1_899' title='bbox 1604 2730 1705 2765; x_wconf 84' lang='lat' dir='ltr'><strong>judicia</strong></span> 
     </span>
    </p>
   </div>
   <div class='ocr_carea' id='block_1_114' title="bbox 925 2775 1705 2812">
    <p class='ocr_par' dir='ltr' id='par_1_114' title="bbox 925 2775 1705 2812">
     <span class='ocr_line' id='line_1_114' title="bbox 925 2775 1705 2812; baseline -0.005 -4"><span class='ocrx_word' id='word_1_900' title='bbox 925 2789 979 2808; x_wconf 84' lang='lat' dir='ltr'><strong>mea</strong></span> <span class='ocrx_word' id='word_1_901' title='bbox 1010 2779 1181 2810; x_wconf 77' lang='lat' dir='ltr'><strong>custodiatis,</strong></span> <span class='ocrx_word' id='word_1_902' title='bbox 1210 2783 1234 2804; x_wconf 83' lang='lat' dir='ltr'><strong>et</strong></span> <span class='ocrx_word' id='word_1_903' title='bbox 1262 2777 1409 2812; x_wconf 70' lang='lat' dir='ltr'><strong>operamini.</strong></span> <span class='ocrx_word' id='word_1_904' title='bbox 1442 2775 1476 2803; x_wconf 80' lang='lat' dir='ltr'><strong>Et</strong></span> <span class='ocrx_word' id='word_1_905' title='bbox 1509 2776 1651 2804; x_wconf 77' lang='lat' dir='ltr'><strong>habitabilis</strong></span> <span class='ocrx_word' id='word_1_906' title='bbox 1680 2778 1705 2804; x_wconf 88' lang='lat' dir='ltr'><strong>in</strong></span> 
     </span>
    </p>
   </div>
   <div class='ocr_carea' id='block_1_115' title="bbox 925 2817 1707 2861">
    <p class='ocr_par' dir='ltr' id='par_1_115' title="bbox 925 2817 1707 2861">
     <span class='ocr_line' id='line_1_115' title="bbox 925 2817 1707 2861; baseline -0.008 -7"><span class='ocrx_word' id='word_1_907' title='bbox 925 2832 992 2854; x_wconf 84' lang='lat' dir='ltr'><strong>terra</strong></span> <span class='ocrx_word' id='word_1_908' title='bbox 1002 2834 1079 2861; x_wconf 86' lang='lat' dir='ltr'><strong>quam</strong></span> <span class='ocrx_word' id='word_1_909' title='bbox 1092 2825 1151 2852; x_wconf 79' lang='lat' dir='ltr'><strong>dedi</strong></span> <span class='ocrx_word' id='word_1_910' title='bbox 1164 2824 1278 2859; x_wconf 82' lang='lat' dir='ltr'><strong>patribus</strong></span> <span class='ocrx_word' id='word_1_911' title='bbox 1292 2823 1391 2851; x_wconf 79' lang='lat' dir='ltr'><strong>uestris.</strong></span> <span class='ocrx_word' id='word_1_912' title='bbox 1409 2821 1441 2849; x_wconf 85' lang='lat' dir='ltr'><strong>Et</strong></span> <span class='ocrx_word' id='word_1_913' title='bbox 1453 2822 1522 2849; x_wconf 78' lang='lat' dir='ltr'><strong>eritis</strong></span> <span class='ocrx_word' id='word_1_914' title='bbox 1538 2823 1600 2849; x_wconf 79' lang='lat' dir='ltr'><strong>mihi</strong></span> <span class='ocrx_word' id='word_1_915' title='bbox 1615 2823 1642 2849; x_wconf 80' lang='lat' dir='ltr'><strong>in</strong></span> <span class='ocrx_word' id='word_1_916' title='bbox 1653 2817 1707 2857; x_wconf 71' lang='lat' dir='ltr'><strong>‘po-</strong></span> 
     </span>
    </p>
   </div>
  </div>
