3828 6368
368 234 440 300 35
973 293 976 296 .
1459 310 1465 314 _
1735 237 2031 298 TlCllONll
2066 233 2230 296 AFRI
2865 208 2867 211 ’
3549 241 3615 300 δε

369 360 570 431 pulum,
609 368 655 412 et
699 373 792 428 ego
817 374 906 411 ero
931 357 1070 412 vobis
1106 358 1161 417 in
1189 357 1375 420 Deum,
1406 364 1453 412 et
1479 356 1735 411 mundabo
1767 372 1855 410 vos
1881 372 1943 409 ex
1967 353 2017 416 Α
2116 352 2372 410 Eremum
2421 355 2647 426 llguram
2701 354 2869 412 fuisse
2913 354 3098 425 populi
3146 355 3383 423 deserti,
3433 356 3487 412 in
3512 369 3618 428 quo

372 451 607 505 omnibus
645 448 983 503 immunditiis
1026 448 1202 502 restris
1251 440 1466 517 (Ezech.
1494 462 1679 513 xxxw,
1711 445 1795 512 l7,
1824 441 1940 514 98).

370 543 604 612 Altin‘git
629 543 889 610 speciem,
933 556 1038 597 non
1080 549 1262 596 tamen
1291 539 1603 610 relinquens
1632 554 1802 610 genus
1829 559 1842 591 ς
1881 533 1943 590 Et

373 635 559 689 rocabo
583 636 824 699 triticum,
856 643 904 687 et
933 625 1288 704 multiplicabo
1316 632 1448 686 illud
1481 649 1499 686 :
1537 641 1583 686 et
1612 648 1713 685 non
1742 630 1870 683 dabo
1893 631 1946 682 in

372 745 459 783 vos
486 733 692 799 famem,
735 735 781 780 et
824 725 1180 795 multiplicabo
1211 728 1433 795 fructum
1472 722 1620 796 ligni,
1653 733 1700 778 et
1719 739 1831 793 qua:
1853 739 1947 776 na-

367 827 577 871 scuntur
598 818 651 870 in
691 832 816 885 agro
860 832 878 869 :
909 825 964 868 ut
1009 831 1111 868 non
1136 815 1404 882 accipiatis
1444 816 1582 866 ultra
1615 812 1948 884 opprobrium

372 909 557 979 famis,
602 908 657 961 in
699 906 1018 971 nationibus,
1070 915 1116 959 et
1164 904 1557 960 reminiscemini
1604 905 1710 956 vias
1759 913 1948 956 vestras

374 1001 644 1069 pessimos,
673 1000 1007 1072 cOgitationes
1032 1009 1226 1053 vestras
1247 1014 1351 1052 non
1371 997 1549 1064 bonas,
1577 1006 1747 1051 etnon
1770 997 1949 1051 odietis

372 1109 459 1147 eas
489 1102 608 1146 ante
649 1094 835 1163 facient
883 1108 1063 1147 eorum
1110 1092 1163 1146 in
1201 1089 1551 1156 iniquitatibus
1574 1090 1772 1156 vestris,
1820 1090 1950 1142 etin

373 1184 830 1238 abominationibus
873 1200 1072 1238 eorum.
1125 1177 1248 1236 Non
1280 1191 1489 1252 propter
1517 1198 1625 1246 vos,
1671 1197 1760 1251 ego
1791 1179 1947 1249 facio,

377 1275 501 1328 dicit
525 1273 799 1328 Dominus.
838 1273 1036 1328 Notum
1081 1283 1153 1328 est
1191 1273 1352 1336 vobis,
1387 1271 1761 1342 confundimini
1788 1280 1833 1324 et
1864 1265 1951 1324 ire-

375 1369 630 1422 vertimini
676 1369 739 1421 de
783 1367 878 1422 viis
932 1367 1146 1430 vestris,
1192 1365 1374 1420 domus
1424 1363 1612 1420 Israel.
1654 1363 1780 1418 Haec
1826 1363 1950 1418 dicit

374 1460 579 1515 Adonai
606 1458 858 1513 Dominus
889 1475 907 1510 :
939 1457 1004 1510 In
1031 1458 1134 1523 die,
1164 1474 1266 1525 qua
1291 1456 1547 1510 mandabo
1575 1471 1662 1509 vos
1688 1455 1750 1508 ab
1783 1454 1949 1508 omni-

373 1552 466 1605 bus
502 1551 855 1616 iniquitatibus
880 1550 1079 1610 vestris,
1111 1560 1158 1603 et
1190 1550 1433 1605 inebriari
1462 1548 1654 1617 faciam
1675 1548 1908 1601 civitates
1930 1587 1946 1615 ,

372 1644 426 1697 in
449 1644 616 1716 ﬁgura
653 1652 801 1697 teme
821 1640 1007 1706 .ludtr,
1039 1656 1153 1710 qua:
1179 1640 1323 1696 bellis
1354 1649 1549 1694 vastata
1581 1635 1746 1702 fuerat
1765 1680 1779 1703 ,
1810 1639 1947 1691 cole-

2049 443 2299 501 Ecclesia
2352 460 2494 500 nunc
2536 459 2700 510 esse,
2733 444 3113 502 manifestatur
3145 462 3161 500 :
3190 455 3246 500 et
3281 445 3427 515 quod
3454 445 3617 503 iidem

2049 536 2176 591 mali
2207 536 2451 606 quamvis
2481 551 2586 591 una
2607 551 2727 592 cum
2754 535 2953 608 populo
2984 536 3076 592 Dei
3099 550 3166 592 ex
3187 535 3441 606 gentibus
3465 552 3620 594 revo-

2047 640 2239 685 centur
2285 629 2337 683 in
2386 637 2586 684 terram
2623 629 2809 697 Israel,
2859 633 3036 684 tamen
3085 629 3140 684 in
3171 638 3456 686 terra‘non
3481 631 3614 687 sint.

2062 719 2183 776 Vivo
2200 738 2312 794 ego,
2327 721 2450 795 dicit
2463 721 2738 790 Dominus,
2759 723 2805 777 si
2816 724 3125 794 respondero
3143 723 3304 792 vobis,
3321 723 3426 780 et'si
3440 740 3622 779 ascen-

2051 813 2183 866 derit
2229 814 2284 866 in
2322 830 2410 868 cor
2445 805 2666 891 vestrum
2694 815 2812 880 hoc,
2853 825 3021 870 etnon
3051 817 3168 883 erit,
3195 817 3620 888 quemadmodum

2050 895 2219 957 dicitis
2245 920 2352 958 vos.
2385 902 2594 960 Erimus
2631 906 2762 960 sicut
2791 915 2986 977 gentes,
3026 916 3076 961 et
3104 907 3239 961 sicut
3263 908 3424 963 tribus
3446 918 3618 976 teme,

2051 1005 2108 1050 ut
2148 996 2428 1051 serviamus
2475 995 2630 1068 lignis
2665 1007 2714 1052 et
2749 982 3197 1069 lapidibus.',Vivo
3223 1015 3341 1070 ego,
3368 1001 3493 1054 dicit
3517 999 3621 1056 Dm

2051 1078 2238 1186 minus,
2269 1086 2368 1142 nisi
2385 1088 2439 1141 in
2468 1103 2629 1142 manu
2659 1090 2782 1186 foqti
2810 1097 2857 1143 et
2886 1088 3091 1143 brachio
3117 1089 3333 1161 excelso,
3362 1101 3408 1145 et
3447 1090 3503 1144 in
3541 1092 3623 1146 ira

2051 1169 2218 1248 effusa
2240 1181 2462 1252 regnabo
2491 1197 2643 1250 super
2672 1169 2776 1250 vos,
2809 1192 2858 1238 et
2877 1181 3100 1238 educam
3136 1197 3222 1238 vos
3249 1183 3316 1237 de
3348 1183 3554 1254 populis
3573 1193 3622 1238 et

2052 1273 2295 1343 recipiam
2325 1289 2411 1328 vos
2437 1275 2501 1329 de
2528 1275 2838 1345 regionibus,
2867 1277 2919 1330 in
2945 1275 3130 1346 quibus
3168 1275 3388 1347 dispersi
3425 1278 3543 1332 estis
3569 1276 3623 1331 in

2051 1378 2208 1417 rnanu
2225 1364 2352 1434 forti
2379 1373 2427 1418 et
2450 1364 2658 1420 brachio
2679 1364 2904 1434 excelso,
2915 1376 2968 1421 et
2986 1367 3067 1421 ira
3081 1365 3266 1435 effusa,
3294 1377 3343 1422 et
3367 1367 3622 1424 adducam

2055 1471 2140 1509 vos
2166 1455 2221 1508 in
2249 1455 2499 1510 desertum
2531 1459 2859 1529 populumne,
2893 1467 2943 1512 et
2982 1456 3254 1526 disputabo
3281 1458 3350 1512 ad
3379 1474 3466 1514 vos
3491 1459 3623 1530 facie

2051 1544 2121 1597 ad
2143 1545 2328 1614 faciem
2360 1562 2378 1601 :
2403 1547 2832 1616 quemadmodum
2863 1549 3122 1621 disputavi
3139 1550 3209 1604 ad
3238 1559 3409 1622 patres
3434 1560 3623 1607 vestros

2053 1628 2106 1690 in
2123 1637 2322 1692 deserto
2349 1647 2498 1693 terra:
2521 1637 2764 1712 Egypti,
2793 1641 2867 1694 sic
2882 1640 3131 1712 judicabo
3158 1656 3266 1706 vos,
3297 1641 3423 1696 dicit
3441 1639 3624 1696 Domi-

377 1742 481 1798 tur,
524 1742 731 1804 propter
778 1734 913 1800 quod
959 1733 1053 1799 fuit
1094 1732 1434 1785 exterminata
1475 1729 1565 1784 sub
1596 1730 1759 1782 oculis
1785 1729 1948 1782 omnis
1978 1726 2027 1793 B
2052 1743 2171 1792 nus,
2197 1736 2247 1780 et
2268 1720 2496 1797 redigam
2526 1745 2612 1782 vos
2651 1728 2744 1782 sub
2774 1730 2917 1800 virga
2937 1747 3069 1796 mea,
3101 1740 3147 1785 et
3193 1730 3435 1786 inducam
3460 1747 3546 1786 vos
3569 1731 3624 1786 in

377 1824 751 1892 prtetereuntis.
775 1821 841 1874 Et
858 1822 1050 1886 dicent,
1072 1813 1230 1875 Terra
1250 1821 1366 1886 illa,
1386 1837 1498 1890 qua:
1523 1823 1690 1889 fuerat
1707 1819 1950 1873 extermi-

376 1927 518 1982 nata,
548 1920 686 1986 facta
705 1925 779 1969 est
795 1916 928 1968 sicut
957 1914 1133 1968 hortus
1160 1913 1494 1980 deliciarum,
1527 1922 1572 1965 et
1602 1911 1830 1964 civitates
1859 1907 1950 1962 de-

309 2021 311 2024 ‘
375 2019 526 2062 serttz
547 2015 592 2060 et
617 2006 966 2060 exterminata:
984 2012 1033 2057 et
1065 2004 1343 2070 demolitte,
1359 2004 1570 2057 munitte
1595 2001 1950 2056 consederunt.

375 2098 442 2153 Et
469 2101 626 2154 scient
652 2109 852 2171 gentes,
875 2113 1199 2168 quaecumque
1239 2097 1498 2151 derelicta:
1529 2091 1721 2167 fuerint
1749 2096 1815 2174 ,in
1854 2087 1956 2148 cir—

377 2195 515 2246 cuitu
562 2201 748 2258 vestro,
790 2189 1031 2261 quoniam
1077 2182 1169 2262 ego
1198 2207 1313 2244 sum
1359 2187 1630 2243 Dominus.
1667 2186 1954 2257 £diﬁcavi

377 2285 669 2349 demolitas,
692 2293 738 2338 et
763 2282 992 2354 plantavi
1013 2281 1376 2336 exterminatus
1409 2299 1422 2332 :
1453 2282 1573 2351 quia
1590 2297 1681 2350 ego
1704 2272 1954 2332 Dominus

359 2377 577 2431 locutus
607 2393 721 2429 sum
749 2385 796 2428 et
825 2375 924 2446 feci
951 2366 1115 2446 (ibid.
1146 2373 1234 2438 29,
1274 2368 1389 2443 33).

449 2467 743 2538 Apostolus
765 2481 980 2538 quoque
1009 2468 1253 2534 ingressu
1279 2460 1450 2521 Jacob
1478 2464 1802 2535 promissum
1833 2475 1955 2517 esse

377 2560 658 2615 introitum
692 2560 930 2628 gentium
966 2599 981 2622 ,
1013 2558 1095 2613 sic
1126 2552 1512 2629 interpretatur
1540 2557 1748 2620 dicens,
1781 2555 1954 2610 Donec

375 2644 640 2722 plenitudo
678 2650 903 2719 gentium
946 2650 1131 2715 intret,
1183 2661 1229 2703 et
1261 2656 1336 2703 sic
1373 2649 1538 2702 omnis
1587 2645 1755 2701 Israel
1786 2647 1954 2698 salva-

379 2742 535 2806 bitur,
568 2745 695 2795 sicut
726 2743 974 2808 scriptum
1001 2750 1070 2793 est
1097 2757 1113 2794 :
1150 2739 1331 2795 Veniet
1355 2758 1387 2793 a
1413 2739 1566 2804 Sion,
1596 2736 1681 2808 qui
1704 2736 1880 2791 liberet
1907 2745 1954 2788 et

379 2835 580 2901 auferat
627 2831 910 2903 impietates
965 2831 1026 2885 ab
1075 2825 1238 2884 Iacob
1281 2830 1460 2904 (Rom.
1494 2841 1572 2896 xl,
1601 2829 1695 2894 2'5,
1726 2829 1840 2900 ‘26).
1887 2823 1955 2881 Et

379 2922 569 2977 eodem
596 2937 796 2992 genere
841 2922 1132 2976 locutionis
1184 2923 1322 2977 redit
1351 2924 1404 2976 in
1429 2921 1689 2990 speciem,
1723 2922 1949 2974 dicens:

382 3014 676 3069 Secundum
718 3001 1053 3083 Evangelium
1095 3015 1299 3084 quidem
1349 3014 1546 3067 inimici
1599 3020 1805 3084 propter
1841 3027 1947 3065 vos.

2057 1825 2081 1853 α
2113 1832 2348 1883 numero,
2390 1828 2439 1872 et
2468 1819 2654 1892 eligam
2703 1820 2887 1889 impios
2935 1821 2998 1875 de
3036 1822 3175 1875 vobis
3204 1831 3252 1876 et
3291 1822 3574 1878 desertores
3605 1838 3624 1878 :

2052 1911 2294 1974 quoniam
2319 1925 2385 1965 ea:
2414 1913 2863 1980 transmigratione
2884 1929 3057 1968 eorum
3085 1913 3298 1968 educam
3337 1931 3449 1981 eos,
3477 1925 3524 1969 et
3570 1917 3625 1970 iu

2054 2006 2244 2052 terram
2286 1997 2455 2054 Israel
2484 2018 2588 2055 non
2624 2004 2906 2068 intrabunt,
2935 2015 2980 2057 et
3010 1996 3344 2075 cognoscetis,
3379 2008 3500 2076 quia
3531 2022 3625 2078 ego

2053 2103 2169 2144 sum
2195 2089 2449 2147 Dominus
2475 2091 2688 2161 (Ezech.
2724 2111 2816 2159 xx,
2852 2094 3059 2165 51,58).

2124 2181 2259 2238 Item
2291 2183 2370 2239 illi
2396 2186 2693 2254 captivitati
2717 2187 2977 2243 montium
3001 2188 3169 2243 lsrael
3197 2188 3461 2259 promittit
3483 2188 3627 2248 Deus

2054 2273 2380 2341 ubertatem,
2410 2285 2468 2332 et
2491 2280 2990 2349 multiplicationem
3024 2283 3343 2352 populorum
3374 2299 3546 2356 usque
3571 2287 3629 2343 in

2054 2367 2215 2424 linem
2245 2387 2257 2423 :
2298 2369 2573 2438 Quoniam,
2630 2372 2826 2443 inquit,
2865 2375 3114 2429 dederunt
3145 2386 3331 2431 terram
3363 2388 3502 2432 tuam
3530 2378 3630 2434 sibi

2050 2460 2106 2515 in
2138 2465 2509 2533 possessionem
2538 2483 2652 2519 cum
2671 2468 2995 2540 jucunditate
3019 2466 3385 2526 inhonorantes
3402 2472 3628 2541 animas,

2053 2561 2208 2624 atque
2233 2558 2698 2612 exterminaverunt
2729 2561 2782 2613 in
2803 2562 3136 2616 vastationem
3154 2579 3172 2616 :
3201 2573 3492 2633 propterea,
3511 2580 3632 2634 pro-

2055 2644 2208 2714 pheta
2236 2637 2387 2715 super
2418 2657 2603 2702 terram
2631 2647 2817 2716 Israel,
2846 2660 2892 2705 et
2912 2652 2993 2705 dic
3027 2653 3278 2707 montibus
3304 2665 3355 2707 et
3393 2654 3626 2722 collibus,

2053 2742 2098 2786 et
2126 2735 2247 2788 rivis
2277 2745 2325 2789 et
2353 2737 2643 2792 nemoribus
2668 2756 2685 2793 :
2710 2739 2841 2794 Htec
2886 2742 3010 2796 dicit
3033 2740 3288 2798 Dominus
3322 2760 3341 2798 :
3371 2743 3498 2798 Ecce
3537 2760 3630 2817 ego

2052 2828 2106 2880 in
2131 2827 2238 2880 zelo
2265 2844 2396 2896 meo,
2433 2838 2482 2883 et
2505 2830 2556 2883 in
2586 2832 2664 2885 ira
2685 2848 2797 2886 mea
2835 2834 3033 2888 locutus
3072 2851 3207 2903 sum,
3237 2845 3446 2905 propter
3490 2837 3631 2908 quod

2051 2919 2386 2990 opprobrium
2412 2924 2638 2994 gentium
2680 2927 2912 2995 portatis.
2939 2926 3074 2981 Ecce
3093 2938 3186 2998 ego
3215 2929 3388 2982 levabo
3419 2945 3632 2985 manum

2051 3025 2215 3063 meam
2239 3027 2395 3079 super
2423 3013 2676 3080 nationes,
2699 3031 2813 3085 qua
2836 3019 3036 3095 suntin
3081 3019 3301 3072 circuitu
3328 3029 3511 3074 vestro.
3558 3019 3633 3077 Hi

378 3107 512 3163 Item
542 3108 594 3160 in
636 3105 921 3162 Ezechiele
952 3108 1140 3177 incipit
1164 3105 1234 3161 ab
1262 3106 1466 3176 specie,
1501 3121 1619 3175 qua:
1662 3104 1952 3159 conveniat
1979 3103 2023 3165 C
2052 3105 2300 3175 injuriam
2319 3122 2465 3160 suam
2495 3108 2749 3178 accipient
2777 3126 2796 3163 :
2818 3111 2967 3165 vestri
2992 3121 3158 3165 autem
3192 3123 3411 3180 montes,
3437 3111 3631 3181 Israel,

379 3202 510 3254 etin
540 3215 730 3270 genus,
771 3207 826 3253 et
865 3195 980 3253 linit
1007 3201 1058 3253 in
1089 3200 1451 3278 soloqgenere,
1499 3197 1809 3263 ostendens,
1845 3205 1952 3250 ler-

378 3308 493 3349 ram
542 3303 752 3364 patrum
803 3293 989 3347 mundi
1034 3307 1155 3348 esse
1199 3290 1631 3361 possessionem:
1670 3281 1792 3343 Hac
1829 3288 1953 3341 dicit

382 3378 634 3438 Dominus
661 3402 678 3438 :
707 3383 842 3438 Ecce
883 3401 975 3455 ego
1007 3385 1258 3453 accipiam
1307 3398 1505 3436 omnem
1550 3383 1756 3435 domum
1785 3379 1954 3433 Israel

383 3477 449 3531 de
475 3478 638 3529 medio
670 3478 916 3547 gentium,
949 3477 1004 3528 in
1042 3493 1167 3542 quas
1197 3476 1410 3544 ingressi
1438 3483 1558 3528 sunt
1587 3473 1717 3539 illic,
1751 3483 1798 3526 et
1833 3487 1953 3523 con-

381 3567 602 3637 gregabo
628 3583 711 3620 eos
749 3567 810 3619 ab
858 3567 1089 3619 omnibus
1119 3567 1205 3636 qui
1228 3575 1343 3618 sunt
1370 3565 1424 3617 in
1450 3565 1669 3617 circuitu
1691 3579 1883 3628 eorum,
1908 3569 1955 3613 et

382 3656 623 3711 inducam
657 3675 740 3711 eos
772 3660 837 3711 in
862 3667 1045 3711 terram
1092 3657 1300 3723 Israel,
1340 3667 1386 3710 et
1427 3657 1662 3726 princeps
1707 3669 1840 3732 unus
1863 3653 1955 3706 erit

289 3780 295 3786 ι
326 3735 329 3738 ’
384 3766 577 3805 eorum.
611 3749 678 3803 Et
731 3768 834 3804 non
884 3760 1033 3804 erunt
1083 3751 1221 3803 ultra
1259 3753 1309 3802 in
1336 3750 1466 3802 duas
1490 3757 1684 3819 gentes,
1718 3763 1807 3800 nec
1833 3747 1956 3798 diri-

385 3842 568 3894 dentur
592 3840 728 3893 ultra
755 3842 805 3893 in
835 3842 939 3893 duo
967 3856 1123 3911 regna
1148 3857 1165 3894 :
1194 3857 1257 3894 ne
1275 3841 1680 3894 contaminemur
1705 3838 1876 3892 adhuc
1900 3838 1955 3890 in

385 3932 673 3987 simulacris
719 3933 844 3984 suis.
904 3931 966 3984 Et
999 3931 1222 3986 liberabo
1249 3947 1334 3986 eos
1362 3931 1425 3984 ab
1457 3914 1688 3983 omnibus
1714 3930 1958 3998 iniquita-

387 4023 518 4076 tibus
548 4038 743 4089 eorum,
774 4023 954 4091 quibus
982 4032 1314 4092 peccaverunt
1351 4023 1403 4074 in
1445 4022 1536 4086 eis,
1581 4030 1627 4073 et
1667 4019 1956 4074 emundabo

340 4144 350 4155 ι
385 4129 489 4179 eos,
517 4121 566 4167 et
588 4112 874 4166 eruntmihi
903 4112 956 4165 in
975 4115 1248 4182 papulum,
1276 4121 1322 4164 et
1351 4128 1442 4182 ego
1466 4111 1714 4165 Dominus
1735 4127 1824 4164 ero
1851 4110 1956 4164 illis

385 4207 437 4258 in
469 4203 635 4258 Deum
676 4205 893 4276 (Ezech.
925 4221 1126 4272 xxxv“,
1155 4205 1367 4276 ειβδ).

459 4299 658 4366 Aperte
707 4299 896 4352 transit
944 4300 996 4350 ln
1028 4313 1198 4367 genus
1233 4315 1245 4350 :
1287 4298 1353 4350 Et
1381 4313 1556 4351 servus
1602 4312 1739 4350 meus
1791 4287 1959 4350 David

389 4387 622 4458 princeps
650 4389 704 4439 in
734 4386 900 4441 medio
929 4403 1102 4450 eorum
1132 4388 1248 4454 erit,
1301 4375 1489 4442 Pastor
1533 4405 1666 4441 unus
1705 4389 1954 4455 omnium,

2052 3209 2201 3247 uvam
2239 3204 2288 3250 et
2319 3197 2541 3269 fructum
2581 3209 2799 3254 vestrum
2836 3200 3158 3255 manducabit
3197 3203 3421 3274 papulas
3467 3220 3631 3272 meus,

2053 3283 2141 3350 qui
2177 3285 2558 3354 appropinquat
2585 3287 2772 3360 venire,
2819 3287 2952 3352 Quia
2977 3305 3089 3343 ecce
3117 3307 3207 3361 ego
3247 3307 3399 3360 super
3425 3308 3538 3358 vos,-
3586 3300 3634 3346 et

2053 3375 2309 3439 colemini,
2361 3385 2408 3429 et
2447 3377 2819 3431 seminabimini
2847 3395 2865 3433 :
2901 3391 2949 3434 et
2976 3381 3333 3451 multiplicabo
3364 3399 3517 3453 super
3543 3398 3632 3439 vos

2053 3475 2210 3519 totam
2249 3467 2456 3520 domum
2499 3465 2668 3523 Israel
2708 3486 2868 3539 usque
2904 3470 2957 3524 in
2986 3471 3164 3539 ﬁnem,
3195 3482 3240 3528 et
3270 3472 3635 3528 habitabantur

2055 3557 2303 3624 civitates,
2329 3567 2376 3610 et
2402 3573 2516 3628 qua:
2536 3559 2781 3613 desolata:
2806 3570 2970 3626 eram,
2993 3562 3382 3626 cedi/icabnntur
3410 3562 3628 3635 (Ezech.

2058 3663 2245 3716 xxxvn,
2280 3648 2454 3718 5,10).
2491 3649 2624 3710 [tem
2656 3650 2767 3707 illic
2790 3654 2933 3709 velut
2955 3654 3007 3708 in
3033 3657 3322 3711 novissima
3355 3672 3634 3714 resurrceo

2057 3741 2226 3806 tione,
2247 3741 2418 3809 prima
2447 3741 2778 3811 signiﬁcatur
2805 3763 2816 3799 :
2849 3744 3073 3802 Locutus
3093 3757 3190 3813 est,
3219 3747 3411 3817 inquit,
3429 3748 3498 3801 ad
3526 3764 3629 3816 me,

2054 3832 2230 3885 dicens
2249 3849 2268 3885 :
2290 3830 2399 3887 Fili
2419 3833 2663 3898 hominis,
2679 3852 2797 3890 ossa
2812 3835 2939 3901 hac,
2967 3837 3126 3890 omnis
3149 3838 3331 3893 domus
3353 3836 3629 3895 Israclest.

2056 3922 2170 3992 Ipsi
2201 3924 2382 3977 dicunt
2409 3939 2426 3976 :
2453 3924 2615 3978 Arida
2642 3929 2781 3994 facta
2800 3935 2918 3981 sunt
2941 3943 3059 3982 ossa
3082 3936 3281 3995 nostra,
3299 3928 3487 3982 interiit
3512 3945 3632 3997 spes

2060 4030 2253 4087 nostra,
2286 4014 2677 4090 exspiravimus.
2707 4021 2990 4095 Propterea
3008 4022 3254 4093 propheta
3280 4031 3325 4076 et
3346 4023 3429 4077 dic
3453 4037 3468 4076 :
3503 4021 3633 4077 Hoc

2060 4113 2184 4166 dicit
2205 4110 2460 4169 Dominus
2483 4130 2502 4169 :
2548 4114 2678 4170 Ecce
2703 4132 2795 4188 ego
2822 4116 3051 4186 aperiam
3093 4126 3417 4172 monumenta
3439 4125 3627 4181 vestra,

2059 4211 2106 4257 et
2131 4203 2341 4269 educant
2365 4220 2450 4258 vos
2491 4205 2554 4259 de
2591 4208 2933 4262 monumentis
2956 4207 3132 4261 vestris
3155 4248 3170 4273 ,
3198 4217 3243 4261 et
3275 4209 3513 4262 inducam
3542 4223 3632 4264 vos

2059 4296 2112 4349 in
2156 4306 2341 4350 terram
2391 4296 2578 4362 Israel,
2611 4307 2660 4353 et
2686 4299 2879 4364 scietis,
2907 4300 3033 4370 quia
3068 4315 3161 4370 ego
3198 4298 3472 4366 Dominus,
3513 4316 3632 4354 cum

2057 4392 2284 4459 aperiam
2308 4392 2544 4460 sepulcra
2569 4404 2756 4458 vestra,
2786 4401 2834 4448 et
2859 4393 3073 4449 educam
3102 4392 3166 4446 de
3188 4393 3519 4446 monumentis
3537 4408 3633 4462 po-

388 4477 473 4545 qui
497 4457 849 4548 iniprteceptis
877 4479 1002 4532 meis
1031 4478 1385 4544 ambulabunt,
1417 4489 1466 4532 et
1493 4469 1699 4551 judicia
1728 4495 1835 4532 mea
1869 4496 1959 4532 cu—
1986 4457 2037 4529 Ῐ)
2061 4457 2242 4554 pulum
2283 4457 2469 4550 meum,
2508 4493 2556 4537 et
2592 4485 2722 4539 dabo
2754 4485 2992 4554 spiritum
3034 4498 3203 4537 meum
3237 4484 3294 4536 in
3332 4499 3441 4549 vos,
3489 4457 3635 4538 etvi-

387 4567 629 4633 slodient,
652 4579 697 4622 et
713 4571 898 4639 facient
914 4586 994 4637 ea,
1014 4579 1060 4623 et
1077 4562 1427 4625 inhabitabu‘nt
1445 4574 1497 4624 in
1516 4581 1652 4625 terra
1677 4589 1791 4637 sua,
1807 4579 1959 4643 quam

389 4675 480 4731 ego
499 4659 614 4712 dedi
645 4676 785 4713 servo
813 4676 922 4713 meo
948 4651 1130 4727 Iacob,
1173 4663 1257 4714 ubi
1283 4662 1631 4717 habitaverunt
1662 4674 1835 4733 patres
1874 4680 1960 4719 eo-

389 4767 521 4814 rum,
554 4760 605 4805 et
636 4751 929 4805 habitabant
965 4753 1016 4804 in
1043 4770 1101 4806 ea
1130 4754 1259 4823 ipsi,
1307 4763 1357 4807 et
1389 4752 1555 4807 David
1601 4769 1777 4809 servus
1816 4772 1959 4812 meus

389 4845 622 4917 princeps
671 4860 843 4896 eorum
889 4835 940 4895 in
985 4835 1199 4912 stecula,
1254 4853 1301 4897 et
1351 4838 1619 4915 disponam
1671 4847 1778 4899 illis
1806 4855 1958 4900 testa-

389 4945 609 4987 mentum
639 4936 793 5006 pncis,
825 4943 870 4987 et
901 4945 1250 4987 testamentum
1286 4944 1528 4990 (sternunt
1554 4937 1647 4990 erit
1673 4953 1793 4990 cum
1823 4938 1950 4992 illis.

388 5013 458 5078 Et
504 5041 688 5094 ponam
733 5033 910 5078 sancta
937 5039 1045 5077 mea
1075 5026 1130 5078 in
1152 5017 1320 5078 medio
1345 5042 1520 5080 eorum
1546 5027 1599 5080 in
1643 5031 1865 5094 stecula,
1906 5039 1952 5083 et

385 5110 483 5170 erit
506 5113 747 5171 habitatio
770 5133 879 5170 mea
908 5109 960 5169 in
987 5107 1111 5183 illis,
1129 5127 1175 5172 et
1192 5134 1278 5171 ero
1300 5108 1406 5171 illis
1427 5103 1604 5172 Deus:
1628 5128 1674 5172 et
1690 5121 1790 5190 ipsi
1807 5130 1975 5175 erunt.

388 5199 514 5260 mihi
549 5207 793 5278 populus.
827 5202 891 5260 Et
910 5209 1065 5261 scient
1092 5213 1285 5279 gentes,
1304 5209 1424 5278 quia
1449 5226 1538 5282 ego
1561 5227 1671 5263 sum
1707 5200 1956 5267 Dominus

390 5289 473 5365 qui
496 5296 756 5366 sancti/ica
771 5316 872 5362 eos,
901 5297 1025 5353 dum
1054 5309 1173 5353 sunt
1194 5310 1369 5354 sancta
1390 5303 1447 5355 in
1468 5292 1634 5355 medio
1655 5319 1847 5371 eorum,
1871 5295 1955 5357 di-

388 5390 454 5440 cit
484 5377 731 5444 Dominus
755 5379 1319 5462 (lbid.,24,2”8).ltem
1348 5389 1459 5449 illic
1482 5384 1722 5465 egressui
1752 5397 1956 5466 disper-

387 5472 557 5536 s‘ionis
588 5473 778 5549 Israel,
803 5487 1044 5555 gentium
1078 5477 1272 5542 inserit
1291 5475 1607 5544 adventum.

465 5666 489 5700 ι
528 5659 595 5718 In
613 5664 828 5722 vinculis
856 5665 1059 5737 fuderit
1094 5662 1247 5737 γυιι.
1278 5664 1333 5726 in
1360 5664 1558 5727 Euch.
1587 5679 1678 5735 xx,
1708 5662 1797 5723 87.

2059 4576 2180 4630 vctis
2219 4584 2308 4630 :et
2334 4591 2522 4646 ponam
2553 4591 2638 4629 vos
2677 4592 2830 4646 super
2860 4585 3045 4629 terram
3075 4583 3319 4641 vestram,
3371 4583 3417 4628 et
3459 4573 3632 4629 scietis

2055 4667 2175 4736 quia
2203 4683 2296 4739 ego
2323 4683 2437 4721 sum
2469 4665 2721 4720 Dominus
2741 4666 2954 4738 (Ezech.
2994 4681 3196 4732 sxxvu,
3225 4662 3434 4734 “,14).

2129 4748 2399 4828 Numquid
2445 4758 2745 4826 perSpicue,
2780 4762 2900 4810 cum
2954 4753 3456 4820 resurrexerimus,
3499 4762 3632 4811 tunc

2056 4847 2290 4904 sciemus
2321 4848 2627 4914 Dominum,
2649 4856 2703 4903 et
2730 4863 2833 4901 non
2860 4862 3162 4913 nunc,cum
3187 4848 3282 4918 per
3296 4835 3628 4916 'ba’ptistnum

2060 4934 2430 5008 resurgimus?
2468 4935 2574 4992 Aut
2621 4938 2817 4992 mortui
2864 4937 3115 5008 poterunt
3168 4924 3349 4992 dicire
3393 4952 3406 4988 ε
3465 4921 3632 4990 Arida

2059 5025 2197 5100 facta
2232 5039 2350 5084 sunt
2390 5038 2506 5083 ossa
2543 5038 2716 5084 nostra
2734 5019 2924 5100 (Ibid.,
2956 5022 3065 5099 l1),
3090 5035 3149 5083 ut
3177 5019 3372 5083 merito
3400 5026 3629 5083 mortuis

2057 5125 2108 5181 id
2141 5126 2463 5196 promissum
2493 5139 2615 5180 esse
2640 5124 2963 5181 credamus?
2988 5115 3124 5193 Quid
3155 5110 3410 5202 enimesi
3444 5121 3630 5202 iuera-

2058 5195 2245 5284 menti,
2276 5232 2343 5272 ne
2374 5205 2426 5270 in
2457 5207 2765 5287 ambiguum
2797 5217 3029 5282 veniret,
3058 5201 3268 5286 aperuit
3301 5200 3461 5267 Deus.
3489 5195 3628 5268 Nam

2057 5309 2124 5364 de
2160 5309 2452 5364 novissima
2491 5309 2670 5364 carnis
2703 5307 3118 5374 resurrebtione,
3157 5293 3428 5362 neminem
3472 5290 3630 5359 Citrio

2059 5403 2296 5457 Silanum
2325 5393 2600 5472 credimus
2627 5390 2897 5472 dubitare.
2927 5387 2999 5457 Et
3043 5390 3303 5456 Dominus
3329 5387 3627 5454 secundum

2059 5491 2323 5550 Joannem
2371 5495 2470 5549 has
2516 5493 2947 5552 resurrectiones
3007 5477 3354 5557 manifestat,
3398 5475 3626 5544 dicens:
