  <div class='ocr_page' id='page_1' title='image "/cluster/home/n/w/nwhite01/storage/ocr_20150623/18-19/uva.x000826554/031.png"; bbox 0 0 3828 6356; ppageno 0'>
   <div class='ocr_carea' id='block_1_1' title="bbox 410 387 481 447">
    <p class='ocr_par' dir='ltr' id='par_1_1' title="bbox 410 387 481 447">
     <span class='ocr_line' id='line_1_1' title="bbox 410 387 481 447; baseline -0.028 0"><span class='ocrx_word' id='word_1_1' title='bbox 410 387 481 447; x_wconf 73' lang='grc'><strong>59</strong></span> 
     </span>
    </p>
   </div>
   <div class='ocr_carea' id='block_1_2' title="bbox 1806 381 2362 482">
    <p class='ocr_par' dir='ltr' id='par_1_2' title="bbox 1806 381 2362 482">
     <span class='ocr_line' id='line_1_2' title="bbox 1806 381 2362 482; baseline 0.027 -14"><span class='ocrx_word' id='word_1_2' title='bbox 1806 411 2100 478; x_wconf 74' lang='grc' dir='ltr'>τιοιιοΝιι</span> <span class='ocrx_word' id='word_1_3' title='bbox 2140 424 2302 482; x_wconf 69' lang='grc' dir='ltr'>Αριιι</span> <span class='ocrx_word' id='word_1_4' title='bbox 2359 381 2362 385; x_wconf 47' lang='grc'><em>’</em></span> 
     </span>
    </p>
   </div>
   <div class='ocr_carea' id='block_1_3' title="bbox 3595 448 3670 504">
    <p class='ocr_par' dir='ltr' id='par_1_3' title="bbox 3595 448 3670 504">
     <span class='ocr_line' id='line_1_3' title="bbox 3595 448 3670 504; baseline 0 0"><span class='ocrx_word' id='word_1_5' title='bbox 3595 448 3670 504; x_wconf 75' lang='grc' dir='ltr'>ιο</span> 
     </span>
    </p>
   </div>
   <div class='ocr_carea' id='block_1_4' title="bbox 408 510 3662 618">
    <p class='ocr_par' dir='ltr' id='par_1_4' title="bbox 408 510 3662 618">
     <span class='ocr_line' id='line_1_4' title="bbox 408 510 3662 618; baseline 0.019 -68"><span class='ocrx_word' id='word_1_6' title='bbox 408 510 576 618; x_wconf 57' lang='lat' dir='ltr'><strong>usque</strong></span> <span class='ocrx_word' id='word_1_7' title='bbox 619 512 1052 618; x_wconf 46' lang='lat' dir='ltr'><strong>nuperexstant&#39;,</strong></span> <span class='ocrx_word' id='word_1_8' title='bbox 1097 522 1230 618; x_wconf 68' lang='lat' dir='ltr'><strong>quas</strong></span> <span class='ocrx_word' id='word_1_9' title='bbox 1257 515 1417 618; x_wconf 42' lang='lat' dir='ltr'><strong>&#39;Deus</strong></span> <span class='ocrx_word' id='word_1_10' title='bbox 1460 521 1672 586; x_wconf 75' lang='lat' dir='ltr'><strong>penitus</strong></span> <span class='ocrx_word' id='word_1_11' title='bbox 1701 526 1812 618; x_wconf 85' lang='lat' dir='ltr'><strong>tolli</strong></span> <span class='ocrx_word' id='word_1_12' title='bbox 1837 568 1851 592; x_wconf 94' lang='lat'><strong>,</strong></span> <span class='ocrx_word' id='word_1_13' title='bbox 1881 545 1980 584; x_wconf 91' lang='lat' dir='ltr'><strong>nec</strong></span> <span class='ocrx_word' id='word_1_14' title='bbox 2007 541 2059 598; x_wconf 83' lang='grc' dir='ltr'>Α</span> <span class='ocrx_word' id='word_1_15' title='bbox 2087 537 2208 593; x_wconf 86' lang='lat' dir='ltr'><strong>Non</strong></span> <span class='ocrx_word' id='word_1_16' title='bbox 2229 552 2360 607; x_wconf 87' lang='lat' dir='ltr'><strong>erat,</strong></span> <span class='ocrx_word' id='word_1_17' title='bbox 2385 545 2573 612; x_wconf 79' lang='lat' dir='ltr'><strong>inquit,</strong></span> <span class='ocrx_word' id='word_1_18' title='bbox 2600 548 2720 613; x_wconf 79' lang='lat' dir='ltr'><strong>ﬁnis</strong></span> <span class='ocrx_word' id='word_1_19' title='bbox 2739 551 3012 618; x_wconf 84' lang='lat' dir='ltr'><strong>gentilibus</strong></span> <span class='ocrx_word' id='word_1_20' title='bbox 3031 552 3172 607; x_wconf 82' lang='lat' dir='ltr'><strong>illius</strong></span> <span class='ocrx_word' id='word_1_21' title='bbox 3195 569 3214 609; x_wconf 87' lang='lat'><em>:</em></span> <span class='ocrx_word' id='word_1_22' title='bbox 3242 572 3355 610; x_wconf 86' lang='lat' dir='ltr'><strong>cum</strong></span> <span class='ocrx_word' id='word_1_23' title='bbox 3382 566 3509 612; x_wconf 85' lang='lat' dir='ltr'><strong>esset</strong></span> <span class='ocrx_word' id='word_1_24' title='bbox 3537 561 3662 614; x_wconf 75' lang='lat' dir='ltr'><strong>civi-</strong></span> 
     </span>
    </p>
   </div>
   <div class='ocr_carea' id='block_1_5' title="bbox 405 593 1984 676">
    <p class='ocr_par' dir='ltr' id='par_1_5' title="bbox 405 593 1984 676">
     <span class='ocr_line' id='line_1_5' title="bbox 405 593 1984 676; baseline 0.021 -34"><span class='ocrx_word' id='word_1_25' title='bbox 405 593 703 647; x_wconf 58' lang='lat' dir='ltr'><strong>rest-turari</strong></span> <span class='ocrx_word' id='word_1_26' title='bbox 748 595 976 653; x_wconf 91' lang='lat' dir='ltr'><strong>dixerat.</strong></span> <span class='ocrx_word' id='word_1_27' title='bbox 1009 601 1065 655; x_wconf 88' lang='lat' dir='ltr'><strong>In</strong></span> <span class='ocrx_word' id='word_1_28' title='bbox 1111 603 1424 676; x_wconf 71' lang='lat' dir='ltr'><strong>alienigenis</strong></span> <span class='ocrx_word' id='word_1_29' title='bbox 1452 621 1629 667; x_wconf 91' lang='lat' dir='ltr'><strong>autem</strong></span> <span class='ocrx_word' id='word_1_30' title='bbox 1681 617 1984 675; x_wconf 82' lang='lat' dir='ltr'><strong>civitatibus</strong></span> 
     </span>
    </p>
   </div>
   <div class='ocr_carea' id='block_1_6' title="bbox 405 679 1982 774">
    <p class='ocr_par' dir='ltr' id='par_1_6' title="bbox 405 679 1982 774">
     <span class='ocr_line' id='line_1_6' title="bbox 405 679 1982 774; baseline 0.02 -41"><span class='ocrx_word' id='word_1_31' title='bbox 405 679 702 738; x_wconf 77' lang='lat' dir='ltr'><strong>Ecclesium</strong></span> <span class='ocrx_word' id='word_1_32' title='bbox 730 691 1012 745; x_wconf 85' lang='lat' dir='ltr'><strong>conveniri</strong></span> <span class='ocrx_word' id='word_1_33' title='bbox 1045 704 1288 760; x_wconf 88' lang='lat' dir='ltr'><strong>apertum</strong></span> <span class='ocrx_word' id='word_1_34' title='bbox 1329 711 1410 753; x_wconf 92' lang='lat' dir='ltr'><strong>est</strong></span> <span class='ocrx_word' id='word_1_35' title='bbox 1457 700 1507 754; x_wconf 94' lang='lat' dir='ltr'><strong>in</strong></span> <span class='ocrx_word' id='word_1_36' title='bbox 1550 705 1828 762; x_wconf 81' lang='lat' dir='ltr'><strong>Ezechiele</strong></span> <span class='ocrx_word' id='word_1_37' title='bbox 1850 751 1862 774; x_wconf 94' lang='lat'><strong>,</strong></span> <span class='ocrx_word' id='word_1_38' title='bbox 1897 714 1982 765; x_wconf 90' lang='lat' dir='ltr'><strong>cui</strong></span> 
     </span>
    </p>
   </div>
   <div class='ocr_carea' id='block_1_7' title="bbox 402 780 1985 858">
    <p class='ocr_par' dir='ltr' id='par_1_7' title="bbox 402 780 1985 858">
     <span class='ocr_line' id='line_1_7' title="bbox 402 780 1985 858; baseline 0.021 -33"><span class='ocrx_word' id='word_1_39' title='bbox 402 785 526 828; x_wconf 90' lang='lat' dir='ltr'><strong>cum</strong></span> <span class='ocrx_word' id='word_1_40' title='bbox 562 780 821 836; x_wconf 77' lang='lat' dir='ltr'><strong>Dominus</strong></span> <span class='ocrx_word' id='word_1_41' title='bbox 845 783 1071 850; x_wconf 83' lang='lat' dir='ltr'><strong>diceret,</strong></span> <span class='ocrx_word' id='word_1_42' title='bbox 1124 791 1419 856; x_wconf 59' lang='lat' dir='ltr'><strong>pra-dicere</strong></span> <span class='ocrx_word' id='word_1_43' title='bbox 1451 794 1727 852; x_wconf 90' lang='lat' dir='ltr'><strong>interitum</strong></span> <span class='ocrx_word' id='word_1_44' title='bbox 1759 802 1812 854; x_wconf 94' lang='lat' dir='ltr'><strong>in</strong></span> <span class='ocrx_word' id='word_1_45' title='bbox 1843 802 1985 858; x_wconf 85' lang='lat' dir='ltr'><strong>The—</strong></span> 
     </span>
    </p>
   </div>
   <div class='ocr_carea' id='block_1_8' title="bbox 403 875 1986 955">
    <p class='ocr_par' dir='ltr' id='par_1_8' title="bbox 403 875 1986 955">
     <span class='ocr_line' id='line_1_8' title="bbox 403 875 1986 955; baseline 0.019 -35"><span class='ocrx_word' id='word_1_46' title='bbox 403 876 546 929; x_wconf 87' lang='lat' dir='ltr'><strong>mau,</strong></span> <span class='ocrx_word' id='word_1_47' title='bbox 585 886 707 938; x_wconf 70' lang='lat' dir='ltr'><strong>qua:</strong></span> <span class='ocrx_word' id='word_1_48' title='bbox 738 884 822 928; x_wconf 87' lang='lat' dir='ltr'><strong>cst</strong></span> <span class='ocrx_word' id='word_1_49' title='bbox 850 875 1021 939; x_wconf 80' lang='lat' dir='ltr'><strong>Esau,</strong></span> <span class='ocrx_word' id='word_1_50' title='bbox 1048 888 1104 931; x_wconf 91' lang='lat' dir='ltr'><strong>et</strong></span> <span class='ocrx_word' id='word_1_51' title='bbox 1135 881 1186 932; x_wconf 94' lang='lat' dir='ltr'><strong>in</strong></span> <span class='ocrx_word' id='word_1_52' title='bbox 1219 879 1431 950; x_wconf 63' lang='lat' dir='ltr'><strong>Bagam,</strong></span> <span class='ocrx_word' id='word_1_53' title='bbox 1473 889 1616 955; x_wconf 90' lang='lat' dir='ltr'><strong>quod</strong></span> <span class='ocrx_word' id='word_1_54' title='bbox 1647 899 1731 944; x_wconf 87' lang='lat' dir='ltr'><strong>est</strong></span> <span class='ocrx_word' id='word_1_55' title='bbox 1779 892 1986 949; x_wconf 86' lang='lat' dir='ltr'><strong>idolum</strong></span> 
     </span>
    </p>
   </div>
   <div class='ocr_carea' id='block_1_9' title="bbox 403 957 1982 1040">
    <p class='ocr_par' dir='ltr' id='par_1_9' title="bbox 403 957 1982 1040">
     <span class='ocr_line' id='line_1_9' title="bbox 403 957 1982 1040; baseline 0.021 -33"><span class='ocrx_word' id='word_1_56' title='bbox 403 957 831 1030; x_wconf 86' lang='lat' dir='ltr'><strong>allophylorum,</strong></span> <span class='ocrx_word' id='word_1_57' title='bbox 866 966 1144 1023; x_wconf 80' lang='lat' dir='ltr'><strong>intellexit</strong></span> <span class='ocrx_word' id='word_1_58' title='bbox 1192 974 1502 1039; x_wconf 87' lang='lat' dir='ltr'><strong>parabolam</strong></span> <span class='ocrx_word' id='word_1_59' title='bbox 1542 994 1664 1034; x_wconf 86' lang='lat' dir='ltr'><strong>esse</strong></span> <span class='ocrx_word' id='word_1_60' title='bbox 1693 982 1982 1040; x_wconf 83' lang='lat' dir='ltr'><strong>adversum</strong></span> 
     </span>
    </p>
   </div>
   <div class='ocr_carea' id='block_1_10' title="bbox 403 1045 1985 1139">
    <p class='ocr_par' dir='ltr' id='par_1_10' title="bbox 403 1045 1985 1139">
     <span class='ocr_line' id='line_1_10' title="bbox 403 1045 1985 1139; baseline 0.017 -37"><span class='ocrx_word' id='word_1_61' title='bbox 403 1045 744 1106; x_wconf 69' lang='lat' dir='ltr'><strong>Hierusalem</strong></span> <span class='ocrx_word' id='word_1_62' title='bbox 798 1063 853 1108; x_wconf 88' lang='lat' dir='ltr'><strong>et</strong></span> <span class='ocrx_word' id='word_1_63' title='bbox 903 1059 1184 1127; x_wconf 85' lang='lat' dir='ltr'><strong>templum.</strong></span> <span class='ocrx_word' id='word_1_64' title='bbox 1217 1059 1410 1117; x_wconf 80' lang='lat' dir='ltr'><strong>Factus</strong></span> <span class='ocrx_word' id='word_1_65' title='bbox 1439 1077 1546 1132; x_wconf 89' lang='lat' dir='ltr'><strong>est,</strong></span> <span class='ocrx_word' id='word_1_66' title='bbox 1579 1069 1752 1139; x_wconf 79' lang='lat' dir='ltr'><strong>inquit</strong></span> <span class='ocrx_word' id='word_1_67' title='bbox 1775 1115 1787 1138; x_wconf 94' lang='lat'><strong>,</strong></span> <span class='ocrx_word' id='word_1_68' title='bbox 1819 1092 1985 1129; x_wconf 90' lang='lat' dir='ltr'><strong>sermo</strong></span> 
     </span>
    </p>
   </div>
   <div class='ocr_carea' id='block_1_11' title="bbox 400 1138 1984 1235">
    <p class='ocr_par' dir='ltr' id='par_1_11' title="bbox 400 1138 1984 1235">
     <span class='ocr_line' id='line_1_11' title="bbox 400 1138 1984 1235; baseline 0.018 -43"><span class='ocrx_word' id='word_1_69' title='bbox 400 1138 608 1197; x_wconf 82' lang='lat' dir='ltr'><strong>Domini</strong></span> <span class='ocrx_word' id='word_1_70' title='bbox 636 1145 706 1198; x_wconf 92' lang='lat' dir='ltr'><strong>ad</strong></span> <span class='ocrx_word' id='word_1_71' title='bbox 727 1164 824 1210; x_wconf 89' lang='lat' dir='ltr'><strong>me,</strong></span> <span class='ocrx_word' id='word_1_72' title='bbox 863 1148 1040 1205; x_wconf 88' lang='lat' dir='ltr'><strong>dicens</strong></span> <span class='ocrx_word' id='word_1_73' title='bbox 1066 1169 1085 1206; x_wconf 88' lang='lat'><em>:</em></span> <span class='ocrx_word' id='word_1_74' title='bbox 1113 1152 1225 1207; x_wconf 83' lang='lat' dir='ltr'><strong>Fili</strong></span> <span class='ocrx_word' id='word_1_75' title='bbox 1251 1159 1495 1224; x_wconf 77' lang='lat' dir='ltr'><strong>hominis,</strong></span> <span class='ocrx_word' id='word_1_76' title='bbox 1519 1138 1772 1233; x_wconf 80' lang='lat' dir='ltr'><strong>conﬁrma</strong></span> <span class='ocrx_word' id='word_1_77' title='bbox 1799 1169 1984 1235; x_wconf 78' lang='lat' dir='ltr'><strong>faciem</strong></span> 
     </span>
    </p>
   </div>
   <div class='ocr_carea' id='block_1_12' title="bbox 398 1237 1984 1324">
    <p class='ocr_par' dir='ltr' id='par_1_12' title="bbox 398 1237 1984 1324">
     <span class='ocr_line' id='line_1_12' title="bbox 398 1237 1984 1324; baseline 0.016 -39"><span class='ocrx_word' id='word_1_78' title='bbox 398 1243 538 1287; x_wconf 88' lang='lat' dir='ltr'><strong>tuam</strong></span> <span class='ocrx_word' id='word_1_79' title='bbox 584 1253 737 1309; x_wconf 89' lang='lat' dir='ltr'><strong>super</strong></span> <span class='ocrx_word' id='word_1_80' title='bbox 780 1237 1033 1307; x_wconf 84' lang='lat' dir='ltr'><strong>Theman,</strong></span> <span class='ocrx_word' id='word_1_81' title='bbox 1081 1248 1276 1314; x_wconf 75' lang='lat' dir='ltr'><strong>respice</strong></span> <span class='ocrx_word' id='word_1_82' title='bbox 1308 1249 1365 1300; x_wconf 89' lang='lat' dir='ltr'><strong>in</strong></span> <span class='ocrx_word' id='word_1_83' title='bbox 1393 1248 1612 1323; x_wconf 89' lang='lat' dir='ltr'><strong>Dagon,</strong></span> <span class='ocrx_word' id='word_1_84' title='bbox 1639 1256 1888 1324; x_wconf 81' lang='lat' dir='ltr'><strong>propheta</strong></span> <span class='ocrx_word' id='word_1_85' title='bbox 1931 1259 1984 1311; x_wconf 90' lang='lat' dir='ltr'><strong>in</strong></span> 
     </span>
    </p>
   </div>
   <div class='ocr_carea' id='block_1_13' title="bbox 394 1327 1984 1407">
    <p class='ocr_par' dir='ltr' id='par_1_13' title="bbox 394 1327 1984 1407">
     <span class='ocr_line' id='line_1_13' title="bbox 394 1327 1984 1407; baseline 0.017 -29"><span class='ocrx_word' id='word_1_86' title='bbox 394 1327 578 1380; x_wconf 79' lang='lat' dir='ltr'><strong>silvam</strong></span> <span class='ocrx_word' id='word_1_87' title='bbox 624 1346 873 1386; x_wconf 82' lang='lat' dir='ltr'><strong>summam</strong></span> <span class='ocrx_word' id='word_1_88' title='bbox 905 1333 1080 1407; x_wconf 83' lang='lat' dir='ltr'><strong>Nages</strong></span> <span class='ocrx_word' id='word_1_89' title='bbox 1114 1355 1132 1390; x_wconf 93' lang='lat'><em>:</em></span> <span class='ocrx_word' id='word_1_90' title='bbox 1159 1337 1296 1393; x_wconf 80' lang='lat' dir='ltr'><strong>Audi</strong></span> <span class='ocrx_word' id='word_1_91' title='bbox 1320 1330 1524 1398; x_wconf 73' lang='lat' dir='ltr'><strong>uerbum</strong></span> <span class='ocrx_word' id='word_1_92' title='bbox 1574 1344 1803 1401; x_wconf 83' lang='lat' dir='ltr'><strong>Domini.</strong></span> <span class='ocrx_word' id='word_1_93' title='bbox 1859 1350 1984 1405; x_wconf 66' lang='lat' dir='ltr'><strong>Hac</strong></span> 
     </span>
    </p>
   </div>
   <div class='ocr_carea' id='block_1_14' title="bbox 397 1419 1984 1509">
    <p class='ocr_par' dir='ltr' id='par_1_14' title="bbox 397 1419 1984 1509">
     <span class='ocr_line' id='line_1_14' title="bbox 397 1419 1984 1509; baseline 0.015 -37"><span class='ocrx_word' id='word_1_94' title='bbox 397 1419 522 1472; x_wconf 81' lang='lat' dir='ltr'><strong>dicit</strong></span> <span class='ocrx_word' id='word_1_95' title='bbox 564 1419 816 1478; x_wconf 75' lang='lat' dir='ltr'><strong>Dominus</strong></span> <span class='ocrx_word' id='word_1_96' title='bbox 857 1441 875 1477; x_wconf 89' lang='lat'><em>:</em></span> <span class='ocrx_word' id='word_1_97' title='bbox 908 1425 1062 1493; x_wconf 85' lang='lat' dir='ltr'><strong>Ecce,</strong></span> <span class='ocrx_word' id='word_1_98' title='bbox 1112 1446 1203 1498; x_wconf 87' lang='lat' dir='ltr'><strong>ego</strong></span> <span class='ocrx_word' id='word_1_99' title='bbox 1245 1433 1513 1488; x_wconf 79' lang='lat' dir='ltr'><strong>incendam</strong></span> <span class='ocrx_word' id='word_1_100' title='bbox 1557 1438 1611 1490; x_wconf 91' lang='lat' dir='ltr'><strong>in</strong></span> <span class='ocrx_word' id='word_1_101' title='bbox 1634 1447 1682 1491; x_wconf 87' lang='lat' dir='ltr'><strong>te</strong></span> <span class='ocrx_word' id='word_1_102' title='bbox 1726 1440 1916 1509; x_wconf 88' lang='lat' dir='ltr'><strong>ignem,</strong></span> <span class='ocrx_word' id='word_1_103' title='bbox 1939 1453 1984 1496; x_wconf 86' lang='lat' dir='ltr'><strong>et</strong></span> 
     </span>
    </p>
   </div>
   <div class='ocr_carea' id='block_1_15' title="bbox 392 1513 1984 1602">
    <p class='ocr_par' dir='ltr' id='par_1_15' title="bbox 392 1513 1984 1602">
     <span class='ocr_line' id='line_1_15' title="bbox 392 1513 1984 1602; baseline 0.015 -40"><span class='ocrx_word' id='word_1_104' title='bbox 392 1513 617 1567; x_wconf 81' lang='lat' dir='ltr'><strong>comedet</strong></span> <span class='ocrx_word' id='word_1_105' title='bbox 666 1517 718 1569; x_wconf 90' lang='lat' dir='ltr'><strong>in</strong></span> <span class='ocrx_word' id='word_1_106' title='bbox 775 1528 823 1570; x_wconf 90' lang='lat' dir='ltr'><strong>te</strong></span> <span class='ocrx_word' id='word_1_107' title='bbox 867 1535 1011 1573; x_wconf 89' lang='lat' dir='ltr'><strong>omne</strong></span> <span class='ocrx_word' id='word_1_108' title='bbox 1037 1519 1235 1591; x_wconf 86' lang='lat' dir='ltr'><strong>lignum</strong></span> <span class='ocrx_word' id='word_1_109' title='bbox 1275 1524 1456 1590; x_wconf 76' lang='lat' dir='ltr'><strong>viride,</strong></span> <span class='ocrx_word' id='word_1_110' title='bbox 1514 1538 1561 1581; x_wconf 88' lang='lat' dir='ltr'><strong>et</strong></span> <span class='ocrx_word' id='word_1_111' title='bbox 1606 1546 1752 1583; x_wconf 86' lang='lat' dir='ltr'><strong>omne</strong></span> <span class='ocrx_word' id='word_1_112' title='bbox 1789 1533 1984 1602; x_wconf 80' lang='lat' dir='ltr'><strong>lignum</strong></span> 
     </span>
    </p>
   </div>
   <div class='ocr_carea' id='block_1_16' title="bbox 391 1605 1987 1683">
    <p class='ocr_par' dir='ltr' id='par_1_16' title="bbox 391 1605 1987 1683">
     <span class='ocr_line' id='line_1_16' title="bbox 391 1605 1987 1683; baseline 0.014 -26"><span class='ocrx_word' id='word_1_113' title='bbox 391 1605 613 1658; x_wconf 87' lang='lat' dir='ltr'><strong>aridum.</strong></span> <span class='ocrx_word' id='word_1_114' title='bbox 647 1608 768 1661; x_wconf 84' lang='lat' dir='ltr'><strong>Non</strong></span> <span class='ocrx_word' id='word_1_115' title='bbox 795 1611 1146 1681; x_wconf 74' lang='lat' dir='ltr'><strong>exstinguetur</strong></span> <span class='ocrx_word' id='word_1_116' title='bbox 1164 1617 1373 1683; x_wconf 79' lang='lat' dir='ltr'><strong>ﬂamma</strong></span> <span class='ocrx_word' id='word_1_117' title='bbox 1403 1621 1613 1674; x_wconf 86' lang='lat' dir='ltr'><strong>incensa</strong></span> <span class='ocrx_word' id='word_1_118' title='bbox 1642 1633 1688 1676; x_wconf 92' lang='lat' dir='ltr'><strong>et</strong></span> <span class='ocrx_word' id='word_1_119' title='bbox 1719 1627 1987 1680; x_wconf 88' lang='lat' dir='ltr'><strong>cumbure-</strong></span> 
     </span>
    </p>
   </div>
   <div class='ocr_carea' id='block_1_17' title="bbox 392 1697 1984 1784">
    <p class='ocr_par' dir='ltr' id='par_1_17' title="bbox 392 1697 1984 1784">
     <span class='ocr_line' id='line_1_17' title="bbox 392 1697 1984 1784; baseline 0.015 -37"><span class='ocrx_word' id='word_1_120' title='bbox 392 1700 476 1747; x_wconf 88' lang='lat' dir='ltr'><strong>tur</strong></span> <span class='ocrx_word' id='word_1_121' title='bbox 499 1697 550 1749; x_wconf 89' lang='lat' dir='ltr'><strong>in</strong></span> <span class='ocrx_word' id='word_1_122' title='bbox 571 1714 630 1750; x_wconf 90' lang='lat' dir='ltr'><strong>ea</strong></span> <span class='ocrx_word' id='word_1_123' title='bbox 654 1702 817 1754; x_wconf 88' lang='lat' dir='ltr'><strong>omnis</strong></span> <span class='ocrx_word' id='word_1_124' title='bbox 837 1704 1037 1771; x_wconf 76' lang='lat' dir='ltr'><strong>faciesa</strong></span> <span class='ocrx_word' id='word_1_125' title='bbox 1057 1706 1330 1761; x_wconf 82' lang='lat' dir='ltr'><strong>subsolano</strong></span> <span class='ocrx_word' id='word_1_126' title='bbox 1349 1713 1582 1778; x_wconf 83' lang='lat' dir='ltr'><strong>usquead</strong></span> <span class='ocrx_word' id='word_1_127' title='bbox 1594 1714 1903 1784; x_wconf 79' lang='lat' dir='ltr'><strong>aquilonem,</strong></span> <span class='ocrx_word' id='word_1_128' title='bbox 1928 1727 1984 1771; x_wconf 90' lang='lat' dir='ltr'><strong>ut</strong></span> 
     </span>
    </p>
   </div>
   <div class='ocr_carea' id='block_1_18' title="bbox 393 1785 1977 1873">
    <p class='ocr_par' dir='ltr' id='par_1_18' title="bbox 393 1785 1977 1873">
     <span class='ocr_line' id='line_1_18' title="bbox 393 1785 1977 1873; baseline 0.016 -37"><span class='ocrx_word' id='word_1_129' title='bbox 393 1798 662 1854; x_wconf 82' lang='lat' dir='ltr'><strong>cognoscat</strong></span> <span class='ocrx_word' id='word_1_130' title='bbox 684 1792 851 1844; x_wconf 90' lang='lat' dir='ltr'><strong>omnis</strong></span> <span class='ocrx_word' id='word_1_131' title='bbox 872 1785 1014 1858; x_wconf 87' lang='lat' dir='ltr'><strong>caro,</strong></span> <span class='ocrx_word' id='word_1_132' title='bbox 1032 1796 1153 1863; x_wconf 84' lang='lat' dir='ltr'><strong>quia</strong></span> <span class='ocrx_word' id='word_1_133' title='bbox 1177 1814 1266 1866; x_wconf 90' lang='lat' dir='ltr'><strong>ego</strong></span> <span class='ocrx_word' id='word_1_134' title='bbox 1290 1797 1540 1855; x_wconf 82' lang='lat' dir='ltr'><strong>Dominus</strong></span> <span class='ocrx_word' id='word_1_135' title='bbox 1560 1806 1802 1858; x_wconf 84' lang='lat' dir='ltr'><strong>succendi</strong></span> <span class='ocrx_word' id='word_1_136' title='bbox 1829 1807 1977 1873; x_wconf 89' lang='lat' dir='ltr'><strong>illud,</strong></span> 
     </span>
    </p>
   </div>
   <div class='ocr_carea' id='block_1_19' title="bbox 392 1881 1974 1965">
    <p class='ocr_par' dir='ltr' id='par_1_19' title="bbox 392 1881 1974 1965">
     <span class='ocr_line' id='line_1_19' title="bbox 392 1881 1974 1965; baseline 0.013 -34"><span class='ocrx_word' id='word_1_137' title='bbox 392 1894 492 1931; x_wconf 89' lang='lat' dir='ltr'><strong>non</strong></span> <span class='ocrx_word' id='word_1_138' title='bbox 526 1881 875 1951; x_wconf 73' lang='lat' dir='ltr'><strong>exstinguetur</strong></span> <span class='ocrx_word' id='word_1_139' title='bbox 901 1885 1062 1938; x_wconf 88' lang='lat' dir='ltr'><strong>ultra.</strong></span> <span class='ocrx_word' id='word_1_140' title='bbox 1089 1884 1157 1939; x_wconf 88' lang='lat' dir='ltr'><strong>Et</strong></span> <span class='ocrx_word' id='word_1_141' title='bbox 1171 1889 1302 1954; x_wconf 69' lang='lat' dir='ltr'><strong>dixi,</strong></span> <span class='ocrx_word' id='word_1_142' title='bbox 1330 1907 1454 1957; x_wconf 87' lang='lat' dir='ltr'><strong>non,</strong></span> <span class='ocrx_word' id='word_1_143' title='bbox 1489 1891 1723 1948; x_wconf 85' lang='lat' dir='ltr'><strong>Domine.</strong></span> <span class='ocrx_word' id='word_1_144' title='bbox 1755 1895 1867 1965; x_wconf 88' lang='lat' dir='ltr'><strong>Ipsi</strong></span> <span class='ocrx_word' id='word_1_145' title='bbox 1891 1899 1974 1952; x_wconf 86' lang='lat' dir='ltr'><strong>di-</strong></span> 
     </span>
    </p>
   </div>
   <div class='ocr_carea' id='block_1_20' title="bbox 392 1973 1979 2054">
    <p class='ocr_par' dir='ltr' id='par_1_20' title="bbox 392 1973 1979 2054">
     <span class='ocr_line' id='line_1_20' title="bbox 392 1973 1979 2054; baseline 0.011 -32"><span class='ocrx_word' id='word_1_146' title='bbox 392 1981 513 2023; x_wconf 88' lang='lat' dir='ltr'><strong>cunt</strong></span> <span class='ocrx_word' id='word_1_147' title='bbox 553 1973 622 2024; x_wconf 90' lang='lat' dir='ltr'><strong>ad</strong></span> <span class='ocrx_word' id='word_1_148' title='bbox 665 1990 785 2026; x_wconf 89' lang='lat' dir='ltr'><strong>me:</strong></span> <span class='ocrx_word' id='word_1_149' title='bbox 829 1974 1019 2029; x_wconf 86' lang='lat' dir='ltr'><strong>Nonne</strong></span> <span class='ocrx_word' id='word_1_150' title='bbox 1063 1978 1312 2044; x_wconf 85' lang='lat' dir='ltr'><strong>parabola</strong></span> <span class='ocrx_word' id='word_1_151' title='bbox 1355 1991 1429 2034; x_wconf 89' lang='lat' dir='ltr'><strong>est</strong></span> <span class='ocrx_word' id='word_1_152' title='bbox 1478 1983 1606 2048; x_wconf 72' lang='lat' dir='ltr'><strong>hare,</strong></span> <span class='ocrx_word' id='word_1_153' title='bbox 1638 2002 1750 2054; x_wconf 81' lang='lat' dir='ltr'><strong>qua:</strong></span> <span class='ocrx_word' id='word_1_154' title='bbox 1791 1988 1979 2042; x_wconf 87' lang='lat' dir='ltr'><strong>dicitur</strong></span> 
     </span>
    </p>
   </div>
   <div class='ocr_carea' id='block_1_21' title="bbox 390 2059 1980 2142">
    <p class='ocr_par' dir='ltr' id='par_1_21' title="bbox 390 2059 1980 2142">
     <span class='ocr_line' id='line_1_21' title="bbox 390 2059 1980 2142; baseline 0.011 -29"><span class='ocrx_word' id='word_1_155' title='bbox 390 2059 605 2128; x_wconf 76' lang='lat' dir='ltr'><strong>(Ezech.</strong></span> <span class='ocrx_word' id='word_1_156' title='bbox 634 2079 727 2122; x_wconf 81' lang='lat' dir='ltr'><strong>xx,</strong></span> <span class='ocrx_word' id='word_1_157' title='bbox 761 2063 995 2135; x_wconf 65' lang='lat'><strong>45,49)?</strong></span> <span class='ocrx_word' id='word_1_158' title='bbox 1021 2066 1090 2119; x_wconf 87' lang='lat' dir='ltr'><strong>Et</strong></span> <span class='ocrx_word' id='word_1_159' title='bbox 1119 2069 1290 2136; x_wconf 80' lang='lat' dir='ltr'><strong>factus</strong></span> <span class='ocrx_word' id='word_1_160' title='bbox 1311 2081 1409 2135; x_wconf 89' lang='lat' dir='ltr'><strong>est,</strong></span> <span class='ocrx_word' id='word_1_161' title='bbox 1439 2073 1636 2142; x_wconf 90' lang='lat' dir='ltr'><strong>inquit,</strong></span> <span class='ocrx_word' id='word_1_162' title='bbox 1669 2093 1834 2129; x_wconf 80' lang='lat' dir='ltr'><strong>sermo</strong></span> <span class='ocrx_word' id='word_1_163' title='bbox 1873 2078 1980 2131; x_wconf 89' lang='lat' dir='ltr'><strong>Do-</strong></span> 
     </span>
    </p>
   </div>
   <div class='ocr_carea' id='block_1_22' title="bbox 390 2152 1979 2236">
    <p class='ocr_par' dir='ltr' id='par_1_22' title="bbox 390 2152 1979 2236">
     <span class='ocr_line' id='line_1_22' title="bbox 390 2152 1979 2236; baseline 0.011 -33"><span class='ocrx_word' id='word_1_164' title='bbox 390 2152 514 2205; x_wconf 85' lang='lat' dir='ltr'><strong>mini</strong></span> <span class='ocrx_word' id='word_1_165' title='bbox 538 2154 606 2205; x_wconf 88' lang='lat' dir='ltr'><strong>ad</strong></span> <span class='ocrx_word' id='word_1_166' title='bbox 632 2171 731 2219; x_wconf 86' lang='lat' dir='ltr'><strong>me,</strong></span> <span class='ocrx_word' id='word_1_167' title='bbox 758 2155 936 2209; x_wconf 87' lang='lat' dir='ltr'><strong>dicens</strong></span> <span class='ocrx_word' id='word_1_168' title='bbox 955 2172 974 2209; x_wconf 92' lang='lat'><strong><em>:</em></strong></span> <span class='ocrx_word' id='word_1_169' title='bbox 997 2155 1306 2226; x_wconf 86' lang='lat' dir='ltr'><strong>Propterea,</strong></span> <span class='ocrx_word' id='word_1_170' title='bbox 1337 2160 1415 2227; x_wconf 79' lang='lat' dir='ltr'><strong>fili</strong></span> <span class='ocrx_word' id='word_1_171' title='bbox 1442 2161 1663 2216; x_wconf 79' lang='lat' dir='ltr'><strong>hominis</strong></span> <span class='ocrx_word' id='word_1_172' title='bbox 1681 2204 1695 2228; x_wconf 92' lang='lat'><strong>,</strong></span> <span class='ocrx_word' id='word_1_173' title='bbox 1728 2167 1979 2236; x_wconf 83' lang='lat' dir='ltr'><strong>praplteta</strong></span> 
     </span>
    </p>
   </div>
   <div class='ocr_carea' id='block_1_23' title="bbox 387 2245 1979 2325">
    <p class='ocr_par' dir='ltr' id='par_1_23' title="bbox 387 2245 1979 2325">
     <span class='ocr_line' id='line_1_23' title="bbox 387 2245 1979 2325; baseline 0.01 -30"><span class='ocrx_word' id='word_1_174' title='bbox 387 2251 436 2295; x_wconf 88' lang='lat' dir='ltr'><strong>et</strong></span> <span class='ocrx_word' id='word_1_175' title='bbox 482 2245 745 2312; x_wconf 78' lang='lat' dir='ltr'><strong>conﬁrmd</strong></span> <span class='ocrx_word' id='word_1_176' title='bbox 772 2247 961 2315; x_wconf 79' lang='lat' dir='ltr'><strong>faciens</strong></span> <span class='ocrx_word' id='word_1_177' title='bbox 1001 2256 1143 2301; x_wconf 88' lang='lat' dir='ltr'><strong>tuam</strong></span> <span class='ocrx_word' id='word_1_178' title='bbox 1187 2252 1254 2303; x_wconf 90' lang='lat' dir='ltr'><strong>ad</strong></span> <span class='ocrx_word' id='word_1_179' title='bbox 1304 2249 1654 2318; x_wconf 82' lang='lat' dir='ltr'><strong>Hierusalem,</strong></span> <span class='ocrx_word' id='word_1_180' title='bbox 1702 2258 1979 2325; x_wconf 80' lang='lat' dir='ltr'><strong>respiciens</strong></span> 
     </span>
    </p>
   </div>
   <div class='ocr_carea' id='block_1_24' title="bbox 387 2337 1980 2413">
    <p class='ocr_par' dir='ltr' id='par_1_24' title="bbox 387 2337 1980 2413">
     <span class='ocr_line' id='line_1_24' title="bbox 387 2337 1980 2413; baseline 0.011 -25"><span class='ocrx_word' id='word_1_181' title='bbox 387 2346 564 2389; x_wconf 88' lang='lat' dir='ltr'><strong>sancta</strong></span> <span class='ocrx_word' id='word_1_182' title='bbox 585 2355 758 2391; x_wconf 88' lang='lat' dir='ltr'><strong>eorum</strong></span> <span class='ocrx_word' id='word_1_183' title='bbox 780 2355 799 2392; x_wconf 90' lang='lat'><em>:</em></span> <span class='ocrx_word' id='word_1_184' title='bbox 821 2349 868 2392; x_wconf 88' lang='lat' dir='ltr'><strong>et</strong></span> <span class='ocrx_word' id='word_1_185' title='bbox 891 2341 1222 2412; x_wconf 76' lang='lat' dir='ltr'><strong>prophetabis</strong></span> <span class='ocrx_word' id='word_1_186' title='bbox 1244 2361 1398 2413; x_wconf 88' lang='lat' dir='ltr'><strong>super</strong></span> <span class='ocrx_word' id='word_1_187' title='bbox 1419 2337 1611 2400; x_wconf 84' lang='lat' dir='ltr'><strong>terram</strong></span> <span class='ocrx_word' id='word_1_188' title='bbox 1636 2348 1823 2404; x_wconf 79' lang='lat' dir='ltr'><strong>Israel.</strong></span> <span class='ocrx_word' id='word_1_189' title='bbox 1850 2351 1903 2404; x_wconf 84' lang='grc' dir='ltr'><em>Η</em></span> <span class='ocrx_word' id='word_1_190' title='bbox 1908 2369 1980 2406; x_wconf 74' lang='grc' dir='ltr'>ωε</span> 
     </span>
    </p>
   </div>
   <div class='ocr_carea' id='block_1_25' title="bbox 390 2427 1980 2508">
    <p class='ocr_par' dir='ltr' id='par_1_25' title="bbox 390 2427 1980 2508">
     <span class='ocr_line' id='line_1_25' title="bbox 390 2427 1980 2508; baseline 0.011 -29"><span class='ocrx_word' id='word_1_191' title='bbox 390 2428 510 2480; x_wconf 85' lang='lat' dir='ltr'><strong>dicit</strong></span> <span class='ocrx_word' id='word_1_192' title='bbox 542 2427 793 2484; x_wconf 87' lang='lat' dir='ltr'><strong>Dominus</strong></span> <span class='ocrx_word' id='word_1_193' title='bbox 826 2447 844 2484; x_wconf 94' lang='lat'><strong><em>:</em></strong></span> <span class='ocrx_word' id='word_1_194' title='bbox 873 2430 1010 2485; x_wconf 87' lang='lat' dir='ltr'><strong>Ecce</strong></span> <span class='ocrx_word' id='word_1_195' title='bbox 1058 2450 1150 2503; x_wconf 88' lang='lat' dir='ltr'><strong>ego</strong></span> <span class='ocrx_word' id='word_1_196' title='bbox 1179 2435 1395 2490; x_wconf 89' lang='lat' dir='ltr'><strong>educam</strong></span> <span class='ocrx_word' id='word_1_197' title='bbox 1437 2440 1668 2508; x_wconf 87' lang='lat' dir='ltr'><strong>gladium</strong></span> <span class='ocrx_word' id='word_1_198' title='bbox 1709 2459 1874 2494; x_wconf 89' lang='lat' dir='ltr'><strong>meum</strong></span> <span class='ocrx_word' id='word_1_199' title='bbox 1915 2447 1980 2496; x_wconf 90' lang='lat' dir='ltr'><strong>de</strong></span> 
     </span>
    </p>
   </div>
   <div class='ocr_carea' id='block_1_26' title="bbox 391 2517 1975 2599">
    <p class='ocr_par' dir='ltr' id='par_1_26' title="bbox 391 2517 1975 2599">
     <span class='ocr_line' id='line_1_26' title="bbox 391 2517 1975 2599; baseline 0.013 -32"><span class='ocrx_word' id='word_1_200' title='bbox 391 2517 575 2586; x_wconf 86' lang='lat' dir='ltr'><strong>vagina</strong></span> <span class='ocrx_word' id='word_1_201' title='bbox 600 2535 696 2571; x_wconf 89' lang='lat' dir='ltr'><strong>sua</strong></span> <span class='ocrx_word' id='word_1_202' title='bbox 725 2538 744 2573; x_wconf 89' lang='grc'><strong>.·</strong></span> <span class='ocrx_word' id='word_1_203' title='bbox 773 2528 822 2574; x_wconf 92' lang='lat' dir='ltr'><strong>et</strong></span> <span class='ocrx_word' id='word_1_204' title='bbox 857 2520 1158 2590; x_wconf 87' lang='lat' dir='ltr'><strong>disperdam</strong></span> <span class='ocrx_word' id='word_1_205' title='bbox 1181 2523 1246 2577; x_wconf 87' lang='lat' dir='ltr'><strong>de</strong></span> <span class='ocrx_word' id='word_1_206' title='bbox 1281 2534 1327 2577; x_wconf 89' lang='lat' dir='ltr'><strong>te</strong></span> <span class='ocrx_word' id='word_1_207' title='bbox 1348 2526 1609 2580; x_wconf 89' lang='lat' dir='ltr'><strong>inimicum</strong></span> <span class='ocrx_word' id='word_1_208' title='bbox 1636 2539 1684 2583; x_wconf 83' lang='lat' dir='ltr'><strong>et</strong></span> <span class='ocrx_word' id='word_1_209' title='bbox 1710 2532 1975 2599; x_wconf 77' lang='lat' dir='ltr'><strong>injustam.</strong></span> 
     </span>
    </p>
   </div>
   <div class='ocr_carea' id='block_1_27' title="bbox 391 2605 1979 2688">
    <p class='ocr_par' dir='ltr' id='par_1_27' title="bbox 391 2605 1979 2688">
     <span class='ocr_line' id='line_1_27' title="bbox 391 2605 1979 2688; baseline 0.011 -29"><span class='ocrx_word' id='word_1_210' title='bbox 391 2605 482 2660; x_wconf 87' lang='lat' dir='ltr'><strong>Sic</strong></span> <span class='ocrx_word' id='word_1_211' title='bbox 508 2609 640 2662; x_wconf 71' lang='lat' dir='ltr'><strong>exiet</strong></span> <span class='ocrx_word' id='word_1_212' title='bbox 666 2609 876 2679; x_wconf 85' lang='lat' dir='ltr'><strong>gladius</strong></span> <span class='ocrx_word' id='word_1_213' title='bbox 901 2627 1043 2666; x_wconf 87' lang='lat' dir='ltr'><strong>meus</strong></span> <span class='ocrx_word' id='word_1_214' title='bbox 1070 2613 1136 2666; x_wconf 90' lang='lat' dir='ltr'><strong>de</strong></span> <span class='ocrx_word' id='word_1_215' title='bbox 1156 2616 1341 2683; x_wconf 86' lang='lat' dir='ltr'><strong>vagina</strong></span> <span class='ocrx_word' id='word_1_216' title='bbox 1362 2633 1455 2670; x_wconf 87' lang='lat' dir='ltr'><strong>sua</strong></span> <span class='ocrx_word' id='word_1_217' title='bbox 1475 2635 1626 2688; x_wconf 83' lang='lat' dir='ltr'><strong>super</strong></span> <span class='ocrx_word' id='word_1_218' title='bbox 1645 2637 1842 2675; x_wconf 86' lang='lat' dir='ltr'><strong>omnem</strong></span> <span class='ocrx_word' id='word_1_219' title='bbox 1865 2639 1979 2676; x_wconf 87' lang='lat' dir='ltr'><strong>car-</strong></span> 
     </span>
    </p>
   </div>
   <div class='ocr_carea' id='block_1_28' title="bbox 390 2700 1979 2774">
    <p class='ocr_par' dir='ltr' id='par_1_28' title="bbox 390 2700 1979 2774">
     <span class='ocr_line' id='line_1_28' title="bbox 390 2700 1979 2774; baseline 0.013 -26"><span class='ocrx_word' id='word_1_220' title='bbox 390 2712 504 2750; x_wconf 88' lang='lat' dir='ltr'><strong>nem</strong></span> <span class='ocrx_word' id='word_1_221' title='bbox 547 2714 577 2750; x_wconf 89' lang='lat' dir='ltr'><strong>a</strong></span> <span class='ocrx_word' id='word_1_222' title='bbox 618 2700 896 2754; x_wconf 87' lang='lat' dir='ltr'><strong>subsolano</strong></span> <span class='ocrx_word' id='word_1_223' title='bbox 935 2719 1095 2771; x_wconf 81' lang='lat' dir='ltr'><strong>usque</strong></span> <span class='ocrx_word' id='word_1_224' title='bbox 1131 2705 1200 2756; x_wconf 90' lang='lat' dir='ltr'><strong>ad</strong></span> <span class='ocrx_word' id='word_1_225' title='bbox 1235 2705 1523 2774; x_wconf 85' lang='lat' dir='ltr'><strong>aquilonem</strong></span> <span class='ocrx_word' id='word_1_226' title='bbox 1544 2750 1558 2774; x_wconf 90' lang='lat'><strong>,</strong></span> <span class='ocrx_word' id='word_1_227' title='bbox 1589 2720 1638 2762; x_wconf 91' lang='lat' dir='ltr'><strong>et</strong></span> <span class='ocrx_word' id='word_1_228' title='bbox 1663 2713 1789 2764; x_wconf 88' lang='lat' dir='ltr'><strong>sciet</strong></span> <span class='ocrx_word' id='word_1_229' title='bbox 1815 2717 1979 2768; x_wconf 87' lang='lat' dir='ltr'><strong>omnis</strong></span> 
     </span>
    </p>
   </div>
   <div class='ocr_carea' id='block_1_29' title="bbox 389 2790 1977 2871">
    <p class='ocr_par' dir='ltr' id='par_1_29' title="bbox 389 2790 1977 2871">
     <span class='ocr_line' id='line_1_29' title="bbox 389 2790 1977 2871; baseline 0.013 -32"><span class='ocrx_word' id='word_1_230' title='bbox 389 2804 533 2851; x_wconf 86' lang='lat' dir='ltr'><strong>caro,</strong></span> <span class='ocrx_word' id='word_1_231' title='bbox 562 2790 680 2854; x_wconf 86' lang='lat' dir='ltr'><strong>quia</strong></span> <span class='ocrx_word' id='word_1_232' title='bbox 701 2807 793 2860; x_wconf 88' lang='lat' dir='ltr'><strong>ego</strong></span> <span class='ocrx_word' id='word_1_233' title='bbox 819 2809 931 2845; x_wconf 88' lang='lat' dir='ltr'><strong>sum</strong></span> <span class='ocrx_word' id='word_1_234' title='bbox 958 2792 1234 2862; x_wconf 87' lang='lat' dir='ltr'><strong>Dominus,</strong></span> <span class='ocrx_word' id='word_1_235' title='bbox 1261 2800 1348 2864; x_wconf 85' lang='lat' dir='ltr'><strong>qui</strong></span> <span class='ocrx_word' id='word_1_236' title='bbox 1383 2801 1526 2853; x_wconf 84' lang='lat' dir='ltr'><strong>emisi</strong></span> <span class='ocrx_word' id='word_1_237' title='bbox 1554 2803 1786 2871; x_wconf 87' lang='lat' dir='ltr'><strong>gladium</strong></span> <span class='ocrx_word' id='word_1_238' title='bbox 1811 2821 1977 2859; x_wconf 87' lang='lat' dir='ltr'><strong>meum</strong></span> 
     </span>
    </p>
   </div>
   <div class='ocr_carea' id='block_1_30' title="bbox 391 2879 1973 2964">
    <p class='ocr_par' dir='ltr' id='par_1_30' title="bbox 391 2879 1973 2964">
     <span class='ocr_line' id='line_1_30' title="bbox 391 2879 1973 2964; baseline 0.012 -33"><span class='ocrx_word' id='word_1_239' title='bbox 391 2879 454 2932; x_wconf 87' lang='lat' dir='ltr'><strong>de</strong></span> <span class='ocrx_word' id='word_1_240' title='bbox 480 2881 667 2952; x_wconf 76' lang='lat' dir='ltr'><strong>vagina</strong></span> <span class='ocrx_word' id='word_1_241' title='bbox 693 2897 808 2948; x_wconf 86' lang='lat' dir='ltr'><strong>sua,</strong></span> <span class='ocrx_word' id='word_1_242' title='bbox 840 2900 942 2936; x_wconf 90' lang='lat' dir='ltr'><strong>non</strong></span> <span class='ocrx_word' id='word_1_243' title='bbox 967 2887 1260 2956; x_wconf 85' lang='lat' dir='ltr'><strong>egredietur</strong></span> <span class='ocrx_word' id='word_1_244' title='bbox 1284 2889 1446 2943; x_wconf 88' lang='lat' dir='ltr'><strong>ultra.</strong></span> <span class='ocrx_word' id='word_1_245' title='bbox 1470 2889 1754 2960; x_wconf 81' lang='lat' dir='ltr'><strong>Conﬁrma,</strong></span> <span class='ocrx_word' id='word_1_246' title='bbox 1781 2896 1973 2964; x_wconf 84' lang='lat' dir='ltr'><strong>inquit,</strong></span> 
     </span>
    </p>
   </div>
   <div class='ocr_carea' id='block_1_31' title="bbox 386 2970 1977 3060">
    <p class='ocr_par' dir='ltr' id='par_1_31' title="bbox 386 2970 1977 3060">
     <span class='ocr_line' id='line_1_31' title="bbox 386 2970 1977 3060; baseline 0.013 -38"><span class='ocrx_word' id='word_1_247' title='bbox 386 2970 570 3038; x_wconf 79' lang='lat' dir='ltr'><strong>[aciem</strong></span> <span class='ocrx_word' id='word_1_248' title='bbox 617 2982 779 3038; x_wconf 87' lang='lat' dir='ltr'><strong>tuam,</strong></span> <span class='ocrx_word' id='word_1_249' title='bbox 835 2991 989 3042; x_wconf 88' lang='lat' dir='ltr'><strong>super</strong></span> <span class='ocrx_word' id='word_1_250' title='bbox 1039 2977 1291 3044; x_wconf 81' lang='lat' dir='ltr'><strong>Theman,</strong></span> <span class='ocrx_word' id='word_1_251' title='bbox 1347 2992 1395 3034; x_wconf 89' lang='lat' dir='ltr'><strong>et</strong></span> <span class='ocrx_word' id='word_1_252' title='bbox 1452 2985 1646 3052; x_wconf 80' lang='lat' dir='ltr'><strong>respice</strong></span> <span class='ocrx_word' id='word_1_253' title='bbox 1692 2974 1754 3038; x_wconf 26' lang='lat' dir='ltr'><strong>in.</strong></span> <span class='ocrx_word' id='word_1_254' title='bbox 1794 2986 1977 3060; x_wconf 86' lang='lat' dir='ltr'><strong>Dagon</strong></span> 
     </span>
    </p>
   </div>
   <div class='ocr_carea' id='block_1_32' title="bbox 388 3059 1976 3137">
    <p class='ocr_par' dir='ltr' id='par_1_32' title="bbox 388 3059 1976 3137">
     <span class='ocr_line' id='line_1_32' title="bbox 388 3059 1976 3137; baseline 0.014 -26"><span class='ocrx_word' id='word_1_255' title='bbox 388 3059 604 3129; x_wconf 75' lang='lat' dir='ltr'><strong>(Ezech.</strong></span> <span class='ocrx_word' id='word_1_256' title='bbox 638 3077 751 3128; x_wconf 72' lang='lat' dir='ltr'><strong>xxi,</strong></span> <span class='ocrx_word' id='word_1_257' title='bbox 784 3065 922 3136; x_wconf 66' lang='lat'><strong>1,5).</strong></span> <span class='ocrx_word' id='word_1_258' title='bbox 965 3067 1034 3121; x_wconf 87' lang='lat' dir='ltr'><strong>Et</strong></span> <span class='ocrx_word' id='word_1_259' title='bbox 1061 3067 1453 3137; x_wconf 82' lang='lat' dir='ltr'><strong>interpretatus</strong></span> <span class='ocrx_word' id='word_1_260' title='bbox 1475 3082 1560 3126; x_wconf 89' lang='lat' dir='ltr'><strong>est</strong></span> <span class='ocrx_word' id='word_1_261' title='bbox 1580 3075 1768 3130; x_wconf 90' lang='lat' dir='ltr'><strong>dicens</strong></span> <span class='ocrx_word' id='word_1_262' title='bbox 1804 3095 1815 3129; x_wconf 88' lang='lat'><strong>:</strong></span> <span class='ocrx_word' id='word_1_263' title='bbox 1845 3059 1976 3133; x_wconf 79' lang='lat' dir='ltr'><strong>Con-</strong></span> 
     </span>
    </p>
   </div>
   <div class='ocr_carea' id='block_1_33' title="bbox 387 3156 1974 3235">
    <p class='ocr_par' dir='ltr' id='par_1_33' title="bbox 387 3156 1974 3235">
     <span class='ocr_line' id='line_1_33' title="bbox 387 3156 1974 3235; baseline 0.012 -28"><span class='ocrx_word' id='word_1_264' title='bbox 387 3156 537 3223; x_wconf 83' lang='lat' dir='ltr'><strong>ﬁrma</strong></span> <span class='ocrx_word' id='word_1_265' title='bbox 565 3161 746 3227; x_wconf 76' lang='lat' dir='ltr'><strong>faciem</strong></span> <span class='ocrx_word' id='word_1_266' title='bbox 778 3170 922 3214; x_wconf 83' lang='lat' dir='ltr'><strong>luant</strong></span> <span class='ocrx_word' id='word_1_267' title='bbox 951 3163 1020 3214; x_wconf 92' lang='lat' dir='ltr'><strong>ad</strong></span> <span class='ocrx_word' id='word_1_268' title='bbox 1054 3163 1399 3227; x_wconf 80' lang='lat' dir='ltr'><strong>Hierusalem,</strong></span> <span class='ocrx_word' id='word_1_269' title='bbox 1432 3176 1478 3219; x_wconf 91' lang='lat' dir='ltr'><strong>et</strong></span> <span class='ocrx_word' id='word_1_270' title='bbox 1500 3170 1696 3235; x_wconf 87' lang='lat' dir='ltr'><strong>respice</strong></span> <span class='ocrx_word' id='word_1_271' title='bbox 1719 3173 1774 3223; x_wconf 89' lang='lat' dir='ltr'><strong>in</strong></span> <span class='ocrx_word' id='word_1_272' title='bbox 1796 3185 1974 3226; x_wconf 80' lang='lat' dir='ltr'><strong>sancta</strong></span> 
     </span>
    </p>
   </div>
   <div class='ocr_carea' id='block_1_34' title="bbox 387 3243 2038 3330">
    <p class='ocr_par' dir='ltr' id='par_1_34' title="bbox 387 3243 2038 3330">
     <span class='ocr_line' id='line_1_34' title="bbox 387 3243 2038 3330; baseline 0.01 -32"><span class='ocrx_word' id='word_1_273' title='bbox 387 3262 578 3300; x_wconf 89' lang='lat' dir='ltr'><strong>eorum.</strong></span> <span class='ocrx_word' id='word_1_274' title='bbox 611 3249 677 3302; x_wconf 83' lang='lat' dir='ltr'><strong>Et</strong></span> <span class='ocrx_word' id='word_1_275' title='bbox 715 3243 954 3305; x_wconf 85' lang='lat' dir='ltr'><strong>ostendit</strong></span> <span class='ocrx_word' id='word_1_276' title='bbox 996 3253 1047 3305; x_wconf 95' lang='lat' dir='ltr'><strong>in</strong></span> <span class='ocrx_word' id='word_1_277' title='bbox 1088 3268 1299 3308; x_wconf 90' lang='lat' dir='ltr'><strong>omnem</strong></span> <span class='ocrx_word' id='word_1_278' title='bbox 1339 3254 1700 3323; x_wconf 82' lang='lat' dir='ltr'><strong>Hierusalem,</strong></span> <span class='ocrx_word' id='word_1_279' title='bbox 1724 3252 1925 3316; x_wconf 54' lang='lat' dir='ltr'><strong>&#39;dicens</strong></span> <span class='ocrx_word' id='word_1_280' title='bbox 1953 3283 1963 3314; x_wconf 87' lang='lat'>;</span> <span class='ocrx_word' id='word_1_281' title='bbox 1996 3271 2038 3330; x_wconf 74' lang='grc' dir='ltr'>ρ</span> 
     </span>
    </p>
   </div>
   <div class='ocr_carea' id='block_1_35' title="bbox 385 3337 1963 3420">
    <p class='ocr_par' dir='ltr' id='par_1_35' title="bbox 385 3337 1963 3420">
     <span class='ocr_line' id='line_1_35' title="bbox 385 3337 1963 3420; baseline 0.011 -30"><span class='ocrx_word' id='word_1_282' title='bbox 385 3337 697 3407; x_wconf 88' lang='lat' dir='ltr'><strong>Disperdam</strong></span> <span class='ocrx_word' id='word_1_283' title='bbox 723 3343 787 3395; x_wconf 90' lang='lat' dir='ltr'><strong>de</strong></span> <span class='ocrx_word' id='word_1_284' title='bbox 829 3353 876 3396; x_wconf 91' lang='lat' dir='ltr'><strong>te</strong></span> <span class='ocrx_word' id='word_1_285' title='bbox 915 3344 1180 3398; x_wconf 88' lang='lat' dir='ltr'><strong>inimicum</strong></span> <span class='ocrx_word' id='word_1_286' title='bbox 1218 3357 1268 3400; x_wconf 88' lang='lat' dir='ltr'><strong>et</strong></span> <span class='ocrx_word' id='word_1_287' title='bbox 1308 3349 1576 3420; x_wconf 77' lang='lat' dir='ltr'><strong>injustam.</strong></span> <span class='ocrx_word' id='word_1_288' title='bbox 1616 3352 1690 3404; x_wconf 87' lang='lat' dir='ltr'><strong>Ita</strong></span> <span class='ocrx_word' id='word_1_289' title='bbox 1725 3351 1963 3407; x_wconf 76' lang='lat' dir='ltr'><strong>futurum</strong></span> 
     </span>
    </p>
   </div>
   <div class='ocr_carea' id='block_1_36' title="bbox 383 3432 1964 3509">
    <p class='ocr_par' dir='ltr' id='par_1_36' title="bbox 383 3432 1964 3509">
     <span class='ocr_line' id='line_1_36' title="bbox 383 3432 1964 3509; baseline 0.009 -26"><span class='ocrx_word' id='word_1_290' title='bbox 383 3432 712 3499; x_wconf 76' lang='lat' dir='ltr'><strong>generaliter</strong></span> <span class='ocrx_word' id='word_1_291' title='bbox 739 3434 815 3487; x_wconf 86' lang='lat' dir='ltr'><strong>ait</strong></span> <span class='ocrx_word' id='word_1_292' title='bbox 847 3451 861 3485; x_wconf 87' lang='lat'>:</span> <span class='ocrx_word' id='word_1_293' title='bbox 894 3433 984 3489; x_wconf 87' lang='lat' dir='ltr'><strong>Sic</strong></span> <span class='ocrx_word' id='word_1_294' title='bbox 1015 3438 1146 3489; x_wconf 73' lang='lat' dir='ltr'><strong>exiet</strong></span> <span class='ocrx_word' id='word_1_295' title='bbox 1177 3439 1381 3507; x_wconf 87' lang='lat' dir='ltr'><strong>gladius</strong></span> <span class='ocrx_word' id='word_1_296' title='bbox 1410 3457 1551 3494; x_wconf 88' lang='lat' dir='ltr'><strong>meus</strong></span> <span class='ocrx_word' id='word_1_297' title='bbox 1592 3459 1747 3509; x_wconf 89' lang='lat' dir='ltr'><strong>super</strong></span> <span class='ocrx_word' id='word_1_298' title='bbox 1768 3461 1964 3498; x_wconf 87' lang='lat' dir='ltr'><strong>omnem</strong></span> 
     </span>
    </p>
   </div>
   <div class='ocr_carea' id='block_1_37' title="bbox 379 3523 1962 3594">
    <p class='ocr_par' dir='ltr' id='par_1_37' title="bbox 379 3523 1962 3594">
     <span class='ocr_line' id='line_1_37' title="bbox 379 3523 1962 3594; baseline 0.009 -21"><span class='ocrx_word' id='word_1_299' title='bbox 379 3535 582 3575; x_wconf 85' lang='lat' dir='ltr'><strong>carnem</strong></span> <span class='ocrx_word' id='word_1_300' title='bbox 605 3539 637 3574; x_wconf 87' lang='lat' dir='ltr'><strong>a</strong></span> <span class='ocrx_word' id='word_1_301' title='bbox 668 3523 942 3577; x_wconf 89' lang='lat' dir='ltr'><strong>subsolano</strong></span> <span class='ocrx_word' id='word_1_302' title='bbox 973 3543 1131 3594; x_wconf 83' lang='lat' dir='ltr'><strong>usque</strong></span> <span class='ocrx_word' id='word_1_303' title='bbox 1167 3529 1236 3579; x_wconf 92' lang='lat' dir='ltr'><strong>ad</strong></span> <span class='ocrx_word' id='word_1_304' title='bbox 1278 3530 1590 3591; x_wconf 84' lang='lat' dir='ltr'><strong>aquilonem.</strong></span> <span class='ocrx_word' id='word_1_305' title='bbox 1629 3532 1877 3587; x_wconf 87' lang='lat' dir='ltr'><strong>Ostendit</strong></span> <span class='ocrx_word' id='word_1_306' title='bbox 1907 3537 1962 3588; x_wconf 91' lang='lat' dir='ltr'><strong>in</strong></span> 
     </span>
    </p>
   </div>
   <div class='ocr_carea' id='block_1_38' title="bbox 379 3605 1959 3692">
    <p class='ocr_par' dir='ltr' id='par_1_38' title="bbox 379 3605 1959 3692">
     <span class='ocr_line' id='line_1_38' title="bbox 379 3605 1959 3692; baseline 0.01 -28"><span class='ocrx_word' id='word_1_307' title='bbox 379 3605 718 3670; x_wconf 77' lang='lat' dir='ltr'><strong>Hierusalem</strong></span> <span class='ocrx_word' id='word_1_308' title='bbox 751 3631 872 3671; x_wconf 89' lang='lat' dir='ltr'><strong>esse</strong></span> <span class='ocrx_word' id='word_1_309' title='bbox 899 3617 1165 3683; x_wconf 84' lang='lat' dir='ltr'><strong>Theman,</strong></span> <span class='ocrx_word' id='word_1_310' title='bbox 1189 3636 1350 3688; x_wconf 89' lang='lat' dir='ltr'><strong>quam</strong></span> <span class='ocrx_word' id='word_1_311' title='bbox 1379 3621 1490 3676; x_wconf 89' lang='lat' dir='ltr'><strong>illic</strong></span> <span class='ocrx_word' id='word_1_312' title='bbox 1514 3625 1656 3677; x_wconf 89' lang='lat' dir='ltr'><strong>Deus</strong></span> <span class='ocrx_word' id='word_1_313' title='bbox 1685 3627 1959 3692; x_wconf 83' lang='lat' dir='ltr'><strong>interficit,</strong></span> 
     </span>
    </p>
   </div>
   <div class='ocr_carea' id='block_1_39' title="bbox 379 3708 1962 3786">
    <p class='ocr_par' dir='ltr' id='par_1_39' title="bbox 379 3708 1962 3786">
     <span class='ocr_line' id='line_1_39' title="bbox 379 3708 1962 3786; baseline 0.008 -26"><span class='ocrx_word' id='word_1_314' title='bbox 379 3715 433 3760; x_wconf 89' lang='lat' dir='ltr'><strong>et</strong></span> <span class='ocrx_word' id='word_1_315' title='bbox 463 3708 670 3777; x_wconf 81' lang='lat' dir='ltr'><strong>Dagon,</strong></span> <span class='ocrx_word' id='word_1_316' title='bbox 708 3720 764 3763; x_wconf 89' lang='lat' dir='ltr'><strong>et</strong></span> <span class='ocrx_word' id='word_1_317' title='bbox 806 3711 985 3763; x_wconf 88' lang='lat' dir='ltr'><strong>omnia</strong></span> <span class='ocrx_word' id='word_1_318' title='bbox 1020 3714 1376 3767; x_wconf 76' lang='lat' dir='ltr'><strong>exsecrabilis</strong></span> <span class='ocrx_word' id='word_1_319' title='bbox 1417 3717 1663 3783; x_wconf 89' lang='lat' dir='ltr'><strong>gentium</strong></span> <span class='ocrx_word' id='word_1_320' title='bbox 1697 3730 1962 3786; x_wconf 80' lang='lat' dir='ltr'><strong>operante</strong></span> 
     </span>
    </p>
   </div>
   <div class='ocr_carea' id='block_1_40' title="bbox 375 3798 1962 3874">
    <p class='ocr_par' dir='ltr' id='par_1_40' title="bbox 375 3798 1962 3874">
     <span class='ocr_line' id='line_1_40' title="bbox 375 3798 1962 3874; baseline 0.007 -23"><span class='ocrx_word' id='word_1_321' title='bbox 375 3798 494 3853; x_wconf 83' lang='lat' dir='ltr'><strong>lilio</strong></span> <span class='ocrx_word' id='word_1_322' title='bbox 537 3800 703 3853; x_wconf 84' lang='lat' dir='ltr'><strong>David</strong></span> <span class='ocrx_word' id='word_1_323' title='bbox 750 3800 1040 3856; x_wconf 86' lang='lat' dir='ltr'><strong>Salomone</strong></span> <span class='ocrx_word' id='word_1_324' title='bbox 1071 3801 1124 3855; x_wconf 93' lang='lat' dir='ltr'><strong>in</strong></span> <span class='ocrx_word' id='word_1_325' title='bbox 1160 3802 1282 3855; x_wconf 89' lang='lat' dir='ltr'><strong>liliis</strong></span> <span class='ocrx_word' id='word_1_326' title='bbox 1312 3805 1460 3868; x_wconf 86' lang='lat' dir='ltr'><strong>suis,</strong></span> <span class='ocrx_word' id='word_1_327' title='bbox 1504 3821 1612 3874; x_wconf 91' lang='lat' dir='ltr'><strong>quo</strong></span> <span class='ocrx_word' id='word_1_328' title='bbox 1650 3808 1808 3861; x_wconf 80' lang='lat' dir='ltr'><strong>etiam</strong></span> <span class='ocrx_word' id='word_1_329' title='bbox 1853 3811 1962 3862; x_wconf 84' lang='lat' dir='ltr'><strong>evi—</strong></span> 
     </span>
    </p>
   </div>
   <div class='ocr_carea' id='block_1_41' title="bbox 374 3889 1961 3966">
    <p class='ocr_par' dir='ltr' id='par_1_41' title="bbox 374 3889 1961 3966">
     <span class='ocr_line' id='line_1_41' title="bbox 374 3889 1961 3966; baseline 0.004 -22"><span class='ocrx_word' id='word_1_330' title='bbox 374 3889 563 3944; x_wconf 87' lang='lat' dir='ltr'><strong>denter</strong></span> <span class='ocrx_word' id='word_1_331' title='bbox 589 3891 800 3960; x_wconf 85' lang='lat' dir='ltr'><strong>dejecta</strong></span> <span class='ocrx_word' id='word_1_332' title='bbox 845 3895 1046 3962; x_wconf 85' lang='lat' dir='ltr'><strong>templa</strong></span> <span class='ocrx_word' id='word_1_333' title='bbox 1086 3893 1182 3948; x_wconf 89' lang='lat' dir='ltr'><strong>Dei</strong></span> <span class='ocrx_word' id='word_1_334' title='bbox 1211 3902 1268 3948; x_wconf 89' lang='lat' dir='ltr'><strong>et</strong></span> <span class='ocrx_word' id='word_1_335' title='bbox 1295 3895 1577 3960; x_wconf 89' lang='lat' dir='ltr'><strong>demolita,</strong></span> <span class='ocrx_word' id='word_1_336' title='bbox 1609 3907 1771 3966; x_wconf 86' lang='lat' dir='ltr'><strong>atque</strong></span> <span class='ocrx_word' id='word_1_337' title='bbox 1801 3900 1961 3965; x_wconf 86' lang='lat' dir='ltr'><strong>spiri-</strong></span> 
     </span>
    </p>
   </div>
   <div class='ocr_carea' id='block_1_42' title="bbox 373 3983 1956 4060">
    <p class='ocr_par' dir='ltr' id='par_1_42' title="bbox 373 3983 1956 4060">
     <span class='ocr_line' id='line_1_42' title="bbox 373 3983 1956 4060; baseline 0.004 -25"><span class='ocrx_word' id='word_1_338' title='bbox 373 3983 589 4036; x_wconf 87' lang='lat' dir='ltr'><strong>tualiter</strong></span> <span class='ocrx_word' id='word_1_339' title='bbox 615 3991 829 4049; x_wconf 88' lang='lat' dir='ltr'><strong>exusta,</strong></span> <span class='ocrx_word' id='word_1_340' title='bbox 864 3985 1092 4052; x_wconf 83' lang='lat' dir='ltr'><strong>projecit</strong></span> <span class='ocrx_word' id='word_1_341' title='bbox 1120 3985 1172 4036; x_wconf 92' lang='lat' dir='ltr'><strong>in</strong></span> <span class='ocrx_word' id='word_1_342' title='bbox 1195 3988 1508 4060; x_wconf 73' lang='lat' dir='ltr'><strong>torrentem</strong></span> <span class='ocrx_word' id='word_1_343' title='bbox 1533 4027 1546 4050; x_wconf 91' lang='lat'><strong>,</strong></span> <span class='ocrx_word' id='word_1_344' title='bbox 1576 3988 1626 4040; x_wconf 90' lang='lat' dir='ltr'><strong>id</strong></span> <span class='ocrx_word' id='word_1_345' title='bbox 1651 3998 1754 4054; x_wconf 89' lang='lat' dir='ltr'><strong>est,</strong></span> <span class='ocrx_word' id='word_1_346' title='bbox 1785 4003 1926 4042; x_wconf 71' lang='lat' dir='ltr'><strong>smcu</strong></span> <span class='ocrx_word' id='word_1_347' title='bbox 1944 4020 1956 4028; x_wconf 87' lang='lat'><strong>-</strong></span> 
     </span>
    </p>
   </div>
   <div class='ocr_carea' id='block_1_43' title="bbox 379 4071 1961 4155">
    <p class='ocr_par' dir='ltr' id='par_1_43' title="bbox 379 4071 1961 4155">
     <span class='ocr_line' id='line_1_43' title="bbox 379 4071 1961 4155; baseline 0.002 -28"><span class='ocrx_word' id='word_1_348' title='bbox 379 4071 511 4140; x_wconf 90' lang='lat' dir='ltr'><strong>lum,</strong></span> <span class='ocrx_word' id='word_1_349' title='bbox 540 4074 644 4142; x_wconf 72' lang='lat' dir='ltr'><strong>qu?</strong></span> <span class='ocrx_word' id='word_1_350' title='bbox 659 4074 901 4129; x_wconf 88' lang='lat' dir='ltr'><strong>nascitur</strong></span> <span class='ocrx_word' id='word_1_351' title='bbox 919 4074 1066 4128; x_wconf 88' lang='lat' dir='ltr'><strong>lilius</strong></span> <span class='ocrx_word' id='word_1_352' title='bbox 1089 4074 1258 4152; x_wconf 84' lang='lat' dir='ltr'><strong>David</strong></span> <span class='ocrx_word' id='word_1_353' title='bbox 1279 4074 1478 4141; x_wconf 82' lang='lat' dir='ltr'><strong>Josias,</strong></span> <span class='ocrx_word' id='word_1_354' title='bbox 1510 4087 1564 4155; x_wconf 89' lang='lat' dir='ltr'><strong>ut</strong></span> <span class='ocrx_word' id='word_1_355' title='bbox 1595 4077 1961 4145; x_wconf 84' lang='lat' dir='ltr'><strong>disrumpatnr</strong></span> 
     </span>
    </p>
   </div>
   <div class='ocr_carea' id='block_1_44' title="bbox 375 4163 1953 4243">
    <p class='ocr_par' dir='ltr' id='par_1_44' title="bbox 375 4163 1953 4243">
     <span class='ocr_line' id='line_1_44' title="bbox 375 4163 1953 4243; baseline 0.003 -27"><span class='ocrx_word' id='word_1_356' title='bbox 375 4163 548 4218; x_wconf 86' lang='lat' dir='ltr'><strong>altare</strong></span> <span class='ocrx_word' id='word_1_357' title='bbox 579 4164 630 4217; x_wconf 91' lang='lat' dir='ltr'><strong>in</strong></span> <span class='ocrx_word' id='word_1_358' title='bbox 676 4163 891 4228; x_wconf 86' lang='lat' dir='ltr'><strong>Bethel,</strong></span> <span class='ocrx_word' id='word_1_359' title='bbox 921 4163 1063 4218; x_wconf 87' lang='lat' dir='ltr'><strong>sicut</strong></span> <span class='ocrx_word' id='word_1_360' title='bbox 1093 4165 1352 4233; x_wconf 88' lang='lat' dir='ltr'><strong>scriptum</strong></span> <span class='ocrx_word' id='word_1_361' title='bbox 1381 4175 1458 4221; x_wconf 90' lang='lat' dir='ltr'><strong>est</strong></span> <span class='ocrx_word' id='word_1_362' title='bbox 1488 4183 1502 4218; x_wconf 90' lang='lat'>:</span> <span class='ocrx_word' id='word_1_363' title='bbox 1532 4167 1705 4243; x_wconf 77' lang='lat' dir='ltr'><strong>Altare</strong></span> <span class='ocrx_word' id='word_1_364' title='bbox 1727 4207 1740 4231; x_wconf 93' lang='lat'><strong>,</strong></span> <span class='ocrx_word' id='word_1_365' title='bbox 1770 4169 1953 4230; x_wconf 88' lang='lat' dir='ltr'><strong>altare,</strong></span> 
     </span>
    </p>
   </div>
   <div class='ocr_carea' id='block_1_45' title="bbox 377 4252 1960 4322">
    <p class='ocr_par' dir='ltr' id='par_1_45' title="bbox 377 4252 1960 4322">
     <span class='ocr_line' id='line_1_45' title="bbox 377 4252 1960 4322; baseline 0.001 -12"><span class='ocrx_word' id='word_1_366' title='bbox 377 4255 486 4310; x_wconf 76' lang='lat' dir='ltr'><strong>lucc</strong></span> <span class='ocrx_word' id='word_1_367' title='bbox 511 4256 634 4309; x_wconf 87' lang='lat' dir='ltr'><strong>dicit</strong></span> <span class='ocrx_word' id='word_1_368' title='bbox 647 4252 934 4321; x_wconf 78' lang='lat' dir='ltr'><strong>Dominus,</strong></span> <span class='ocrx_word' id='word_1_369' title='bbox 969 4253 1105 4308; x_wconf 86' lang='lat' dir='ltr'><strong>Ecce</strong></span> <span class='ocrx_word' id='word_1_370' title='bbox 1135 4256 1277 4322; x_wconf 77' lang='lat' dir='ltr'><strong>filius</strong></span> <span class='ocrx_word' id='word_1_371' title='bbox 1299 4269 1541 4309; x_wconf 88' lang='lat' dir='ltr'><strong>nascetur</strong></span> <span class='ocrx_word' id='word_1_372' title='bbox 1573 4258 1638 4311; x_wconf 87' lang='lat' dir='ltr'><strong>de</strong></span> <span class='ocrx_word' id='word_1_373' title='bbox 1674 4258 1822 4310; x_wconf 88' lang='lat' dir='ltr'><strong>domo</strong></span> <span class='ocrx_word' id='word_1_374' title='bbox 1856 4259 1960 4311; x_wconf 88' lang='lat' dir='ltr'><strong>Da-</strong></span> 
     </span>
    </p>
   </div>
   <div class='ocr_carea' id='block_1_46' title="bbox 375 4332 1958 4421">
    <p class='ocr_par' dir='ltr' id='par_1_46' title="bbox 375 4332 1958 4421">
     <span class='ocr_line' id='line_1_46' title="bbox 375 4332 1958 4421; baseline 0.003 -23"><span class='ocrx_word' id='word_1_375' title='bbox 375 4348 460 4399; x_wconf 82' lang='lat' dir='ltr'><strong>vid</strong></span> <span class='ocrx_word' id='word_1_376' title='bbox 501 4363 520 4400; x_wconf 92' lang='lat'><strong><em>:</em></strong></span> <span class='ocrx_word' id='word_1_377' title='bbox 549 4332 723 4400; x_wconf 72' lang='lat' dir='ltr'><strong>losias</strong></span> <span class='ocrx_word' id='word_1_378' title='bbox 752 4363 935 4400; x_wconf 88' lang='lat' dir='ltr'><strong>nomen</strong></span> <span class='ocrx_word' id='word_1_379' title='bbox 984 4347 1068 4400; x_wconf 90' lang='lat' dir='ltr'><strong>illi</strong></span> <span class='ocrx_word' id='word_1_380' title='bbox 1104 4346 1194 4416; x_wconf 92' lang='grc' dir='ltr'><strong>(ΙΙΙ</strong></span> <span class='ocrx_word' id='word_1_381' title='bbox 1237 4347 1365 4418; x_wconf 84' lang='lat' dir='ltr'><strong>Reg.</strong></span> <span class='ocrx_word' id='word_1_382' title='bbox 1396 4363 1509 4413; x_wconf 88' lang='lat' dir='ltr'><strong>xm,</strong></span> <span class='ocrx_word' id='word_1_383' title='bbox 1539 4347 1636 4421; x_wconf 74' lang='lat'><strong>2),,</strong></span> <span class='ocrx_word' id='word_1_384' title='bbox 1663 4349 1854 4402; x_wconf 83' lang='lat' dir='ltr'><strong>Ninive</strong></span> <span class='ocrx_word' id='word_1_385' title='bbox 1883 4351 1958 4403; x_wconf 84' lang='lat' dir='ltr'><strong>ci-</strong></span> 
     </span>
    </p>
   </div>
   <div class='ocr_carea' id='block_1_47' title="bbox 378 4429 1951 4511">
    <p class='ocr_par' dir='ltr' id='par_1_47' title="bbox 378 4429 1951 4511">
     <span class='ocr_line' id='line_1_47' title="bbox 378 4429 1951 4511; baseline -0.001 -16"><span class='ocrx_word' id='word_1_386' title='bbox 378 4443 528 4496; x_wconf 78' lang='lat' dir='ltr'><strong>vitas</strong></span> <span class='ocrx_word' id='word_1_387' title='bbox 551 4429 1004 4511; x_wconf 65' lang='lat' dir='ltr'><strong>alienigenarum,</strong></span> <span class='ocrx_word' id='word_1_388' title='bbox 1038 4439 1312 4508; x_wconf 73' lang='lat' dir='ltr'><strong>bipartitaa</strong></span> <span class='ocrx_word' id='word_1_389' title='bbox 1353 4441 1605 4495; x_wconf 66' lang='lat' dir='ltr'><strong>Ecclesia:</strong></span> <span class='ocrx_word' id='word_1_390' title='bbox 1647 4442 1816 4510; x_wconf 87' lang='lat' dir='ltr'><strong>ﬁgura</strong></span> <span class='ocrx_word' id='word_1_391' title='bbox 1850 4451 1951 4494; x_wconf 90' lang='lat' dir='ltr'><strong>est.</strong></span> 
     </span>
    </p>
   </div>
   <div class='ocr_carea' id='block_1_48' title="bbox 373 4529 1954 4601">
    <p class='ocr_par' dir='ltr' id='par_1_48' title="bbox 373 4529 1954 4601">
     <span class='ocr_line' id='line_1_48' title="bbox 373 4529 1954 4601; baseline -0.003 -13"><span class='ocrx_word' id='word_1_392' title='bbox 373 4531 482 4588; x_wconf 90' lang='lat' dir='ltr'><strong>Sed</strong></span> <span class='ocrx_word' id='word_1_393' title='bbox 509 4533 636 4601; x_wconf 86' lang='lat' dir='ltr'><strong>quia</strong></span> <span class='ocrx_word' id='word_1_394' title='bbox 659 4531 908 4585; x_wconf 85' lang='lat' dir='ltr'><strong>ordinem</strong></span> <span class='ocrx_word' id='word_1_395' title='bbox 932 4531 1224 4586; x_wconf 89' lang='lat' dir='ltr'><strong>lectionem</strong></span> <span class='ocrx_word' id='word_1_396' title='bbox 1248 4529 1650 4600; x_wconf 89' lang='lat' dir='ltr'><strong>interpretando</strong></span> <span class='ocrx_word' id='word_1_397' title='bbox 1675 4532 1954 4600; x_wconf 84' lang='lat' dir='ltr'><strong>prosequi,</strong></span> 
     </span>
    </p>
   </div>
   <div class='ocr_carea' id='block_1_49' title="bbox 2086 634 3665 716">
    <p class='ocr_par' dir='ltr' id='par_1_49' title="bbox 2086 634 3665 716">
     <span class='ocr_line' id='line_1_49' title="bbox 2086 634 3665 716; baseline 0.015 -34"><span class='ocrx_word' id='word_1_398' title='bbox 2086 641 2165 684; x_wconf 92' lang='lat' dir='ltr'><strong>tas</strong></span> <span class='ocrx_word' id='word_1_399' title='bbox 2197 634 2350 685; x_wconf 88' lang='lat' dir='ltr'><strong>unius</strong></span> <span class='ocrx_word' id='word_1_400' title='bbox 2390 637 2575 705; x_wconf 89' lang='lat' dir='ltr'><strong>gentis.</strong></span> <span class='ocrx_word' id='word_1_401' title='bbox 2625 637 2691 690; x_wconf 84' lang='lat' dir='ltr'><strong>Et</strong></span> <span class='ocrx_word' id='word_1_402' title='bbox 2730 639 2920 694; x_wconf 89' lang='lat' dir='ltr'><strong>iterum</strong></span> <span class='ocrx_word' id='word_1_403' title='bbox 2957 643 3372 716; x_wconf 60' lang='lat' dir='ltr'><strong>:Jlultiplicasti</strong></span> <span class='ocrx_word' id='word_1_404' title='bbox 3411 663 3665 706; x_wconf 79' lang='lat' dir='ltr'><strong>mercatus</strong></span> 
     </span>
    </p>
   </div>
   <div class='ocr_carea' id='block_1_50' title="bbox 2086 731 3660 800">
    <p class='ocr_par' dir='ltr' id='par_1_50' title="bbox 2086 731 3660 800">
     <span class='ocr_line' id='line_1_50' title="bbox 2086 731 3660 800; baseline 0.017 -26"><span class='ocrx_word' id='word_1_405' title='bbox 2086 731 2200 776; x_wconf 89' lang='lat' dir='ltr'><strong>tuos</strong></span> <span class='ocrx_word' id='word_1_406' title='bbox 2231 742 2383 793; x_wconf 85' lang='lat' dir='ltr'><strong>super</strong></span> <span class='ocrx_word' id='word_1_407' title='bbox 2411 737 2551 780; x_wconf 89' lang='lat' dir='ltr'><strong>astra</strong></span> <span class='ocrx_word' id='word_1_408' title='bbox 2575 731 2709 796; x_wconf 76' lang='lat' dir='ltr'><strong>caeli,</strong></span> <span class='ocrx_word' id='word_1_409' title='bbox 2746 733 2794 785; x_wconf 91' lang='lat' dir='ltr'><strong>id</strong></span> <span class='ocrx_word' id='word_1_410' title='bbox 2826 742 2940 799; x_wconf 91' lang='lat' dir='ltr'><strong>est,</strong></span> <span class='ocrx_word' id='word_1_411' title='bbox 2972 735 3288 793; x_wconf 87' lang='lat' dir='ltr'><strong>Ecclesiam.</strong></span> <span class='ocrx_word' id='word_1_412' title='bbox 3322 741 3388 794; x_wconf 87' lang='lat' dir='ltr'><strong>Et</strong></span> <span class='ocrx_word' id='word_1_413' title='bbox 3419 745 3610 799; x_wconf 75' lang='lat' dir='ltr'><strong>iterum</strong></span> <span class='ocrx_word' id='word_1_414' title='bbox 3646 763 3660 800; x_wconf 93' lang='lat'><strong>:</strong></span> 
     </span>
    </p>
   </div>
   <div class='ocr_carea' id='block_1_51' title="bbox 2087 814 3662 906">
    <p class='ocr_par' dir='ltr' id='par_1_51' title="bbox 2087 814 3662 906">
     <span class='ocr_line' id='line_1_51' title="bbox 2087 814 3662 906; baseline 0.017 -39"><span class='ocrx_word' id='word_1_415' title='bbox 2087 814 2257 885; x_wconf 81' lang='lat' dir='ltr'><strong>Super</strong></span> <span class='ocrx_word' id='word_1_416' title='bbox 2292 833 2441 889; x_wconf 84' lang='lat' dir='ltr'><strong>quem</strong></span> <span class='ocrx_word' id='word_1_417' title='bbox 2477 837 2578 874; x_wconf 89' lang='lat' dir='ltr'><strong>non</strong></span> <span class='ocrx_word' id='word_1_418' title='bbox 2607 824 2738 878; x_wconf 84' lang='lat' dir='ltr'><strong>venit</strong></span> <span class='ocrx_word' id='word_1_419' title='bbox 2767 827 2972 881; x_wconf 82' lang='lat' dir='ltr'><strong>malitia</strong></span> <span class='ocrx_word' id='word_1_420' title='bbox 3003 841 3090 883; x_wconf 88' lang='lat' dir='ltr'><strong>tua</strong></span> <span class='ocrx_word' id='word_1_421' title='bbox 3117 837 3355 903; x_wconf 83' lang='lat' dir='ltr'><strong>semper?</strong></span> <span class='ocrx_word' id='word_1_422' title='bbox 3393 835 3662 906; x_wconf 81' lang='lat' dir='ltr'><strong>Numquid</strong></span> 
     </span>
    </p>
   </div>
   <div class='ocr_carea' id='block_1_52' title="bbox 2085 910 3656 996">
    <p class='ocr_par' dir='ltr' id='par_1_52' title="bbox 2085 910 3656 996">
     <span class='ocr_line' id='line_1_52' title="bbox 2085 910 3656 996; baseline 0.015 -35"><span class='ocrx_word' id='word_1_423' title='bbox 2085 910 2258 975; x_wconf 87' lang='lat' dir='ltr'><strong>potuit</strong></span> <span class='ocrx_word' id='word_1_424' title='bbox 2275 912 2430 967; x_wconf 91' lang='lat' dir='ltr'><strong>unius</strong></span> <span class='ocrx_word' id='word_1_425' title='bbox 2451 914 2682 971; x_wconf 85' lang='lat' dir='ltr'><strong>civitatis</strong></span> <span class='ocrx_word' id='word_1_426' title='bbox 2704 918 2926 986; x_wconf 86' lang='lat' dir='ltr'><strong>malitia,</strong></span> <span class='ocrx_word' id='word_1_427' title='bbox 2947 935 3107 989; x_wconf 89' lang='lat' dir='ltr'><strong>super</strong></span> <span class='ocrx_word' id='word_1_428' title='bbox 3129 940 3341 981; x_wconf 85' lang='lat' dir='ltr'><strong>omnem</strong></span> <span class='ocrx_word' id='word_1_429' title='bbox 3362 927 3656 996; x_wconf 86' lang='lat' dir='ltr'><strong>hominem,</strong></span> 
     </span>
    </p>
   </div>
   <div class='ocr_carea' id='block_1_53' title="bbox 2084 1005 3661 1085">
    <p class='ocr_par' dir='ltr' id='par_1_53' title="bbox 2084 1005 3661 1085">
     <span class='ocr_line' id='line_1_53' title="bbox 2084 1005 3661 1085; baseline 0.016 -33"><span class='ocrx_word' id='word_1_430' title='bbox 2084 1008 2178 1053; x_wconf 90' lang='lat' dir='ltr'><strong>aut</strong></span> <span class='ocrx_word' id='word_1_431' title='bbox 2213 1015 2430 1073; x_wconf 87' lang='lat' dir='ltr'><strong>semper</strong></span> <span class='ocrx_word' id='word_1_432' title='bbox 2469 1005 2703 1073; x_wconf 84' lang='lat' dir='ltr'><strong>venisse,</strong></span> <span class='ocrx_word' id='word_1_433' title='bbox 2753 1010 2851 1063; x_wconf 89' lang='lat' dir='ltr'><strong>nisi</strong></span> <span class='ocrx_word' id='word_1_434' title='bbox 2901 1011 3064 1078; x_wconf 90' lang='lat' dir='ltr'><strong>illius,</strong></span> <span class='ocrx_word' id='word_1_435' title='bbox 3105 1031 3260 1085; x_wconf 81' lang='lat' dir='ltr'><strong>quam</strong></span> <span class='ocrx_word' id='word_1_436' title='bbox 3302 1019 3433 1073; x_wconf 80' lang='lat' dir='ltr'><strong>Cain</strong></span> <span class='ocrx_word' id='word_1_437' title='bbox 3477 1020 3661 1078; x_wconf 79' lang='lat' dir='ltr'><strong>fratris</strong></span> 
     </span>
    </p>
   </div>
   <div class='ocr_carea' id='block_1_54' title="bbox 2085 1094 3659 1180">
    <p class='ocr_par' dir='ltr' id='par_1_54' title="bbox 2085 1094 3659 1180">
     <span class='ocr_line' id='line_1_54' title="bbox 2085 1094 3659 1180; baseline 0.016 -36"><span class='ocrx_word' id='word_1_438' title='bbox 2085 1094 2350 1161; x_wconf 82' lang='lat' dir='ltr'><strong>sanguine</strong></span> <span class='ocrx_word' id='word_1_439' title='bbox 2373 1095 2615 1151; x_wconf 83' lang='lat' dir='ltr'><strong>fundavit</strong></span> <span class='ocrx_word' id='word_1_440' title='bbox 2643 1101 2859 1156; x_wconf 85' lang='lat' dir='ltr'><strong>nomine</strong></span> <span class='ocrx_word' id='word_1_441' title='bbox 2889 1101 2983 1156; x_wconf 83' lang='lat' dir='ltr'><strong>lilii</strong></span> <span class='ocrx_word' id='word_1_442' title='bbox 3012 1107 3115 1168; x_wconf 88' lang='lat' dir='ltr'><strong>sui,</strong></span> <span class='ocrx_word' id='word_1_443' title='bbox 3153 1107 3203 1160; x_wconf 92' lang='lat' dir='ltr'><strong>id</strong></span> <span class='ocrx_word' id='word_1_444' title='bbox 3237 1120 3339 1175; x_wconf 87' lang='lat' dir='ltr'><strong>est,</strong></span> <span class='ocrx_word' id='word_1_445' title='bbox 3375 1114 3659 1180; x_wconf 81' lang='lat' dir='ltr'><strong>posterita-</strong></span> 
     </span>
    </p>
   </div>
   <div class='ocr_carea' id='block_1_55' title="bbox 2086 1184 3658 1267">
    <p class='ocr_par' dir='ltr' id='par_1_55' title="bbox 2086 1184 3658 1267">
     <span class='ocr_line' id='line_1_55' title="bbox 2086 1184 3658 1267; baseline 0.017 -31"><span class='ocrx_word' id='word_1_446' title='bbox 2086 1184 2192 1238; x_wconf 79' lang='lat' dir='ltr'><strong>tis?</strong></span> <span class='ocrx_word' id='word_1_447' title='bbox 2237 1185 2571 1244; x_wconf 78' lang='lat' dir='ltr'><strong>Manifestitts</strong></span> <span class='ocrx_word' id='word_1_448' title='bbox 2609 1192 2784 1246; x_wconf 85' lang='lat' dir='ltr'><strong>adhuc</strong></span> <span class='ocrx_word' id='word_1_449' title='bbox 2823 1194 2981 1248; x_wconf 88' lang='lat' dir='ltr'><strong>ducet</strong></span> <span class='ocrx_word' id='word_1_450' title='bbox 3023 1197 3310 1267; x_wconf 82' lang='lat' dir='ltr'><strong>Propheta,</strong></span> <span class='ocrx_word' id='word_1_451' title='bbox 3362 1204 3658 1263; x_wconf 83' lang='lat' dir='ltr'><strong>Ecclesiam</strong></span> 
     </span>
    </p>
   </div>
   <div class='ocr_carea' id='block_1_56' title="bbox 2085 1277 3660 1367">
    <p class='ocr_par' dir='ltr' id='par_1_56' title="bbox 2085 1277 3660 1367">
     <span class='ocr_line' id='line_1_56' title="bbox 2085 1277 3660 1367; baseline 0.014 -37"><span class='ocrx_word' id='word_1_452' title='bbox 2085 1290 2204 1331; x_wconf 85' lang='lat' dir='ltr'><strong>esse</strong></span> <span class='ocrx_word' id='word_1_453' title='bbox 2225 1277 2436 1333; x_wconf 81' lang='lat' dir='ltr'><strong>Ninive.</strong></span> <span class='ocrx_word' id='word_1_454' title='bbox 2462 1279 2532 1333; x_wconf 85' lang='lat' dir='ltr'><strong>Et</strong></span> <span class='ocrx_word' id='word_1_455' title='bbox 2550 1284 2803 1348; x_wconf 70' lang='lat' dir='ltr'><strong>extendet,</strong></span> <span class='ocrx_word' id='word_1_456' title='bbox 2829 1284 3018 1354; x_wconf 87' lang='lat' dir='ltr'><strong>inquit,</strong></span> <span class='ocrx_word' id='word_1_457' title='bbox 3043 1305 3243 1344; x_wconf 87' lang='lat' dir='ltr'><strong>manum</strong></span> <span class='ocrx_word' id='word_1_458' title='bbox 3265 1309 3407 1347; x_wconf 81' lang='lat' dir='ltr'><strong>suam</strong></span> <span class='ocrx_word' id='word_1_459' title='bbox 3427 1297 3479 1348; x_wconf 90' lang='lat' dir='ltr'><strong>in</strong></span> <span class='ocrx_word' id='word_1_460' title='bbox 3501 1298 3660 1367; x_wconf 80' lang='lat' dir='ltr'><strong>Aqui-</strong></span> 
     </span>
    </p>
   </div>
   <div class='ocr_carea' id='block_1_57' title="bbox 2085 1369 3659 1445">
    <p class='ocr_par' dir='ltr' id='par_1_57' title="bbox 2085 1369 3659 1445">
     <span class='ocr_line' id='line_1_57' title="bbox 2085 1369 3659 1445; baseline 0.015 -23"><span class='ocrx_word' id='word_1_461' title='bbox 2085 1370 2254 1423; x_wconf 87' lang='lat' dir='ltr'><strong>lonem</strong></span> <span class='ocrx_word' id='word_1_462' title='bbox 2288 1371 2365 1440; x_wconf 94' lang='lat' dir='ltr'><strong>(id</strong></span> <span class='ocrx_word' id='word_1_463' title='bbox 2395 1382 2510 1440; x_wconf 89' lang='lat' dir='ltr'><strong>est,</strong></span> <span class='ocrx_word' id='word_1_464' title='bbox 2549 1369 2804 1444; x_wconf 85' lang='lat' dir='ltr'><strong>populum</strong></span> <span class='ocrx_word' id='word_1_465' title='bbox 2832 1379 2966 1433; x_wconf 89' lang='lat' dir='ltr'><strong>solis</strong></span> <span class='ocrx_word' id='word_1_466' title='bbox 2993 1381 3228 1437; x_wconf 89' lang='lat' dir='ltr'><strong>alienum</strong></span> <span class='ocrx_word' id='word_1_467' title='bbox 3260 1386 3520 1444; x_wconf 86' lang='lat' dir='ltr'><strong>adversus</strong></span> <span class='ocrx_word' id='word_1_468' title='bbox 3550 1391 3659 1445; x_wconf 75' lang='lat' dir='ltr'><strong>lle-</strong></span> 
     </span>
    </p>
   </div>
   <div class='ocr_carea' id='block_1_58' title="bbox 2086 1460 3657 1546">
    <p class='ocr_par' dir='ltr' id='par_1_58' title="bbox 2086 1460 3657 1546">
     <span class='ocr_line' id='line_1_58' title="bbox 2086 1460 3657 1546; baseline 0.017 -33"><span class='ocrx_word' id='word_1_469' title='bbox 2086 1460 2377 1534; x_wconf 83' lang='lat' dir='ltr'><strong>ridianum)</strong></span> <span class='ocrx_word' id='word_1_470' title='bbox 2405 1475 2449 1518; x_wconf 87' lang='lat' dir='ltr'><strong>et</strong></span> <span class='ocrx_word' id='word_1_471' title='bbox 2471 1468 2645 1534; x_wconf 81' lang='lat' dir='ltr'><strong>perdet</strong></span> <span class='ocrx_word' id='word_1_472' title='bbox 2670 1470 2932 1539; x_wconf 77' lang='lat' dir='ltr'><strong>Assyrium</strong></span> <span class='ocrx_word' id='word_1_473' title='bbox 2953 1472 3141 1544; x_wconf 67' lang='grc' dir='ltr'><strong>(δορὴ.</strong></span> <span class='ocrx_word' id='word_1_474' title='bbox 3169 1493 3227 1537; x_wconf 90' lang='grc' dir='ltr'><strong>ιι,</strong></span> <span class='ocrx_word' id='word_1_475' title='bbox 3255 1479 3359 1546; x_wconf 77' lang='grc'><strong>15).</strong></span> <span class='ocrx_word' id='word_1_476' title='bbox 3391 1481 3457 1534; x_wconf 85' lang='lat' dir='ltr'><strong>Et</strong></span> <span class='ocrx_word' id='word_1_477' title='bbox 3483 1483 3612 1538; x_wconf 86' lang='lat' dir='ltr'><strong>illud</strong></span> <span class='ocrx_word' id='word_1_478' title='bbox 3644 1501 3657 1539; x_wconf 91' lang='lat'>:</span> 
     </span>
    </p>
   </div>
   <div class='ocr_carea' id='block_1_59' title="bbox 2086 1550 3659 1642">
    <p class='ocr_par' dir='ltr' id='par_1_59' title="bbox 2086 1550 3659 1642">
     <span class='ocr_line' id='line_1_59' title="bbox 2086 1550 3659 1642; baseline 0.017 -38"><span class='ocrx_word' id='word_1_479' title='bbox 2086 1550 2297 1620; x_wconf 75' lang='lat' dir='ltr'><strong>Niniue,</strong></span> <span class='ocrx_word' id='word_1_480' title='bbox 2322 1560 2674 1613; x_wconf 68' lang='lat' dir='ltr'><strong>exterminium</strong></span> <span class='ocrx_word' id='word_1_481' title='bbox 2697 1564 2804 1616; x_wconf 86' lang='lat' dir='ltr'><strong>sine</strong></span> <span class='ocrx_word' id='word_1_482' title='bbox 2828 1581 2959 1633; x_wconf 89' lang='lat' dir='ltr'><strong>aqua</strong></span> <span class='ocrx_word' id='word_1_483' title='bbox 2980 1568 3030 1619; x_wconf 90' lang='lat' dir='ltr'><strong>in</strong></span> <span class='ocrx_word' id='word_1_484' title='bbox 3057 1569 3313 1623; x_wconf 86' lang='lat' dir='ltr'><strong>desertum</strong></span> <span class='ocrx_word' id='word_1_485' title='bbox 3335 1588 3354 1625; x_wconf 92' lang='lat'><strong><em>:</em></strong></span> <span class='ocrx_word' id='word_1_486' title='bbox 3379 1583 3424 1626; x_wconf 91' lang='lat' dir='ltr'><strong>et</strong></span> <span class='ocrx_word' id='word_1_487' title='bbox 3446 1592 3659 1642; x_wconf 85' lang='lat' dir='ltr'><strong>pascen-</strong></span> 
     </span>
    </p>
   </div>
   <div class='ocr_carea' id='block_1_60' title="bbox 2085 1649 3657 1724">
    <p class='ocr_par' dir='ltr' id='par_1_60' title="bbox 2085 1649 3657 1724">
     <span class='ocr_line' id='line_1_60' title="bbox 2085 1649 3657 1724; baseline 0.016 -26"><span class='ocrx_word' id='word_1_488' title='bbox 2085 1656 2169 1699; x_wconf 89' lang='lat' dir='ltr'><strong>tur</strong></span> <span class='ocrx_word' id='word_1_489' title='bbox 2199 1649 2253 1700; x_wconf 90' lang='lat' dir='ltr'><strong>in</strong></span> <span class='ocrx_word' id='word_1_490' title='bbox 2278 1651 2447 1704; x_wconf 86' lang='lat' dir='ltr'><strong>medio</strong></span> <span class='ocrx_word' id='word_1_491' title='bbox 2473 1656 2584 1723; x_wconf 86' lang='lat' dir='ltr'><strong>ejus</strong></span> <span class='ocrx_word' id='word_1_492' title='bbox 2604 1671 2797 1724; x_wconf 83' lang='lat' dir='ltr'><strong>greges,</strong></span> <span class='ocrx_word' id='word_1_493' title='bbox 2836 1673 3006 1711; x_wconf 84' lang='lat' dir='ltr'><strong>omnes</strong></span> <span class='ocrx_word' id='word_1_494' title='bbox 3031 1661 3200 1716; x_wconf 78' lang='lat' dir='ltr'><strong>bestite</strong></span> <span class='ocrx_word' id='word_1_495' title='bbox 3239 1673 3389 1718; x_wconf 82' lang='lat' dir='ltr'><strong>teme</strong></span> <span class='ocrx_word' id='word_1_496' title='bbox 3419 1677 3464 1719; x_wconf 92' lang='lat' dir='ltr'><strong>et</strong></span> <span class='ocrx_word' id='word_1_497' title='bbox 3487 1685 3657 1722; x_wconf 83' lang='lat' dir='ltr'><strong>came-</strong></span> 
     </span>
    </p>
   </div>
   <div class='ocr_carea' id='block_1_61' title="bbox 2086 1740 3662 1823">
    <p class='ocr_par' dir='ltr' id='par_1_61' title="bbox 2086 1740 3662 1823">
     <span class='ocr_line' id='line_1_61' title="bbox 2086 1740 3662 1823; baseline 0.017 -33"><span class='ocrx_word' id='word_1_498' title='bbox 2086 1740 2239 1792; x_wconf 83' lang='lat' dir='ltr'><strong>leonti</strong></span> <span class='ocrx_word' id='word_1_499' title='bbox 2259 1782 2271 1803; x_wconf 92' lang='lat'><strong>,</strong></span> <span class='ocrx_word' id='word_1_500' title='bbox 2302 1752 2350 1794; x_wconf 89' lang='lat' dir='ltr'><strong>et</strong></span> <span class='ocrx_word' id='word_1_501' title='bbox 2373 1742 2504 1795; x_wconf 85' lang='lat' dir='ltr'><strong>hirci</strong></span> <span class='ocrx_word' id='word_1_502' title='bbox 2526 1746 2578 1798; x_wconf 88' lang='lat' dir='ltr'><strong>in</strong></span> <span class='ocrx_word' id='word_1_503' title='bbox 2619 1748 2939 1815; x_wconf 82' lang='lat' dir='ltr'><strong>laquearibus</strong></span> <span class='ocrx_word' id='word_1_504' title='bbox 2966 1756 3076 1823; x_wconf 86' lang='lat' dir='ltr'><strong>ejus</strong></span> <span class='ocrx_word' id='word_1_505' title='bbox 3110 1755 3384 1822; x_wconf 88' lang='lat' dir='ltr'><strong>cubabunt,</strong></span> <span class='ocrx_word' id='word_1_506' title='bbox 3406 1769 3453 1812; x_wconf 91' lang='lat' dir='ltr'><strong>et</strong></span> <span class='ocrx_word' id='word_1_507' title='bbox 3487 1760 3662 1817; x_wconf 71' lang='lat' dir='ltr'><strong>bestia!</strong></span> 
     </span>
    </p>
   </div>
   <div class='ocr_carea' id='block_1_62' title="bbox 2085 1833 3655 1926">
    <p class='ocr_par' dir='ltr' id='par_1_62' title="bbox 2085 1833 3655 1926">
     <span class='ocr_line' id='line_1_62' title="bbox 2085 1833 3655 1926; baseline 0.019 -45"><span class='ocrx_word' id='word_1_508' title='bbox 2085 1845 2254 1884; x_wconf 80' lang='lat' dir='ltr'><strong>vocem</strong></span> <span class='ocrx_word' id='word_1_509' title='bbox 2283 1833 2475 1888; x_wconf 90' lang='lat' dir='ltr'><strong>dabunt</strong></span> <span class='ocrx_word' id='word_1_510' title='bbox 2513 1839 2565 1889; x_wconf 88' lang='lat' dir='ltr'><strong>in</strong></span> <span class='ocrx_word' id='word_1_511' title='bbox 2605 1841 2755 1907; x_wconf 81' lang='lat' dir='ltr'><strong>fossis</strong></span> <span class='ocrx_word' id='word_1_512' title='bbox 2788 1843 2921 1910; x_wconf 86' lang='lat' dir='ltr'><strong>ejus,</strong></span> <span class='ocrx_word' id='word_1_513' title='bbox 2970 1856 3014 1897; x_wconf 91' lang='lat' dir='ltr'><strong>et</strong></span> <span class='ocrx_word' id='word_1_514' title='bbox 3046 1851 3183 1901; x_wconf 79' lang='lat' dir='ltr'><strong>corvi</strong></span> <span class='ocrx_word' id='word_1_515' title='bbox 3229 1851 3281 1901; x_wconf 88' lang='lat' dir='ltr'><strong>in</strong></span> <span class='ocrx_word' id='word_1_516' title='bbox 3331 1854 3488 1921; x_wconf 86' lang='lat' dir='ltr'><strong>portis</strong></span> <span class='ocrx_word' id='word_1_517' title='bbox 3518 1858 3655 1926; x_wconf 85' lang='lat' dir='ltr'><strong>ejus,</strong></span> 
     </span>
    </p>
   </div>
   <div class='ocr_carea' id='block_1_63' title="bbox 2004 1911 3658 2017">
    <p class='ocr_par' dir='ltr' id='par_1_63' title="bbox 2004 1911 3658 2017">
     <span class='ocr_line' id='line_1_63' title="bbox 2004 1911 3658 2017; baseline 0.019 -46"><span class='ocrx_word' id='word_1_518' title='bbox 2004 1911 2050 1971; x_wconf 87' lang='grc' dir='ltr'><strong>Β</strong></span> <span class='ocrx_word' id='word_1_519' title='bbox 2075 1926 2316 1991; x_wconf 85' lang='lat' dir='ltr'><strong>quoniam</strong></span> <span class='ocrx_word' id='word_1_520' title='bbox 2347 1929 2531 1982; x_wconf 85' lang='lat' dir='ltr'><strong>cedrus</strong></span> <span class='ocrx_word' id='word_1_521' title='bbox 2561 1930 2782 1984; x_wconf 85' lang='lat' dir='ltr'><strong>altitudo</strong></span> <span class='ocrx_word' id='word_1_522' title='bbox 2805 1938 2935 2005; x_wconf 85' lang='lat' dir='ltr'><strong>ejus.</strong></span> <span class='ocrx_word' id='word_1_523' title='bbox 2963 1936 3151 1993; x_wconf 83' lang='lat' dir='ltr'><strong>Civitas</strong></span> <span class='ocrx_word' id='word_1_524' title='bbox 3178 1954 3519 2011; x_wconf 82' lang='lat' dir='ltr'><strong>contemnens,</strong></span> <span class='ocrx_word' id='word_1_525' title='bbox 3538 1911 3658 2017; x_wconf 66' lang='lat' dir='ltr'><strong>qua</strong></span> 
     </span>
    </p>
   </div>
   <div class='ocr_carea' id='block_1_64' title="bbox 2083 2017 3657 2103">
    <p class='ocr_par' dir='ltr' id='par_1_64' title="bbox 2083 2017 3657 2103">
     <span class='ocr_line' id='line_1_64' title="bbox 2083 2017 3657 2103; baseline 0.016 -35"><span class='ocrx_word' id='word_1_526' title='bbox 2083 2017 2275 2070; x_wconf 77' lang='lat' dir='ltr'><strong>habitat</strong></span> <span class='ocrx_word' id='word_1_527' title='bbox 2299 2020 2350 2072; x_wconf 91' lang='lat' dir='ltr'><strong>in</strong></span> <span class='ocrx_word' id='word_1_528' title='bbox 2370 2037 2479 2089; x_wconf 81' lang='lat' dir='ltr'><strong>spe,</strong></span> <span class='ocrx_word' id='word_1_529' title='bbox 2512 2039 2622 2089; x_wconf 78' lang='lat' dir='ltr'><strong>qute</strong></span> <span class='ocrx_word' id='word_1_530' title='bbox 2642 2025 2765 2077; x_wconf 88' lang='lat' dir='ltr'><strong>dicit</strong></span> <span class='ocrx_word' id='word_1_531' title='bbox 2789 2027 2839 2078; x_wconf 88' lang='lat' dir='ltr'><strong>in</strong></span> <span class='ocrx_word' id='word_1_532' title='bbox 2869 2031 3019 2081; x_wconf 87' lang='lat' dir='ltr'><strong>corde</strong></span> <span class='ocrx_word' id='word_1_533' title='bbox 3043 2048 3133 2083; x_wconf 89' lang='lat' dir='ltr'><strong>suo</strong></span> <span class='ocrx_word' id='word_1_534' title='bbox 3159 2049 3176 2085; x_wconf 91' lang='lat'><em>:</em></span> <span class='ocrx_word' id='word_1_535' title='bbox 3198 2032 3309 2103; x_wconf 81' lang='lat' dir='ltr'><strong>Ego</strong></span> <span class='ocrx_word' id='word_1_536' title='bbox 3331 2053 3463 2100; x_wconf 87' lang='lat' dir='ltr'><strong>sum,</strong></span> <span class='ocrx_word' id='word_1_537' title='bbox 3485 2049 3532 2090; x_wconf 87' lang='lat' dir='ltr'><strong>et</strong></span> <span class='ocrx_word' id='word_1_538' title='bbox 3553 2057 3657 2094; x_wconf 89' lang='lat' dir='ltr'><strong>non</strong></span> 
     </span>
    </p>
   </div>
   <div class='ocr_carea' id='block_1_65' title="bbox 2081 2114 3658 2203">
    <p class='ocr_par' dir='ltr' id='par_1_65' title="bbox 2081 2114 3658 2203">
     <span class='ocr_line' id='line_1_65' title="bbox 2081 2114 3658 2203; baseline 0.016 -40"><span class='ocrx_word' id='word_1_539' title='bbox 2081 2120 2155 2163; x_wconf 91' lang='lat' dir='ltr'><strong>est</strong></span> <span class='ocrx_word' id='word_1_540' title='bbox 2183 2121 2296 2182; x_wconf 88' lang='lat' dir='ltr'><strong>post</strong></span> <span class='ocrx_word' id='word_1_541' title='bbox 2324 2130 2402 2167; x_wconf 91' lang='lat' dir='ltr'><strong>me</strong></span> <span class='ocrx_word' id='word_1_542' title='bbox 2429 2114 2614 2184; x_wconf 87' lang='lat' dir='ltr'><strong>(lbid.,</strong></span> <span class='ocrx_word' id='word_1_543' title='bbox 2646 2120 2731 2180; x_wconf 78' lang='lat' dir='ltr'><strong>l5,</strong></span> <span class='ocrx_word' id='word_1_544' title='bbox 2761 2117 2871 2190; x_wconf 75' lang='lat' dir='ltr'><strong>l5).</strong></span> <span class='ocrx_word' id='word_1_545' title='bbox 2901 2123 2965 2176; x_wconf 89' lang='lat' dir='ltr'><strong>Et</strong></span> <span class='ocrx_word' id='word_1_546' title='bbox 2985 2125 3158 2180; x_wconf 85' lang='lat' dir='ltr'><strong>adhuc</strong></span> <span class='ocrx_word' id='word_1_547' title='bbox 3186 2145 3198 2180; x_wconf 86' lang='lat'><strong>:</strong></span> <span class='ocrx_word' id='word_1_548' title='bbox 3229 2129 3492 2194; x_wconf 84' lang='lat' dir='ltr'><strong>Quomodo</strong></span> <span class='ocrx_word' id='word_1_549' title='bbox 3519 2138 3658 2203; x_wconf 80' lang='lat' dir='ltr'><strong>facta</strong></span> 
     </span>
    </p>
   </div>
   <div class='ocr_carea' id='block_1_66' title="bbox 2081 2201 3653 2288">
    <p class='ocr_par' dir='ltr' id='par_1_66' title="bbox 2081 2201 3653 2288">
     <span class='ocr_line' id='line_1_66' title="bbox 2081 2201 3653 2288; baseline 0.017 -37"><span class='ocrx_word' id='word_1_550' title='bbox 2081 2201 2225 2253; x_wconf 87' lang='lat' dir='ltr'><strong>estin</strong></span> <span class='ocrx_word' id='word_1_551' title='bbox 2249 2206 2566 2268; x_wconf 75' lang='lat' dir='ltr'><strong>exterminio,</strong></span> <span class='ocrx_word' id='word_1_552' title='bbox 2594 2224 2784 2274; x_wconf 88' lang='lat' dir='ltr'><strong>pascua</strong></span> <span class='ocrx_word' id='word_1_553' title='bbox 2810 2213 3122 2269; x_wconf 85' lang='lat' dir='ltr'><strong>bestiarum?</strong></span> <span class='ocrx_word' id='word_1_554' title='bbox 3147 2217 3343 2284; x_wconf 82' lang='lat' dir='ltr'><strong>Omnis,</strong></span> <span class='ocrx_word' id='word_1_555' title='bbox 3371 2223 3459 2288; x_wconf 88' lang='lat' dir='ltr'><strong>qui</strong></span> <span class='ocrx_word' id='word_1_556' title='bbox 3485 2235 3653 2279; x_wconf 86' lang='lat' dir='ltr'><strong>trans--</strong></span> 
     </span>
    </p>
   </div>
   <div class='ocr_carea' id='block_1_67' title="bbox 2080 2290 3649 2386">
    <p class='ocr_par' dir='ltr' id='par_1_67' title="bbox 2080 2290 3649 2386">
     <span class='ocr_line' id='line_1_67' title="bbox 2080 2290 3649 2386; baseline 0.018 -45"><span class='ocrx_word' id='word_1_557' title='bbox 2080 2290 2118 2342; x_wconf 89' lang='lat' dir='ltr'><strong>it</strong></span> <span class='ocrx_word' id='word_1_558' title='bbox 2139 2309 2230 2361; x_wconf 90' lang='lat' dir='ltr'><strong>per</strong></span> <span class='ocrx_word' id='word_1_559' title='bbox 2270 2294 2413 2347; x_wconf 90' lang='lat' dir='ltr'><strong>illam</strong></span> <span class='ocrx_word' id='word_1_560' title='bbox 2432 2337 2447 2361; x_wconf 92' lang='lat'><strong>,</strong></span> <span class='ocrx_word' id='word_1_561' title='bbox 2473 2297 2696 2352; x_wconf 85' lang='lat' dir='ltr'><strong>sibilabit</strong></span> <span class='ocrx_word' id='word_1_562' title='bbox 2716 2311 2762 2353; x_wconf 89' lang='lat' dir='ltr'><strong>et</strong></span> <span class='ocrx_word' id='word_1_563' title='bbox 2784 2306 2997 2358; x_wconf 83' lang='lat' dir='ltr'><strong>movebit</strong></span> <span class='ocrx_word' id='word_1_564' title='bbox 3023 2324 3202 2361; x_wconf 89' lang='lat' dir='ltr'><strong>manus</strong></span> <span class='ocrx_word' id='word_1_565' title='bbox 3223 2327 3342 2363; x_wconf 86' lang='lat' dir='ltr'><strong>suas</strong></span> <span class='ocrx_word' id='word_1_566' title='bbox 3368 2311 3499 2382; x_wconf 85' lang='lat' dir='ltr'><strong>(Ib.,</strong></span> <span class='ocrx_word' id='word_1_567' title='bbox 3535 2315 3649 2386; x_wconf 79' lang='lat' dir='ltr'><strong>l5).</strong></span> 
     </span>
    </p>
   </div>
   <div class='ocr_carea' id='block_1_68' title="bbox 2084 2383 3654 2471">
    <p class='ocr_par' dir='ltr' id='par_1_68' title="bbox 2084 2383 3654 2471">
     <span class='ocr_line' id='line_1_68' title="bbox 2084 2383 3654 2471; baseline 0.016 -37"><span class='ocrx_word' id='word_1_568' title='bbox 2084 2383 2128 2434; x_wconf 84' lang='grc' dir='ltr'>Ο</span> <span class='ocrx_word' id='word_1_569' title='bbox 2161 2384 2377 2440; x_wconf 89' lang='lat' dir='ltr'><strong>illustris</strong></span> <span class='ocrx_word' id='word_1_570' title='bbox 2402 2397 2449 2441; x_wconf 88' lang='lat' dir='ltr'><strong>et</strong></span> <span class='ocrx_word' id='word_1_571' title='bbox 2477 2390 2740 2462; x_wconf 85' lang='lat' dir='ltr'><strong>redempta</strong></span> <span class='ocrx_word' id='word_1_572' title='bbox 2777 2395 2953 2450; x_wconf 85' lang='lat' dir='ltr'><strong>civitas</strong></span> <span class='ocrx_word' id='word_1_573' title='bbox 2972 2439 2983 2460; x_wconf 92' lang='lat'><strong>,</strong></span> <span class='ocrx_word' id='word_1_574' title='bbox 3031 2401 3283 2464; x_wconf 87' lang='lat' dir='ltr'><strong>columba,</strong></span> <span class='ocrx_word' id='word_1_575' title='bbox 3319 2419 3432 2471; x_wconf 70' lang='lat' dir='ltr'><strong>qua:</strong></span> <span class='ocrx_word' id='word_1_576' title='bbox 3455 2383 3654 2461; x_wconf 30' lang='lat' dir='ltr'><strong>audio—it</strong></span> 
     </span>
    </p>
   </div>
   <div class='ocr_carea' id='block_1_69' title="bbox 2079 2488 3653 2559">
    <p class='ocr_par' dir='ltr' id='par_1_69' title="bbox 2079 2488 3653 2559">
     <span class='ocr_line' id='line_1_69' title="bbox 2079 2488 3653 2559; baseline 0.017 -32"><span class='ocrx_word' id='word_1_577' title='bbox 2079 2490 2271 2543; x_wconf 82' lang='lat' dir='ltr'><strong>vocem,</strong></span> <span class='ocrx_word' id='word_1_578' title='bbox 2319 2497 2418 2533; x_wconf 89' lang='lat' dir='ltr'><strong>non</strong></span> <span class='ocrx_word' id='word_1_579' title='bbox 2453 2488 2638 2552; x_wconf 79' lang='lat' dir='ltr'><strong>recepit</strong></span> <span class='ocrx_word' id='word_1_580' title='bbox 2683 2489 3028 2559; x_wconf 88' lang='lat' dir='ltr'><strong>disciplinam,</strong></span> <span class='ocrx_word' id='word_1_581' title='bbox 3074 2495 3127 2545; x_wconf 90' lang='lat' dir='ltr'><strong>in</strong></span> <span class='ocrx_word' id='word_1_582' title='bbox 3173 2493 3396 2548; x_wconf 87' lang='lat' dir='ltr'><strong>Domino</strong></span> <span class='ocrx_word' id='word_1_583' title='bbox 3438 2515 3538 2552; x_wconf 88' lang='lat' dir='ltr'><strong>non</strong></span> <span class='ocrx_word' id='word_1_584' title='bbox 3577 2511 3653 2553; x_wconf 81' lang='lat' dir='ltr'><strong>est</strong></span> 
     </span>
    </p>
   </div>
   <div class='ocr_carea' id='block_1_70' title="bbox 2078 2574 3653 2661">
    <p class='ocr_par' dir='ltr' id='par_1_70' title="bbox 2078 2574 3653 2661">
     <span class='ocr_line' id='line_1_70' title="bbox 2078 2574 3653 2661; baseline 0.015 -39"><span class='ocrx_word' id='word_1_585' title='bbox 2078 2574 2306 2639; x_wconf 84' lang='lat' dir='ltr'><strong>conﬁsa,</strong></span> <span class='ocrx_word' id='word_1_586' title='bbox 2370 2585 2415 2627; x_wconf 88' lang='lat' dir='ltr'><strong>et</strong></span> <span class='ocrx_word' id='word_1_587' title='bbox 2474 2579 2542 2630; x_wconf 92' lang='lat' dir='ltr'><strong>ad</strong></span> <span class='ocrx_word' id='word_1_588' title='bbox 2588 2579 2862 2635; x_wconf 87' lang='lat' dir='ltr'><strong>Dominum</strong></span> <span class='ocrx_word' id='word_1_589' title='bbox 2917 2602 3065 2639; x_wconf 84' lang='lat' dir='ltr'><strong>suum</strong></span> <span class='ocrx_word' id='word_1_590' title='bbox 3121 2605 3219 2640; x_wconf 87' lang='lat' dir='ltr'><strong>non</strong></span> <span class='ocrx_word' id='word_1_591' title='bbox 3272 2593 3653 2661; x_wconf 85' lang='lat' dir='ltr'><strong>appropinqua-</strong></span> 
     </span>
    </p>
   </div>
   <div class='ocr_carea' id='block_1_71' title="bbox 2077 2663 3653 2756">
    <p class='ocr_par' dir='ltr' id='par_1_71' title="bbox 2077 2663 3653 2756">
     <span class='ocr_line' id='line_1_71' title="bbox 2077 2663 3653 2756; baseline 0.018 -44"><span class='ocrx_word' id='word_1_592' title='bbox 2077 2663 2166 2714; x_wconf 82' lang='lat' dir='ltr'><strong>vit.</strong></span> <span class='ocrx_word' id='word_1_593' title='bbox 2213 2663 2480 2733; x_wconf 85' lang='lat' dir='ltr'><strong>Principes</strong></span> <span class='ocrx_word' id='word_1_594' title='bbox 2527 2672 2639 2740; x_wconf 85' lang='lat' dir='ltr'><strong>ejus</strong></span> <span class='ocrx_word' id='word_1_595' title='bbox 2682 2672 2732 2723; x_wconf 87' lang='lat' dir='ltr'><strong>in</strong></span> <span class='ocrx_word' id='word_1_596' title='bbox 2775 2691 2856 2734; x_wconf 88' lang='lat' dir='ltr'><strong>ea,</strong></span> <span class='ocrx_word' id='word_1_597' title='bbox 2903 2685 2956 2728; x_wconf 92' lang='lat' dir='ltr'><strong>ut</strong></span> <span class='ocrx_word' id='word_1_598' title='bbox 3005 2679 3172 2733; x_wconf 85' lang='lat' dir='ltr'><strong>leones</strong></span> <span class='ocrx_word' id='word_1_599' title='bbox 3217 2684 3515 2750; x_wconf 80' lang='lat' dir='ltr'><strong>frementes;</strong></span> <span class='ocrx_word' id='word_1_600' title='bbox 3553 2690 3653 2756; x_wconf 87' lang='lat' dir='ltr'><strong>ju-</strong></span> 
     </span>
    </p>
   </div>
   <div class='ocr_carea' id='block_1_72' title="bbox 2077 2752 3649 2840">
    <p class='ocr_par' dir='ltr' id='par_1_72' title="bbox 2077 2752 3649 2840">
     <span class='ocr_line' id='line_1_72' title="bbox 2077 2752 3649 2840; baseline 0.017 -36"><span class='ocrx_word' id='word_1_601' title='bbox 2077 2752 2213 2807; x_wconf 86' lang='lat' dir='ltr'><strong>dices</strong></span> <span class='ocrx_word' id='word_1_602' title='bbox 2266 2758 2411 2826; x_wconf 83' lang='lat' dir='ltr'><strong>ejus,</strong></span> <span class='ocrx_word' id='word_1_603' title='bbox 2479 2770 2532 2811; x_wconf 91' lang='lat' dir='ltr'><strong>ut</strong></span> <span class='ocrx_word' id='word_1_604' title='bbox 2583 2761 2692 2827; x_wconf 88' lang='lat' dir='ltr'><strong>lupi</strong></span> <span class='ocrx_word' id='word_1_605' title='bbox 2744 2762 2982 2829; x_wconf 77' lang='lat' dir='ltr'><strong>Arnbiw,</strong></span> <span class='ocrx_word' id='word_1_606' title='bbox 3047 2786 3147 2822; x_wconf 88' lang='lat' dir='ltr'><strong>non</strong></span> <span class='ocrx_word' id='word_1_607' title='bbox 3207 2752 3649 2840; x_wconf 39' lang='lat' dir='ltr'><strong>relinquentes‘in</strong></span> 
     </span>
    </p>
   </div>
   <div class='ocr_carea' id='block_1_73' title="bbox 2080 2847 3642 2936">
    <p class='ocr_par' dir='ltr' id='par_1_73' title="bbox 2080 2847 3642 2936">
     <span class='ocr_line' id='line_1_73' title="bbox 2080 2847 3642 2936; baseline 0.017 -41"><span class='ocrx_word' id='word_1_608' title='bbox 2080 2863 2240 2900; x_wconf 86' lang='lat' dir='ltr'><strong>mane.</strong></span> <span class='ocrx_word' id='word_1_609' title='bbox 2275 2847 2548 2916; x_wconf 75' lang='lat' dir='ltr'><strong>Prop/tela:</strong></span> <span class='ocrx_word' id='word_1_610' title='bbox 2571 2855 2698 2920; x_wconf 88' lang='lat' dir='ltr'><strong>ejus,</strong></span> <span class='ocrx_word' id='word_1_611' title='bbox 2733 2857 2919 2922; x_wconf 83' lang='lat' dir='ltr'><strong>spiritu</strong></span> <span class='ocrx_word' id='word_1_612' title='bbox 2945 2859 3082 2926; x_wconf 89' lang='lat' dir='ltr'><strong>elati,</strong></span> <span class='ocrx_word' id='word_1_613' title='bbox 3115 2864 3210 2914; x_wconf 74' lang='lat' dir='ltr'><strong>viri</strong></span> <span class='ocrx_word' id='word_1_614' title='bbox 3251 2876 3642 2936; x_wconf 80' lang='lat' dir='ltr'><strong>contemptores.</strong></span> 
     </span>
    </p>
   </div>
   <div class='ocr_carea' id='block_1_74' title="bbox 2079 2937 3646 3017">
    <p class='ocr_par' dir='ltr' id='par_1_74' title="bbox 2079 2937 3646 3017">
     <span class='ocr_line' id='line_1_74' title="bbox 2079 2937 3646 3017; baseline 0.016 -27"><span class='ocrx_word' id='word_1_615' title='bbox 2079 2937 2381 2994; x_wconf 86' lang='lat' dir='ltr'><strong>Sacerdotes</strong></span> <span class='ocrx_word' id='word_1_616' title='bbox 2427 2948 2538 3014; x_wconf 85' lang='lat' dir='ltr'><strong>ejus</strong></span> <span class='ocrx_word' id='word_1_617' title='bbox 2578 2948 2884 3015; x_wconf 84' lang='lat' dir='ltr'><strong>praphetant</strong></span> <span class='ocrx_word' id='word_1_618' title='bbox 2926 2968 3102 3017; x_wconf 83' lang='lat' dir='ltr'><strong>sacra,</strong></span> <span class='ocrx_word' id='word_1_619' title='bbox 3148 2965 3193 3007; x_wconf 87' lang='lat' dir='ltr'><strong>et</strong></span> <span class='ocrx_word' id='word_1_620' title='bbox 3226 2964 3250 2991; x_wconf 73' lang='grc'><strong><em>⁸</em></strong></span> <span class='ocrx_word' id='word_1_621' title='bbox 3294 2959 3646 3015; x_wconf 80' lang='lat' dir='ltr'><strong>conscelerant</strong></span> 
     </span>
    </p>
   </div>
   <div class='ocr_carea' id='block_1_75' title="bbox 2077 3034 3647 3123">
    <p class='ocr_par' dir='ltr' id='par_1_75' title="bbox 2077 3034 3647 3123">
     <span class='ocr_line' id='line_1_75' title="bbox 2077 3034 3647 3123; baseline 0.015 -40"><span class='ocrx_word' id='word_1_622' title='bbox 2077 3034 2273 3101; x_wconf 88' lang='lat' dir='ltr'><strong>legem;</strong></span> <span class='ocrx_word' id='word_1_623' title='bbox 2305 3035 2550 3090; x_wconf 89' lang='lat' dir='ltr'><strong>Dominus</strong></span> <span class='ocrx_word' id='word_1_624' title='bbox 2581 3051 2745 3093; x_wconf 87' lang='lat' dir='ltr'><strong>autem</strong></span> <span class='ocrx_word' id='word_1_625' title='bbox 2760 3047 2956 3113; x_wconf 85' lang='lat' dir='ltr'><strong>justus,</strong></span> <span class='ocrx_word' id='word_1_626' title='bbox 2995 3046 3044 3097; x_wconf 87' lang='lat' dir='ltr'><strong>in</strong></span> <span class='ocrx_word' id='word_1_627' title='bbox 3076 3050 3263 3115; x_wconf 88' lang='lat' dir='ltr'><strong>templo</strong></span> <span class='ocrx_word' id='word_1_628' title='bbox 3293 3055 3403 3122; x_wconf 85' lang='lat' dir='ltr'><strong>ejus</strong></span> <span class='ocrx_word' id='word_1_629' title='bbox 3433 3069 3532 3105; x_wconf 90' lang='lat' dir='ltr'><strong>non</strong></span> <span class='ocrx_word' id='word_1_630' title='bbox 3564 3056 3647 3123; x_wconf 75' lang='lat' dir='ltr'><strong>fa-</strong></span> 
     </span>
    </p>
   </div>
   <div class='ocr_carea' id='block_1_76' title="bbox 2076 3127 3646 3212">
    <p class='ocr_par' dir='ltr' id='par_1_76' title="bbox 2076 3127 3646 3212">
     <span class='ocr_line' id='line_1_76' title="bbox 2076 3127 3646 3212; baseline 0.013 -34"><span class='ocrx_word' id='word_1_631' title='bbox 2076 3127 2168 3178; x_wconf 87' lang='lat' dir='ltr'><strong>ciet</strong></span> <span class='ocrx_word' id='word_1_632' title='bbox 2214 3130 2462 3198; x_wconf 77' lang='lat' dir='ltr'><strong>injustum</strong></span> <span class='ocrx_word' id='word_1_633' title='bbox 2492 3130 2682 3200; x_wconf 80' lang='lat' dir='ltr'><strong>(Sapit.</strong></span> <span class='ocrx_word' id='word_1_634' title='bbox 2709 3150 2785 3195; x_wconf 86' lang='lat' dir='ltr'><strong>Ill,</strong></span> <span class='ocrx_word' id='word_1_635' title='bbox 2821 3137 2952 3203; x_wconf 72' lang='lat'><strong>1.5).</strong></span> <span class='ocrx_word' id='word_1_636' title='bbox 2991 3137 3250 3208; x_wconf 67' lang='lat' dir='ltr'><strong>.Egyptus</strong></span> <span class='ocrx_word' id='word_1_637' title='bbox 3293 3141 3419 3195; x_wconf 88' lang='lat' dir='ltr'><strong>item</strong></span> <span class='ocrx_word' id='word_1_638' title='bbox 3460 3144 3646 3212; x_wconf 79' lang='lat' dir='ltr'><strong>bipar-</strong></span> 
     </span>
    </p>
   </div>
   <div class='ocr_carea' id='block_1_77' title="bbox 2078 3218 3644 3299">
    <p class='ocr_par' dir='ltr' id='par_1_77' title="bbox 2078 3218 3644 3299">
     <span class='ocr_line' id='line_1_77' title="bbox 2078 3218 3644 3299; baseline 0.012 -31"><span class='ocrx_word' id='word_1_639' title='bbox 2078 3218 2171 3269; x_wconf 87' lang='lat' dir='ltr'><strong>tita</strong></span> <span class='ocrx_word' id='word_1_640' title='bbox 2215 3231 2314 3271; x_wconf 85' lang='lat' dir='ltr'><strong>est.</strong></span> <span class='ocrx_word' id='word_1_641' title='bbox 2362 3218 2516 3286; x_wconf 84' lang='lat' dir='ltr'><strong>Ecce,</strong></span> <span class='ocrx_word' id='word_1_642' title='bbox 2562 3223 2751 3291; x_wconf 84' lang='lat' dir='ltr'><strong>inquit,</strong></span> <span class='ocrx_word' id='word_1_643' title='bbox 2798 3225 3044 3282; x_wconf 87' lang='lat' dir='ltr'><strong>Dominus</strong></span> <span class='ocrx_word' id='word_1_644' title='bbox 3085 3231 3218 3282; x_wconf 72' lang='lat' dir='ltr'><strong>sedet</strong></span> <span class='ocrx_word' id='word_1_645' title='bbox 3266 3247 3416 3299; x_wconf 84' lang='lat' dir='ltr'><strong>super</strong></span> <span class='ocrx_word' id='word_1_646' title='bbox 3461 3235 3644 3287; x_wconf 85' lang='lat' dir='ltr'><strong>nubent</strong></span> 
     </span>
    </p>
   </div>
   <div class='ocr_carea' id='block_1_78' title="bbox 2073 3308 3640 3396">
    <p class='ocr_par' dir='ltr' id='par_1_78' title="bbox 2073 3308 3640 3396">
     <span class='ocr_line' id='line_1_78' title="bbox 2073 3308 3640 3396; baseline 0.015 -38"><span class='ocrx_word' id='word_1_647' title='bbox 2073 3308 2248 3372; x_wconf 74' lang='lat' dir='ltr'><strong>levem,</strong></span> <span class='ocrx_word' id='word_1_648' title='bbox 2278 3320 2324 3363; x_wconf 86' lang='lat' dir='ltr'><strong>et</strong></span> <span class='ocrx_word' id='word_1_649' title='bbox 2359 3314 2491 3365; x_wconf 75' lang='lat' dir='ltr'><strong>venit</strong></span> <span class='ocrx_word' id='word_1_650' title='bbox 2516 3317 2572 3366; x_wconf 86' lang='lat' dir='ltr'><strong>in</strong></span> <span class='ocrx_word' id='word_1_651' title='bbox 2617 3313 2892 3385; x_wconf 65' lang='lat' dir='ltr'><strong>Egyptian</strong></span> <span class='ocrx_word' id='word_1_652' title='bbox 2934 3320 3064 3390; x_wconf 88' lang='lat' dir='ltr'><strong>(lsa.</strong></span> <span class='ocrx_word' id='word_1_653' title='bbox 3101 3338 3209 3387; x_wconf 72' lang='grc' dir='ltr'>χιιι,</span> <span class='ocrx_word' id='word_1_654' title='bbox 3241 3325 3376 3390; x_wconf 76' lang='grc' dir='ltr'><strong>Ι,5).</strong></span> <span class='ocrx_word' id='word_1_655' title='bbox 3417 3324 3640 3396; x_wconf 68' lang='grc' dir='ltr'>[ΝιιΙιθε,</span> 
     </span>
    </p>
   </div>
   <div class='ocr_carea' id='block_1_79' title="bbox 2072 3406 3640 3478">
    <p class='ocr_par' dir='ltr' id='par_1_79' title="bbox 2072 3406 3640 3478">
     <span class='ocr_line' id='line_1_79' title="bbox 2072 3406 3640 3478; baseline 0.011 -24"><span class='ocrx_word' id='word_1_656' title='bbox 2072 3417 2266 3470; x_wconf 85' lang='lat' dir='ltr'><strong>corpus</strong></span> <span class='ocrx_word' id='word_1_657' title='bbox 2291 3415 2370 3457; x_wconf 84' lang='lat' dir='ltr'><strong>cst</strong></span> <span class='ocrx_word' id='word_1_658' title='bbox 2400 3406 2679 3473; x_wconf 82' lang='lat' dir='ltr'><strong>spirituale</strong></span> <span class='ocrx_word' id='word_1_659' title='bbox 2703 3419 2821 3475; x_wconf 89' lang='lat' dir='ltr'><strong>post</strong></span> <span class='ocrx_word' id='word_1_660' title='bbox 2849 3411 3202 3478; x_wconf 80' lang='lat' dir='ltr'><strong>Baptismum,</strong></span> <span class='ocrx_word' id='word_1_661' title='bbox 3226 3425 3279 3468; x_wconf 86' lang='lat' dir='ltr'><strong>et</strong></span> <span class='ocrx_word' id='word_1_662' title='bbox 3300 3415 3519 3469; x_wconf 79' lang='lat' dir='ltr'><strong>claritas</strong></span> <span class='ocrx_word' id='word_1_663' title='bbox 3541 3417 3640 3472; x_wconf 85' lang='lat' dir='ltr'><strong>lilii</strong></span> 
     </span>
    </p>
   </div>
   <div class='ocr_carea' id='block_1_80' title="bbox 2072 3493 3642 3575">
    <p class='ocr_par' dir='ltr' id='par_1_80' title="bbox 2072 3493 3642 3575">
     <span class='ocr_line' id='line_1_80' title="bbox 2072 3493 3642 3575; baseline 0.012 -30"><span class='ocrx_word' id='word_1_664' title='bbox 2072 3493 2325 3548; x_wconf 84' lang='lat' dir='ltr'><strong>hominis.</strong></span> <span class='ocrx_word' id='word_1_665' title='bbox 2357 3498 2564 3549; x_wconf 89' lang='lat' dir='ltr'><strong>Primus</strong></span> <span class='ocrx_word' id='word_1_666' title='bbox 2596 3510 2677 3551; x_wconf 89' lang='lat' dir='ltr'><strong>est</strong></span> <span class='ocrx_word' id='word_1_667' title='bbox 2717 3505 2858 3553; x_wconf 89' lang='lat' dir='ltr'><strong>enim</strong></span> <span class='ocrx_word' id='word_1_668' title='bbox 2890 3503 3155 3556; x_wconf 80' lang='lat' dir='ltr'><strong>adventus</strong></span> <span class='ocrx_word' id='word_1_669' title='bbox 3196 3506 3403 3559; x_wconf 89' lang='lat' dir='ltr'><strong>Domini</strong></span> <span class='ocrx_word' id='word_1_670' title='bbox 3438 3508 3642 3575; x_wconf 79' lang='lat' dir='ltr'><strong>jugiter</strong></span> 
     </span>
    </p>
   </div>
   <div class='ocr_carea' id='block_1_81' title="bbox 2070 3589 3640 3656">
    <p class='ocr_par' dir='ltr' id='par_1_81' title="bbox 2070 3589 3640 3656">
     <span class='ocr_line' id='line_1_81' title="bbox 2070 3589 3640 3656; baseline 0.01 -18"><span class='ocrx_word' id='word_1_671' title='bbox 2070 3599 2295 3652; x_wconf 83' lang='lat' dir='ltr'><strong>corpore</strong></span> <span class='ocrx_word' id='word_1_672' title='bbox 2336 3603 2433 3639; x_wconf 84' lang='lat' dir='ltr'><strong>suo</strong></span> <span class='ocrx_word' id='word_1_673' title='bbox 2463 3589 2729 3641; x_wconf 82' lang='lat' dir='ltr'><strong>venientis</strong></span> <span class='ocrx_word' id='word_1_674' title='bbox 2753 3631 2766 3652; x_wconf 89' lang='lat'><strong>,</strong></span> <span class='ocrx_word' id='word_1_675' title='bbox 2810 3603 2949 3645; x_wconf 81' lang='lat' dir='ltr'><strong>SiCUl</strong></span> <span class='ocrx_word' id='word_1_676' title='bbox 2980 3593 3110 3646; x_wconf 89' lang='lat' dir='ltr'><strong>dicit</strong></span> <span class='ocrx_word' id='word_1_677' title='bbox 3136 3611 3148 3645; x_wconf 91' lang='lat'><strong>:</strong></span> <span class='ocrx_word' id='word_1_678' title='bbox 3173 3595 3369 3649; x_wconf 82' lang='lat' dir='ltr'><strong>Amodo</strong></span> <span class='ocrx_word' id='word_1_679' title='bbox 3403 3599 3640 3656; x_wconf 78' lang='lat' dir='ltr'><strong>videbitis</strong></span> 
     </span>
    </p>
   </div>
   <div class='ocr_carea' id='block_1_82' title="bbox 2069 3679 3643 3757">
    <p class='ocr_par' dir='ltr' id='par_1_82' title="bbox 2069 3679 3643 3757">
     <span class='ocr_line' id='line_1_82' title="bbox 2069 3679 3643 3757; baseline 0.01 -27"><span class='ocrx_word' id='word_1_680' title='bbox 2069 3679 2340 3730; x_wconf 81' lang='lat' dir='ltr'><strong>venientem</strong></span> <span class='ocrx_word' id='word_1_681' title='bbox 2369 3682 2418 3731; x_wconf 87' lang='lat' dir='ltr'><strong>in</strong></span> <span class='ocrx_word' id='word_1_682' title='bbox 2449 3681 2659 3732; x_wconf 88' lang='lat' dir='ltr'><strong>nubibus</strong></span> <span class='ocrx_word' id='word_1_683' title='bbox 2686 3681 2820 3752; x_wconf 70' lang='lat' dir='ltr'><strong>coeli]</strong></span> <span class='ocrx_word' id='word_1_684' title='bbox 2843 3693 2888 3734; x_wconf 93' lang='lat' dir='ltr'><strong>et</strong></span> <span class='ocrx_word' id='word_1_685' title='bbox 2915 3687 3316 3739; x_wconf 81' lang='lat' dir='ltr'><strong>contminuentur</strong></span> <span class='ocrx_word' id='word_1_686' title='bbox 3343 3691 3643 3757; x_wconf 76' lang='lat' dir='ltr'><strong>manufacta</strong></span> 
     </span>
    </p>
   </div>
   <div class='ocr_carea' id='block_1_83' title="bbox 2070 3769 3638 3841">
    <p class='ocr_par' dir='ltr' id='par_1_83' title="bbox 2070 3769 3638 3841">
     <span class='ocr_line' id='line_1_83' title="bbox 2070 3769 3638 3841; baseline 0.008 -21"><span class='ocrx_word' id='word_1_687' title='bbox 2070 3769 2288 3839; x_wconf 47' lang='lat' dir='ltr'><strong>{Egypti</strong></span> <span class='ocrx_word' id='word_1_688' title='bbox 2323 3787 2352 3821; x_wconf 91' lang='lat' dir='ltr'><strong>a</strong></span> <span class='ocrx_word' id='word_1_689' title='bbox 2386 3773 2518 3837; x_wconf 76' lang='lat' dir='ltr'><strong>facie</strong></span> <span class='ocrx_word' id='word_1_690' title='bbox 2560 3773 2720 3835; x_wconf 88' lang='lat' dir='ltr'><strong>illius,</strong></span> <span class='ocrx_word' id='word_1_691' title='bbox 2753 3784 2800 3824; x_wconf 82' lang='lat' dir='ltr'><strong>et</strong></span> <span class='ocrx_word' id='word_1_692' title='bbox 2828 3789 2916 3824; x_wconf 92' lang='lat' dir='ltr'><strong>cor</strong></span> <span class='ocrx_word' id='word_1_693' title='bbox 2945 3776 3172 3841; x_wconf 78' lang='lat' dir='ltr'><strong>ipsorum</strong></span> <span class='ocrx_word' id='word_1_694' title='bbox 3223 3779 3556 3833; x_wconf 83' lang='lat' dir='ltr'><strong>minorabitur</strong></span> <span class='ocrx_word' id='word_1_695' title='bbox 3584 3786 3638 3836; x_wconf 80' lang='lat' dir='ltr'><strong>in</strong></span> 
     </span>
    </p>
   </div>
   <div class='ocr_carea' id='block_1_84' title="bbox 2066 3861 3638 3940">
    <p class='ocr_par' dir='ltr' id='par_1_84' title="bbox 2066 3861 3638 3940">
     <span class='ocr_line' id='line_1_84' title="bbox 2066 3861 3638 3940; baseline 0.007 -27"><span class='ocrx_word' id='word_1_696' title='bbox 2066 3862 2190 3923; x_wconf 87' lang='lat' dir='ltr'><strong>illis,</strong></span> <span class='ocrx_word' id='word_1_697' title='bbox 2217 3871 2262 3913; x_wconf 90' lang='lat' dir='ltr'><strong>et</strong></span> <span class='ocrx_word' id='word_1_698' title='bbox 2283 3872 2555 3932; x_wconf 78' lang='lat' dir='ltr'><strong>exsurgent</strong></span> <span class='ocrx_word' id='word_1_699' title='bbox 2588 3861 2824 3932; x_wconf 69' lang='lat' dir='ltr'><strong>Egyptii</strong></span> <span class='ocrx_word' id='word_1_700' title='bbox 2844 3882 2992 3934; x_wconf 81' lang='lat' dir='ltr'><strong>super</strong></span> <span class='ocrx_word' id='word_1_701' title='bbox 3013 3866 3311 3937; x_wconf 58' lang='lat' dir='ltr'><strong>Aigyptios.</strong></span> <span class='ocrx_word' id='word_1_702' title='bbox 3331 3880 3381 3924; x_wconf 87' lang='lat' dir='ltr'><strong>et</strong></span> <span class='ocrx_word' id='word_1_703' title='bbox 3402 3870 3426 3906; x_wconf 66' lang='grc' dir='ltr'><strong>ι’</strong></span> <span class='ocrx_word' id='word_1_704' title='bbox 3449 3889 3638 3940; x_wconf 77' lang='lat' dir='ltr'><strong>expur-</strong></span> 
     </span>
    </p>
   </div>
   <div class='ocr_carea' id='block_1_85' title="bbox 2066 3957 3639 4030">
    <p class='ocr_par' dir='ltr' id='par_1_85' title="bbox 2066 3957 3639 4030">
     <span class='ocr_line' id='line_1_85' title="bbox 2066 3957 3639 4030; baseline 0.006 -23"><span class='ocrx_word' id='word_1_705' title='bbox 2066 3957 2200 4026; x_wconf 85' lang='lat' dir='ltr'><strong>gubit</strong></span> <span class='ocrx_word' id='word_1_706' title='bbox 2233 3957 2382 4007; x_wconf 82' lang='lat' dir='ltr'><strong>homo</strong></span> <span class='ocrx_word' id='word_1_707' title='bbox 2405 3960 2619 4024; x_wconf 77' lang='lat' dir='ltr'><strong>fratrem</strong></span> <span class='ocrx_word' id='word_1_708' title='bbox 2643 3974 2789 4009; x_wconf 86' lang='lat' dir='ltr'><strong>suum</strong></span> <span class='ocrx_word' id='word_1_709' title='bbox 2817 3970 2861 4011; x_wconf 90' lang='lat' dir='ltr'><strong>et</strong></span> <span class='ocrx_word' id='word_1_710' title='bbox 2895 3961 3043 4011; x_wconf 87' lang='lat' dir='ltr'><strong>homo</strong></span> <span class='ocrx_word' id='word_1_711' title='bbox 3066 3963 3355 4030; x_wconf 72' lang='lat' dir='ltr'><strong>proximum</strong></span> <span class='ocrx_word' id='word_1_712' title='bbox 3385 3979 3533 4016; x_wconf 87' lang='lat' dir='ltr'><strong>suum</strong></span> <span class='ocrx_word' id='word_1_713' title='bbox 3552 4006 3563 4023; x_wconf 87' lang='lat'><strong>,</strong></span> <span class='ocrx_word' id='word_1_714' title='bbox 3592 3975 3639 4019; x_wconf 86' lang='lat' dir='ltr'><strong>ct</strong></span> 
     </span>
    </p>
   </div>
   <div class='ocr_carea' id='block_1_86' title="bbox 2067 4051 3639 4130">
    <p class='ocr_par' dir='ltr' id='par_1_86' title="bbox 2067 4051 3639 4130">
     <span class='ocr_line' id='line_1_86' title="bbox 2067 4051 3639 4130; baseline 0.009 -31"><span class='ocrx_word' id='word_1_715' title='bbox 2067 4051 2312 4117; x_wconf 86' lang='lat' dir='ltr'><strong>pugnabit</strong></span> <span class='ocrx_word' id='word_1_716' title='bbox 2360 4051 2537 4102; x_wconf 81' lang='lat' dir='ltr'><strong>civitas</strong></span> <span class='ocrx_word' id='word_1_717' title='bbox 2584 4059 2762 4102; x_wconf 86' lang='lat' dir='ltr'><strong>contra</strong></span> <span class='ocrx_word' id='word_1_718' title='bbox 2810 4053 3082 4116; x_wconf 76' lang='lat' dir='ltr'><strong>civitatem,</strong></span> <span class='ocrx_word' id='word_1_719' title='bbox 3135 4068 3179 4108; x_wconf 90' lang='lat' dir='ltr'><strong>et</strong></span> <span class='ocrx_word' id='word_1_720' title='bbox 3229 4070 3464 4128; x_wconf 76' lang='lat' dir='ltr'><strong>exsurget</strong></span> <span class='ocrx_word' id='word_1_721' title='bbox 3512 4075 3639 4130; x_wconf 82' lang='lat' dir='ltr'><strong>gens</strong></span> 
     </span>
    </p>
   </div>
   <div class='ocr_carea' id='block_1_87' title="bbox 2065 4146 3638 4220">
    <p class='ocr_par' dir='ltr' id='par_1_87' title="bbox 2065 4146 3638 4220">
     <span class='ocr_line' id='line_1_87' title="bbox 2065 4146 3638 4220; baseline 0.006 -24"><span class='ocrx_word' id='word_1_722' title='bbox 2065 4161 2215 4211; x_wconf 77' lang='lat' dir='ltr'><strong>super</strong></span> <span class='ocrx_word' id='word_1_723' title='bbox 2245 4158 2442 4211; x_wconf 84' lang='lat' dir='ltr'><strong>gentem</strong></span> <span class='ocrx_word' id='word_1_724' title='bbox 2473 4146 2683 4214; x_wconf 78' lang='lat' dir='ltr'><strong>(Matth.</strong></span> <span class='ocrx_word' id='word_1_725' title='bbox 2713 4162 2854 4210; x_wconf 82' lang='lat' dir='ltr'><strong>xxiv,</strong></span> <span class='ocrx_word' id='word_1_726' title='bbox 2881 4147 2996 4214; x_wconf 76' lang='lat'><strong>30),</strong></span> <span class='ocrx_word' id='word_1_727' title='bbox 3031 4149 3080 4201; x_wconf 92' lang='lat' dir='ltr'><strong>id</strong></span> <span class='ocrx_word' id='word_1_728' title='bbox 3103 4160 3216 4214; x_wconf 87' lang='lat' dir='ltr'><strong>est,</strong></span> <span class='ocrx_word' id='word_1_729' title='bbox 3247 4150 3512 4220; x_wconf 65' lang='lat' dir='ltr'><strong>Egyptus</strong></span> <span class='ocrx_word' id='word_1_730' title='bbox 3545 4156 3638 4205; x_wconf 73' lang='lat' dir='ltr'><strong>su-</strong></span> 
     </span>
    </p>
   </div>
   <div class='ocr_carea' id='block_1_88' title="bbox 2066 4235 3636 4310">
    <p class='ocr_par' dir='ltr' id='par_1_88' title="bbox 2066 4235 3636 4310">
     <span class='ocr_line' id='line_1_88' title="bbox 2066 4235 3636 4310; baseline 0.007 -20"><span class='ocrx_word' id='word_1_731' title='bbox 2066 4252 2159 4306; x_wconf 79' lang='lat' dir='ltr'><strong>per</strong></span> <span class='ocrx_word' id='word_1_732' title='bbox 2191 4235 2505 4307; x_wconf 68' lang='lat' dir='ltr'><strong>Egyptum,</strong></span> <span class='ocrx_word' id='word_1_733' title='bbox 2551 4247 2607 4293; x_wconf 91' lang='lat' dir='ltr'><strong>et</strong></span> <span class='ocrx_word' id='word_1_734' title='bbox 2642 4241 2725 4293; x_wconf 90' lang='lat' dir='ltr'><strong>lex</strong></span> <span class='ocrx_word' id='word_1_735' title='bbox 2756 4255 2919 4308; x_wconf 87' lang='lat' dir='ltr'><strong>supra</strong></span> <span class='ocrx_word' id='word_1_736' title='bbox 2963 4243 3154 4310; x_wconf 85' lang='lat' dir='ltr'><strong>legem,</strong></span> <span class='ocrx_word' id='word_1_737' title='bbox 3197 4258 3389 4298; x_wconf 87' lang='lat' dir='ltr'><strong>sensus</strong></span> <span class='ocrx_word' id='word_1_738' title='bbox 3425 4244 3636 4301; x_wconf 83' lang='lat' dir='ltr'><strong>scilicet</strong></span> 
     </span>
    </p>
   </div>
   <div class='ocr_carea' id='block_1_89' title="bbox 2062 4322 3636 4406">
    <p class='ocr_par' dir='ltr' id='par_1_89' title="bbox 2062 4322 3636 4406">
     <span class='ocr_line' id='line_1_89' title="bbox 2062 4322 3636 4406; baseline 0.008 -24"><span class='ocrx_word' id='word_1_739' title='bbox 2062 4330 2374 4385; x_wconf 68' lang='lat' dir='ltr'><strong>diversitate</strong></span> <span class='ocrx_word' id='word_1_740' title='bbox 2431 4332 2532 4385; x_wconf 85' lang='lat' dir='ltr'><strong>sub</strong></span> <span class='ocrx_word' id='word_1_741' title='bbox 2586 4322 2693 4385; x_wconf 53' lang='lat' dir='ltr'><strong>una’</strong></span> <span class='ocrx_word' id='word_1_742' title='bbox 2738 4333 2854 4401; x_wconf 85' lang='lat' dir='ltr'><strong>lege</strong></span> <span class='ocrx_word' id='word_1_743' title='bbox 2906 4352 2916 4384; x_wconf 91' lang='lat'>:</span> <span class='ocrx_word' id='word_1_744' title='bbox 2978 4335 3038 4386; x_wconf 86' lang='lat' dir='ltr'><strong>Et</strong></span> <span class='ocrx_word' id='word_1_745' title='bbox 3089 4337 3368 4389; x_wconf 86' lang='lat' dir='ltr'><strong>turbabitur</strong></span> <span class='ocrx_word' id='word_1_746' title='bbox 3419 4339 3636 4406; x_wconf 84' lang='lat' dir='ltr'><strong>spiritus</strong></span> 
     </span>
    </p>
   </div>
   <div class='ocr_carea' id='block_1_90' title="bbox 2063 4420 3630 4500">
    <p class='ocr_par' dir='ltr' id='par_1_90' title="bbox 2063 4420 3630 4500">
     <span class='ocr_line' id='line_1_90' title="bbox 2063 4420 3630 4500; baseline 0.009 -29"><span class='ocrx_word' id='word_1_747' title='bbox 2063 4420 2430 4491; x_wconf 62' lang='lat' dir='ltr'><strong>Afgqptiorum</strong></span> <span class='ocrx_word' id='word_1_748' title='bbox 2454 4426 2506 4475; x_wconf 89' lang='lat' dir='ltr'><strong>in</strong></span> <span class='ocrx_word' id='word_1_749' title='bbox 2535 4425 2682 4489; x_wconf 87' lang='lat' dir='ltr'><strong>ipsis,</strong></span> <span class='ocrx_word' id='word_1_750' title='bbox 2704 4435 2753 4477; x_wconf 90' lang='lat' dir='ltr'><strong>et</strong></span> <span class='ocrx_word' id='word_1_751' title='bbox 2773 4428 3099 4493; x_wconf 83' lang='lat' dir='ltr'><strong>cogitationes</strong></span> <span class='ocrx_word' id='word_1_752' title='bbox 3121 4443 3294 4480; x_wconf 84' lang='lat' dir='ltr'><strong>eorum</strong></span> <span class='ocrx_word' id='word_1_753' title='bbox 3312 4429 3630 4500; x_wconf 83' lang='lat' dir='ltr'><strong>dispergam.</strong></span> 
     </span>
    </p>
   </div>
   <div class='ocr_carea' id='block_1_91' title="bbox 2061 4513 3634 4592">
    <p class='ocr_par' dir='ltr' id='par_1_91' title="bbox 2061 4513 3634 4592">
     <span class='ocr_line' id='line_1_91' title="bbox 2061 4513 3634 4592; baseline 0.008 -25"><span class='ocrx_word' id='word_1_754' title='bbox 2061 4513 2128 4567; x_wconf 85' lang='lat' dir='ltr'><strong>Et</strong></span> <span class='ocrx_word' id='word_1_755' title='bbox 2160 4523 2438 4583; x_wconf 83' lang='lat' dir='ltr'><strong>postquam</strong></span> <span class='ocrx_word' id='word_1_756' title='bbox 2469 4531 2609 4570; x_wconf 89' lang='lat' dir='ltr'><strong>nunc</strong></span> <span class='ocrx_word' id='word_1_757' title='bbox 2635 4519 2818 4585; x_wconf 87' lang='lat' dir='ltr'><strong>generi</strong></span> <span class='ocrx_word' id='word_1_758' title='bbox 2851 4521 3109 4586; x_wconf 84' lang='lat' dir='ltr'><strong>speciem.</strong></span> <span class='ocrx_word' id='word_1_759' title='bbox 3147 4537 3285 4573; x_wconf 89' lang='lat' dir='ltr'><strong>nunc</strong></span> <span class='ocrx_word' id='word_1_760' title='bbox 3313 4538 3484 4588; x_wconf 88' lang='lat' dir='ltr'><strong>genus</strong></span> <span class='ocrx_word' id='word_1_761' title='bbox 3512 4540 3634 4592; x_wconf 83' lang='lat' dir='ltr'><strong>spe-</strong></span> 
     </span>
    </p>
   </div>
   <div class='ocr_carea' id='block_1_92' title="bbox 372 4607 3633 4702">
    <p class='ocr_par' dir='ltr' id='par_1_92' title="bbox 372 4607 3633 4702">
     <span class='ocr_line' id='line_1_92' title="bbox 372 4607 3633 4702; baseline 0.004 -24"><span class='ocrx_word' id='word_1_762' title='bbox 372 4625 593 4694; x_wconf 84' lang='lat' dir='ltr'><strong>longum</strong></span> <span class='ocrx_word' id='word_1_763' title='bbox 623 4633 745 4678; x_wconf 86' lang='lat' dir='ltr'><strong>est:</strong></span> <span class='ocrx_word' id='word_1_764' title='bbox 779 4623 912 4677; x_wconf 86' lang='lat' dir='ltr'><strong>satis</strong></span> <span class='ocrx_word' id='word_1_765' title='bbox 948 4623 1076 4690; x_wconf 88' lang='lat' dir='ltr'><strong>erit,</strong></span> <span class='ocrx_word' id='word_1_766' title='bbox 1104 4624 1247 4694; x_wconf 91' lang='lat' dir='ltr'><strong>quod</strong></span> <span class='ocrx_word' id='word_1_767' title='bbox 1286 4626 1467 4692; x_wconf 89' lang='lat' dir='ltr'><strong>specie</strong></span> <span class='ocrx_word' id='word_1_768' title='bbox 1508 4625 1800 4678; x_wconf 86' lang='lat' dir='ltr'><strong>convenire</strong></span> <span class='ocrx_word' id='word_1_769' title='bbox 1846 4641 1951 4677; x_wconf 92' lang='lat' dir='ltr'><strong>non</strong></span> <span class='ocrx_word' id='word_1_770' title='bbox 1983 4643 2034 4702; x_wconf 76' lang='lat' dir='ltr'><strong>D</strong></span> <span class='ocrx_word' id='word_1_771' title='bbox 2058 4607 2158 4660; x_wconf 73' lang='grc' dir='ltr'><strong>εῖθί</strong></span> <span class='ocrx_word' id='word_1_772' title='bbox 2193 4607 2524 4702; x_wconf 60' lang='grc' dir='ltr'><strong>¹¹¹ίξουῖδεεῑν</strong></span> <span class='ocrx_word' id='word_1_773' title='bbox 2559 4609 2780 4679; x_wconf 63' lang='grc' dir='ltr'><strong>θάἕεείίν</strong></span> <span class='ocrx_word' id='word_1_774' title='bbox 2811 4609 3000 4664; x_wconf 57' lang='lat' dir='ltr'><strong>diem“</strong></span> <span class='ocrx_word' id='word_1_775' title='bbox 3030 4627 3042 4663; x_wconf 75' lang='grc'><strong><em>⁵</em></strong></span> <span class='ocrx_word' id='word_1_776' title='bbox 3078 4609 3173 4666; x_wconf 68' lang='grc' dir='ltr'><strong>θέε</strong></span> <span class='ocrx_word' id='word_1_777' title='bbox 3200 4622 3372 4666; x_wconf 63' lang='lat' dir='ltr'><strong>“um”</strong></span> <span class='ocrx_word' id='word_1_778' title='bbox 3407 4615 3496 4666; x_wconf 64' lang='grc' dir='ltr'><strong>ίίίο</strong></span> <span class='ocrx_word' id='word_1_779' title='bbox 3533 4615 3633 4667; x_wconf 61' lang='grc' dir='ltr'><strong>πίε</strong></span> 
     </span>
    </p>
   </div>
   <div class='ocr_carea' id='block_1_93' title="bbox 371 4713 1952 4787">
    <p class='ocr_par' dir='ltr' id='par_1_93' title="bbox 371 4713 1952 4787">
     <span class='ocr_line' id='line_1_93' title="bbox 371 4713 1952 4787; baseline -0.002 -16"><span class='ocrx_word' id='word_1_780' title='bbox 371 4727 558 4787; x_wconf 82' lang='lat' dir='ltr'><strong>p0test</strong></span> <span class='ocrx_word' id='word_1_781' title='bbox 601 4717 804 4772; x_wconf 86' lang='lat' dir='ltr'><strong>dicere.</strong></span> <span class='ocrx_word' id='word_1_782' title='bbox 852 4716 1002 4780; x_wconf 84' lang='lat' dir='ltr'><strong>Erat,</strong></span> <span class='ocrx_word' id='word_1_783' title='bbox 1052 4716 1265 4785; x_wconf 81' lang='lat' dir='ltr'><strong>inquit,</strong></span> <span class='ocrx_word' id='word_1_784' title='bbox 1311 4715 1499 4769; x_wconf 77' lang='lat' dir='ltr'><strong>Ninise</strong></span> <span class='ocrx_word' id='word_1_785' title='bbox 1545 4717 1722 4768; x_wconf 73' lang='lat' dir='ltr'><strong>ciuitas</strong></span> <span class='ocrx_word' id='word_1_786' title='bbox 1765 4713 1952 4785; x_wconf 86' lang='lat' dir='ltr'><strong>magna</strong></span> 
     </span>
    </p>
   </div>
   <div class='ocr_carea' id='block_1_94' title="bbox 373 4805 1951 4878">
    <p class='ocr_par' dir='ltr' id='par_1_94' title="bbox 373 4805 1951 4878">
     <span class='ocr_line' id='line_1_94' title="bbox 373 4805 1951 4878; baseline 0 -17"><span class='ocrx_word' id='word_1_787' title='bbox 373 4806 562 4877; x_wconf 69' lang='lat' dir='ltr'><strong>(Jama</strong></span> <span class='ocrx_word' id='word_1_788' title='bbox 591 4822 673 4872; x_wconf 89' lang='grc' dir='ltr'>ιιι,</span> <span class='ocrx_word' id='word_1_789' title='bbox 703 4808 769 4878; x_wconf 78' lang='grc'><strong>5)·</strong></span> <span class='ocrx_word' id='word_1_790' title='bbox 788 4822 806 4859; x_wconf 86' lang='lat'><strong>:</strong></span> <span class='ocrx_word' id='word_1_791' title='bbox 833 4807 991 4871; x_wconf 89' lang='lat' dir='ltr'><strong>adeo,</strong></span> <span class='ocrx_word' id='word_1_792' title='bbox 1015 4822 1138 4860; x_wconf 83' lang='lat' dir='ltr'><strong>cum</strong></span> <span class='ocrx_word' id='word_1_793' title='bbox 1165 4816 1308 4861; x_wconf 88' lang='lat' dir='ltr'><strong>esset</strong></span> <span class='ocrx_word' id='word_1_794' title='bbox 1338 4806 1559 4859; x_wconf 81' lang='lat' dir='ltr'><strong>adversa</strong></span> <span class='ocrx_word' id='word_1_795' title='bbox 1593 4805 1725 4869; x_wconf 82' lang='lat' dir='ltr'><strong>Deo,</strong></span> <span class='ocrx_word' id='word_1_796' title='bbox 1753 4817 1808 4859; x_wconf 93' lang='lat' dir='ltr'><strong>ut</strong></span> <span class='ocrx_word' id='word_1_797' title='bbox 1836 4823 1951 4861; x_wconf 83' lang='lat' dir='ltr'><strong>me-</strong></span> 
     </span>
    </p>
   </div>
   <div class='ocr_carea' id='block_1_95' title="bbox 371 4897 1947 4968">
    <p class='ocr_par' dir='ltr' id='par_1_95' title="bbox 371 4897 1947 4968">
     <span class='ocr_line' id='line_1_95' title="bbox 371 4897 1947 4968; baseline 0 -16"><span class='ocrx_word' id='word_1_798' title='bbox 371 4899 599 4967; x_wconf 84' lang='lat' dir='ltr'><strong>tropolis</strong></span> <span class='ocrx_word' id='word_1_799' title='bbox 643 4899 1026 4968; x_wconf 80' lang='lat' dir='ltr'><strong>Assyriorum,</strong></span> <span class='ocrx_word' id='word_1_800' title='bbox 1077 4912 1197 4968; x_wconf 68' lang='lat' dir='ltr'><strong>quae</strong></span> <span class='ocrx_word' id='word_1_801' title='bbox 1249 4906 1303 4951; x_wconf 88' lang='lat' dir='ltr'><strong>et</strong></span> <span class='ocrx_word' id='word_1_802' title='bbox 1357 4897 1656 4950; x_wconf 86' lang='lat' dir='ltr'><strong>Samariam</strong></span> <span class='ocrx_word' id='word_1_803' title='bbox 1715 4899 1947 4967; x_wconf 86' lang='lat' dir='ltr'><strong>delevit,</strong></span> 
     </span>
    </p>
   </div>
   <div class='ocr_carea' id='block_1_96' title="bbox 371 4987 1948 5059">
    <p class='ocr_par' dir='ltr' id='par_1_96' title="bbox 371 4987 1948 5059">
     <span class='ocr_line' id='line_1_96' title="bbox 371 4987 1948 5059; baseline 0 -16"><span class='ocrx_word' id='word_1_804' title='bbox 371 4996 428 5043; x_wconf 92' lang='lat' dir='ltr'><strong>et</strong></span> <span class='ocrx_word' id='word_1_805' title='bbox 466 5004 682 5042; x_wconf 91' lang='lat' dir='ltr'><strong>omnem</strong></span> <span class='ocrx_word' id='word_1_806' title='bbox 726 4987 966 5044; x_wconf 67' lang='lat' dir='ltr'><strong>Iudaeam</strong></span> <span class='ocrx_word' id='word_1_807' title='bbox 1015 4987 1242 5059; x_wconf 81' lang='lat' dir='ltr'><strong>semper</strong></span> <span class='ocrx_word' id='word_1_808' title='bbox 1281 4989 1560 5054; x_wconf 86' lang='lat' dir='ltr'><strong>oppressit</strong></span> <span class='ocrx_word' id='word_1_809' title='bbox 1600 5005 1612 5039; x_wconf 87' lang='lat'><strong>:</strong></span> <span class='ocrx_word' id='word_1_810' title='bbox 1645 4989 1737 5042; x_wconf 87' lang='lat' dir='ltr'><strong>sed</strong></span> <span class='ocrx_word' id='word_1_811' title='bbox 1790 4991 1842 5042; x_wconf 91' lang='lat' dir='ltr'><strong>in</strong></span> <span class='ocrx_word' id='word_1_812' title='bbox 1889 4991 1948 5043; x_wconf 83' lang='lat' dir='ltr'><strong>ti-</strong></span> 
     </span>
    </p>
   </div>
   <div class='ocr_carea' id='block_1_97' title="bbox 367 5077 1944 5150">
    <p class='ocr_par' dir='ltr' id='par_1_97' title="bbox 367 5077 1944 5150">
     <span class='ocr_line' id='line_1_97' title="bbox 367 5077 1944 5150; baseline 0.001 -17"><span class='ocrx_word' id='word_1_813' title='bbox 367 5083 500 5148; x_wconf 84' lang='lat' dir='ltr'><strong>gura</strong></span> <span class='ocrx_word' id='word_1_814' title='bbox 552 5080 807 5134; x_wconf 71' lang='lat' dir='ltr'><strong>Ecclesia:</strong></span> <span class='ocrx_word' id='word_1_815' title='bbox 861 5080 1186 5148; x_wconf 76' lang='lat' dir='ltr'><strong>przedicsnte</strong></span> <span class='ocrx_word' id='word_1_816' title='bbox 1225 5077 1383 5143; x_wconf 78' lang='lat' dir='ltr'><strong>Jona,</strong></span> <span class='ocrx_word' id='word_1_817' title='bbox 1440 5080 1492 5132; x_wconf 91' lang='lat' dir='ltr'><strong>id</strong></span> <span class='ocrx_word' id='word_1_818' title='bbox 1544 5089 1654 5144; x_wconf 89' lang='lat' dir='ltr'><strong>est,</strong></span> <span class='ocrx_word' id='word_1_819' title='bbox 1705 5079 1944 5150; x_wconf 82' lang='lat' dir='ltr'><strong>Christo,</strong></span> 
     </span>
    </p>
   </div>
   <div class='ocr_carea' id='block_1_98' title="bbox 370 5171 1942 5228">
    <p class='ocr_par' dir='ltr' id='par_1_98' title="bbox 370 5171 1942 5228">
     <span class='ocr_line' id='line_1_98' title="bbox 370 5171 1942 5228; baseline 0.002 -3"><span class='ocrx_word' id='word_1_820' title='bbox 370 5173 550 5226; x_wconf 90' lang='lat' dir='ltr'><strong>omnis</strong></span> <span class='ocrx_word' id='word_1_821' title='bbox 603 5175 830 5227; x_wconf 90' lang='lat' dir='ltr'><strong>omnino</strong></span> <span class='ocrx_word' id='word_1_822' title='bbox 877 5171 1101 5226; x_wconf 85' lang='lat' dir='ltr'><strong>liberata</strong></span> <span class='ocrx_word' id='word_1_823' title='bbox 1155 5182 1255 5224; x_wconf 79' lang='grc' dir='ltr'>εει.</span> <span class='ocrx_word' id='word_1_824' title='bbox 1322 5171 1521 5224; x_wconf 81' lang='lat' dir='ltr'><strong>Eadem</strong></span> <span class='ocrx_word' id='word_1_825' title='bbox 1576 5173 1768 5228; x_wconf 83' lang='lat' dir='ltr'><strong>Ninive</strong></span> <span class='ocrx_word' id='word_1_826' title='bbox 1825 5192 1942 5228; x_wconf 82' lang='lat' dir='ltr'><strong>om-</strong></span> 
     </span>
    </p>
   </div>
   <div class='ocr_carea' id='block_1_99' title="bbox 369 5261 1942 5333">
    <p class='ocr_par' dir='ltr' id='par_1_99' title="bbox 369 5261 1942 5333">
     <span class='ocr_line' id='line_1_99' title="bbox 369 5261 1942 5333; baseline 0.003 -18"><span class='ocrx_word' id='word_1_827' title='bbox 369 5262 498 5315; x_wconf 83' lang='lat' dir='ltr'><strong>ninu</strong></span> <span class='ocrx_word' id='word_1_828' title='bbox 545 5264 852 5333; x_wconf 86' lang='lat' dir='ltr'><strong>insequenti</strong></span> <span class='ocrx_word' id='word_1_829' title='bbox 891 5262 1164 5329; x_wconf 85' lang='lat' dir='ltr'><strong>Propheta</strong></span> <span class='ocrx_word' id='word_1_830' title='bbox 1211 5261 1443 5328; x_wconf 87' lang='lat' dir='ltr'><strong>peritura</strong></span> <span class='ocrx_word' id='word_1_831' title='bbox 1476 5263 1826 5329; x_wconf 81' lang='lat' dir='ltr'><strong>describitur,</strong></span> <span class='ocrx_word' id='word_1_832' title='bbox 1858 5268 1942 5319; x_wconf 88' lang='lat' dir='ltr'><strong>cui</strong></span> 
     </span>
    </p>
   </div>
   <div class='ocr_carea' id='block_1_100' title="bbox 368 5353 1946 5426">
    <p class='ocr_par' dir='ltr' id='par_1_100' title="bbox 368 5353 1946 5426">
     <span class='ocr_line' id='line_1_100' title="bbox 368 5353 1946 5426; baseline 0.004 -21"><span class='ocrx_word' id='word_1_833' title='bbox 368 5354 671 5423; x_wconf 64' lang='lat' dir='ltr'><strong>prasdicaus</strong></span> <span class='ocrx_word' id='word_1_834' title='bbox 721 5355 1024 5410; x_wconf 87' lang='lat' dir='ltr'><strong>Dominus:</strong></span> <span class='ocrx_word' id='word_1_835' title='bbox 1059 5353 1278 5426; x_wconf 85' lang='lat' dir='ltr'><strong>Signum</strong></span> <span class='ocrx_word' id='word_1_836' title='bbox 1334 5363 1406 5406; x_wconf 89' lang='lat' dir='ltr'><strong>est</strong></span> <span class='ocrx_word' id='word_1_837' title='bbox 1459 5353 1607 5408; x_wconf 72' lang='lat' dir='ltr'><strong>Iona:</strong></span> <span class='ocrx_word' id='word_1_838' title='bbox 1667 5358 1718 5409; x_wconf 90' lang='lat' dir='ltr'><strong>in</strong></span> <span class='ocrx_word' id='word_1_839' title='bbox 1774 5369 1946 5411; x_wconf 88' lang='lat' dir='ltr'><strong>ventre</strong></span> 
     </span>
    </p>
   </div>
   <div class='ocr_carea' id='block_1_101' title="bbox 369 5444 1944 5517">
    <p class='ocr_par' dir='ltr' id='par_1_101' title="bbox 369 5444 1944 5517">
     <span class='ocr_line' id='line_1_101' title="bbox 369 5444 1944 5517; baseline 0.004 -21"><span class='ocrx_word' id='word_1_840' title='bbox 369 5450 464 5497; x_wconf 86' lang='lat' dir='ltr'><strong>ceti</strong></span> <span class='ocrx_word' id='word_1_841' title='bbox 496 5444 724 5516; x_wconf 79' lang='lat' dir='ltr'><strong>(Matth.</strong></span> <span class='ocrx_word' id='word_1_842' title='bbox 757 5463 853 5513; x_wconf 83' lang='lat' dir='ltr'><strong>xu,</strong></span> <span class='ocrx_word' id='word_1_843' title='bbox 885 5447 993 5512; x_wconf 68' lang='lat'><strong>40;</strong></span> <span class='ocrx_word' id='word_1_844' title='bbox 1024 5446 1153 5500; x_wconf 85' lang='lat' dir='ltr'><strong>Luc.</strong></span> <span class='ocrx_word' id='word_1_845' title='bbox 1195 5462 1275 5510; x_wconf 89' lang='lat' dir='ltr'><strong>xI,</strong></span> <span class='ocrx_word' id='word_1_846' title='bbox 1303 5446 1434 5513; x_wconf 72' lang='lat'><strong>50).</strong></span> <span class='ocrx_word' id='word_1_847' title='bbox 1465 5447 1637 5515; x_wconf 81' lang='lat' dir='ltr'><strong>Atque</strong></span> <span class='ocrx_word' id='word_1_848' title='bbox 1667 5459 1722 5500; x_wconf 93' lang='lat' dir='ltr'><strong>ut</strong></span> <span class='ocrx_word' id='word_1_849' title='bbox 1751 5459 1805 5502; x_wconf 89' lang='lat' dir='ltr'><strong>et</strong></span> <span class='ocrx_word' id='word_1_850' title='bbox 1833 5449 1944 5517; x_wconf 90' lang='lat' dir='ltr'><strong>ipsc</strong></span> 
     </span>
    </p>
   </div>
   <div class='ocr_carea' id='block_1_102' title="bbox 370 5531 1945 5607">
    <p class='ocr_par' dir='ltr' id='par_1_102' title="bbox 370 5531 1945 5607">
     <span class='ocr_line' id='line_1_102' title="bbox 370 5531 1945 5607; baseline 0.003 -20"><span class='ocrx_word' id='word_1_851' title='bbox 370 5531 639 5604; x_wconf 80' lang='lat' dir='ltr'><strong>Propheta</strong></span> <span class='ocrx_word' id='word_1_852' title='bbox 667 5537 934 5602; x_wconf 87' lang='lat' dir='ltr'><strong>ostendit,</strong></span> <span class='ocrx_word' id='word_1_853' title='bbox 967 5553 1075 5592; x_wconf 94' lang='lat' dir='ltr'><strong>non</strong></span> <span class='ocrx_word' id='word_1_854' title='bbox 1106 5552 1229 5592; x_wconf 85' lang='lat' dir='ltr'><strong>esse</strong></span> <span class='ocrx_word' id='word_1_855' title='bbox 1255 5537 1404 5590; x_wconf 80' lang='lat' dir='ltr'><strong>illam</strong></span> <span class='ocrx_word' id='word_1_856' title='bbox 1436 5537 1705 5592; x_wconf 81' lang='lat' dir='ltr'><strong>civitatem</strong></span> <span class='ocrx_word' id='word_1_857' title='bbox 1737 5540 1945 5607; x_wconf 77' lang='lat' dir='ltr'><strong>specia-</strong></span> 
     </span>
    </p>
   </div>
   <div class='ocr_carea' id='block_1_103' title="bbox 369 5627 1940 5700">
    <p class='ocr_par' dir='ltr' id='par_1_103' title="bbox 369 5627 1940 5700">
     <span class='ocr_line' id='line_1_103' title="bbox 369 5627 1940 5700; baseline 0.003 -20"><span class='ocrx_word' id='word_1_858' title='bbox 369 5627 497 5694; x_wconf 85' lang='lat' dir='ltr'><strong>lem,</strong></span> <span class='ocrx_word' id='word_1_859' title='bbox 523 5629 816 5697; x_wconf 86' lang='lat' dir='ltr'><strong>interponit</strong></span> <span class='ocrx_word' id='word_1_860' title='bbox 832 5629 1033 5700; x_wconf 86' lang='lat' dir='ltr'><strong>aliqua,</strong></span> <span class='ocrx_word' id='word_1_861' title='bbox 1057 5645 1177 5700; x_wconf 70' lang='lat' dir='ltr'><strong>quae</strong></span> <span class='ocrx_word' id='word_1_862' title='bbox 1197 5630 1396 5700; x_wconf 84' lang='lat' dir='ltr'><strong>speciei</strong></span> <span class='ocrx_word' id='word_1_863' title='bbox 1415 5630 1634 5686; x_wconf 89' lang='lat' dir='ltr'><strong>modum</strong></span> <span class='ocrx_word' id='word_1_864' title='bbox 1661 5631 1940 5686; x_wconf 86' lang='lat' dir='ltr'><strong>excedant.</strong></span> 
     </span>
    </p>
   </div>
   <div class='ocr_carea' id='block_1_104' title="bbox 445 5809 1396 5883">
    <p class='ocr_par' dir='ltr' id='par_1_104' title="bbox 445 5809 1396 5883">
     <span class='ocr_line' id='line_1_104' title="bbox 445 5809 1396 5883; baseline 0 -18"><span class='ocrx_word' id='word_1_865' title='bbox 445 5815 472 5846; x_wconf 73' lang='grc'><strong><em>⁸</em></strong></span> <span class='ocrx_word' id='word_1_866' title='bbox 512 5809 698 5866; x_wconf 65' lang='lat' dir='ltr'><strong>Grece</strong></span> <span class='ocrx_word' id='word_1_867' title='bbox 730 5809 1010 5883; x_wconf 69' lang='grc' dir='ltr'><strong>βεϐηλοῦσι</strong></span> <span class='ocrx_word' id='word_1_868' title='bbox 1038 5810 1332 5880; x_wconf 70' lang='lat' dir='ltr'><strong>profanant.</strong></span> <span class='ocrx_word' id='word_1_869' title='bbox 1387 5860 1396 5874; x_wconf 42' lang='lat'><strong>_.</strong></span> 
     </span>
    </p>
   </div>
   <div class='ocr_carea' id='block_1_105' title="bbox 2059 4701 3634 4773">
    <p class='ocr_par' dir='ltr' id='par_1_105' title="bbox 2059 4701 3634 4773">
     <span class='ocr_line' id='line_1_105' title="bbox 2059 4701 3634 4773; baseline 0.006 -21"><span class='ocrx_word' id='word_1_870' title='bbox 2059 4702 2218 4753; x_wconf 87' lang='lat' dir='ltr'><strong>altare</strong></span> <span class='ocrx_word' id='word_1_871' title='bbox 2262 4701 2470 4754; x_wconf 87' lang='lat' dir='ltr'><strong>Domini</strong></span> <span class='ocrx_word' id='word_1_872' title='bbox 2514 4704 2567 4754; x_wconf 87' lang='lat' dir='ltr'><strong>in</strong></span> <span class='ocrx_word' id='word_1_873' title='bbox 2611 4705 2817 4772; x_wconf 86' lang='lat' dir='ltr'><strong>regione</strong></span> <span class='ocrx_word' id='word_1_874' title='bbox 2859 4703 3254 4773; x_wconf 58' lang='lat' dir='ltr'><strong>rEgyptiorum,</strong></span> <span class='ocrx_word' id='word_1_875' title='bbox 3294 4715 3342 4758; x_wconf 89' lang='lat' dir='ltr'><strong>et</strong></span> <span class='ocrx_word' id='word_1_876' title='bbox 3378 4705 3514 4758; x_wconf 74' lang='lat' dir='ltr'><strong>tituli</strong></span> <span class='ocrx_word' id='word_1_877' title='bbox 3559 4710 3634 4760; x_wconf 89' lang='lat' dir='ltr'><strong>ad</strong></span> 
     </span>
    </p>
   </div>
   <div class='ocr_carea' id='block_1_106' title="bbox 2060 4795 3630 4870">
    <p class='ocr_par' dir='ltr' id='par_1_106' title="bbox 2060 4795 3630 4870">
     <span class='ocr_line' id='line_1_106' title="bbox 2060 4795 3630 4870; baseline 0.005 -26"><span class='ocrx_word' id='word_1_878' title='bbox 2060 4796 2300 4847; x_wconf 78' lang='lat' dir='ltr'><strong>terminos</strong></span> <span class='ocrx_word' id='word_1_879' title='bbox 2328 4812 2437 4861; x_wconf 76' lang='lat' dir='ltr'><strong>ejus</strong></span> <span class='ocrx_word' id='word_1_880' title='bbox 2469 4795 2707 4848; x_wconf 90' lang='lat' dir='ltr'><strong>Domino.</strong></span> <span class='ocrx_word' id='word_1_881' title='bbox 2735 4795 2849 4847; x_wconf 81' lang='lat' dir='ltr'><strong>Erit</strong></span> <span class='ocrx_word' id='word_1_882' title='bbox 2878 4810 3044 4848; x_wconf 85' lang='lat' dir='ltr'><strong>autem</strong></span> <span class='ocrx_word' id='word_1_883' title='bbox 3077 4799 3125 4848; x_wconf 91' lang='lat' dir='ltr'><strong>in</strong></span> <span class='ocrx_word' id='word_1_884' title='bbox 3157 4800 3359 4870; x_wconf 84' lang='lat' dir='ltr'><strong>signum</strong></span> <span class='ocrx_word' id='word_1_885' title='bbox 3394 4801 3446 4851; x_wconf 88' lang='lat' dir='ltr'><strong>in</strong></span> <span class='ocrx_word' id='word_1_886' title='bbox 3480 4809 3630 4852; x_wconf 72' lang='lat' dir='ltr'><strong>arter-</strong></span> 
     </span>
    </p>
   </div>
   <div class='ocr_carea' id='block_1_107' title="bbox 2057 4883 3624 4957">
    <p class='ocr_par' dir='ltr' id='par_1_107' title="bbox 2057 4883 3624 4957">
     <span class='ocr_line' id='line_1_107' title="bbox 2057 4883 3624 4957; baseline 0.004 -21"><span class='ocrx_word' id='word_1_887' title='bbox 2057 4901 2178 4936; x_wconf 84' lang='lat' dir='ltr'><strong>num</strong></span> <span class='ocrx_word' id='word_1_888' title='bbox 2210 4883 2454 4946; x_wconf 87' lang='lat' dir='ltr'><strong>Domino,</strong></span> <span class='ocrx_word' id='word_1_889' title='bbox 2491 4888 2541 4937; x_wconf 88' lang='lat' dir='ltr'><strong>in</strong></span> <span class='ocrx_word' id='word_1_890' title='bbox 2572 4887 2775 4954; x_wconf 87' lang='lat' dir='ltr'><strong>regione</strong></span> <span class='ocrx_word' id='word_1_891' title='bbox 2807 4885 3175 4955; x_wconf 65' lang='lat' dir='ltr'><strong>(Egyptiorum</strong></span> <span class='ocrx_word' id='word_1_892' title='bbox 3206 4889 3338 4953; x_wconf 91' lang='lat' dir='ltr'><strong>(lsa.</strong></span> <span class='ocrx_word' id='word_1_893' title='bbox 3369 4904 3478 4950; x_wconf 75' lang='lat' dir='ltr'><strong>xu,</strong></span> <span class='ocrx_word' id='word_1_894' title='bbox 3513 4883 3624 4957; x_wconf 84' lang='lat' dir='ltr'><strong>l9).</strong></span> 
     </span>
    </p>
   </div>
   <div class='ocr_carea' id='block_1_108' title="bbox 2055 4975 3624 5048">
    <p class='ocr_par' dir='ltr' id='par_1_108' title="bbox 2055 4975 3624 5048">
     <span class='ocr_line' id='line_1_108' title="bbox 2055 4975 3624 5048; baseline 0.003 -20"><span class='ocrx_word' id='word_1_895' title='bbox 2055 4975 2169 5028; x_wconf 81' lang='lat' dir='ltr'><strong>Non</strong></span> <span class='ocrx_word' id='word_1_896' title='bbox 2199 4976 2334 5028; x_wconf 86' lang='lat' dir='ltr'><strong>dixit</strong></span> <span class='ocrx_word' id='word_1_897' title='bbox 2368 4995 2380 5026; x_wconf 91' lang='lat'>:</span> <span class='ocrx_word' id='word_1_898' title='bbox 2414 4976 2598 5029; x_wconf 89' lang='lat' dir='ltr'><strong>licebit</strong></span> <span class='ocrx_word' id='word_1_899' title='bbox 2625 4991 2743 5029; x_wconf 88' lang='lat' dir='ltr'><strong>esse</strong></span> <span class='ocrx_word' id='word_1_900' title='bbox 2769 4977 2941 5030; x_wconf 85' lang='lat' dir='ltr'><strong>altare</strong></span> <span class='ocrx_word' id='word_1_901' title='bbox 2958 4976 3021 5029; x_wconf 87' lang='lat' dir='ltr'><strong>ad</strong></span> <span class='ocrx_word' id='word_1_902' title='bbox 3048 4978 3304 5030; x_wconf 89' lang='lat' dir='ltr'><strong>terminos</strong></span> <span class='ocrx_word' id='word_1_903' title='bbox 3329 4975 3546 5048; x_wconf 67' lang='lat' dir='ltr'><strong>Egypti</strong></span> <span class='ocrx_word' id='word_1_904' title='bbox 3566 4977 3624 5032; x_wconf 89' lang='lat' dir='ltr'><strong>in</strong></span> 
     </span>
    </p>
   </div>
   <div class='ocr_carea' id='block_1_109' title="bbox 2050 5067 3617 5136">
    <p class='ocr_par' dir='ltr' id='par_1_109' title="bbox 2050 5067 3617 5136">
     <span class='ocr_line' id='line_1_109' title="bbox 2050 5067 3617 5136; baseline 0.001 -16"><span class='ocrx_word' id='word_1_905' title='bbox 2050 5077 2315 5121; x_wconf 55' lang='lat' dir='ltr'><strong>aeternum</strong></span> <span class='ocrx_word' id='word_1_906' title='bbox 2352 5084 2363 5117; x_wconf 90' lang='lat'><strong>:</strong></span> <span class='ocrx_word' id='word_1_907' title='bbox 2396 5067 2518 5130; x_wconf 87' lang='lat' dir='ltr'><strong>sed,</strong></span> <span class='ocrx_word' id='word_1_908' title='bbox 2553 5068 2675 5120; x_wconf 85' lang='lat' dir='ltr'><strong>erit.</strong></span> <span class='ocrx_word' id='word_1_909' title='bbox 2718 5067 2961 5122; x_wconf 78' lang='lat' dir='ltr'><strong>Ezechiel</strong></span> <span class='ocrx_word' id='word_1_910' title='bbox 2990 5083 3116 5121; x_wconf 89' lang='lat' dir='ltr'><strong>vero</strong></span> <span class='ocrx_word' id='word_1_911' title='bbox 3151 5070 3392 5136; x_wconf 86' lang='lat' dir='ltr'><strong>apertius</strong></span> <span class='ocrx_word' id='word_1_912' title='bbox 3433 5081 3617 5123; x_wconf 70' lang='lat' dir='ltr'><strong>Oslen-</strong></span> 
     </span>
    </p>
   </div>
   <div class='ocr_carea' id='block_1_110' title="bbox 2048 5159 3623 5230">
    <p class='ocr_par' dir='ltr' id='par_1_110' title="bbox 2048 5159 3623 5230">
     <span class='ocr_line' id='line_1_110' title="bbox 2048 5159 3623 5230; baseline 0.001 -18"><span class='ocrx_word' id='word_1_913' title='bbox 2048 5160 2125 5212; x_wconf 92' lang='lat' dir='ltr'><strong>dit</strong></span> <span class='ocrx_word' id='word_1_914' title='bbox 2157 5169 2323 5213; x_wconf 82' lang='lat' dir='ltr'><strong>tctum</strong></span> <span class='ocrx_word' id='word_1_915' title='bbox 2353 5160 2607 5213; x_wconf 82' lang='lat' dir='ltr'><strong>mundum</strong></span> <span class='ocrx_word' id='word_1_916' title='bbox 2636 5176 2757 5214; x_wconf 88' lang='lat' dir='ltr'><strong>esse</strong></span> <span class='ocrx_word' id='word_1_917' title='bbox 2799 5159 3109 5230; x_wconf 61' lang='lat' dir='ltr'><strong>Egyptnm,</strong></span> <span class='ocrx_word' id='word_1_918' title='bbox 3147 5162 3333 5216; x_wconf 79' lang='lat' dir='ltr'><strong>dicens</strong></span> <span class='ocrx_word' id='word_1_919' title='bbox 3360 5179 3373 5213; x_wconf 91' lang='lat'>:</span> <span class='ocrx_word' id='word_1_920' title='bbox 3403 5162 3446 5213; x_wconf 90' lang='lat'><em>0</em></span> <span class='ocrx_word' id='word_1_921' title='bbox 3476 5161 3580 5213; x_wconf 85' lang='lat' dir='ltr'><strong>dies</strong></span> <span class='ocrx_word' id='word_1_922' title='bbox 3601 5163 3623 5214; x_wconf 88' lang='lat'><strong>.&#39;</strong></span> 
     </span>
    </p>
   </div>
   <div class='ocr_carea' id='block_1_111' title="bbox 2045 5249 3623 5326">
    <p class='ocr_par' dir='ltr' id='par_1_111' title="bbox 2045 5249 3623 5326">
     <span class='ocr_line' id='line_1_111' title="bbox 2045 5249 3623 5326; baseline 0.001 -19"><span class='ocrx_word' id='word_1_923' title='bbox 2045 5255 2166 5323; x_wconf 87' lang='lat' dir='ltr'><strong>quia</strong></span> <span class='ocrx_word' id='word_1_924' title='bbox 2189 5249 2353 5324; x_wconf 18' lang='lat' dir='ltr'><strong>[prope</strong></span> <span class='ocrx_word' id='word_1_925' title='bbox 2380 5265 2454 5308; x_wconf 88' lang='lat' dir='ltr'><strong>est</strong></span> <span class='ocrx_word' id='word_1_926' title='bbox 2493 5256 2601 5307; x_wconf 87' lang='lat' dir='ltr'><strong>dies</strong></span> <span class='ocrx_word' id='word_1_927' title='bbox 2646 5255 2870 5316; x_wconf 88' lang='lat' dir='ltr'><strong>Domini,</strong></span> <span class='ocrx_word' id='word_1_928' title='bbox 2906 5257 3012 5307; x_wconf 85' lang='lat' dir='ltr'><strong>dies</strong></span> <span class='ocrx_word' id='word_1_929' title='bbox 3039 5257 3207 5320; x_wconf 87' lang='lat' dir='ltr'><strong>nubis,</strong></span> <span class='ocrx_word' id='word_1_930' title='bbox 3241 5258 3356 5322; x_wconf 77' lang='lat' dir='ltr'><strong>ﬁnis</strong></span> <span class='ocrx_word' id='word_1_931' title='bbox 3395 5256 3623 5326; x_wconf 69' lang='lat' dir='ltr'><strong>gentium</strong></span> 
     </span>
    </p>
   </div>
   <div class='ocr_carea' id='block_1_112' title="bbox 2051 5347 3622 5417">
    <p class='ocr_par' dir='ltr' id='par_1_112' title="bbox 2051 5347 3622 5417">
     <span class='ocr_line' id='line_1_112' title="bbox 2051 5347 3622 5417; baseline 0.001 -19"><span class='ocrx_word' id='word_1_932' title='bbox 2051 5349 2144 5398; x_wconf 85' lang='lat' dir='ltr'><strong>erit</strong></span> <span class='ocrx_word' id='word_1_933' title='bbox 2168 5363 2186 5400; x_wconf 91' lang='lat'><strong><em>:</em></strong></span> <span class='ocrx_word' id='word_1_934' title='bbox 2212 5359 2255 5399; x_wconf 88' lang='lat' dir='ltr'><strong>et</strong></span> <span class='ocrx_word' id='word_1_935' title='bbox 2284 5349 2446 5400; x_wconf 81' lang='lat' dir='ltr'><strong>veniet</strong></span> <span class='ocrx_word' id='word_1_936' title='bbox 2466 5348 2670 5417; x_wconf 86' lang='lat' dir='ltr'><strong>gladius</strong></span> <span class='ocrx_word' id='word_1_937' title='bbox 2695 5364 2846 5414; x_wconf 85' lang='lat' dir='ltr'><strong>super</strong></span> <span class='ocrx_word' id='word_1_938' title='bbox 2873 5347 3172 5416; x_wconf 53' lang='lat' dir='ltr'><strong>Egyptian</strong></span> <span class='ocrx_word' id='word_1_939' title='bbox 3205 5348 3264 5400; x_wconf 84' lang='lat' dir='ltr'><strong>Et</strong></span> <span class='ocrx_word' id='word_1_940' title='bbox 3293 5350 3467 5414; x_wconf 80' lang='lat' dir='ltr'><strong>jungit</strong></span> <span class='ocrx_word' id='word_1_941' title='bbox 3496 5363 3622 5412; x_wconf 88' lang='lat' dir='ltr'><strong>spe-</strong></span> 
     </span>
    </p>
   </div>
   <div class='ocr_carea' id='block_1_113' title="bbox 2049 5439 3622 5504">
    <p class='ocr_par' dir='ltr' id='par_1_113' title="bbox 2049 5439 3622 5504">
     <span class='ocr_line' id='line_1_113' title="bbox 2049 5439 3622 5504; baseline -0.003 -12"><span class='ocrx_word' id='word_1_942' title='bbox 2049 5439 2227 5492; x_wconf 88' lang='lat' dir='ltr'><strong>ciem:</strong></span> <span class='ocrx_word' id='word_1_943' title='bbox 2258 5439 2326 5494; x_wconf 85' lang='lat' dir='ltr'><strong>Et</strong></span> <span class='ocrx_word' id='word_1_944' title='bbox 2361 5442 2455 5491; x_wconf 88' lang='lat' dir='ltr'><strong>erit</strong></span> <span class='ocrx_word' id='word_1_945' title='bbox 2495 5441 2738 5492; x_wconf 81' lang='lat' dir='ltr'><strong>tumultus</strong></span> <span class='ocrx_word' id='word_1_946' title='bbox 2775 5442 2823 5490; x_wconf 87' lang='lat' dir='ltr'><strong>in</strong></span> <span class='ocrx_word' id='word_1_947' title='bbox 2861 5439 3158 5504; x_wconf 62' lang='lat' dir='ltr'><strong>Ethiopia,</strong></span> <span class='ocrx_word' id='word_1_948' title='bbox 3199 5448 3244 5491; x_wconf 87' lang='lat' dir='ltr'><strong>et</strong></span> <span class='ocrx_word' id='word_1_949' title='bbox 3287 5442 3465 5491; x_wconf 87' lang='lat' dir='ltr'><strong>cadent</strong></span> <span class='ocrx_word' id='word_1_950' title='bbox 3507 5439 3622 5489; x_wconf 75' lang='lat' dir='ltr'><strong>cul-</strong></span> 
     </span>
    </p>
   </div>
   <div class='ocr_carea' id='block_1_114' title="bbox 2050 5527 3619 5601">
    <p class='ocr_par' dir='ltr' id='par_1_114' title="bbox 2050 5527 3619 5601">
     <span class='ocr_line' id='line_1_114' title="bbox 2050 5527 3619 5601; baseline -0.003 -19"><span class='ocrx_word' id='word_1_951' title='bbox 2050 5533 2212 5582; x_wconf 89' lang='lat' dir='ltr'><strong>nerati</strong></span> <span class='ocrx_word' id='word_1_952' title='bbox 2249 5532 2303 5584; x_wconf 89' lang='lat' dir='ltr'><strong>in</strong></span> <span class='ocrx_word' id='word_1_953' title='bbox 2333 5531 2596 5601; x_wconf 57' lang='lat' dir='ltr'><strong>zEggpto,</strong></span> <span class='ocrx_word' id='word_1_954' title='bbox 2629 5540 2676 5583; x_wconf 86' lang='lat' dir='ltr'><strong>et</strong></span> <span class='ocrx_word' id='word_1_955' title='bbox 2716 5529 2896 5583; x_wconf 88' lang='lat' dir='ltr'><strong>cadent</strong></span> <span class='ocrx_word' id='word_1_956' title='bbox 2931 5530 3261 5597; x_wconf 74' lang='lat' dir='ltr'><strong>fundamenta</strong></span> <span class='ocrx_word' id='word_1_957' title='bbox 3298 5531 3405 5597; x_wconf 83' lang='lat' dir='ltr'><strong>ejus</strong></span> <span class='ocrx_word' id='word_1_958' title='bbox 3430 5571 3443 5590; x_wconf 87' lang='lat'><strong>,</strong></span> <span class='ocrx_word' id='word_1_959' title='bbox 3483 5527 3619 5581; x_wconf 77' lang='lat' dir='ltr'><strong>Per-</strong></span> 
     </span>
    </p>
   </div>
   <div class='ocr_carea' id='block_1_115' title="bbox 2050 5620 3624 5691">
    <p class='ocr_par' dir='ltr' id='par_1_115' title="bbox 2050 5620 3624 5691">
     <span class='ocr_line' id='line_1_115' title="bbox 2050 5620 3624 5691; baseline -0.004 -11"><span class='ocrx_word' id='word_1_960' title='bbox 2050 5641 2118 5681; x_wconf 80' lang='lat' dir='ltr'><strong>sa:</strong></span> <span class='ocrx_word' id='word_1_961' title='bbox 2175 5637 2222 5679; x_wconf 86' lang='lat' dir='ltr'><strong>et</strong></span> <span class='ocrx_word' id='word_1_962' title='bbox 2275 5621 2467 5691; x_wconf 87' lang='lat' dir='ltr'><strong>Cretes,</strong></span> <span class='ocrx_word' id='word_1_963' title='bbox 2522 5634 2570 5678; x_wconf 91' lang='lat' dir='ltr'><strong>et</strong></span> <span class='ocrx_word' id='word_1_964' title='bbox 2624 5622 2791 5690; x_wconf 81' lang='lat' dir='ltr'><strong>Lydi,</strong></span> <span class='ocrx_word' id='word_1_965' title='bbox 2846 5632 2892 5675; x_wconf 87' lang='lat' dir='ltr'><strong>et</strong></span> <span class='ocrx_word' id='word_1_966' title='bbox 2943 5637 3112 5675; x_wconf 90' lang='lat' dir='ltr'><strong>omnes</strong></span> <span class='ocrx_word' id='word_1_967' title='bbox 3164 5620 3518 5684; x_wconf 69' lang='lat' dir='ltr'><strong>commaticii,</strong></span> <span class='ocrx_word' id='word_1_968' title='bbox 3569 5630 3624 5674; x_wconf 85' lang='lat' dir='ltr'><strong>et</strong></span> 
     </span>
    </p>
   </div>
   <div class='ocr_carea' id='block_1_116' title="bbox 2120 5803 2671 5876">
    <p class='ocr_par' dir='ltr' id='par_1_116' title="bbox 2120 5803 2671 5876">
     <span class='ocr_line' id='line_1_116' title="bbox 2120 5803 2671 5876; baseline 0 -20"><span class='ocrx_word' id='word_1_969' title='bbox 2120 5807 2144 5843; x_wconf 75' lang='grc' dir='ltr'>ιι</span> <span class='ocrx_word' id='word_1_970' title='bbox 2172 5803 2314 5876; x_wconf 81' lang='lat' dir='ltr'><strong>Lege</strong></span> <span class='ocrx_word' id='word_1_971' title='bbox 2341 5803 2671 5876; x_wconf 67' lang='lat' dir='ltr'><strong>expugnabit.</strong></span> 
     </span>
    </p>
   </div>
  </div>
