1914 3184
60 345 96 380 με
111 343 217 371 ιιι(ωωὶ
234 343 297 375 mei,
323 343 408 378 gladio
430 344 520 371 cadent
545 344 572 371 in
594 353 623 371 ea
645 351 704 371 cum
728 344 790 376 ipsis
803 345 830 374 Α

61 390 136 425 (Σαώ.
157 398 205 417 tu.
227 388 298 424 διδ).
328 388 383 416 Hoc
404 394 493 417 autem
521 389 621 417 factum
645 394 705 422 est,
731 396 792 416 cum

61 442 104 471 post
120 435 225 463 excidium
245 434 446 463 descenderent
465 434 493 462 in
513 434 673 470 Egyptum,
698 439 727 462 et
747 441 794 462 oc-

59 483 174 510 tidctculur
190 481 236 508 illic
254 488 269 506 a
292 480 539 508 Nabuchodonosor
559 480 709 508 secundum
731 480 793 507 llie-

61 529 127 556 remis
142 526 362 563 prophetationem.
382 525 441 553 Fiet
459 531 551 554 autem
572 531 599 554 et
617 525 791 561 generaliter,

58 573 169 601 novissimo
187 572 234 605 die,
256 572 367 608 quando
392 579 453 599 cum
477 572 611 608 Egyptiis
638 572 685 599 lilii
709 575 793 599 testa-

58 619 117 647 menti
127 619 265 653 ceciderint,
281 618 469 654 Egyptiomm
486 626 562 646 more
577 619 709 646 viventes.
727 619 793 646 Item

55 671 88 699 pet
99 664 237 692 Etecbielem
252 664 371 692 minatur
384 664 454 693 Deus
468 664 525 699 regi
537 662 727 699 Egyptiorum
740 683 747 695 .
767 666 795 690 et

56 712 96 747 ejus
107 712 258 746 multitudini,
274 712 349 747 quod
361 716 454 740 essent
467 711 605 740 terribiles
621 712 647 738 in
661 715 771 752 sanctos
785 729 792 742 ,

53 757 263 786 iatcrcircumcisos
276 758 398 792 deputati
416 767 424 784 :
438 757 510 792 quod
521 765 575 785 non
587 756 727 789 convenit,
740 755 794 783 nisi

53 802 71 830 in
82 811 118 831 eos
127 823 134 835 ,
145 804 182 839 qui
194 803 239 831 sibi
252 803 460 831 circumcisione
471 823 478 836 ,
495 802 521 830 id
536 799 583 830 'est
593 823 601 836 ,
615 802 700 829 sacris
714 801 776 828 blan
785 813 793 820 ι

51 848 138 877 buntur.
155 850 273 883 Quoniam
293 850 377 885 igitur
391 849 466 877 dedit
479 849 604 877 timorem
620 856 697 875 suum
712 855 794 883 super

53 899 125 921 terrain
141 894 194 922 vita
212 903 218 921 :
236 898 267 922 ut
283 895 417 922 dormiret
437 894 463 921 in
482 894 571 922 medio
593 893 795 921 incircumcisu-

50 945 91 967 ttus
103 939 233 968 rulnerutus
245 940 336 976 gladio
351 933 470 973 Pharao,
491 944 519 968 et
539 939 627 967 omnis
650 939 795 966 multitudo

50 985 90 1019 eius
99 993 149 1013 cum
162 986 214 1021 ipso
225 1007 232 1019 ,
252 986 319 1013 dicit
338 986 478 1013 Dominus.
499 985 534 1012 Et
548 985 604 1013 illic
618 992 633 1012 a
647 991 748 1020 genere
760 984 793 1011 ad

49 1033 136 1066 tpeciem
148 1042 154 1059 :
168 1031 226 1060 Hac
237 1033 299 1060 dicit
313 1032 436 1060 Dominus
449 1041 458 1060 :
470 1031 668 1067 Ctrcumjaciant
681 1036 704 1058 te
714 1039 794 1064 super
808 1026 832 1056 B

48 1083 114 1105 terram
125 1080 262 1114 populorum
276 1081 415 1107 multorum
436 1085 460 1106 et
474 1079 609 1107 extra/mm
628 1082 652 1105 te
672 1079 699 1105 in
718 1078 795 1105 homo

47 1132 93 1156 suo,
110 1129 131 1151 et
148 1126 271 1152 utendam
292 1130 317 1152 te
339 1133 415 1160 super
429 1125 513 1159 campi
533 1125 590 1151 tui:
606 1129 629 1151 et
643 1123 795 1150 constituant

46 1178 97 1204 super
115 1177 134 1198 te
152 1180 232 1198 omnes
249 1180 308 1199 ares
324 1172 392 1204 cteli,
416 1176 439 1198 et
457 1171 577 1198 saturabo
598 1178 684 1197 omnes
704 1169 813 1196 bestias"

46 1217 137 1244 ιιὶιρηε
153 1222 221 1244 terra
234 1225 243 1244 :
262 1222 285 1244 et
299 1217 366 1244 dabo
380 1225 468 1244 carnes
482 1222 540 1243 tuas
553 1223 629 1251 super
644 1220 751 1247 montes,
773 1218 796 1241 et

44 1263 131 1290 nouato
143 1264 258 1299 sanguine
277 1268 322 1290 tuo
336 1263 424 1296 colles,
443 1268 465 1290 et
481 1262 607 1298 rigabitur
623 1267 691 1289 terra
702 1260 732 1287 ob
743 1260 795 1294 Itis,

45 1315 83 1341 qia
96 1309 121 1335 de
136 1315 157 1336 te
175 1310 328 1344 procedunt;
348 1318 363 1336 a
382 1309 546 1337 multitudine
565 1313 610 1336 tua
627 1309 655 1335 in
670 1307 797 1335 montibus

43 1361 104 1388 tam
115 1356 215 1391 implebo
227 1358 273 1385 abs
288 1361 325 1389 te,
339 1362 363 1384 et
377 1357 522 1392 cooperiam
532 1356 623 1384 ccelum
633 1363 691 1382 cum
701 1354 798 1382 exstinv

43 1401 138 1433 aleris,“
146 1402 278 1429 obscurabo
289 1407 361 1429 astra
372 1403 439 1438 ejus,
449 1402 528 1429 solem
536 1402 562 1428 in
574 1401 641 1428 nube
650 1403 796 1436 conlegam,

42 1449 57 1469 tt
66 1445 117 1473 tunc
127 1455 171 1473 non
183 1447 274 1474 lucebit
290 1448 379 1474 lumen
392 1448 458 1484 ejus.
476 1446 570 1474 Omnia
583 1454 644 1481 quae.
653 1445 739 1473 lucent
753 1445 796 1472 lu-

43 1491 88 1518 Iiu
96 1492 117 1518 in
127 1494 182 1520 calo
191 1493 407 1526 obscurabuntur,
418 1497 442 1520 et
453 1493 520 1520 dabo
531 1493 648 1520 tenebras
658 1499 735 1527 super
745 1494 798 1517 ter~

41 1544 77 1563 rust
89 1543 159 1571 tuam,
181 1540 242 1567 dicit
268 1539 405 1567 Dominus.
420 1539 512 1575 Juugit
531 1538 650 1573 speciem
665 1546 672 1564 :
687 1536 721 1564 Et
736 1544 799 1564 eaa-

42 1584 116 1617 Wsio
123 1593 162 1611 cor
173 1585 329 1620 populorum
341 1586 480 1612 multorum
491 1593 501 1611 :
514 1592 572 1611 cum
585 1583 680 1610 ducam
691 1582 799 1615 captiui-

40 1633 163 1659 lsuatwn
174 1632 200 1660 in
212 1633 343 1665 notiones,
362 1632 390 1659 in
404 1637 507 1665 terram,
528 1639 605 1666 quam
623 1637 674 1657 non
692 1635 798 1656 noveras

41 1675 117 1706 (Exuit.
128 1685 211 1710 mit,
226 1678 301 1713 4-8).
325 1677 438 1705 Excedit
453 1677 570 1711 speciem
588 1685 596 1703 :
612 1675 646 1702 Et
659 1674 796 1703 contrista-

39 1719 107 1749 ιωη
127 1731 200 1759 super
229 1728 254 1751 te
276 1710 367 1750 multis
391 1722 520 1754 nationes,
543 1726 568 1749 et
594 1730 666 1759 reges
688 1730 795 1754 earum,
810 1710 834 1743 (ἶ

41 1767 103 1792 uestis
114 1768 262 1796 alienatione
274 1768 423 1803 stupebant,
434 1776 491 1794 cum
502 1767 596 1795 volabit
609 1767 712 1803 gladius
726 1775 797 1795 meus

40 1817 92 1844 Πρπ
107 1813 176 1848 [acies
201 1822 306 1846 eorum,
332 1814 360 1841 in
383 1814 467 1841 medio
490 1822 578 1841 eorum
605 1814 654 1840 erit
680 1813 715 1840 ad
743 1814 798 1840 rui-

40 1864 78 1882 na
95 1865 122 1884 es
139 1860 177 1886 die
197 1860 286 1887 ruinas
306 1863 367 1887 tute.
394 1859 474 1886 Redit
493 1859 527 1886 ad
551 1859 670 1894 speciem
696 1867 702 1886 ε
728 1859 799 1893 Quo-

39 1902 85 1929 ιὲω
99 1904 145 1932 bar
165 1906 226 1932 dicit
251 1905 406 1932 Dominus:
430 1904 539 1932 Gladius
562 1905 630 1940 regis
656 1903 799 1939 Babylonis

39 1949 82 1974 mit
95 1951 132 1976 tibi
152 1952 179 1978 in
204 1951 305 1988 gladiis
330 1950 474 1986 gigantum.
495 1956 519 1978 et
536 1950 657 1987 dejiciam
679 1950 799 1977 uirtutem

40 1996 92 2026 (ll.
104 2000 176 2029 pestes
188 2005 204 2023 ιι
219 1996 372 2023 nationibus
387 2004 488 2035 omnes,
504 2001 528 2023 et
542 1996 654 2032 pendent
667 2001 798 2022 contume-

38 2037 194 2078 hllgpti,
209 2047 235 2069 et
258 2047 407 2069 conteretur
430 2042 512 2068 omnis
535 2043 615 2068 virtus
629 2042 696 2077 ejus.
712 2040 740 2068 In
752 2048 800 2075 ge—

39 2090 86 2112 l:
96 2085 125 2114 Et
133 2088 236 2124 perdam
250 2088 341 2115 omnia
352 2095 443 2122 pecora
451 2096 519 2122 aqua
530 2088 609 2113 multa
623 2095 631 2113 .'
647 2091 669 2113 et
682 2094 730 2113 non
746 2091 800 2112 tur-

39 2130 189 2171 mees
203 2135 322 2163 hominis
335 2135 416 2167 ultra.
431 2139 454 2161 et
469 2135 601 2169 vestigium
615 2142 734 2168 pecorum
750 2141 800 2159 non

40 2175 114 2206 ιίωίι
133 2181 288 2209 eamJ'unc
311 2181 468 2216 requiescent
492 2188 565 2215 aqua:
588 2188 692 2213 eorum,
715 2184 738 2206 et
751 2180 800 2213 μη-

38 2224 177 2260 ἀίω,
193 2233 220 2254 ιι
234 2227 329 2255 oleum
343 2227 480 2258 habebunt,
495 2227 557 2252 dicit
573 2225 699 2252 Dominus
714 2224 798 2259 (Ibid.

41 2266 101 2306 Hi).
116 2271 223 2308 Species
239 2281 248 2300 :
264 2271 302 2300 Et
325 2272 393 2299 dabo
407 2271 553 2308 .Egyptum
567 2272 594 2297 in
608 2271 755 2302 interitum,
776 2275 800 2297 et

39 2314 154 2346 “diu
175 2325 248 2348 terra
272 2327 334 2346 cum
362 2318 521 2353 plenitudine
541 2326 601 2350 sua,
616 2314 801 2353 et'dispergam

41 2363 270 2393 Mill-bimus
281 2366 309 2392 in
319 2372 350 2391 ea
361 2363 456 2398 (Ibid.,
469 2364 524 2398 i5).
534 2363 626 2399 Genus
640 2372 646 2389 :
664 2363 696 2389 Et
710 2364 798 2394 scient,

38 2406 121 2446 ἀς.
133 2409 262 2439 Dominus
277 2417 348 2437 sum.
365 2409 497 2444 Uperiant,
512 2408 608 2443 inquit,
620 2408 720 2439 malum.
741 2416 797 2435 cum

39 2454 168 2490 ﬁscis
182 2465 193 2483 :
207 2462 232 2484 es
257 2456 401 2484 obscurabo
422 2460 497 2482 astra
510 2455 567 2491 ejus
577 2475 585 2488 ,
598 2456 678 2483 solem
691 2455 717 2481 in
733 2455 799 2481 nube

37 2503 132 2538 ιιι,-
142 2507 166 2531 ιι
178 2502 252 2530 ιω
267 2511 322 2530 non
337 2501 429 2529 lucebit
443 2502 529 2529 lumen
542 2503 608 2538 ejus.
625 2501 731 2533 Omnia,
742 2509 799 2535 quw

39 2539 229 2583 hibisci:
243 2549 313 2576 caelo
328 2547 533 2575 obscurabuntur
545 2555 624 2582 super
638 2550 663 2574 te
675 2555 684 2574 :
695 2552 719 2574 et
733 2546 798 2573 dabo

36 2586 203 2628 “In”
215 2597 319 2621 tenam
332 2596 404 2620 tum
419 2593 428 2626 (
442 2591 536 2619 Ezech.
553 2599 638 2624 xsxtt,
655 2593 684 2624 7,
698 2591 737 2627 8).
750 2592 758 2628 [
770 2592 798 2619 In

36 2636 127 2668 *ι
137 2638 266 2673 Domini,
290 2646 348 2667 non
364 2638 392 2666 in
407 2643 481 2667 terra
494 2638 603 2674 Egypti
619 2642 723 2665 tantum
743 2638 801 2665 fue-

34 2675 205 2717 βιηύω
220 2694 229 2714 :
244 2685 300 2714 sed
323 2686 353 2714 in
379 2689 437 2714 toto
459 2685 537 2713 orbe.
552 2684 606 2712 Sed
633 2692 698 2718 nec,
723 2689 800 2720 capta

35 2722 130 2767 ξυμ.
140 2731 350 2769 Clu-poenas
368 2737 474 2768 gentes,
489 2736 679 2766 exspectantes
694 2733 800 2759 ruinam

143 2776 190 2807 die
206 2778 304 2807 uina
322 2777 394 2813 eius.
407 2777 474 2806 Nam
493 2777 568 2805 etde
590 2777 660 2806 Soor
673 2778 712 2806 sic
735 2778 802 2805 scri-

22 2815 146 2856 ςμᾶε
157 2823 222 2852 lae
232 2824 305 2852 dicit
317 2823 443 2853 Dominus
455 2824 490 2851 ad
505 2823 573 2852 Soor
587 2832 597 2851 :
613 2823 718 2856 Nonne.
733 2833 749 2851 a
760 2825 802 2851 die

346 2851 552 2904 subieratonint,
567 2871 629 2897 dum
640 2851 803 2905 interIict'un-

163 2917 194 2945 ί.
206 2917 302 2946 modio
314 2917 354 2946 toi
363 2916 587 2957 cmmrsbsntar
599 2916 702 2950 insula,
717 2922 740 2944 et
750 2918 804 2944 dis-

111 2962 248 2993 σαι-ι
257 2964 318 2993 suis
335 2971 426 2992 omnes
438 2960 569 3000 principes
587 2964 678 2997 maris,
693 2969 716 2991 et
730 2964 805 2998 aufe-

36 2993 197 3062 ᾔειν-ιι
205 3013 313 3059 ειμι-ι
323 3010 428 3038 avius
438 2993 549 3039 ’ωσιὲιι
561 3018 572 3038 ;
587 2993 771 3045 «optumi
778 3018 804 3038 se

20 3143 393 3184 -ιι

564 281 667 312 LIBER
687 280 730 311 DE
750 280 889 312 SEPTEM
907 278 1063 314 REGULIS.

1600 284 1634 313 ις

842 344 868 370 in
890 348 996 380 stupore
1019 344 1124 375 utentis,
1149 342 1284 377 stupebant
1307 347 1330 370 et
1345 343 1470 371 timebunt
1492 343 1520 370 in
1533 343 1637 371 interitu

844 383 898 422 Iud,
913 396 936 417 et
949 392 1112 426 ingemiscent
1124 399 1201 425 super
1215 397 1249 422 te.
1263 397 1286 417 et
1296 391 1421 425 accipient
1430 391 1636 419 lamentationem

844 439 866 461 ει
881 436 962 462 dicent
976 437 1022 463 tibi
1036 445 1046 463 :
1061 437 1196 471 Quomodo
1210 437 1339 464 destructa
1354 442 1391 464 est
1413 437 1445 464 de
1464 437 1532 464 mari
1550 437 1638 464 ciuitas

843 481 889 508 illa
902 481 1052 516 laudabilis,
1065 490 1123 518 quae
1136 483 1206 510 dedit
1219 483 1336 510 timorem
1348 490 1424 510 suum
1434 483 1552 510 omnibus
1564 483 1639 510 inlta-

844 526 982 554 bt'tantibus
1004 528 1032 555 in
1046 536 1076 555 ea
1087 528 1100 555 .’
1112 533 1135 556 et
1148 529 1269 556 timebunt
1289 530 1381 556 insulae
1395 537 1426 556 ex
1439 529 1480 556 dis
1493 529 1578 558 ruina
1590 534 1641 558 tua

844 571 951 606 (Eucti.
970 581 1049 607 xsvr,
1066 574 1161 608 15-18,
1175 582 1225 602 sec.
1242 574 1312 603 LXX
1325 574 1334 610 )
1348 583 1355 602 :
1371 574 1411 602 Ad
1424 575 1561 603 clamorem
1573 577 1641 604 vocis

844 622 905 651 luat,
922 619 1105 654 gubernatores
1120 621 1157 647 tui
1169 621 1260 648 timore
1275 621 1414 655 timebunt,
1428 626 1452 649 et
1467 622 1597 656 dissederat
1609 623 1641 650 de

844 664 951 692 navibus
965 674 1050 694 omnes
1064 667 1172 702 remiges
1183 667 1220 694 tui
1235 671 1260 694 et
1274 672 1386 694 nectores
1400 672 1424 695 et
1440 657 1549 702 prore‘tc
1563 670 1642 696 maris

843 717 921 742 super
932 715 1025 738 (errant
1045 712 1150 739 stabunt
1159 733 1167 745 ,
1189 717 1213 740 et
1227 711 1362 740 ululabunt
1377 721 1453 748 super
1467 719 1492 741 te
1505 722 1564 742 uoce
1576 722 1624 742 sua
1633 735 1641 749 .

844 758 868 781 et
880 755 1028 783 clamabunt
1052 765 1130 791 super
1144 761 1169 784 te
1183 765 1299 784 antarum
1308 777 1316 790 ,
1333 763 1356 785 et
1368 758 1499 793 imponent
1512 767 1588 793 super
1600 767 1644 786 ca-

844 806 891 836 put
903 810 976 829 suum
990 807 1099 835 terram,
1113 808 1138 830 et
1161 805 1271 831 cinerem
1282 808 1405 836 uernent,
1421 809 1445 831 et
1462 805 1587 840 accipient
1600 813 1643 833 su-

845 855 892 881 per
904 853 927 875 te
941 849 1150 877 lamentationem
1171 850 1296 884 ﬁliorum.
1309 850 1450 877 (amentum
1463 850 1540 880 Soor.
1554 851 1644 886 Quan-

845 898 899 920 tum
912 894 1029 922 invenisti
1044 896 1168 923 mercedis
1182 896 1214 923 de
1226 896 1312 923 mari!
1327 895 1435 923 Satiasti
1457 902 1543 931 gentes
1557 898 1645 925 multi-

846 939 936 966 tudine
957 944 1001 966 tua
1016 960 1023 971 ,
1037 946 1060 967 et
1073 948 1090 967 a
1112 941 1292 967 commixtione
1306 945 1350 967 ttta
1373 940 1536 975 locupletasti
1558 950 1645 969 omnes

845 992 917 1019 reges
932 989 1017 1012 terra.
1032 984 1111 1012 Nunc
1121 991 1205 1013 autent
1217 987 1366 1013 contristata
1380 994 1406 1013 es
1419 987 1445 1013 in
1455 987 1532 1020 mari,
1543 987 1570 1013 in
1585 995 1645 1023 pro—

845 1029 925 1063 fundo
939 1038 1013 1065 aqua:
1034 1032 1181 1059 commixtio
1205 1037 1266 1065 tua,
1284 1037 1306 1059 et
1322 1033 1405 1059 omnis
1415 1033 1580 1069 congregatio
1599 1037 1645 1061 tua

846 1076 872 1102 in
887 1076 970 1102 medio
991 1076 1039 1103 tui.
1063 1076 1215 1104 Ceciderunt
1235 1085 1322 1105 omnes
1344 1079 1452 1113 remiges
1474 1079 1512 1105 tui
1525 1087 1535 1106 :
1558 1087 1645 1107 omnes

845 1122 889 1157 qui
903 1123 1045 1159 inhabitant
1058 1124 1159 1151 insulas
1173 1125 1318 1152 contristati
1337 1129 1397 1151 sunt
1418 1133 1496 1159 super
1508 1129 1533 1152 te
1546 1145 1553 1158 ,
1566 1130 1590 1152 et
1604 1134 1644 1154 ro-

847 1168 925 1204 miges
936 1176 1024 1196 eorum
1036 1170 1127 1196 mentis
1136 1170 1292 1197 alienatione
1302 1175 1468 1205 stupuerunt,
1484 1176 1508 1198 et
1517 1171 1645 1207 lacrumo.

848 1218 889 1240 tus
899 1218 937 1241 est
946 1215 1031 1242 vultus
1038 1223 1126 1242 eorum
1137 1223 1213 1251 super
1222 1220 1255 1243 te.
1265 1215 1422 1243 Mercatores
1430 1224 1521 1244 eorum
1527 1218 1558 1244 de
1563 1218 1645 1254 genti-

848 1261 894 1288 bus
905 1261 1076 1289 exsz'bilabunt
1092 1266 1116 1289 te
1126 1270 1136 1289 .'
1150 1263 1260 1298 perditio
1274 1264 1344 1298 facta
1356 1271 1393 1297 es,
1406 1264 1475 1290 ultra
1489 1271 1540 1291 non
1553 1265 1603 1291 eris
1618 1265 1645 1292 in

847 1311 981 1340 teternuns,
1004 1307 1067 1335 dicit
1089 1307 1218 1335 Dominus
1240 1307 1349 1344 (Ezech.
1365 1317 1455 1342 xxrtt,
1472 1309 1574 1343 28.56,
1591 1318 1644 1338 sec.

848 1351 941 1388 LXX).
956 1352 966 1389 ]
981 1352 1116 1389 Numquid
1129 1354 1156 1380 in
1168 1358 1249 1381 uuam
1264 1354 1379 1381 insulam
1395 1355 1570 1387 comteniunt.
1585 1363 1646 1391 qua)

848 1399 919 1426 dicta
933 1404 996 1426 sttnt
1010 1408 1017 1426 :
1033 1404 1079 1427 aut
1092 1399 1148 1427 sola
1165 1400 1252 1434 potuit
1266 1399 1434 1435 locupleture
1449 1407 1543 1428 omnes
1566 1408 1646 1436 reges

850 1446 950 1472 terrai?
974 1445 1027 1474 Scd
1059 1446 1148 1481 aliqua
1173 1445 1355 1480 relinquimus
1365 1446 1431 1473 locis
1459 1447 1645 1481 opportunis:

849 1491 946 1525 quibus
960 1492 1012 1519 etsi
1026 1492 1141 1519 strictim
1158 1491 1296 1525 dicuntur,
1312 1492 1399 1519 videri
1419 1497 1542 1528 possunt.
1559 1492 1647 1529 Tyrus

848 1537 976 1572 bipartita
990 1543 1043 1571 est,
1056 1538 1126 1565 sicut
1139 1545 1187 1573 per
1200 1537 1296 1565 Isaiam
1307 1538 1417 1571 dicitur,
1432 1540 1476 1573 qui
1489 1544 1550 1573 post
1564 1539 1646 1567 multa

849 1583 950 1618 speciei
964 1588 991 1610 et
1005 1582 1126 1618 generis,
1141 1582 1193 1610 hoc
1206 1590 1314 1618 quoque
1328 1583 1443 1618 adjecit,
1457 1585 1551 1613 dicens
1567 1594 1574 1611 :
1589 1584 1648 1612 Erit

849 1634 906 1664 post
918 1630 1080 1666 septuaginta
1095 1637 1177 1657 annos
1196 1629 1282 1665 Tyrus
1291 1650 1300 1663 ,
1314 1628 1380 1657 sicut
1393 1631 1521 1657 canticum
1534 1631 1647 1665 fornica-

850 1675 906 1703 rice.
929 1675 1023 1710 Accipe
1049 1675 1174 1703 citharam
1192 1675 1353 1712 angularem,
1378 1676 1468 1702 civitas
1488 1676 1645 1711 fonticaria,

850 1720 929 1748 oblita
950 1720 1011 1748 bene
1030 1720 1201 1753 cithttrisare,
1223 1721 1307 1748 multa
1332 1722 1433 1748 cantica
1457 1727 1533 1748 canta
1547 1729 1556 1748 :
1569 1727 1597 1748 ut
1609 1722 1648 1748 tui

849 1766 1054 1793 commemoratio
1079 1766 1136 1800 ﬁat.
1164 1765 1198 1793 Et
1221 1766 1269 1793 erit
1284 1771 1341 1801 post
1364 1768 1527 1802 septuaginta
1548 1775 1645 1801 annos,

849 1812 1032 1846 respectionem
1047 1812 1122 1847 faciet
1144 1810 1216 1838 Deus
1229 1811 1302 1847 Tyri,
1319 1816 1343 1839 et
1354 1812 1445 1840 iterum
1460 1813 1607 1841 restituetur
1620 1814 1647 1841 in

850 1859 982 1893 antiquum
1007 1855 1087 1892 (Isa.
1110 1864 1192 1890 um,
1208 1856 1290 1885 l5«i7
1303 1857 1325 1892 ).
1342 1857 1494 1893 |Numquid
1517 1858 1647 1899 credibile

850 1907 901 1935 est,
923 1902 1047 1929 universa
1062 1909 1144 1937 regna
1159 1907 1306 1934 terrarum,
1322 1903 1424 1938 Tyrum
1439 1903 1547 1931 venisse
1561 1911 1646 1940 uego-

852 1948 934 1975 tiandi
948 1948 1049 1975 causa?
1061 1947 1138 1981 Quod
1152 1948 1175 1976 si
1190 1948 1320 1981 veniunt;
1339 1956 1400 1983 qua:
1413 1949 1530 1983 utilitas,
1550 1950 1649 1985 pra-di-

851 1995 922 2022 xisse
937 1994 1023 2021 lutura
1038 1994 1111 2030 Tyro
1123 1995 1287 2022 commercia
1302 1995 1429 2023 omnibus
1450 1995 1542 2030 regnis
1557 2000 1645 2028 terrm,

851 2041 873 2068 si
889 2049 943 2068 non
957 2040 1042 2076 Tyrus
1053 2061 1060 2073 ,
1075 2040 1197 2068 Ecclesia
1220 2045 1278 2073 est,
1300 2041 1328 2068 in
1342 2048 1395 2076 qua
1410 2049 1491 2070 omne
1513 2046 1645 2070 terrarum

853 2088 987 2121 negotium
1003 2092 1044 2114 est
1056 2092 1165 2113 :cterna:
1179 2087 1258 2114 vitae?
1275 2087 1401 2121 Sequitur
1422 2087 1497 2115 enim
1511 2092 1539 2115 et
1553 2092 1646 2116 osten-

851 2132 899 2163 dit,
915 2132 986 2166 quod
999 2133 1033 2158 sit
1049 2132 1108 2165 ejus
1125 2132 1274 2165 negotium,
1291 2132 1405 2159 dicens:
1421 2132 1455 2159 Et
1470 2133 1519 2161 erit
1533 2134 1649 2169 negotia-

853 2177 887 2203 tio
900 2178 954 2212 ejus
969 2182 991 2202 et
1007 2185 1102 2203 merces
1116 2182 1205 2203 sancta
1220 2176 1332 2203 Domino
1351 2176 1418 2212 (lsa.
1437 2185 1519 2211 XXIII,
1535 2178 1648 2213 15-17).

852 2223 908 2251 Non
924 2225 995 2250 enim
1010 2224 1035 2250 in
1053 2224 1105 2250 illis
1126 2223 1266 2258 colligitur
1282 2233 1287 2249 :
1302 2224 1350 2250 sed
1374 2224 1430 2252 illis
1441 2225 1510 2260 ,.qui
1526 2224 1650 2254 habitant

851 2270 877 2297 in
891 2276 1037 2304 conspectu
1053 2269 1172 2297 Domini.
1191 2269 1281 2296 Omnis
1295 2270 1434 2305 negotiatio
1451 2272 1520 2307 ejus,
1534 2272 1609 2299 cdere
1623 2277 1648 2299 et

851 2316 934 2342 bibere
946 2320 970 2341 et
983 2316 1085 2349 repleri,
1101 2316 1128 2341 in
1140 2316 1242 2349 signant
1257 2316 1387 2342 memoria:
1402 2316 1428 2342 in
1443 2321 1582 2352 conspectu
1593 2315 1648 2344 Do-

852 2362 914 2387 mini
931 2360 1011 2394 (Ibid.
1030 2360 1086 2395 18).
1104 2360 1132 2388 Si
1153 2368 1217 2394 ergo
1238 2361 1387 2395 negotiatio
1398 2361 1469 2395 ejus,
1482 2367 1576 2390 sancta
1594 2362 1646 2391 Do-

852 2409 945 2435 mino:
963 2408 1099 2442 quomodo
1123 2413 1213 2441 potest
1234 2410 1360 2435 omnibus
1382 2416 1444 2436 esse
1466 2410 1575 2444 regnis.
1595 2410 1648 2439 nisi

852 2456 949 2490 ubique
970 2455 1054 2483 fuerit
1077 2456 1127 2482 ista
1152 2455 1260 2489 Tyrus?
1285 2455 1413 2490 Sequitur
1438 2456 1510 2484 enim
1535 2462 1647 2492 aperte,

851 2500 971 2528 ostendit
990 2500 1054 2535 quid
1070 2501 1106 2527 sit
1119 2500 1217 2534 Tyrus,
1234 2500 1330 2527 dicens
1344 2509 1349 2526 2
1363 2499 1430 2528 Ecce
1440 2500 1576 2529 .Dominus
1590 2511 1647 2530 cor—

850 2552 951 2582 rumpet
964 2546 1051 2573 orbem
1069 2551 1207 2578 terrarum,
1226 2552 1249 2572 ct
1265 2547 1372 2573 vastabit
1389 2547 1476 2580 illum,
1497 2552 1523 2575 et
1544 2543 1648 2576 nudabit

851 2595 943 2629 faciem
959 2594 1014 2627 ejus
1030 2601 1039 2619 ;
1053 2593 1181 2627 disperget
1197 2601 1248 2622 eos,
1263 2594 1307 2627 qui
1319 2593 1462 2620 inhabitant
1475 2594 1502 2621 in
1513 2602 1553 2626 eo,
1565 2600 1590 2622 et
1601 2595 1649 2622 erit

851 2641 961 2674 populus
983 2640 1049 2666 sicut
1068 2640 1188 2665 sacerdos
1205 2638 1271 2674 (Isa.
1290 2647 1370 2670 xxtv,
1390 2640 1460 2674 i-G).
1475 2639 1554 2676 [Num
1575 2641 1649 2670 illiul

851 2687 937 2718 orbis.
953 2686 1032 2719 Cujus
1048 2684 1197 2719 negotiatio
1222 2690 1316 2711 sancta
1339 2685 1472 2712 Domino?
1495 2691 1518 2712 et
1537 2686 1651 2721 [annulus

851 2733 917 2759 sicut
932 2731 1057 2758 Dominus
1072 2735 1096 2757 et
1110 2730 1211 2766 [amula
1230 2731 1295 2757 sicut
1312 2731 1441 2768 domina]
1452 2730 1486 2758 Et
1497 2734 1545 2759 erit
1560 2740 1649 2760 emens

853 2779 918 2812 sicut
935 2782 958 2805 et
972 2776 1080 2804 condens
1095 2785 1103 2803 :
1116 2782 1139 2803 et
1150 2777 1193 2811 qui
1209 2777 1291 2808 debet,
1307 2778 1372 2803 sicut
1384 2777 1430 2804 ille
1440 2778 1482 2804 cui
1494 2777 1650 2811 debeatne;

855 2824 899 2857 qui
913 2826 1029 2857 faenerat,
1042 2824 1107 2849 sicut
1121 2823 1165 2849 ille
1178 2822 1221 2857 qui
1239 2825 1379 2857 [ceneratur
1394 2823 1474 2857 :quia
1487 2823 1651 2858 corruptions

854 2876 1033 2904 corrumpetur
1045 2874 1124 2901 terra,
1148 2874 1171 2896 et
1192 2869 1335 2896 oastabitur
1357 2869 1499 2897 uastatione
1515 2874 1593 2896 terra.
1614 2870 1651 2898 οι

855 2917 922 2943 enim
938 2917 1043 2943 Domini
1054 2917 1169 2942 locutum
1182 2922 1217 2942 est
1232 2915 1297 2942 lucc.
1312 2915 1419 2943 Planxit
1439 2920 1517 2949 terra,
1529 2921 1650 2945 curvatus

857 2968 894 2990 est
906 2963 973 2990 orbis
989 2968 1073 2996 terra,
1085 2961 1240 2996 planxerunt
1254 2963 1301 2988 alti
1316 2968 1398 2989 terra.
1414 2961 1496 2990 Terra
1510 2968 1593 2989 autem
1606 2964 1649 2998 fa-

857 3010 929 3038 cinus
947 3010 1062 3039 admisit,
1076 3013 1179 3044 propter
1194 3016 1247 3042 eos,
1263 3010 1306 3042 qui
1320 3008 1464 3036 inhabitant
1477 3008 1505 3035 in
1525 3015 1555 3035 so
1566 3013 1577 3036 τ
1589 3009 1651 3043 quis
