3828 6360
418 394 483 446 47
1020 334 1025 340 ⁸
1763 374 1973 432 ΤΥΩΗ(

2080 370 2087 428 l
2123 370 2281 429 AFRI
3606 364 3671 422 18

426 503 609 560 multis
632 499 804 555 modis
832 499 989 570 positi
1015 505 1160 561 sunt,
1182 505 1237 551 et
1265 509 1358 565 pro
1390 494 1505 549 loco
1531 492 1880 561 intelligendi.
1902 493 2002 564 Sy-
2028 492 2075 549 A
2104 499 2187 545 est
2217 485 2483 557 praeterita
2502 496 2698 552 ,neque
2727 480 2778 535 in
2796 490 2952 536 nocte
2966 479 3213 550 prtesrnti
3243 477 3359 534 dies
3372 475 3668 533 crastinus:

422 595 696 651 nccdocbe
726 609 872 652 vero,
897 600 990 646 aut
1015 606 1043 645 a
1078 599 1221 656 parte
1242 597 1411 644 to:um
1434 596 1538 650 cst,
1562 595 1653 641 aut
1671 604 1697 638 a
1720 596 1828 639 toto
1851 599 1998 654 pars.
2104 575 2649 648 noudie‘resurresit
2668 575 2943 632 Dominus,
2968 572 3062 627 scd
3084 583 3257 626 nocte.
3277 569 3538 638 Quoniam
3561 568 3671 622 dies

423 688 535 742 Iloc
564 698 738 756 tropo,
769 686 872 740 400
900 701 1067 737 annos
1094 683 1310 737 scribit
1335 681 1493 736 Israel
1520 682 1570 732 in
1599 679 1848 750 Aigypto.
1870 678 1997 731 Nam
2102 671 2168 725 ab
2197 682 2315 724 ortu
2345 668 2473 722 solis
2500 675 2603 730 est,
2631 665 2771 720 sicut
2794 652 3051 730 scriptum
3073 671 3190 716 est:
3215 661 3488 715 Luminare
3509 660 3671 727 majus

420 780 547 835 dicit
578 753 714 833 Deus
759 778 982 831 Abraltu:
1011 796 1023 831 :
1053 776 1228 832 Sciens
1269 773 1544 843 St‘lCSJIUIH
1568 772 1880 842 peregrinum
1907 769 1998 822 erit
2098 763 2300 815 initium
2329 761 2430 814 diei
2458 758 2640 828 (Ibid.,
2670 757 2778 826 16).
2800 755 3055 810 Dominus
3075 765 3251 809 autem
3279 763 3405 807 ante
3435 753 3565 806 solis
3588 766 3671 804 or-

418 891 584 928 semen
611 885 749 927 tuum
775 874 825 926 in
851 884 982 925 terra
1009 887 1104 922 non
1134 886 1248 934 sua,
1279 879 1323 921 et
1353 866 1926 920 dominabuntureorum
1952 877 1973 913 c

2100 862 2207 907 tUm
2233 852 2544 908 resurrexit.
2572 849 2700 903 Nam
2716 849 2924 902 Marcus
2947 846 3100 900 dicit:
3117 845 3322 900 Oriente
3340 841 3670 913 sole(.llatth.

419 968 652 1038 affligent
677 983 760 1020 eos
781 965 928 1018 annis
948 962 1052 1016 100
1070 961 1217 1029 (Ceu.
1241 962 1354 1022 xr,I
1369 959 1444 1030 5).
1467 957 1628 1011 lisodi
1658 966 1830 1010 autem
1853 953 1995 1008 Scri-

419 1068 568 1126 ptura
594 1058 753 1111 dicit:
780 1057 832 1109 41
851 1056 883 1109 0
903 1070 1060 1108 annos
1084 1054 1238 1124 fuisse
1253 1050 1539 1121 iit/Egypto
1558 1049 1748 1119 (Exod.
1766 1063 1859 1109 XII,
1879 1045 1990 1113 40).

414 1150 495 1204 An
525 1164 630 1201 non
659 1147 803 1202 omni
833 1157 1072 1213 tempore
1097 1140 1724 1209 servixit?Qu:ereudom
1753 1151 1901 1206 ergo.
1926 1152 1991 1189 ex

413 1255 518 1308 quo
550 1249 817 1306 tempore:
866 1235 1007 1304 quod
1047 1233 1282 1287 inx'euire
1320 1231 1474 1286 faci'e
1515 1245 1618 1285 ρει.
1667 1230 1799 1283 Dicit
1845 1227 1989 1281 enim

411 1329 686 1398 Scriptura
715 1345 818 1382 non
843 1327 1092 1381 serviisse
1121 1325 1371 1394 populum
1399 1365 1416 1388 ,
1458 1324 1556 1378 nisi
1602 1330 1724 1393 post
1763 1330 1988 1374 mortem

408 1419 634 1490 Joseplt.
670 1430 720 1475 et
746 1420 978 1472 omnium
1013 1416 1232 1471 fratrum
1259 1417 1407 1482 ejus,
1437 1426 1491 1468 et
1530 1413 1766 1466 omnium
1807 1408 1988 1464 saeculi

409 1513 573 1567 illius.
611 1510 735 1564 Filii
762 1520 925 1564 autem
955 1509 1118 1562 Israel
1143 1517 1400 1560 creverunt
1431 1514 1477 1558 et
1501 1504 1820 1572 multiplicati
1846 1511 1984 1566 sunt,

407 1612 454 1657 et
480 1612 503 1638 ἰ
528 1600 712 1656 (ἔριήΘὶ
743 1604 948 1672 fuerunt
981 1611 1025 1653 et
1057 1600 1450 1669 prwvaluerunt,
1486 1595 1851 1667 multiplicabat
1889 1611 1985 1647 au-

408 1703 505 1749 tem
535 1710 616 1748 eos
645 1705 794 1748 terra.
833 1693 1125 1746 Exsurrcxit
1154 1701 1317 1743 autent
1345 1705 1434 1742 rex
1457 1689 1584 1741 alter
1604 1703 1754 1756 super
1781 1685 1983 1756 [Egyp-

408 1797 537 1854 tum,
575 1788 659 1855 qui
698 1787 960 1856 ignorabat
1002 1784 1215 1854 Josepli,
1260 1793 1306 1835 et
1337 1783 1464 1835 dixit
1508 1781 1642 1851 genti
1682 1795 1826 1833 suar:
1857 1779 1985 1832 Ecce

2099 960 2205 1009 xrt,
2232 941 2334 1013 9),
2371 959 2474 996 non
2514 949 2666 1004 orto,
2714 939 2807 993 sed
2851 937 3089 1000 oriente,
3136 936 3190 991 id
3234 945 3351 1002 est,
3396 935 3459 990 ad
3497 942 3670 989 ortum

2089 1047 2288 1101 eunte:
2314 1034 2481 1088 Lucas
2509 1041 2709 1094 autem,
2741 1030 2971 1084 diluculo
3004 1028 3155 1100 (Luc.
3187 1043 3332 1093 xxiv,
3365 1028 3438 1093 1).
3469 1025 3574 1082 sed
3604 1037 3670 1077 ne

2092 1130 2159 1185 de
2182 1130 2279 1182 ltac
2305 1127 2575 1181 locutione
2596 1124 2979 1192 ambigeretur,
3003 1121 3089 1175 alii
3115 1120 3466 1189 Evangelista:
3487 1125 3672 1188 aperte

2093 1233 2304 1276 noctem
2339 1219 2501 1273 fuisse
2531 1226 2814 1271 testantur.
2855 1215 2988 1270 Nam
3032 1213 3312 1268 Mattltmus
3353 1223 3508 1266 nocte
3543 1212 3672 1266 dicit

2091 1312 2304 1366 venisse
2334 1310 2585 1364 mulieres
2616 1308 2680 1360 ad
2725 1316 3152 1376 monumentum,
3184 1313 3240 1359 et
3258 1302 3463 1372 :vidisse
3493 1303 3671 1356 Domi-

2091 1419 2216 1457 num
2251 1401 2471 1471 (Matt/1.
2506 1414 2688 1461 xxrttt,
2717 1377 2792 1468 I).
2821 1396 3056 1454 Joannes
3079 1410 3228 1461 vero,
3260 1408 3375 1447 cum
3400 1392 3570 1447 adhuc
3601 1402 3672 1445 te-

2089 1497 2259 1548 nebrat
2288 1502 2449 1547 essent
2478 1490 2660 1557 (Joan.
2692 1507 2786 1546 xx.
2819 1490 2895 1558 1).
2933 1488 2992 1543 Si
3030 1496 3208 1542 autem
3255 1485 3514 1541 Dominus
3547 1493 3671 1540 ante

2088 1586 2282 1648 solem,
2303 1585 2352 1639 id
2387 1591 2489 1646 est,
2519 1591 2646 1635 ante
2673 1580 2879 1635 initium
2915 1579 3023 1634 diei
3053 1578 3352 1632 resurrexit
3374 1616 3388 1639 ,
3420 1591 3529 1631 nox
3559 1577 3670 1642 illa,

2087 1691 2210 1746 pars
2237 1688 2352 1728 erat
2384 1672 2745 1728 illucescentis
2773 1670 2903 1725 diei.
2933 1669 3084 1736 Quod
3109 1683 3161 1724 et
3191 1668 3451 1737 Competit
3484 1667 3672 1736 operi-

2087 1768 2183 1821 bus
2210 1768 2323 1832 Dei,
2355 1778 2408 1821 ut
2441 1780 2546 1819 non
2573 1764 2688 1818 dies
2704 1764 3089 1817 obscuraretur
3111 1763 3162 1816 in
3187 1772 3420 1824 noctem,
3446 1760 3539 1815 sed
3568 1774 3670 1813 uox

407 1897 527 1951 gens
555 1880 776 1941 ﬁliorum
806 1877 967 1931 Israel
999 1894 1181 1947 magna
1219 1874 1507 1938 multitudo,
1548 1883 1591 1926 et
1636 1874 1799 1925 valent
1839 1887 1973 1937 super

2093 1858 2326 1911 lucescat
2355 1857 2406 1908 in
2437 1855 2598 1908 diem.
2635 1853 2750 1920 Ipsa
2777 1853 2918 1907 enim
2952 1867 3060 1905 nox
3095 1851 3452 1916 illuminatur,
3476 1859 3533 1906 et
3554 1847 3669 1904 clli-

407 1991 517 2027 nos.
557 1973 725 2026 Venite
772 1989 888 2044 ergo
930 1971 1376 2024 circunweniamus
1404 1986 1486 2022 eos
1524 1967 1717 2038 (Exod.
1744 1982 1782 2022 I.
1815 1962 1984 2031 7-I0).

403 2065 458 2119 Si
488 2075 663 2120 autem
699 2076 816 2134 post
843 2074 1068 2118 mortem
1095 2062 1291 2130 Joseph
1321 2062 1482 2131 coepit
1506 2061 1706 2113 servire
1734 2057 1982 2127 populus,

408 2166 462 2211 et
493 2158 595 2212 550
621 2157 807 2220 annis,
849 2171 916 2210 cx
949 2155 1138 2223 quibus
1171 2154 1221 2206 iu
1264 2152 1497 2222 Egypto
1530 2151 1837 2204 demoratus
1862 2157 1942 2201 est
1969 2188 1982 2209 ,

405 2246 720 2302 deducimus
756 2246 822 2300 80
862 2259 1030 2298 annos
1060 2243 1209 2313 regni
1247 2241 1442 2310 Joseplt
1477 2240 1740 2311 (regnavit
1783 2237 1923 2290 enim
1953 2250 1982 2287 a

403 2341 472 2398 50
499 2342 651 2395 annis
676 2355 843 2409 usque
871 2340 921 2393 in
958 2337 1076 2409 110)
1102 2347 1259 2393 erunt
1285 2337 1475 2406 reliqui
1503 2334 1776 2390 servitutis
1800 2331 1982 2393 Israel,

400 2432 578 2488 banni
621 2431 748 2498 510,
797 2430 938 2499 quod
986 2431 1123 2484 Deus
1169 2429 1302 2483 dixit
1341 2429 1464 2484 400.
1513 2427 1568 2482 Si
1614 2437 1790 2480 autem
1824 2439 1980 2478 omne

401 2533 613 2592 tempus
638 2520 1080 2593 peregrinationis
1109 2535 1219 2574 sua:
1246 2518 1468 2574 servivit
1494 2517 1692 2582 Israel,
1742 2516 1862 2584 plus
1897 2522 1980 2567 cst

401 2634 557 2688 quam
602 2619 739 2670 Deus
779 2615 928 2668 dixit.
985 2614 1041 2668 Si
1097 2628 1163 2667 ex
1224 2619 1395 2666 morte
1437 2610 1636 2679 Joseplt
1680 2607 1977 2663 secundum

401 2707 692 2778 Scriptura:
717 2718 916 2760 sancite
945 2704 1122 2767 iidem,
1155 2704 1331 2757 minus
1359 2710 1459 2755 est.
1483 2701 1601 2767 Quo
1639 2699 1975 2754 manifestum

401 2806 518 2863 est,
557 2797 659 2853 100
688 2813 715 2849 a
759 2806 870 2849 toto
903 2803 1105 2862 partem
1135 2807 1275 2847 esse.
1317 2791 1447 2845 Nam
1491 2799 1610 2860 post
1639 2790 1741 2845 300
1774 2802 1971 2850 annos,

399 2903 523 2957 pars
551 2887 796 2950 aliorum,
828 2885 929 2940 I00
953 2885 1077 2937 anni
1103 2895 1246 2938 sunt.
1279 2883 1566 2950 PrOptcrea
1589 2880 1745 2944 dixit,
1769 2879 1872 2933 400
1893 2894 1976 2932 an-

400 2997 520 3038 nos.
553 2981 610 3035 Si
644 2980 729 3034 bic
764 2979 818 3032 in
843 2978 989 3032 omni
1027 2991 1234 3030 summa
1261 2973 1538 3042 temporis,
1564 2981 1622 3026 ut
1648 2981 1773 3041 puta
1802 2981 1920 3040 post
1944 2973 1976 3024 0

399 3071 514 3126 dies
542 3083 641 3134 εει,
668 3080 757 3124 aut
786 3078 904 3138 post
930 3069 962 3122 9
996 3081 1242 3120 menses:
1291 3065 1496 3133 primus
1521 3062 1637 3117 dies
1670 3063 1870 3118 mensis
1909 3061 1977 3116 10

400 3172 507 3226 est,
538 3164 676 3215 sicut
698 3160 986 3236 scriptum:
1017 3158 1082 3210 In
1101 3167 1243 3212 utero
1264 3157 1439 3208 matris
1459 3155 1703 3224 ﬁguratus
1731 3170 1840 3206 sum
1857 3169 1976 3205 caro

2091 1948 2231 2000 citur
2255 1944 2406 1998 dies:
2454 1943 2594 2011 quod
2625 1951 2708 1996 est
2736 1941 2897 2011 ﬁgura
2929 1957 3114 1996 eormn
3143 1981 3158 2007 ,
3201 1958 3320 2011 qua:
3353 1940 3486 1994 facta
3514 1949 3673 1994 erant

2090 2038 2143 2092 in
2174 2036 2398 2090 Christo.
2427 2036 2602 2102 Quoni
2623 2051 2690 2087 nm
2725 2033 2865 2086 Deus
2895 2035 2984 2100 qui
3018 2035 3145 2087 dixit
3177 2052 3189 2086 :
3236 2033 3313 2086 De
3337 2033 3550 2087 tenebris
3591 2035 3670 2086 lu-

2089 2145 2201 2182 men
2228 2128 2426 2197 fulgere
2452 2129 2503 2178 in
2529 2125 2765 2178 cordibus
2792 2125 2977 2178 nostris
3017 2123 3081 2193 (Il
3110 2123 3227 2178 Cos.
3260 2140 3334 2191 tv,
3367 2124 3443 2193 6).
3476 2123 3577 2190 Qui
3609 2125 3670 2178 ιι-

2086 2221 2362 2274 laminavit
2397 2218 2668 2281 tenebras,
2702 2218 2839 2270 sicut
2864 2216 3125 2284 scriptum
3155 2226 3269 2270 est:
3299 2215 3541 2270 Tembra:
3571 2227 3670 2270 tua

2083 2315 2213 2367 sicut
2239 2312 2474 2365 meridies
2511 2319 2656 2362 erant
2680 2308 2812 2382 (lsa.
2841 2324 2987 2371 Lvm,
3019 2309 3130 2377 l0).
3154 2308 3247 2362 Et:
3271 2307 3393 2362 No.1:
3412 2308 3666 2372 transivit,

2083 2404 2189 2456 dies
2211 2412 2376 2456 autem
2399 2399 2827 2471 appropinquavit
2848 2415 2866 2464 ,'
2896 2403 3024 2452 sicut
3051 2399 3102 2452 in
3126 2400 3208 2453 die
3235 2400 3464 2453 decenter
3487 2401 3664 2453 ambu-

2082 2495 2242 2547 lemus
2269 2493 2445 2561 (lima.
2484 2507 2594 2555 xm,
2632 2491 2739 2559 12).
2767 2490 2921 2544 I’rius
2958 2500 3043 2544 est
3084 2490 3226 2545 enim
3266 2491 3408 2560 quod
3444 2491 3665 2547 carnale

2080 2593 2182 2648 est,
2206 2584 2397 2639 deinde
2425 2583 2568 2654 quod
2602 2584 2898 2652 spirituale.
2937 2583 3062 2639 Dies
3091 2598 3219 2653 ergo
3249 2585 3450 2652 primus
3479 2593 3536 2640 et
3562 2599 3660 2639 no-

2083 2677 2354 2743 vissimus,
2383 2691 2410 2728 a
2437 2684 2550 2729 toto
2577 2689 2700 2744 pars
2726 2684 2824 2728 est.
2854 2675 3012 2729 Solus
3032 2674 3241 2729 medius
3263 2675 3451 2743 plenus
3475 2676 3601 2743 fuit,
3631 2691 3659 2730 a

2077 2783 2302 2837 vespera
2331 2769 2380 2820 in
2409 2781 2712 2834 vesperam,
2754 2765 3050 2821 secundum
3089 2766 3454 2822 conditionem
3497 2777 3661 2836 atque

2080 2868 2425 2928 pratccptum.
2458 2859 2606 2913 Sicut
2636 2857 2804 2927 Moysi
2836 2858 3004 2912 dicit:
3029 2859 3072 2911 A
3095 2873 3301 2928 vespera
3326 2859 3380 2912 in
3401 2875 3661 2928 uesperam

2082 2963 2104 2990 ε
2129 2952 2390 3006 obscuravi
2420 2951 2553 3004 diem
2579 2952 2901 3005 sabbatorum
2928 2948 3070 3022 (Leu.
3103 2966 3252 3018 xxttt,
3282 2948 3396 3019 33).
3423 2950 3653 3018 Quidam

2076 3053 2254 3099 autem
2284 3044 2504 3108 dicunt,
2551 3059 2614 3097 ex
2659 3042 2747 3097 die
2777 3041 3230 3112 computandum:
3263 3041 3516 3112 quoniam
3552 3044 3658 3096 Do-

2076 3138 2252 3191 minus
2269 3146 2368 3189 tres
2389 3136 2496 3189 dies
2527 3145 2570 3188 et
2595 3144 2762 3209 noctes
2783 3133 2938 3200 dixit,
2967 3149 3073 3188 non
3105 3143 3214 3188 tres
3235 3142 3420 3189 noctes
3441 3144 3494 3188 et
3518 3134 3656 3190 dies.

402 3253 470 3308 10
495 3217 736 3306 mensium
759 3217 1053 3319 coagulatus
1082 3249 1135 3300 in
1165 3247 1412 3319 sanguine
1441 3217 1594 3316 (ἔαρ.
1617 3259 1689 3309 Vl,
1711 3243 1790 3314 2).
1827 3244 1973 3306 Sicut

2080 3228 2182 3283 Sed
2204 3227 2308 3282 hoc
2328 3243 2431 3282 nou
2457 3228 2617 3296 longa
2638 3226 2847 3279 ratione
2867 3224 3184 3280 destruitur.
3212 3223 3269 3278 Si
3309 3225 3452 3279 enim
3475 3240 3541 3280 ex
3568 3225 3659 3281 die

399 3353 574 3400 autem
602 3345 656 3398 in
686 3343 854 3411 prima
882 3350 1028 3410 parte
1057 3338 1312 3407 temporis
1336 3337 1594 3407 cujusque
1623 3344 1830 3406 tempus
1856 3348 1968 3402 est,

400 3435 472 3490 ita
503 3435 554 3488 in
583 3433 867 3487 novissima
898 3432 1028 3485 liora
1072 3439 1214 3484 totus
1249 3430 1364 3484 dies
1404 3430 1502 3492 sit;
1552 3428 1787 3497 reliquis:
1827 3428 1973 3483 mille

398 3540 681 3590 annorum,
710 3524 854 3579 mille
878 3521 1003 3577 anui
1028 3531 1172 3575 sunt.
1195 3519 1300 3575 Sex
1322 3519 1438 3574 dies
1465 3531 1588 3574 sunt
1612 3518 1794 3572 mundi
1820 3529 1968 3580 mtas.

398 3617 452 3671 id
482 3625 563 3670 est
594 3614 733 3670 6000
762 3628 1044 3667 annorum.
1086 3611 1143 3664 In
1177 3611 1413 3680 reliquiis
1456 3609 1594 3664 sexti
1632 3609 1758 3677 diei,
1801 3609 1852 3663 id
1890 3620 1972 3663 est

398 3709 546 3762 mille
582 3721 840 3761 annorum
884 3715 1038 3758 natus
1069 3715 1153 3758 est
1197 3704 1479 3768 Dominus,
1501 3719 1692 3775 passus
1718 3711 1772 3758 et
1797 3719 1972 3757 resur-

397 3802 558 3859 rexit.
593 3802 719 3856 Item
748 3800 993 3869 reliqma:
1016 3799 1158 3854 mille
1185 3814 1446 3853 annorum
1474 3799 1628 3853 dicta:
1663 3809 1786 3852 sunt
1826 3799 1972 3854 mille

397 3894 522 3949 anni
549 3895 732 3963 prima:
753 3892 1181 3947 resurreCtionis.
1213 3892 1365 3946 Sicut
1385 3892 1526 3947 enim
1555 3891 1790 3962 rcliqoize
1806 3899 1972 3946 sexta:

395 3985 568 4048 feriae,
602 3984 649 4038 id
674 3993 778 4048 est,
800 3994 908 4037 tres
927 3983 1092 4047 horae,
1119 3993 1264 4037 totus
1288 3983 1401 4038 dies
1423 3994 1524 4047 est,
1549 3999 1685 4038 unus
1715 4000 1776 4038 ex
1804 3984 1971 4039 tribus

397 4075 686 4144 sepultum
711 4074 950 4130 Domini:
977 4069 1046 4129 ita
1076 4075 1313 4142 re'iquia:
1335 4075 1470 4129 sexti
1497 4074 1602 4148 diei
1629 4076 1845 4145 maloris
1865 4091 1972 4144 quo

396 4167 633 4222 surrexit
666 4165 937 4231 Ecclesia,
983 4174 1121 4219 totos
1149 4165 1265 4219 dies
1307 4175 1423 4230 est,
1477 4167 1623 4221 mille
1668 4167 1815 4220 anni.
1860 4167 1972 4220 Hoc

398 4260 544 4312 enim
571 4269 746 4326 tropo,
779 4267 1028 4311 constant
1057 4269 1166 4311 tres
1193 4258 1308 4311 dies
1337 4266 1391 4312 et
1421 4268 1533 4313 tres
1561 4269 1768 4313 noctes.
1790 4257 1972 4312 Noctis

394 4361 573 4404 autem
602 4357 657 4404 et
683 4348 787 4401 diei
807 4389 821 4410 .
853 4348 923 4402 21
950 4347 1094 4401 Ιιοιειε
1134 4364 1293 4401 unum
1327 4357 1536 4416 tempus
1565 4357 1680 4409 est,
1710 4362 1808 4401 nec
1838 4347 1971 4416 adji-

396 4441 613 4496 ciuntur
634 4450 821 4495 noetes
849 4438 1056 4501 diebus,
1094 4439 1192 4492 nisi
1222 4447 1366 4493 certa
1399 4441 1628 4494 ratione.
1653 4437 1830 4501 Alias,
1854 4439 1972 4493 dies

395 4534 542 4587 solos
567 4533 813 4593 dicimus,
846 4530 985 4583 sicot
1005 4530 1292 4596 Apostolus
1316 4530 1510 4584 dicitur
1539 4530 1803 4584 mansisse
1827 4529 1968 4595 apud

395 4623 614 4679 Petrum
651 4622 736 4678 15.
766 4621 1031 4691 Numquid
1065 4637 1198 4690 opus
1223 4632 1336 4676 erat
1361 4620 1573 4688 dicere,
1604 4621 1824 4676 totidem
1850 4621 1967 4677 die-

395 4713 495 4768 bus
525 4723 580 4768 ct
606 4713 893 4768 noctibus?
939 4712 1026 4767 Sic
1055 4712 1198 4766 enim
1236 4713 1495 4779 scriptum
1523 4720 1632 4766 est:
1675 4711 1892 4780 Vespere
1917 4723 1964 4767 et

393 4821 543 4860 mane
562 4804 666 4859 dies
688 4821 821 4857 unus
847 4799 1001 4871 (Gen.
1032 4801 1161 4872 1-5).
1186 4802 1336 4870 Quod
1369 4804 1414 4856 si
1443 4817 1546 4857 nox
1568 4810 1620 4856 et
1641 4801 1777 4869 dies,
1800 4818 1962 4858 uuuut

393 4905 607 4964 tempus
651 4904 765 4950 est:
813 4893 1098 4948 novissima
1140 4892 1271 4946 liora
1299 4893 1428 4957 diei,
1457 4901 1512 4946 et
1540 4893 1681 4949 diem
1713 4901 1881 4948 totum
1909 4904 1966 4950 et

253 4965 274 4984 κ
349 4997 604 5041 ‘noctem
654 4993 977 5037 transactam
1009 4984 1224 5038 retinet.
1265 4982 1525 5037 Similiter
1574 4991 1632 5037 et
1675 4984 1962 5039 novissima

391 5075 521 5129 Itora
570 5073 763 5137 noczis,
803 5081 966 5126 totam
1007 5071 1150 5125 diem
1182 5081 1238 5126 et
1274 5079 1485 5125 noctem
1531 5070 1784 5125 futuram.
1825 5073 1965 5127 Ilora

389 5165 533 5221 enim
566 5179 689 5232 pars
716 5173 802 5217 est
822 5163 1099 5231 utriusque
1129 5163 1406 5230 temporis.
1437 5161 1575 5214 liora
1604 5177 1704 5230 qua
1727 5164 1966 5231 sepultos

390 5269 474 5314 est
502 5258 781 5318 Dominus,
806 5271 932 5324 pars
952 5264 1036 5308 est
1061 5263 1224 5308 sexta:
1246 5253 1393 5308 feria:
1410 5268 1528 5308 cum
1553 5269 1647 5309 sua
1670 5262 1825 5309 nocte
1847 5271 1965 5325 qua:

389 5351 699 5410 transierat,
731 5357 784 5402 et
811 5347 942 5418 liora
975 5346 1168 5414 noctis,
1197 5361 1298 5415 qua
1323 5346 1596 5412 surrexit,
1638 5348 1964 5404 imminentis

386 5453 469 5500 est
498 5457 620 5511 pars
650 5441 775 5494 diei.
799 5438 1088 5503 (Su-terum,
1113 5439 1155 5491 si
1178 5454 1353 5508 neque
1383 5439 1434 5492 in
1458 5439 1544 5494 die
1573 5439 1820 5508 praesenti
1859 5454 1960 5494 nox

458 5607 483 5636 ⁸
523 5596 712 5653 ϐριιιωὶ
758 5601 983 5668 (uerunt.
1032 5594 1195 5661 LXX,
1245 5595 1413 5650 Exod.
1444 5611 1491 5661 l,
1524 5596 1574 5649 7.
1611 5594 1821 5667 χυδαῖοι
1849 5597 1952 5668 ἐγέ-

378 5692 541 5728 νοντο.
571 5667 718 5734 eﬂ'usi
749 5667 872 5734 [αοιὶ
896 5674 1031 5721 sunt.

454 5740 480 5778 δ
519 5740 687 5794 Immo
744 5735 1145 5804 quadringentis
1196 5746 1250 5791 et
1299 5738 1388 5801 30,
1445 5746 1500 5788 ut
1545 5735 1748 5805 reliqui
1781 5735 1947 5805 ﬁant,

377 5811 610 5880 demptis
636 5808 725 5873 8t),
759 5809 882 5860 anni
913 5806 1054 5872 “550;
1083 5816 1137 5860 et
1166 5807 1234 5861 ita
1267 5806 1432 5862 Exodi
1465 5821 1565 5871 xu,
1588 5807 1693 5870 1ος
1727 5804 1942 5876 Ioseph.

2076 3319 2286 3374 initium
2308 3318 2618 3387 sepultura;
2652 3317 2704 3369 in
2735 3326 2891 3370 nocte
2919 3315 3078 3368 linis:
3112 3315 3157 3370 si
3189 3323 3370 3370 autem
3397 3316 3449 3369 in
3480 3315 3570 3371 die
3597 3316 3659 3370 li-

2074 3411 2186 3464 nita
2214 3421 2317 3476 est,
2341 3424 2370 3464 a
2404 3419 2561 3464 nocte
2582 3412 2764 3478 C(Bpit.
2789 3408 2920 3463 Nam
2941 3408 2986 3460 si
3006 3407 3127 3461 dies
3147 3409 3418 3480 utrimque
3438 3410 3658 3465 conclu-

2072 3503 2236 3567 ditur,
2260 3503 2380 3570 plus
2397 3503 2499 3556 erit
2516 3516 2652 3555 unus
2673 3501 2812 3554 dies.
2837 3500 3030 3554 Dicunt
3053 3508 3336 3568 prmterea,
3363 3517 3469 3557 non
3492 3516 3655 3573 posse

2074 3598 2126 3648 lu
2154 3593 2241 3648 die
2268 3607 2389 3647 esse
2410 3603 2616 3646 noctem
2641 3592 2990 3660 praeteritam,
3015 3605 3114 3646 nec
3140 3591 3192 3644 in
3215 3601 3370 3645 nocte
3395 3591 3539 3646 diem
3573 3591 3657 3648 l‘u-

2074 3696 2284 3740 turum:
2334 3697 2612 3754 separatos
2645 3694 2753 3739 tres
2782 3683 2898 3738 dies
2926 3691 2979 3738 et
3009 3694 3193 3738 noetes
3222 3694 3475 3751 Oportere
3509 3685 3654 3739 assi-

2072 3780 2247 3851 gnari,
2266 3784 2637 3847 computantes
2656 3777 2884 3844 primum
2913 3776 3076 3842 diem,
3100 3791 3206 3846 quo
3231 3775 3520 3832 cruciﬁxus
3545 3785 3651 3832 est:

2071 3876 2326 3938 alterunt,
2354 3872 2517 3925 trium
2549 3870 2799 3924 horarum
2830 3878 3232 3938 reparatarum,
3281 3871 3496 3925 tertium
3529 3869 3656 3924 sab—

2074 3966 2202 4033 bati,
2235 3965 2337 4020 erit
2364 3963 2571 4017 Domini
2602 3961 2716 4016 dies
2737 3961 2789 4016 4.
2817 3961 2915 4027 Qui
2941 3969 3123 4015 autem
3153 3966 3288 4016 lianc
3312 3963 3649 4018 circumven-

2073 4059 2271 4111 tionem
2303 4055 2505 4117 vitant,
2541 4052 2887 4108 consentiunt
2918 4067 2946 4104 a
2983 4063 3138 4107 noete
3165 4052 3377 4121 quidem
3417 4068 3646 4123 compu-

2073 4147 2327 4202 tandum:
2377 4144 2472 4198 sed
2516 4155 2698 4198 noctes
2737 4159 2766 4198 a
2811 4143 2998 4198 diebus
3040 4142 3242 4198 debere
3268 4144 3531 4214 separari,
3561 4146 3649 4200 di-

2072 4249 2276 4300 centes,
2311 4239 2361 4292 in
2384 4239 2418 4292 5
2441 4236 2587 4290 boris
2610 4237 2951 4312 tenebrarum
2977 4237 3396 4306 importunarum
3421 4239 3652 4308 primam

2073 4341 2304 4395 noctem,
2338 4332 2563 4385 alteram
2596 4328 2825 4392 sabbati,
2854 4329 3063 4383 tertiam
3088 4329 3447 4385 illucescentis
3470 4329 3656 4385 Domi-

2074 4426 2228 4480 nicze.
2258 4425 2456 4479 Noctes
2492 4423 2709 4492 quidem
2739 4421 2904 4477 veluti
2942 4429 3050 4475 tres
3079 4434 3221 4486 sunt,
3253 4423 3346 4477 sed
3375 4422 3491 4478 dies
3516 4422 3649 4479 duo.

2074 4517 2288 4571 Primus
2332 4516 2383 4570 in
2433 4514 2604 4570 tribus
2645 4515 2794 4568 boris
2831 4520 2954 4583 post
2997 4513 3284 4568 tenebras:
3334 4515 3648 4582 secundus,

1993 4591 2048 4652 Ῑ)
2071 4609 2298 4664 sabbati.
2328 4607 2443 4662 Non
2474 4607 2616 4660 enim
2649 4608 2740 4676 qui
2770 4614 3049 4674 separatos
3077 4605 3192 4660 dies
3220 4608 3436 4675 promit,
3466 4615 3651 4674 potest

2069 4698 2252 4754 dicere
2282 4699 2333 4751 in
2365 4706 2523 4751 nocte
2542 4711 2645 4767 qua
2674 4701 2990 4761 resurrexit,
3019 4695 3182 4749 luisse
3205 4695 3348 4751 diem
3373 4695 3645 4754 futurum.

2069 4790 2221 4858 Quod
2248 4790 2293 4846 si
2322 4789 2374 4845 id
2400 4787 2725 4855 consentiat,
2757 4787 3059 4842 consentiat
3089 4802 3312 4843 necesse
3339 4798 3443 4855 est,
3473 4788 3525 4842 in
3558 4805 3647 4845 re-

2069 4884 2229 4952 liquis
2256 4883 2363 4938 diei
2394 4890 2562 4938 sexta:
2601 4881 2749 4934 ferite
2771 4923 2785 4949 ,
2829 4881 2992 4937 luisse
3037 4890 3253 4936 noctem
3283 4880 3640 4949 praeteritam.

2068 4977 2197 5041 Qua:
2219 4977 2263 5031 si
2286 4974 2520 5029 tenebrae
2543 4974 2862 5044 importunae
2888 4973 3126 5037 fuerunt,
3157 4981 3265 5028 tres
3289 4983 3468 5029 tamen
3491 4975 3646 5032 bore

2070 5067 2233 5134 lucis,
2264 5065 2504 5161 ejusdem
2538 5075 2664 5119 sunt
2693 5063 2800 5117 dici
2826 5082 2840 5118 :
2891 5079 2990 5118 nec
3020 5066 3324 5119 amiserunt
3353 5065 3606 5119 ordinem
3627 5105 3642 5131 ,

2067 5155 2366 5228 quominus
2384 5171 2509 5226 pars
2537 5163 2719 5212 essent
2754 5155 2862 5211 diei
2903 5171 2964 5210 ac
3008 5157 3183 5211 noctis
3218 5171 3353 5212 sum.
3396 5155 3578 5212 Taceo
3608 5158 3645 5212 3

2066 5251 2227 5306 horas
2268 5249 2605 5304 tenebrarum
2643 5254 2856 5302 noctem
2887 5263 3007 5302 esse
3036 5262 3144 5302 non
3186 5247 3461 5317 potuisse,
3491 5249 3643 5317 quod

2068 5355 2263 5414 prarter
2315 5341 2558 5396 ordinem
2605 5340 2802 5394 fuerint
2845 5339 3167 5395 conditionis
3201 5339 3314 5395 Dei.
3361 5339 3640 5408 Quidquid

2038 5438 2207 5516 renim
2241 5434 2378 5506 signi
2407 5443 2491 5489 est
2510 5475 2525 5501 ,
2573 5447 2678 5488 non
2707 5432 2883 5488 turbat
2912 5433 3305 5489 elementorum
3337 5430 3640 5490 rationabi-

2062 5594 2158 5650 Iib.
2187 5610 2223 5648 ιι
2255 5593 2572 5657 Antiquitat.
2604 5606 2722 5661 cap.
2753 5592 2806 5647 6.

2134 5676 2155 5704 ε
2202 5664 2498 5719 Obscuraui.
2530 5659 2812 5733 chfcum
2840 5660 2988 5729 Vulg.
3013 5659 3350 5728 celebrabitis,
3379 5667 3472 5716 aut
3509 5671 3637 5714 cum

2051 5733 2222 5805 LXX,
2250 5732 2647 5802 sabbatizabitis,
2672 5732 3025 5790 σαϐϐατωῐτι.
