1914 3168
75 236 102 262 Η

611 231 713 267 LIBER
731 232 776 259 DE
796 229 930 259 SEPTEM
949 228 1106 258 REGULIS.

1635 232 1670 262 50

81 300 113 320 cm
122 299 221 320 cursum.
235 291 289 320 Non
305 294 383 321 enim
396 295 459 330 quia
473 295 547 322 stetit
557 295 599 323 sol
610 300 638 323 et
652 295 715 323 luna
730 292 810 320 dicbtt

860 306 865 319 ,
880 293 938 314 mos
951 286 1033 314 etiam
1054 293 1184 314 numeros
1195 307 1203 320 ,
1226 287 1414 322 quodcumque
1433 293 1539 322 tempus
1554 289 1581 315 in
1597 295 1665 323 quo-

71 337 134 366 iosue
145 337 203 374 (los.
217 346 240 369 ι,
255 337 297 372 l5)
310 345 340 366 et
353 339 479 368 Ezechiae
490 339 540 377 (IV
557 340 622 375 Reg.
638 345 683 374 xx‘,
700 341 766 378 l0),
779 349 824 369 so-

71 384 103 411 lus
112 384 145 411 sol
159 391 270 412 reversus
284 390 343 412 cst:
367 386 470 422 aliquid
489 395 586 416 cursus
606 388 678 416 inter
696 388 781 415 solem
797 391 826 415 et

69 430 139 457 iuuant
152 431 293 458 mutilatum
307 437 351 459 est
366 436 395 460 et
408 433 572 468 detractum,
584 437 626 465 vel
636 438 756 466 additum
770 439 824 467 diei

69 484 104 504 aut
115 478 183 510 nocti,
197 483 222 506 et
234 486 301 506 nova
315 481 416 508 exinde
431 484 512 517 cepit
533 489 684 519 temporum
697 493 743 513 ant
758 495 824 515 neo-

68 523 144 550 menia:
156 524 312 559 supputatio,
325 534 408 561 quam
420 529 513 556 statuit
527 530 597 558 Deus
609 533 635 558 ιιι
649 532 734 559 solem
745 539 771 561 et
784 534 823 561 lu-

68 577 124 601 tum,
137 577 188 597 esse
200 571 223 597 in
238 575 393 607 temporum
408 573 466 602 dies
480 579 507 602 et
520 582 606 604 annos
617 597 626 610 ,
640 577 823 617 sicut-inﬁc-

67 614 110 641 nesi
121 616 232 650 scriptum
246 622 290 644 est
314 617 398 653 (Gen.
414 628 434 653 ι,
447 621 510 657 l7).
527 622 609 650 llnlto
622 625 708 659 magis
729 614 822 654 ιηἰιιυ

65 660 106 693 die,
118 662 172 689 nihil
184 664 315 691 turbatum
327 670 382 699 est,
393 668 437 694 cui
450 676 503 696 non
517 676 579 696 sunt
590 671 704 705 adjecta:
716 673 734 700 5
747 673 821 702 liora:

64 707 214 750 tenebrarum,
234 715 263 737 ut
276 716 372 739 essent
386 713 430 740 15.
445 713 567 750 Namque
582 716 606 744 si
620 718 705 745 solem
721 720 828 747 obscu»

63 749 178 785 mann-ct
190 763 295 783 rursum
311 763 449 787 natensum
463 749 535 789 diem
550 762 674 796 dicimus,
689 767 760 800 qttod
772 775 819 793 no-

63 802 118 832 tuc'n,
130 808 199 834 quem
213 802 338 831 ordinem
350 804 447 833 damus
458 807 507 842 ipsi
521 808 585 842 diei,
599 811 644 845 qui
660 811 742 840 fuisse
753 812 820 840 dici-

59 847 171 878 tur,ioter
179 853 281 877 sextam
299 851 394 880 feriam
410 857 437 880 et
450 855 592 883 sabbatum
604 876 611 888 ,
633 858 684 885 nisi
701 859 742 886 bis
756 860 818 888 sab-

61 891 131 940 batum
144 893 186 920 luit
199 898 225 922 et
237 895 410 926 bebdomeda
421 899 466 926 illa
478 901 495 928 8
506 901 566 928 dies
581 902 694 931 ltabuit'l
717 903 798 933 Certe
807 926 815 940 ,

58 937 74 963 ti
84 940 200 967 contentio
214 941 319 970 ratione
336 945 446 972 minime
458 946 547 974 sedari
564 953 671 984 potest,
685 937 815 986 comperi;

58 983 92 1010 dio
103 987 240 1020 probamus,
253 988 272 1016 5
289 990 372 1018 horas
383 993 553 1021 tenebrarum
567 1004 620 1023 non
633 998 768 1031 pertinere
781 999 814 1027 ad

56 1031 190 1064 sepulturam
216 1034 341 1068 Domini,
365 1044 399 1064 eo
422 1038 493 1071 quod
517 1040 607 1068 adhuc
620 1042 733 1070 viveret.
758 1044 813 1071 Non

56 1077 111 1103 enim
123 1080 199 1112 potuit
211 1087 272 1109 esse
292 1080 321 1109 in
335 1083 417 1111 corde
439 1089 517 1112 terrae
528 1106 536 1119 ,
561 1087 611 1114 nisi
627 1095 661 1116 ex
675 1096 728 1124 quo
743 1097 816 1117 mor-

55 1126 101 1149 tuus
111 1123 147 1150 vel
157 1126 276 1158 sepultus
287 1133 342 1160 est,
355 1130 426 1163 quod
439 1132 537 1158 factum
549 1137 591 1160 est
601 1134 627 1161 in
643 1123 728 1163 tribus
741 1137 815 1164 boris

54 1173 119 1196 text:
130 1170 205 1204 ferias,
218 1173 289 1200 intra
306 1174 503 1205 duodecimam.
517 1179 650 1212 Quoniam
664 1186 725 1215 post
736 1190 814 1210 occa-
826 1180 829 1183 ’

53 1221 97 1241 sum
110 1216 165 1244 solis
176 1238 183 1252 ,
206 1227 258 1247 non
276 1220 379 1249 licebat
395 1222 494 1252 Judteis
509 1227 642 1261 snpelire:
661 1235 722 1256 cum
742 1234 814 1257 esset

55 1267 102 1293 pura
111 1269 178 1290 cum
191 1265 300 1294 initium
312 1268 416 1297 sabbati
431 1270 502 1298 sicut
513 1271 633 1300 Joannes
646 1273 711 1301 dicit
722 1274 812 1311 (Joan.

55 1313 98 1356 tot,
110 1309 137 1340 9;
147 1314 203 1343 ‘xtx,
217 1312 275 1348 42).
302 1313 360 1342 Illic
374 1323 439 1351 ergo
449 1337 456 1347 ,
473 1324 585 1352 propter
596 1315 701 1348 cenam
717 1309 812 1356 puram

53 1351 187 1389 latinorum,
200 1360 330 1393 quoniam
348 1351 498 1395 proximum
511 1351 597 1393 luerat
610 1351 814 1395 monumentum

52 1406 171 1432 posuerunt
193 1404 297 1434 Jesum.
325 1408 389 1437 Dies
413 1416 502 1439 autem
526 1414 650 1442 noctibus
672 1415 812 1449 dignitate,

53 1454 91 1473 tun
103 1450 218 1480 novitatis
232 1454 333 1483 ordine
345 1457 540 1492 prmferuntur;
553 1466 582 1487 ttt
593 1468 688 1489 omnes
701 1463 813 1490 masculi

52 1493 192 1542 ptimogeniti
212 1505 276 1527 sunt
288 1521 297 1533 ,
312 1501 382 1529 sicut
396 1503 496 1531 dictum
515 1511 571 1533 est:
595 1506 689 1535 Genui!
704 1509 773 1542 [illas
789 1514 813 1536 et

52 1538 110 1573 ﬁlias,
120 1547 140 1568 et
150 1545 209 1571 obiit
218 1545 296 1580 (Gen.
313 1547 351 1582 v).
365 1548 441 1582 Quod
452 1556 546 1579 contra
559 1552 644 1588 legem
656 1538 759 1582 natura:
772 1555 812 1588 lit,

52 1589 161 1614 utomnes
183 1589 220 1616 illi
241 1592 378 1619 masculos
403 1594 518 1628 primum
540 1599 706 1631 genuissent.
730 1600 813 1628 Nobis

50 1636 116 1689 :ttletu
138 1637 217 1662 ιυιιιιιι
243 1643 368 1671 temptts,
393 1639 451 1668 dics
469 1646 521 1669 est.
537 1643 632 1671 Omnia
649 1653 716 1672 nova
731 1651 808 1679 sunt,
824 1658 844 1689 ρ

51 1676 120 1710 ﬁgurae
132 1683 307 1710 transierunt.
322 1685 360 1712 Ex
377 1686 502 1721 legitimis
522 1692 640 1718 numeris
660 1697 734 1723 sunt,
753 1701 811 1727 sep-
824 1676 846 1689 υ

49 1726 143 1760 Muri-2,
158 1728 291 1763 denarius,
305 1730 488 1762 duodt-narins.
505 1734 577 1763 ldetn
594 1742 635 1764 est
656 1744 746 1765 autem
761 1726 810 1765 nn-

50 1777 124 1805 ntem,
146 1780 172 1802 et
193 1784 256 1803 cum
283 1779 494 1812 multiplicatur:
516 1780 545 1809 ut
565 1784 751 1819 septuaginta,
768 1786 808 1813 vel

48 1818 195 1853 Septingenti,
211 1822 256 1849 vel
274 1824 355 1850 toties
370 1824 395 1850 in
411 1832 456 1852 sc:
473 1830 502 1853 nt
515 1828 615 1861 septies
627 1818 729 1861 septem
739 1850 746 1861 .
764 1837 810 1858 aut

48 1860 114 1890 decies
125 1866 194 1893 deni.
209 1868 264 1896 Sed
281 1875 328 1896 aut
346 1860 717 1908 perfectionemsignificant,
731 1882 778 1904 attt
792 1885 808 1905 a

48 1914 100 1939 parte
109 1917 197 1946 totum,
211 1922 259 1942 aut
271 1916 424 1951 simplicem
438 1927 581 1947 summam.
597 1921 807 1957 Perieclionem,

48 1959 66 2004 ιι
77 1962 156 1989 unum
165 1961 291 1995 spiritus,
304 1962 431 1991 Ecclesia
442 1971 538 1999 septem
552 1968 561 2001 l_
573 1967 651 2003 Apoc.
668 1976 693 2000 ι,
708 1970 769 1997 4-11
783 1969 804 2004 ).

46 2000 114 2050 ill-tut
124 2004 201 2032 dicit:
222 2007 329 2042 Septies
341 2009 368 2036 in
383 2011 425 2037 die
439 2000 690 2049 laudzrbortetPsal.
706 2000 789 2043 culti
797 2038 805 2050 ,

47 2044 100 2079 ‘6‘):
111 2056 152 2077 aut
161 2054 255 2088 septies
269 2059 372 2082 tantum
383 2059 486 2092 recipiet
498 2060 525 2086 in
535 2060 584 2087 ista
594 2044 688 2089 riscqu
697 2044 804 2098 (Matth:

45 2097 91 2141 ξιπιῖ
106 2095 168 2124 Ercl.
182 2107 268 2134 Iuv,
289 2102 348 2136 l5).
369 2103 512 2138 Similiter,
528 2107 661 2141 (ferrarius,
685 2095 714 2137 ut
736 2110 805 2138 alius

45 2135 177 2188 Ειιιιςειίςιι
192 2145 278 2172 dicit:
297 2135 399 2175 Centies
417 2155 515 2178 tantum
531 2154 635 2188 recipiet
648 2135 674 2181 in
692 2156 739 2181 islo
756 2164 804 2183 sa:—

43 2183 172 2232 {diuum
190 2199 217 2223 ι,
232 2192 295 2227 50).
311 2192 344 2220 Et
358 2194 459 2227 Daniel,
474 2183 629 2232 angelorum
644 2204 671 2227 et
686 2201 746 2228 cali
761 2202 802 2229 vel

45 2227 138 2260 Falsis:
152 2235 385 2267 innumerabilem
408 2242 606 2271 multitudinem
627 2245 739 2274 denario
754 2255 803 2275 nu-

43 2281 537 2338 3:163mplcsuls‘est,’dicens:_Mille
548 2290 630 2338 millia
643 2293 800 2338 apparebant

43 2320 75 2375 if:
84 2326 188 2375 {licia
201 2330 302 2358 millies
315 2332 422 2360 denaria
436 2320 742 2373 circuntsislebattt‘bDan.
751 2320 800 2375 sit,

45 2364 80 2401 ίσ).
91 2368 119 2398 Et
128 2372 212 2402 David
222 2384 230 2402 :
241 2377 357 2410 Curras,
373 2379 468 2415 inquit,
484 2381 532 2408 Dei
545 2382 627 2411 decies

174 2427 246 2448 um
256 2443 266 2455 ,
283 2423 342 2456 18).
361 2425 395 2452 Et
408 2426 442 2453 de
452 2428 528 2455 omni
543 2433 681 2465 tempore,
697 2431 798 2461 David:

43 2460 227 2494 πιίθιιαυια
242 2467 341 2502 (Psal.
358 2478 412 2502 ειν,
428 2472 474 2507 8).
491 2473 572 2507 Item,
595 2460 643 2509 per
659 2460 797 2505 duodena;

45 2511 88 2553 ’Ψ
98 2510 126 2537 ⁸⁸
137 2514 208 2540 mi
223 2515 352 2545 Ecclesia
368 2518 466 2545 dictum
481 2527 521 2547 est
537 2526 549 2539 ο
565 2522 650 2550 meo
661 2529 683 2549 ct
699 2525 796 2551 duode-

44 2556 155 2602 ‘ilrm'bu
175 2559 271 2596 (Apoc.
293 2570 342 2593 vn.
357 2564 385 2595 4,
401 2565 429 2599 5)
441 2586 449 2597 ,
469 2573 561 2593 omnes
576 2575 669 2602 gentes
682 2591 690 2602 ,
713 2571 795 2598 sicut:

43 2597 158 2632 λιιίαιιιιι
171 2607 313 2635 duodecim
327 2610 407 2637 tribus
418 2597 499 2639 ιιωει
513 2597 619 2649 (aaut.
632 2597 689 2647 m,’
702 2617 756 2649 ιε).
773 2618 793 2644 Α

30 2649 94 2693 1ωιίε
109 2654 203 2695 totum:
224 2656 385 2689 quoniamlt
410 2664 516 2689 centum
541 2666 646 2695 tempus
669 2663 795 2693 legitimis

45 2694 130 2722 "uteris
143 2696 275 2731 diﬁnitstr,
295 2705 324 2727 ut
339 2702 366 2728 in
382 2702 563 2739 Apocalypsi:
579 2705 710 2734 Habebilis
727 2717 795 2740 pres-

44 2741 102 2788 :l".
112 2741 140 2788 170
149 2743 202 2770 dies
215 2745 316 2780 (Apoc.
329 2754 366 2780 tv,
380 2747 440 2783 10):
453 2756 513 2776 cum
527 2751 659 2785 signiﬁcet
673 2762 755 2788 usque
770 2756 794 2781 in

43 2780 289 2834 Septuaginta
305 2798 395 2820 autem
411 2780 436 2820 in
447 2780 590 2831 Babylone,
606 2798 676 2825 idem
692 2780 796 2834 tempus

44 2832 91 2861 αὔοι
103 2830 280 2868 inportunum
302 2844 344 2865 est
366 2847 439 2866 nunc
456 2830 582 2874 probare.
599 2843 698 2871 Przeter
712 2830 797 2879 leg-iti-

67 2893 76 2933 ξ
88 2890 146 2933 μμ
160 2894 276 2929 184000,
294 2903 327 2923 ex
339 2896 497 2925 citatorloco
506 2900 614 2933 Apocal.

67 2925 103 2950 Ἐ

68 2933 74 2942 ν
88 2933 94 2950 ι

68 2964 75 2976 ⁸
90 2933 258 2990 animum
271 2962 353 2991 Forte
367 2964 532 2997 salvationis,
548 2975 588 2994 aut
605 2968 702 2996 salaria.
718 2970 805 3002 ελῐιτπιῖ-

815 2346 839 2376 D

877 341 993 368 cumque
1005 340 1118 361 numero
1131 333 1284 369 frequenter
1295 334 1426 362 breviavit
1438 335 1582 369 scriptura,
1596 335 1666 363 sicut

875 380 1059 415 sttpradiettun
1075 386 1182 415 tempus
1195 402 1202 414 ,
1218 380 1287 408 Hora
1305 382 1468 415 appellatum
1488 387 1543 414 est,
1559 383 1665 410 dicente

875 427 1019 461 Apostolo:
1034 426 1180 453 Nouissima
1191 426 1254 453 hora
1265 432 1300 453 est
1313 426 1422 461 (lloan.
1435 435 1465 460 tt,
1480 427 1534 462 18).
1548 427 1578 454 Et
1589 427 1662 455 dies:

874 471 959 504 sicut,
980 471 1061 502 Ecce,
1077 480 1145 498 nunc
1159 471 1212 498 dies
1226 473 1237 487 ⁶
1250 472 1411 499 salutationis
1428 472 1468 507 (ll
1488 471 1548 500 Cor.
1563 480 1599 505 \‘t,
1615 473 1661 507 ‘2).

870 516 908 543 Et
929 525 1024 543 annuat
1048 517 1207 550 prwdicare:
1228 518 1297 545 sicut
1320 526 1367 553 per
1384 518 1498 545 Isaiam:
1517 518 1663 546 I’ra'dicare

872 570 968 589 annum
984 562 1092 589 Domino
1106 563 1287 597 acceptabilcm
1308 563 1380 600 (lsa.
1398 572 1452 596 ιιι,
1463 564 1480 591 ‘2
1494 568 1512 598 ).
1529 564 1661 598 Quoniam

873 617 928 637 non
946 610 1006 643 illc,
1024 617 1077 643 quo
1091 610 1220 637 D«.mintts
1235 610 1387 643 Iit-mdicatit
1398 631 1406 643 ,
1423 610 1497 638 solus
1511 611 1556 638 luit
1571 618 1666 646 accep-

871 655 963 682 tabilis
982 666 989 683 :
1005 656 1051 682 sed
1076 660 1103 683 et
1122 656 1172 683 iste
1188 663 1241 690 quo
1256 656 1393 690 przcdicat,
1410 657 1480 684 sicut
1492 657 1592 684 dictum
1605 662 1662 685 est:

873 700 997 735 Tempore
1009 706 1111 737 accepto
1126 701 1245 728 exaudiui
1259 706 1281 728 te
1294 702 1303 737 (
1314 702 1370 729 Isa.
1385 710 1444 729 sus
1454 723 1462 733 .
1475 702 1491 729 8
1501 702 1528 737 );
1543 707 1571 730 el
1585 703 1659 735 Apo-

870 748 957 774 stolus
977 747 1186 780 interpretatur:
1211 747 1276 774 Ecce
1297 756 1364 775 nunc
1388 752 1487 783 tempus
1507 749 1662 780 arceplabile

870 791 904 828 (il
920 792 980 818 Cur.
998 799 1033 825 vt,
1049 792 1088 826 2).
1105 792 1178 819 Finis
1190 793 1306 828 denique
1323 794 1402 828 huius
1418 795 1492 827 anni,
1516 794 1541 821 id
1554 799 1605 824 est.
1617 795 1660 830 ju-

869 835 930 863 dicii
940 836 1040 870 junxit,
1052 836 1145 864 dicens
1159 846 1165 863 :
1179 836 1329 865 Prtedicare
1344 847 1440 865 annum
1454 838 1559 866 Domini
1569 847 1659 875 accep-

869 882 985 915 tabileut,
1003 888 1025 908 ct
1046 882 1113 909 diem
1131 884 1314 911 retributionis.
1333 885 1365 912 Et
1379 884 1483 912 David:
1504 884 1657 918 Benedlces,

866 927 964 963 inquit,
977 936 1096 954 coronant
1108 929 1171 955 anui
1183 929 1346 964 benignitatis
1355 935 1406 956 tua:
1415 930 1502 966 (Psal.
1518 938 1589 963 thv,
1600 930 1658 966 l2).

831 975 856 1004 B
868 975 1020 1008 Aliquando
1034 975 1109 1007 hora,
1124 975 1178 1002 dies
1191 980 1213 1003 et
1231 984 1327 1003 menses
1337 997 1344 1009 ,
1364 984 1451 1003 annus
1465 980 1522 1009 est,
1539 977 1610 1004 sicut
1626 977 1653 1005 in

866 1021 1043 1057 Apocalypsi:
1058 1020 1148 1048 Parati
1167 1022 1194 1048 in
1209 1021 1310 1056 horam,
1326 1028 1350 1049 et
1370 1023 1446 1055 diem,
1458 1028 1482 1049 et
1497 1031 1618 1057 menum,
1634 1027 1659 1050 et

867 1075 961 1094 ammm
977 1067 1069 1104 (Apoc.
1085 1074 1127 1100 ιχ,
1144 1066 1208 1101 l5),
1223 1068 1295 1102 quod
1311 1071 1351 1094 est
1363 1088 1371 1100 ,
1387 1073 1442 1095 tres
1456 1069 1518 1095 anni
1539 1073 1567 1095 ct
1579 1068 1660 1096 dimi-

865 1112 950 1139 dium.
967 1111 1080 1144 Ibidem,
1094 1120 1192 1139 meum
1206 1113 1362 1147 promnnis:
1380 1114 1473 1140 Datum
1486 1119 1523 1140 est
1537 1114 1560 1141 ei
1571 1114 1657 1141 delere

865 1157 989 1191 homines,
1006 1167 1101 1185 menses
1116 1161 1226 1194 quinque
1245 1158 1344 1194 (Ibid.,
1360 1160 1404 1195 5).
1417 1160 1582 1194 Aliquando,
1598 1160 1656 1187 dies

864 1203 976 1230 denario
990 1211 1104 1231 ttumero
1119 1204 1168 1230 l0tJ
1181 1204 1239 1231 dies
1252 1209 1315 1231 sunt
1327 1225 1334 1237 ,
1347 1205 1416 1232 sient
1430 1206 1455 1232 in
1471 1206 1632 1241 Apm-alypsi
1646 1215 1653 1232 :

866 1248 927 1276 Dies
942 1249 1012 1276 mille
1022 1250 1127 1276 ducenti
1139 1250 1272 1284 sexaginta
1287 1250 1378 1285 (Apoc.
1394 1258 1418 1277 λι
1428 1271 1436 1284 ,
1451 1251 1497 1286 5);
1517 1259 1577 1278 nam
1592 1250 1654 1278 mll-

865 1294 915 1322 lies
930 1295 1072 1322 ducenties
1087 1296 1212 1330 sexagies
1233 1297 1341 1323 centeni
1357 1302 1464 1324 ccntunt
1486 1298 1586 1332 vigenti
1607 1305 1656 1326 sex

866 1340 946 1367 millia
961 1339 1021 1367 dies
1041 1344 1121 1372 sunt,
1135 1341 1181 1375 qui
1206 1346 1268 1368 sunt
1292 1343 1354 1369 anni
1380 1343 1492 1370 trecenti
1515 1344 1651 1378 quinqua-

863 1386 953 1420 ginta,
974 1386 1112 1413 mensibus
1127 1388 1291 1415 tricenos-um
1308 1387 1423 1416 dierum.
1438 1388 1538 1416 ibdem
1553 1398 1559 1415 :
1584 1397 1653 1417 unus

864 1432 965 1458 mensis
979 1431 1092 1458 denario
1108 1440 1236 1466 numero,
1258 1432 1309 1461 l00
1321 1441 1441 1467 menses,
1458 1440 1503 1462 ut:
1518 1434 1651 1462 Cit-itarem

862 1483 977 1503 sanctam
988 1476 1121 1504 calcabth
1133 1478 1260 1505 mensibus
1270 1480 1439 1515 quadraginta
1447 1480 1546 1507 duobus
1553 1479 1648 1515 (Ibid.,

862 1520 903 1555 2).
917 1521 983 1548 Nam
998 1522 1158 1557 quadragies
1172 1523 1214 1550 bis
1226 1524 1351 1556 centeni,
1368 1524 1439 1552 H00
1453 1533 1560 1552 menses
1573 1530 1651 1559 sunt,

862 1566 908 1601 qui
930 1571 993 1594 sunt
1015 1567 1077 1594 anni
1093 1568 1207 1595 trecenti
1229 1569 1431 1604 quinquaginta.
1446 1569 1580 1604 Tempus,
1603 1576 1650 1598 aut

863 1619 950 1638 annus
963 1616 1016 1646 est,
1030 1617 1076 1639 aut
1090 1612 1139 1640 100
1153 1613 1215 1640 antti
1227 1622 1234 1640 :
1250 1614 1317 1641 sicut
1329 1619 1438 1649 tempus,
1453 1620 1474 1641 et
1488 1620 1613 1651 tempora,
1625 1621 1649 1643 et

862 1657 996 1683 dimidium
1012 1658 1132 1691 temporis
1146 1657 1233 1692 (Dan.
1251 1666 1296 1691 ιιι,
1307 1659 1359 1691 25;
1377 1667 1422 1691 κη,
1438 1660 1485 1694 7),
1502 1660 1573 1694 quod
1589 1665 1647 1693 est,

861 1709 906 1730 aut
917 1703 934 1729 3
947 1703 1010 1730 anni
1024 1708 1051 1730 et
1064 1703 1202 1736 dimidius,
1214 1710 1259 1730 aut
1269 1704 1333 1732 550.
1349 1705 1415 1732 ltcm
1428 1714 1435 1731 :
1449 1705 1524 1733 Unus
1534 1706 1592 1734 dies
1603 1706 1649 1734 ali-

861 1748 1083 1783 qttandocentutn
1093 1750 1155 1776 anni
1165 1755 1242 1777 sunt:
1253 1750 1322 1777 sient
1334 1751 1367 1778 de
1382 1752 1501 1779 Ecclesia
1514 1753 1644 1785 scriptum

861 1799 917 1820 est:
933 1792 1023 1821 lacere
1038 1794 1064 1821 in
1076 1795 1187 1828 ciuitate,
1202 1795 1245 1821 ubi
1259 1802 1282 1822 et
1296 1795 1421 1823 Dominus
1435 1798 1490 1832 ejus
1509 1799 1648 1827 cruciﬁxus

859 1844 906 1871 est,
923 1844 945 1865 et
955 1844 1011 1873 post
1025 1845 1074 1866 tres
1088 1840 1142 1866 dies
1157 1846 1179 1867 et
1193 1841 1328 1868 dimidium
1342 1843 1433 1877 (Apoc.
1448 1851 1486 1876 XI,
1499 1844 1525 1877 8,
1542 1844 1599 1878 ll).
1613 1845 1645 1873 Et

859 1890 956 1918 oporlet
968 1884 1051 1919 ﬁlium
1065 1885 1174 1912 hominis
1189 1885 1349 1914 Hierusalem
1364 1889 1410 1921 ire,
1424 1893 1447 1915 et
1463 1891 1543 1915 malm
1562 1890 1615 1925 pati
1629 1899 1646 1917 ιι

858 1929 999 1956 senioribus
1016 1938 1040 1956 et
1060 1931 1217 1965 principibus
1233 1933 1407 1964 sacerdotum,
1420 1938 1444 1959 et
1454 1934 1557 1965 scribis,
1569 1939 1593 1962 et
1603 1943 1645 1962 oc-

858 1976 919 2007 cidi,
935 1981 960 2002 et
974 1981 1028 2010 post
1043 1980 1094 2002 tres
1108 1977 1160 2003 dies
1174 1986 1304 2012 resurgere
1314 1978 1419 2014 (Matth.
1437 1987 1483 2012 xx,
1498 1980 1544 2013 l8;
1559 1980 1643 2010 Marc.

859 2028 886 2053 tt,
903 2021 951 2053 55;
965 2021 1025 2048 Luc.
1041 2030 1118 2055 xvttt,
1133 2023 1189 2059 52).
1206 2024 1263 2058 Ipse
1285 2026 1357 2052 enim
1382 2025 1463 2053 tertio
1487 2027 1531 2054 die
1552 2035 1644 2055 resur-

857 2068 934 2094 rexit.
948 2068 1091 2095 Gcnerutio
1103 2069 1249 2104 aliquoties
1263 2075 1290 2097 et
1305 2076 1412 2098 centum
1427 2073 1490 2098 anni
1506 2079 1588 2100 sunt:
1603 2075 1642 2100 si-

855 2116 901 2139 cut
913 2112 1040 2139 Dominus
1050 2113 1114 2139 dicit
1127 2114 1260 2140 Altraltzc:
1274 2115 1372 2148 Quarta
1384 2122 1467 2143 autem
1480 2118 1642 2151 generatione

855 2163 992 2185 revertetur
1006 2158 1055 2185 huc
1073 2159 1149 2194 (Gen.
1164 2167 1209 2193 xv,
1222 2161 1276 2195 l6).
1292 2161 1320 2188 In
1337 2163 1430 2190 Exodo
1445 2171 1520 2196 vero,
1538 2171 1592 2192 non
1606 2165 1642 2194 de

854 2204 1003 2234 servitutis.
1029 2205 1076 2232 sed
1099 2205 1132 2232 dc
1158 2207 1242 2233 totius
1270 2208 1494 2242 peregrinationis
1517 2213 1641 2244 tempore

853 2252 954 2279 dictum
965 2257 1022 2279 est:
1041 2252 1135 2285 Quinta
1149 2259 1233 2280 autent
1246 2256 1416 2289 generatione,
1429 2256 1543 2283 ascendit
1556 2266 1639 2293 popu-

853 2297 893 2324 ltts
906 2305 939 2325 ea;
952 2296 1067 2334 Egypto
1080 2299 1176 2333 (Exod.
1191 2307 1242 2333 stt,
1260 2300 1314 2334 ﬂ),
1332 2302 1357 2327 id
1373 2307 1430 2333 cst.
1447 2309 1508 2337 post
1521 2303 1574 2332 £30
1586 2311 1636 2332 an-

853 2351 912 2371 nos.
934 2344 999 2371 Item
1014 2347 1142 2379 generatio
1155 2367 1163 2379 ,
1184 2347 1326 2381 aliquoties
1341 2348 1374 2375 to
1388 2350 1452 2376 anni
1468 2356 1545 2376 sunt:
1566 2351 1636 2379 sicut

848 2389 980 2418 Jeremias
992 2390 1058 2418 dicit
1070 2400 1076 2417 :
1091 2390 1171 2419 Erilis
1185 2393 1211 2419 in
1225 2392 1376 2428 Babylonia,
1387 2402 1467 2429 usque
1482 2396 1516 2422 ad
1531 2404 1637 2432 genera-

848 2437 929 2464 tiones
942 2443 1036 2472 septem
1049 2436 1172 2471 (Barttch.
1188 2446 1215 2465 \‘l
1228 2459 1236 2470 ,
1249 2438 1288 2474 2).
1300 2439 1458 2478 Ternarinut
1473 2449 1615 2469 numerum
1626 2462 1636 2475 ,

848 2482 971 2510 eumdem
982 2490 1053 2516 esse,
1064 2483 1146 2517 quiet
1157 2484 1297 2518 denarius,
1309 2485 1378 2512 idetn
1392 2485 1496 2520 plenius
1507 2487 1533 2513 in
1546 2487 1637 2515 Evan-

847 2529 919 2564 gelio
941 2528 1163 2563 deprehenditur.
1187 2530 1328 2557 Matthmus
1350 2532 1421 2558 enirn
1444 2532 1527 2561 dicit:
1554 2534 1636 2561 tribus

848 2573 934 2601 servis
943 2574 1074 2610 creditam
1085 2574 1189 2603 Domini
1200 2576 1374 2604 substantiam
1387 2577 1494 2612 (Matth.
1502 2579 1631 2615 uv,l3).

849 2619 936 2648 Lucas
949 2628 1013 2648 vero
1025 2621 1111 2648 decem
1121 2621 1196 2656 (Luc.
1210 2630 1265 2653 nx,
1278 2623 1341 2657 13):
1356 2631 1423 2657 quos
1435 2624 1529 2652 decem
1540 2626 1567 2652 in
1579 2631 1634 2654 tres

846 2665 954 2700 redigit,
967 2666 1029 2693 dum
1041 2671 1068 2694 et
1082 2667 1139 2700 ipse
1150 2673 1164 2692 τι
1177 2667 1264 2694 tribus
1274 2667 1341 2694 dicit
1351 2672 1474 2696 exactam
1488 2669 1631 2697 rationem.

845 2705 994 2746 Aliquodes
1008 2719 1077 2738 unus
1090 2712 1147 2739 dies
1162 2712 1235 2739 mille
1250 2713 1312 2739 anni
1328 2719 1390 2741 sunt
1401 2722 1408 2740 :
1420 2715 1489 2742 sicut
1501 2716 1633 2750 scriptum

846 2761 904 2785 est:
921 2758 979 2789 Orta
994 2758 1035 2785 die
1048 2759 1206 2793 gustaveritis
1224 2767 1255 2786 ea;
1274 2759 1362 2787 arbore
1372 2781 1378 2790 .
1395 2766 1475 2788 morte
1488 2754 1634 2791 moriemini

846 2802 924 2840 (Gen.
937 2811 964 2837 ιι,
980 2804 1035 2837 l'l).
1051 2803 1084 2831 Et
1100 2810 1205 2838 septem
1218 2804 1276 2832 dies
1289 2806 1378 2841 primi.
1396 2806 1466 2834 70M)
1480 2809 1542 2835 anui
1557 2814 1631 2837 sunt.

844 2848 899 2876 Sex
911 2849 1008 2882 diebus
1022 2855 1148 2884 operatus
1161 2856 1203 2877 est
1215 2851 1295 2882 Deus,
1310 2856 1336 2878 et
1350 2851 1482 2886 requievit
1495 2853 1530 2880 ab
1542 2855 1631 2881 omni-

844 2903 910 2946 deni
927 2905 949 2946 ll
968 2904 1031 2932 Cor.
1040 2913 1090 2946 -γι,
1112 2905 1140 2939 2,
1164 2906 1436 2946 legimus‘aumgiac.
1458 2907 1503 2937 Sic
1516 2915 1545 2938 et
1557 2911 1629 2946 apud

843 2937 940 2968 [sitiam
956 2946 1026 2974 ms,
1040 2940 1066 2976 Ut
1080 2937 1261 2978 qtto’rctﬁeittt
1273 2937 1426 2978 Aposttilu's.
