3828 6396
455 705 516 758 5t
1830 687 2127 753 'ﬂCllDNll
2163 691 2326 750 AFRI
3574 729 3577 738 ι
3632 693 3691 747 5t

450 820 551 871 bus
574 810 829 885 operibus
852 817 966 871 suis
991 814 1079 870 die
1101 815 1352 884 septimo,
1377 822 1431 869 et
1461 812 1739 869 benedixit
1760 816 1815 868 et
1835 811 2032 868 sanell-
2060 806 2109 872 Α
2138 803 2271 878 legis
2291 846 2306 874 ,
2334 810 2518 863 claves
2544 810 2692 878 regni
2720 809 2979 863 emtorem
3008 809 3116 863 alto
3158 823 3323 863 sensu
3375 805 3691 861 absconden-

453 907 630 963 l'lcavit
679 899 827 962 illum
877 901 1076 978 (lbid.,
1116 903 1171 970 2,
1219 903 1309 974 ὅ).
1356 902 1614 960 Dominus
1653 913 1831 959 autem
1864 895 2028 960 dicit:

461 999 613 1055 Pater
641 1015 780 1052 meus
810 1014 968 1066 usque
996 995 1146 1050 modo
1172 1002 1413 1065 operatur
1439 987 1624 1063 (Joan.
1650 1004 1704 1063 v,
1738 987 1848 1065 l7).
1876 989 2031 1048 Sicut

452 1088 595 1148 enim
641 1095 800 1145 istum
846 1089 1098 1144 mundum
1143 1104 1236 1144 sex
1277 1088 1468 1143 diebus
1499 1098 1755 1158 operatus
1784 1095 1905 1142 est:
1956 1089 2027 1141 ita

454 1176 708 1238 mundum
735 1178 1098 1252 spiritualetn,
1130 1182 1327 1251 quiest
1357 1175 1622 1244 Ecclesia,
1656 1193 1749 1250 per
1769 1179 1908 1234 θεοῦ
1935 1191 2030 1233 an-

453 1292 548 1332 nos
569 1287 842 1346 operatur,
858 1286 1165 1330 ressaturus
1187 1274 1274 1328 die
1296 1275 1528 1343 septimo
1550 1289 1705 1342 quem
1732 1265 2025 1336 benedixit,

446 1370 680 1438 fecitque
713 1369 762 1421 in
795 1373 1074 1421 tctcrnuin.
1109 1361 1164 1420 ld
1193 1377 1275 1421 est
1299 1358 1443 1435 quod
1475 1362 1734 1418 Dominus
1762 1365 1902 1418 inter
1925 1375 2030 1417 cr.-

448 1471 560 1512 tcra
587 1453 838 1512 mandata
866 1457 995 1511 uiliil
1019 1457 1164 1511 aliud
1192 1456 1440 1512 crebrius
1465 1457 1716 1524 praicepit
1747 1467 1908 1525 quam
1934 1453 2032 1510 ob-

445 1564 725 1602 servemus
751 1558 806 1603 et
837 1546 1123 1617 diligamus
1149 1545 1281 1600 diem
1313 1546 1655 1600 sabbatorum.
1695 1543 1799 1612 Qui
1845 1531 2026 1599 autent

448 1651 716 1710 prteccpta
769 1640 863 1703 Dei
913 1639 1064 1704 facit,
1115 1635 1398 1694 sabbatum
1445 1637 1537 1693 Dei
1578 1632 1798 1707 diligat:
1831 1635 1881 1690 id
1911 1640 2026 1700 est,

447 1731 734 1800 septimum
763 1731 904 1784 diem
934 1725 1132 1797 quietis
1158 1739 1392 1784 a-ternm.
1419 1728 1709 1798 Propterea
1737 1726 1882 1782 Deus
1903 1726 2029 1781 bor-

451 1830 593 1875 tatur
627 1823 880 1892 populum
925 1837 1028 1876 non
1075 1820 1284 1876 intrare
1327 1828 1510 1890 partas
1541 1811 1876 1874 Hierusalem
1903 1830 2028 1873 cum

442 1929 610 1969 enere
641 1916 693 1968 in
724 1909 810 1970 die
837 1912 1068 1980 sabbati,
1093 1923 1148 1969 et
1179 1915 1413 1993 minatur
1443 1913 1645 1984 portis,
1695 1926 1750 1969 ει
1781 1912 2029 1969 intranti-

441 2009 544 2061 bus
581 2024 674 2072 per
705 2022 799 2074 eas
827 2018 881 2062 et
912 2007 1259 2072 exeuntibus,
1293 2007 1434 2061 sicut
1465 2007 1751 2062 llieremite
1781 2006 2026 2071 mandat,

444 2099 628 2153 dicens
651 2117 661 2152 :
703 2095 865 2163 Vade,
901 2109 979 2151 sta
1004 2100 1056 2152 in
1080 2097 1239 2166 portis
1259 2094 1484 2166 ﬁliorum
1509 2098 1690 2167 populi
1714 2088 1808 2161 lui,
1830 2099 1882 2150 in
1902 2111 2030 2166 quas

2136 909 2236 955 tes.
2271 899 2373 970 Ipsi
2420 910 2544 953 sunt
2568 911 2741 969 porta:
2761 935 2778 965 ,
2809 916 2928 969 qua:
2956 915 3063 954 non
3099 901 3322 954 vincunt
3369 897 3657 954 Ecclesium
3677 937 3694 964 ,

2132 1003 2254 1061 qum
2279 1004 2448 1058 supra
2496 998 2700 1061 petram
2729 990 2944 1044 [nudata
2975 1001 3078 1046 cst.
3115 992 3368 1055 Quoniam
3397 989 3696 1059 {undamn-

2131 1091 2239 1135 tunt
2266 1082 2360 1136 Dei
2384 1091 2485 1134 stet
2503 1123 2519 1145 ,
2547 1083 2681 1136 sicut
2709 1083 2968 1150 scriptum
2997 1091 3079 1136 est
3102 1099 3114 1135 :
3139 1082 3385 1153 Cognovit
3428 1079 3592 1143 Deus,
3621 1079 3699 1149 qui

2131 1187 2247 1227 sunt
2268 1179 2382 1246 ejus
2411 1174 2480 1242 (tl
2506 1174 2634 1228 Tim.
2656 1191 2715 1241 tt,
2752 1176 2858 1244 19).
2891 1175 2946 1229 Si
2967 1176 3089 1244 quis
3119 1186 3296 1229 autem
3324 1190 3420 1243 per
3446 1181 3702 1243 pra'cepts

2135 1266 2541 1334 praesidentium
2566 1266 2839 1335 cathedra:
2861 1267 3028 1338 Moysi
3059 1268 3286 1334 introiit,
3321 1281 3417 1334 per
3442 1266 3700 1321 Clu-istum

2133 1358 2314 1412 intrat.
2351 1357 2522 1428 Ipsius
2549 1359 2692 1412 enim
2724 1369 2847 1413 sunt
2869 1371 3162 1427 praeeigpta,
3189 1359 3304 1428 ipse
3324 1359 3548 1426 exponit
3571 1370 3700 1412 onus

2134 1461 2483 1521 peccatorum
2514 1465 2732 1508 suorum
2761 1494 2774 1514 ,
2809 1461 2861 1506 et
2905 1451 3024 1505 sine
3066 1452 3156 1504 illo
3188 1467 3294 1505 non
3332 1451 3500 1504 intrat
3528 1450 3581 1502 in
3621 1463 3703 1502 re-

2129 1543 2311 1613 quiem
2339 1543 2574 1598 sabbati.
2607 1542 2663 1598 Si
2706 1545 2830 1613 quis
2863 1559 2990 1597 vero
3032 1560 3137 1597 non
3170 1559 3267 1612 per
3295 1551 3584 1612 precepts,
3616 1539 3704 1595 sed

2132 1650 2230 1702 per
2251 1633 2393 1688 facta
2435 1635 2839 1702 pra‘sidentium
2863 1635 3140 1690 cathedra:
3164 1635 3329 1706 Moysi
3363 1635 3546 1696 intrat,
3571 1633 3704 1686 titius

2131 1735 2215 1781 est
2257 1725 2523 1794 gehennae
2569 1719 2738 1796 magis
2763 1743 2924 1796 quant
2971 1727 3094 1794 ipsi.
3143 1728 3209 1780 Et
3244 1724 3707 1796 requiescentin

2133 1820 2400 1874 universis
2423 1860 2438 1884 ,
2471 1824 2561 1889 qui
2600 1829 2727 1872 ante
2763 1820 3046 1874 sabbatum
3098 1834 3291 1873 manna
3329 1818 3706 1884 collegerunt:

2137 1912 2228 1967 ille
2255 1927 2376 1966 cum
2402 1926 2569 1966 onere
2593 1925 2691 1964 suo
2723 1911 3028 1965 inveniatur
3062 1916 3112 1966 in
3143 1912 3230 1966 die
3267 1910 3502 1972 Subbati,
3533 1908 3584 1960 in
3609 1905 3712 1976 quo

2133 2021 2238 2057 non
2265 2014 2372 2070 est,
2397 2018 2593 2058 manna
2614 2004 2892 2073 colligere,
2913 2019 3086 2072 neque
3108 2017 3244 2056 onus
3263 2017 3556 2073 exponere.
3581 2003 3710 2070 Quis

2130 2095 2324 2150 nolunt
2347 2093 2536 2150 audire
2570 2110 2758 2150 vocem
2792 2093 2883 2148 lilii
2913 2094 3005 2149 Dei
3056 2095 3341 2148 clamantis
3372 2096 3424 2148 in
3470 2095 3710 2150 ECclesis

447 2190 802 2258 ingrediuntur
830 2207 970 2260 reges
999 2186 1138 2245 Iuda
1165 2200 1212 2244 et
1243 2189 1596 2262 egrediuntur,
1631 2202 1676 2244 et
1713 2191 1766 2244 in
1797 2191 2030 2245 ontnibus
2061 2198 2105 2260 η
2134 2197 2189 2242 ει
2216 2186 2447 2244 dicentis
2473 2205 2486 2240 :
2521 2186 2698 2241 Venite
2721 2186 2791 2240 ad
2813 2203 2892 2240 me
2914 2203 3086 2240 omnes
3109 2188 3195 2254 qui
3225 2186 3472 2240 laboratis
3498 2197 3547 2240 et
3584 2203 3708 2240 one-

443 2284 603 2348 portis
634 2275 983 2345 Hierusalem,
1014 2293 1061 2335 et
1087 2278 1223 2336 dices
1253 2286 1320 2335 ad
1341 2299 1424 2336 eos
1445 2300 1465 2337 :
1485 2283 1673 2337 Audite
1693 2282 1895 2336 uerbum
1920 2281 2024 2337 Do-

444 2372 606 2435 mini,
657 2373 746 2441 qui
781 2373 985 2427 intratis
1032 2385 1206 2442 portas
1241 2372 1386 2428 istas.
1431 2369 1558 2428 Httc
1585 2375 1708 2430 dicit
1738 2365 2025 2430 Dominus:

445 2462 704 2516 Cttstodite
730 2466 929 2519 animas
962 2478 1185 2532 vestras,
1215 2476 1261 2519 et
1290 2466 1442 2520 nolite
1477 2466 1656 2521 tollere
1681 2483 1835 2520 onera
1857 2468 1912 2520 in
1943 2462 2026 2520 die

443 2554 789 2617 sabbatorum,
814 2567 860 2609 et
887 2554 1044 2610 nolite
1069 2558 1208 2611 exire
1229 2571 1401 2628 portas
1429 2555 1770 2623 Hierusalem,
1795 2570 1839 2611 et
1869 2555 2025 2614 nolite

444 2650 583 2713 ferre
613 2663 767 2700 onera
794 2649 854 2701 de
878 2645 1114 2702 domibus
1144 2653 1320 2704 vestris
1341 2650 1393 2702 in
1416 2651 1499 2702 die
1527 2650 1871 2712 sabbatorum,
1895 2651 2025 2704 sicut

445 2739 687 2792 mandaui
727 2741 957 2810 patribus
984 2741 1164 2796 uestris
1188 2758 1205 2795 .'
1232 2754 1277 2795 et
1309 2759 1410 2796 non
1441 2737 1781 2795 obaudierunt
1808 2743 1859 2794 in
1885 2735 2027 2795 auri-

447 2829 538 2881 bns
565 2830 690 2894 suis,
735 2843 777 2883 et
811 2831 1178 2885 induraverunt
1206 2834 1449 2887 cervicem
1478 2849 1624 2886 suam
1664 2849 1818 2898 super
1853 2843 2025 2900 patres

444 2935 584 2991 suos,
615 2932 667 2973 ut
697 2937 777 2974 me
813 2940 913 2975 non
951 2923 1212 2990 audirent,
1243 2941 1402 2994 neque
1433 2919 1749 2992 perciperent
1789 2920 2023 2994 discipli-

447 3027 586 3062 nam.
625 3011 831 3081 liritque
866 3015 907 3066 si
940 3029 1018 3065 me
1047 3011 1336 3077 audiui-is,
1371 3010 1494 3067 dicit
1527 3009 1774 3067 Dominus
1795 3056 1808 3077 ,
1842 3024 1896 3068 nt
1925 3028 2025 3068 non

445 3099 679 3172 inferatis
704 3121 859 3158 onera
883 3123 972 3176 per
998 3116 1171 3173 partas
1200 3106 1414 3159 civitatis
1432 3102 1589 3179 hujus
1615 3108 1666 3158 in
1689 3099 1772 3158 die
1795 3101 2028 3159 sabbato-

441 3207 578 3260 rum,
615 3205 670 3247 ιιι
717 3212 818 3249 non
849 3194 1050 3264 faciatis
1077 3213 1225 3251 omne
1265 3213 1393 3266 Opus
1429 3203 1671 3261 t-estrutn,
1720 3205 1765 3250 et
1795 3195 2027 3266 sanctiﬁ-

441 3278 563 3338 cetis
593 3288 725 3340 diem
758 3288 1105 3353 sabbatorum,
1137 3298 1183 3340 ct
1205 3290 1463 3342 intrabunt
1492 3302 1581 3358 per
1602 3295 1780 3360 portus
1809 3286 2028 3344 ciuitatis

442 3379 596 3450 hujus
633 3397 774 3450 reges
799 3395 843 3433 et
874 3380 1166 3449 principes,
1215 3382 1443 3436 sedentes
1481 3384 1533 3435 in
1561 3379 1685 3436 sede
1726 3379 1913 3435 David.
1963 3379 2026 3436 Et

444 3472 773 3525 ascendentes
802 3471 853 3525 in
881 3489 1062 3525 currus
1094 3482 1141 3524 et
1185 3489 1341 3543 equos
1365 3515 1378 3535 ,
1421 3470 1522 3541 ipsi
1564 3468 1820 3540 principes
1852 3488 2027 3526 eorum

2127 2282 2231 2334 rati
2272 2281 2413 2343 estis,
2444 2289 2494 2334 et
2536 2296 2627 2351 ego
2667 2296 2753 2333 vos
2781 2282 3092 2350 requiescere
3127 2281 3318 2350 faciam
3347 2278 3566 2350 (Hattlt.
3617 2293 3708 2346 ιι,

2124 2373 2240 2441 28).
2271 2372 2362 2426 isti
2389 2382 2516 2427 sunt
2547 2373 2713 2438 fures,
2743 2373 2832 2442 qui
2866 2387 2970 2426 non
2993 2387 3092 2440 per
3116 2372 3333 2440 januam
3365 2387 3573 2437 veram,
3608 2371 3703 2426 sed

2128 2479 2226 2534 per
2249 2477 2435 2533 portas
2457 2480 2582 2518 suas
2611 2467 2811 2518 intrant
2840 2464 2893 2517 in
2926 2479 3076 2518 suam
3104 2464 3462 2518 Hierusalem.
3487 2464 3553 2517 Et
3577 2478 3700 2518 suc-

2129 2557 2325 2611 ccndet
2357 2557 2495 2610 Deus
2527 2557 2701 2627 ignem
2737 2558 2790 2609 in
2816 2558 2986 2625 pontis
3012 2555 3375 2620 Hierusalem,
3410 2566 3462 2610 ct
3486 2556 3711 2610 combu-

2129 2659 2212 2703 ret
2243 2651 2438 2704 itinera
2461 2649 2598 2717 ejus,
2625 2661 2679 2703 et
2708 2665 2816 2704 non
2837 2651 3239 2719 exstinguetur.
3273 2649 3412 2718 Ignis
3443 2651 3589 2702 enim
3617 2651 3710 2720 qui

2129 2742 2382 2810 Specialis
2417 2741 2750 2795 Hierusalem
2781 2750 2963 2809 portas
2993 2741 3196 2795 exussit
3216 2781 3230 2804 ,
3263 2741 3572 2794 exstinctus
3603 2749 3709 2796 est.

2128 2832 2422 2903 Apostolus
2451 2842 2628 2886 autem
2657 2832 2942 2887 sabbatum
2967 2841 2982 2895 ;
3026 2845 3079 2885 et
3105 2831 3210 2884 alia
3255 2833 3389 2900 legis
3415 2832 3670 2885 mandata
3692 2867 3708 2898 ,

2131 2928 2351 2994 ligurum
2383 2938 2504 2978 esse
2529 2923 2716 2988 futuri,
2740 2922 2817 2978 sic
2843 2924 2914 2976 ait
2941 2941 2956 2975 :
2991 2921 3158 2976 Nemo
3187 2940 3306 2993 ergo
3321 2923 3524 2995 judicet
3554 2940 3641 2976 vos
3660 2925 3710 2975 in

2128 3016 2239 3068 cibo
2267 3025 2313 3067 et
2348 3024 2471 3083 potu
2501 3024 2588 3067 aut
2619 3013 2670 3066 in
2694 3025 2838 3084 parte
2868 3014 2968 3067 diti
2997 3015 3132 3084 festi,
3160 3023 3247 3065 aut
3276 3015 3556 3068 neomenia'
3575 3057 3586 3078 ,
3621 3026 3710 3067 aut

2127 3110 2494 3163 sabbatorum:
2523 3107 2660 3178 quod
2704 3118 2776 3160 est
2806 3108 2981 3160 umbra
3011 3108 3176 3176 futuri
3219 3106 3436 3176 (Coloss.
3483 3123 3520 3160 tt
3545 3150 3558 3170 ,
3599 3109 3710 3177 lii).

2129 3204 2308 3257 Multis
2337 3204 2389 3256 in
2431 3204 2595 3267 locis,
2641 3203 2800 3255 unius
2836 3203 3096 3270 temporis
3141 3201 3340 3254 diversi
3365 3212 3600 3256 eventus
3652 3202 3704 3254 in

2129 3296 2402 3365 sepeciem
2439 3296 2735 3363 separatim
2764 3295 2995 3349 describi
3028 3296 3134 3347 duo
3169 3305 3404 3363 tempora
3439 3293 3716 3357 fecerunt.

2127 3389 2279 3459 quasi
2311 3405 2378 3443 ex
2414 3374 2611 3442 ordine
2651 3403 2708 3442 se
2739 3387 3100 3456 insequentia.
3153 3387 3207 3440 ln
3252 3402 3454 3454 genere
3485 3397 3674 3439 autem
3703 3426 3718 3450 ,

2129 3497 2239 3535 uno
2273 3491 2518 3548 tempore
2549 3489 2847 3548 etutcrque
2874 3489 3135 3533 eventus:
3168 3479 3222 3532 Si
3248 3477 3316 3531 14
3335 3479 3457 3530 anui
3487 3479 3595 3531 sub
3626 3477 3722 3532 Jo-

444 3565 536 3615 .iri
563 3560 726 3622 Iuda.
773 3564 857 3632 qui
897 3561 1182 3618 inhabitant
1226 3561 1570 3616 llirrnsaletn.
1623 3557 1688 3616 lit
1717 3561 2027 3616 habitabitur
2053 3572 2095 3633 ε
2131 3575 2295 3643 sep“,
2327 3573 2590 3628 ubertatis
2631 3582 2686 3626 ει
2735 3572 3038 3626 sterilitatis
3087 3572 3116 3624 7
3164 3571 3286 3625 anni
3318 3578 3442 3623 sunt
3490 3580 3713 3623 tantum

441 3655 617 3706 ciuitas
649 3653 758 3707 lucc
786 3656 838 3707 in
861 3666 1128 3718 a-ternum,
1163 3666 1210 3706 et
1241 3656 1434 3708 uenient
1465 3653 1528 3708 de
1552 3655 1834 3709 ciuitatibus
1859 3645 2021 3720 Iuda,

442 3759 486 3797 rt
534 3746 596 3800 de
641 3744 927 3799 civitatibus
974 3746 1329 3812 Hierusalem,
1365 3753 1412 3799 et
1447 3749 1509 3799 de
1539 3753 1671 3799 terra
1715 3743 1981 3814 Binjamin
2007 3787 2022 3809 ,

442 3849 488 3890 et
520 3839 583 3891 de
611 3850 747 3891 terra
771 3844 1059 3911 campestri,
1090 3849 1138 3894 et
1171 3842 1233 3892 de
1257 3849 1392 3893 terra
1425 3854 1542 3906 qute
1570 3837 1640 3891 ad
1662 3847 1912 3902 austrum,
1941 3839 2021 3907 af-

442 3937 660 3999 ferentes
690 3928 990 3984 ltolocausta
1028 3941 1074 3984 et
1113 3928 1343 3994 incensa,
1380 3935 1426 3983 et
1456 3940 1664 3990 manna,
1708 3939 1754 3982 et
1781 3929 1918 3994 ilius,
1949 3929 2023 3998 fe-

442 4032 607 4075 rentes
639 4017 986 4075 laudationem
1013 4023 1066 4076 in
1103 4020 1256 4074 domo
1288 4014 1516 4074 Domini.
1544 4017 1610 4072 Et
1637 4019 1680 4072 si
1703 4035 1780 4073 me
1805 4035 1903 4073 non
1928 4031 2019 4072 al-

437 4109 672 4177 dieritis,
732 4125 783 4166 ut
829 4111 1160 4179 sanctiﬁcetis
1218 4112 1350 4165 diem
1403 4110 1762 4174 sabbatorum,
1822 4121 1872 4163 ut
1920 4126 2020 4164 non

442 4206 654 4273 portetis
684 4220 864 4268 onera,
891 4220 1050 4272 neque
1076 4203 1277 4257 intretis
1304 4219 1390 4270 per
1436 4212 1611 4271 portus
1645 4196 1972 4254 Hierusalem
2003 4217 2022 4255 :

439 4300 746 4353 succendam
787 4303 956 4373 ignem
987 4302 1038 4353 in
1081 4300 1246 4366 portis
1290 4303 1424 4371 ejus,
1455 4308 1503 4351 et
1537 4305 1800 4351 consumet
1842 4293 2020 4350 domos

2129 3663 2283 3733 (Gen.
2314 3667 2449 3734 xu},
2481 3665 2532 3718 id
2572 3675 2660 3719 cst
2702 3680 2863 3719 omne
2909 3674 3121 3731 tempus
3151 3664 3419 3731 passionis
3452 3659 3681 3715 Domini
3704 3699 3719 3725 ,

2128 3761 2179 3811 in
2219 3757 2376 3826 cujus
2406 3754 2569 3826 ﬁgura
2600 3761 2771 3810 lactus
2801 3766 2884 3812 est
2913 3755 3110 3825 .lnsepli
3150 3754 3398 3810 dominus
3437 3751 3672 3826 λεωριὶ
3704 3796 3722 3820 ,

2126 3865 2246 3904 cum
2269 3860 2414 3905 esset
2442 3851 2512 3905 50
2536 3865 2824 3904 animi-um.
2847 3849 2946 3916 Qui
2976 3861 3101 3902 sunt
3126 3850 3306 3916 itaque
3335 3849 3493 3901 nobis
3519 3848 3553 3899 7
3584 3847 3723 3900 anui

2126 3942 2391 3996 ubertatis
2418 3952 2470 3996 et
2496 3943 2797 3996 saturitatis
2823 3960 2836 3993 :
2871 3942 3012 3996 idem
3046 3940 3228 3993 ca-teri
3261 3939 3292 3990 7
3318 3938 3640 3992 sterilitatis
3670 3947 3728 3992 et

2126 4031 2301 4087 lautis.
2331 4033 2439 4086 lsto
2465 4033 2609 4086 enim
2635 4043 2882 4102 tempore
2898 4033 3134 4085 tninatur
3165 4030 3420 4084 Dominus
3444 4027 3726 4084 divitibus

2124 4122 2345 4189 ﬂuitem,
2380 4126 2706 4194 pauperibus
2736 4139 2862 4179 vero
2883 4123 3247 4176 saturitatem.
3278 4121 3570 4176 Promittit
3597 4122 3726 4178 haec

2124 4215 2298 4282 bona;
2345 4227 2400 4270 et
2427 4217 2569 4280 mala
2613 4217 2846 4285 duplicis
2892 4215 3152 4285 temporis
3193 4227 3298 4267 uno
3327 4218 3587 4282 tempore
3640 4213 3729 4268 fu—

2124 4316 2265 4361 tura.
2300 4308 2554 4362 Testatur
2582 4307 2851 4379 scriptura
2896 4307 3063 4361 Exodi
3094 4304 3288 4376 (Exod.
3331 4305 3410 4374 ι),
3433 4307 3572 4375 quia
3605 4323 3732 4362 ma-

444 4387 788 4457 Hierusalem,
823 4406 993 4446 etnon
1025 4393 1355 4462 extinguetur
1381 4384 1598 4462 (Jercm.
1632 4404 1770 4453 xm.
1809 4386 2015 4460 ινδ).
2057 4423 2082 4438 ο
2125 4392 2380 4452 nilestum
2425 4407 2546 4464 est,
2574 4400 2817 4453 omnium
2849 4399 3123 4467 plagarum
3156 4394 3368 4467 ΑΞωωί
3401 4396 3729 4454 immunem

440 4481 730 4540 Snl‘liceret
757 4485 995 4539 breviter
1036 4485 1328 4540 mandasse
1373 4500 1478 4538 non
1512 4482 1726 4553 operari
1756 4479 2015 4536 sabbatis.

439 4570 511 4636 Ut
536 4577 663 4646 quid
692 4595 706 4630 :
735 4573 910 4630 Nolite
938 4573 1131 4646 inferre
1151 4592 1306 4628 onera
1335 4593 1424 4646 per
1456 4585 1630 4642 portas
1663 4567 2021 4628 Hierusalem?

442 4663 570 4732 Aut,
596 4666 640 4721 si
669 4684 806 4736 Opus
836 4676 954 4722 erat
979 4686 991 4721 :
1020 4678 1074 4723 et
1101 4667 1282 4739 Operis
1311 4669 1551 4737 speciem
1575 4665 1802 4727 dii-etet,
1832 4661 1885 4720 id
1912 4675 2014 4729 est,

441 4760 596 4813 nolite
616 4756 810 4829 inferre
840 4775 928 4826 per
959 4769 1155 4829 portas.
1184 4752 1301 4813 Non
1331 4758 1476 4813 enim
1517 4755 1680 4828 a‘liqui
1714 4774 1809 4828 per
1835 4771 2018 4814 muros

442 4863 495 4908 et
531 4862 667 4905 tecta
699 4847 1005 4904 iiil'erebant
1042 4865 1204 4905 onera
1250 4851 1301 4904 in
1347 4849 1640 4902 civitatein.
1677 4842 2015 4904 HieruSaIem

2121 4505 2244 4544 esse
2281 4489 2449 4546 lsracl
2476 4509 2488 4544 :
2518 4499 2574 4546 et
2597 4507 2693 4561 per
2723 4502 2832 4545 trcs
2857 4490 2974 4544 dies
3009 4491 3357 4544 tenebrarum
3388 4491 3587 4544 lumen
3626 4493 3732 4546 lia-

2120 4583 2324 4638 buisse.
2357 4564 2511 4650 Quod
2541 4598 2684 4637 nunc
2713 4582 3071 4652 spiritualiter
3113 4570 3528 4649 geriturpsicut
3575 4582 3736 4638 Deus

2121 4672 2295 4728 eidem
2350 4675 2618 4730 Pharaoni
2671 4685 2860 4745 postea
2915 4675 3277 4728 comminatus
3327 4685 3408 4728 cst
3460 4675 3678 4732 dicens
3720 4698 3734 4732 :

2125 4763 2268 4818 Dabo
2293 4765 2522 4820 tenebras
2539 4782 2689 4837 super
2708 4775 2894 4820 terram
2917 4775 3057 4819 tuam
3085 4763 3368 4838 (Ibid.9.f).
3396 4766 3738 4838 Aliquoties

2121 4873 2282 4912 unum
2315 4870 2528 4929 tempus
2559 4859 2611 4914 in
2644 4865 2838 4913 multas
2867 4858 3054 4912 dividit
3079 4869 3258 4930 partes
3285 4877 3298 4912 :
3331 4876 3579 4928 quarum
3613 4865 3741 4920 sin-

440 4940 694 5013 bipertita
723 4951 824 5005 est,
856 4950 910 4996 et
938 4949 1108 5009 pomo
1129 4940 1246 5008 eius
1272 4939 1562 5010 bipertitae.
1597 4935 1697 4994 Per
1720 4949 1901 5012 portas
1929 4932 2014 4994 ln-

2130 4950 2259 5020 gulze
2289 4962 2456 5005 totum
2495 4963 2708 5022 tempus
2733 4954 2860 5007 sint.
2886 4954 2974 5007 Sic
3015 4968 3190 5006 annus
3217 4968 3324 5022 quo
3370 4953 3472 5008 fuit
3506 4955 3640 5014 Noe
3678 4961 3738 5016 in

437 5032 678 5087 ferorum
719 5031 904 5086 exitur
940 5033 1008 5087 de
1046 5030 1385 5090 Hierusalem
1417 5041 1599 5087 sancta
1632 5049 1650 5086 :
1679 5040 1733 5087 et
1771 5048 1864 5102 per
1888 5047 2012 5088 eas-

441 5129 564 5182 dem
613 5128 840 5181 intratur
881 5127 932 5179 in
980 5127 1286 5180 maledicta.
1327 5123 1427 5193 Qui
1459 5132 1634 5180 autem
1687 5125 1888 5180 intrant
1920 5137 2017 5195 per

439 5227 645 5290 portas,
692 5218 895 5273 intrant
933 5218 984 5271 in
1012 5224 1270 5274 a'leflltttn
1313 5211 1671 5280 Hierusalem,
1712 5226 1767 5270 ut
1787 5231 1929 5287 reges
1960 5216 2016 5272 in

440 5309 700 5374 curribus,
728 5319 776 5361 et
803 5308 856 5362 in
881 5310 1043 5375 equis,
1069 5307 1298 5364 sedentes
1316 5307 1372 5362 in
1394 5311 1510 5362 sede
1531 5299 1721 5375 David,
1757 5305 1894 5365 situt
1917 5319 2015 5379 per

439 5399 634 5456 Isaiam
662 5421 675 5454 ι
707 5399 972 5456 Adducent
1015 5399 1113 5467 ﬁlii
1157 5396 1384 5470 ﬁfiorutn
1417 5410 1480 5454 es
1509 5397 1742 5454 Omnibus
1781 5400 2015 5472 gentibus

441 5495 633 5547 donum
659 5484 766 5546 Deo
804 5500 918 5544 cunt
947 5493 1088 5561 equis
1120 5501 1167 5544 et
1197 5485 1431 5546 curribus
1453 5494 1478 5528 ⁶
1505 5487 1558 5546 in
1585 5490 1859 5559 splendore
1881 5494 2009 5546 mul-

443 5597 631 5650 torum,
663 5599 778 5639 cum
799 5582 1109 5640 umbraculis
1147 5581 1202 5638 in
1230 5590 1455 5639 sanctam
1475 5585 1723 5640 civitatem
1747 5585 1878 5659 (ιω.
1904 5595 2010 5653 Lvi,

438 5671 558 5745 20).
587 5674 766 5730 Porta:
795 5681 996 5731 sancta
1031 5675 1262 5730 civitatis
1289 5673 1585 5733 Jerusalem
1606 5720 1621 5742 ,
1651 5673 1888 5733 Christus
1913 5683 2009 5743 est,

441 5778 494 5823 et
543 5763 726 5821 vicarii
765 5771 915 5838 ejus,
959 5765 1212 5825 custodes
1249 5766 1419 5840 legis:
1455 5767 1837 5826 interﬂclenles
1881 5781 2009 5826 vero

442 5858 732 5931 prophetas
762 5869 816 5915 et
845 5857 1148 5931 lapidnntes
1171 5859 1237 5918 ad
1261 5877 1320 5918 se
1342 5863 1553 5919 missos.
1579 5855 1738 5920 Poris
1762 5863 2006 5922 diabolus

2118 5056 2264 5106 arca,
2283 5036 2604 5096 dividituriu
2623 5055 2812 5096 omnes
2826 5056 3101 5096 numeros.
3120 5042 3342 5110 Quoties
3359 5053 3550 5099 tamen
3580 5055 3744 5104 tem—

2117 5147 2308 5202 porum
2341 5131 2545 5188 mentio
2586 5142 2699 5196 est,
2733 5133 3109 5202 quaternarius
3159 5149 3439 5187 numerum
3488 5140 3739 5205 specia-

2116 5225 2239 5279 liter
2302 5233 2516 5293 tempus
2577 5232 2661 5282 est
2719 5239 2747 5277 a
2810 5223 3018 5277 Domini
3083 5223 3342 5294 passione.
3407 5241 3604 5298 usque
3678 5235 3743 5291 in

2117 5317 2310 5390 linem.
2342 5311 2732 5387 Quaterua’rius
2767 5325 2850 5372 est
2897 5326 3099 5381 autem,
3131 5319 3344 5388 quoties
3383 5329 3478 5373 aut
3515 5325 3747 5390 plenus

2117 5420 2219 5478 est,
2251 5421 2342 5465 aut
2371 5419 2498 5483 post
2525 5410 2739 5469 tertium
2769 5419 2891 5481 pars
2919 5399 3122 5481 quarti,
3149 5422 3206 5465 ut
3241 5410 3346 5465 540
3365 5419 3461 5464 aut
3512 5416 3646 5473 tres
3685 5431 3754 5476 et

2117 5496 2364 5557 dimidio.
2409 5492 2602 5559 Ceteri
2652 5516 2782 5558 vero
2825 5502 2970 5575 (nam
3021 5517 3116 5571 pro
3167 5499 3303 5556 locis
3355 5503 3750 5579 intelligendi

2116 5590 2288 5662 sunt),
2311 5584 2462 5662 signa
2499 5603 2650 5660 sunt,
2681 5609 2788 5649 non
2818 5593 3116 5650 manifesta:
3145 5589 3526 5651 deﬁnitiones.
3569 5600 3751 5669 Qua-

2113 5682 2360 5753 draginta
2402 5698 2532 5755 ergo
2580 5683 2770 5740 diluvii
2810 5684 2926 5741 dies
2959 5695 3129 5738 totum
3178 5693 3390 5756 tempus
3420 5698 3544 5741 est.
3592 5692 3754 5751 Nam

2112 5773 2202 5828 isti
2233 5784 2359 5828 sunt
2389 5773 2460 5832 to
2483 5771 2609 5830 anui
2641 5773 2693 5830 in
2727 5770 2981 5851 Egypto,
3008 5783 3065 5831 et
3119 5774 3188 5831 40
3225 5778 3350 5830 anni
3385 5779 3435 5831 in
3468 5794 3703 5843 eremo
3731 5830 3750 5857 ,

2111 5877 2168 5924 et
2211 5865 2281 5924 i0
2307 5867 2427 5924 dies
2451 5865 2645 5938 jejunii
2694 5869 2908 5949 Domini
2951 5879 3004 5925 et
3048 5866 3213 5940 Moysi
3244 5880 3297 5924 et
3323 5866 3351 5906 δ
3384 5868 3701 5935 Ecclesia:
3735 5927 3751 5951 ,

438 5963 522 6009 est
544 5993 557 6016 ,
599 5963 655 6009 et
683 5954 913 6008 vicarius
940 5953 1056 6026 ejus
1094 5954 1528 6027 pseudospostoll
1569 5953 2006 6028 pravaricstoreti
2105 5958 2301 6033 quibus
2331 5959 2384 6018 in
2419 5962 2657 6020 Ecclesia
2683 5963 2890 6035 jejunat
2925 5963 3189 6028 Ecclesia,
3224 5963 3274 6019 id
3304 5972 3408 6029 est,
3455 5965 3760 6034 abstinet

505 6071 534 6106 ι
587 6063 649 6120 1η
700 6062 968 6141 splendore
1014 6067 1308 6125 multarunt.
1348 6065 1510 6128 ιιι.
1567 6065 1665 6126 lsa.
1718 6087 1858 6139 Lm.
1904 6072 1996 6141 ευ,

437 6144 460 6197 δ
485 6141 775 6209 inpunitate
805 6140 1033 6211 ἧμιὸνων,
1062 6141 1113 6196 its
1149 6141 1399 6211 [ampullis
1423 6140 1697 6199 mutarunt.

2175 6074 2202 6114 δ
2236 6075 2367 6133 Elite
2395 6093 2450 6132 ν.
2479 6093 2530 6135 c.
2561 6087 2710 6135 recte
2740 6086 2798 6134 ut
2821 6075 2890 6136 ιιι
2915 6075 3046 6149 Reg.
3081 6093 3190 6138 ιιι.
