1914 3191
634 245 735 274 LIBER
755 241 798 273 οε
817 241 953 274 SEPTEM
972 241 1132 274 REGULIS.

1662 246 1696 272 Μ

96 313 108 333 s
129 309 278 333 mortuorum
302 302 496 339 voluptatibus.
524 303 596 331 idem
618 302 654 331 40
676 302 737 331 dies
759 302 856 338 quibus
871 306 896 334 Α
908 298 1100 331 abscondendo
1114 302 1299 338 qumrenlibul
1312 302 1459 338 gratiorem
1474 301 1577 331 taceret
1595 301 1694 330 verita-

95 352 217 379 manducat
236 356 261 378 et
281 350 346 378 bibit
372 350 492 378 Ecclesia
516 357 576 378 cum
601 349 715 376 Dntnlno
738 352 798 384 post
814 356 854 376 re-

95 398 268 425 surrectionem
291 396 326 423 ιο
350 397 415 423 anni
441 395 503 423 sunt
523 394 621 430 quibus
648 400 707 422 erat
732 394 854 422 Ecclesia

94 442 237 471 manducetis
251 448 277 470 et
288 442 384 470 bibens
407 442 459 470 sub
473 442 619 470 Salomone
630 461 638 472 ,
655 447 722 476 pace
737 439 855 475 undique

94 497 183 517 versum
207 488 355 524 prolunda,
380 492 520 523 premente
547 490 636 514 tamen
658 494 706 514 eos
730 486 856 520 bipertito

94 537 236 565 Salomone:
252 535 322 563 sicut
336 535 431 563 eadem
446 534 566 562 Eccle-ia
588 533 675 561 dicit:
692 531 771 559 Pater
791 537 856 559 unus

94 582 199 616 oppressit
210 580 305 616 nos(lll
319 581 384 616 Reg.
399 588 448 612 stt.
462 577 709 616 50).Quadraginta
724 576 794 608 dies.
807 576 856 604 luit

93 634 147 662 aqua
160 628 183 653 in
195 631 263 653 statu
280 634 348 658 suo,
364 632 391 654 et
407 626 515 654 tetidem
531 625 629 653 deiecit
643 634 649 651 :
665 628 693 651 ut
708 623 749 651 bis
768 628 795 650 et
809 623 855 650 de-

93 671 158 700 iectio
167 680 237 708 aqua
251 671 283 699 l0
295 679 399 704 mense,
411 671 436 699 id
447 675 499 701 est.
511 670 634 706 perfecto
650 672 771 704 tempore
782 676 856 696 corn-

94 717 200 753 pleretur.
212 717 263 745 Sed
277 718 302 744 in
317 724 426 752 genere,
440 724 494 743 nun
510 717 545 743 ita
557 720 609 748 est,
621 719 649 742 ut
663 713 778 750 quodam
789 717 856 742 tem-

93 770 145 798 pore
158 762 306 795 invalescat,
314 766 342 789 et
351 762 450 790 deinde
460 761 576 789 deﬁciat.
591 761 724 795 Quoniam
734 762 855 794 tempore

93 815 138 843 quo
149 808 250 834 valescit.
271 808 427 840 carnaliter,
451 807 546 835 eodem
561 806 653 834 deficit
670 804 854 842 spiritualiter,

94 860 118 882 ut
132 856 180 889 ipsa
200 854 277 881 elatio
298 855 334 881 sit
353 854 488 886 deiectio,
513 861 598 889 usque
613 853 676 880 dum
703 851 855 887 perﬁciatur

95 905 190 933 tempus.
209 900 251 927 Sic
271 899 386 927 mundus
406 906 522 934 regnans
547 899 657 937 ponitur
674 897 724 925 sub
743 896 855 932 pedibus

95 944 203 972 Ea-lesia:
216 945 260 972 lilii
276 943 402 972 hominis.
418 945 468 978 Qui
490 949 552 972 sunt
573 944 662 978 itaque
679 942 716 970 60
728 942 797 975 dies,
809 948 855 969 ειν

907 354 977 381 tem;
992 346 1039 377 sed
1066 349 1157 383 etiam,
1181 351 1211 376 ttt
1233 352 1317 377 totum
1339 349 1405 377 illud
1430 355 1547 384 tempus,
1559 346 1631 377 diem
1655 352 1696 375 rel

906 395 1000 422 horam
1015 403 1077 423 esse
1094 392 1269 423 monstraret.
1289 395 1387 423 Eadem
1405 396 1496 431 itaque
1510 396 1587 427 hora,
1604 395 1629 422 id
1643 399 1696 428 est,

906 447 1038 475 tempore,
1053 441 1103 469 ista
1118 441 1287 469 observanda
1304 442 1442 469 mandavit
1459 452 1465 468 :
1483 442 1530 470 sed
1551 448 1694 475 antequam

906 488 1052 516 reveletur.
1073 486 1174 516 Eadem
1193 488 1301 522 quidem
1323 488 1388 516 hora
1410 497 1417 516 :
1439 488 1486 516 sed
1511 489 1538 516 in
1552 497 1601 523 qua
1618 492 1695 522 parte

905 534 991 566 iterm,
1004 535 1109 562 ratione
1119 534 1284 570 agnoscitur.
1297 534 1448 570 Aliquoties
1462 539 1552 563 autem
1565 543 1617 562 non
1631 538 1694 562 sunt

905 580 1142 615 rec:tpitul:ttinnes
1167 579 1332 614 hujusmodl,
1355 580 1403 608 sed
1419 580 1517 608 futura:
1538 581 1694 608 similitudi-

906 633 966 658 nes,
987 626 1057 654 sicut
1072 626 1202 654 Dominus
1215 624 1281 654 dicit
1303 635 1309 653 :
1333 626 1396 654 Cum
1411 625 1541 658 uideritis,
1555 626 1623 662 quod
1637 626 1694 653 die-

906 677 959 699 tum
972 677 1008 699 est
1029 680 1074 708 per
1087 670 1222 699 Dunielent
1235 672 1404 708 prophetam,
1421 676 1482 699 tunc
1499 672 1543 707 qui
1559 673 1584 699 in
1603 670 1695 699 Judtea

905 723 974 750 sunt,
985 718 1082 753 fugient
1096 718 1122 745 in
1131 720 1227 745 montes
1238 717 1347 754 (Nouit.
1364 725 1437 749 mv,
1451 718 1493 751 l5;
1510 716 1577 745 Dan.
1591 717 1695 752 “.27).

906 764 940 791 Et
952 763 1053 791 inducit
1067 764 1157 791 tinem.
1168 762 1245 797 Quod
1259 767 1349 791 autem
1361 762 1453 791 Daniel
1467 764 1554 791 dixit:
1569 762 1597 791 In
1609 763 1696 791 Africa

905 810 1006 844 geritur
1030 816 1118 844 neque
1139 809 1233 837 eodem
1257 812 1378 844 tempore
1399 808 1470 836 linis.
1499 809 1552 838 Sed
1572 810 1696 845 quoniam

907 855 970 883 licet
986 856 1077 883 nonin
1092 862 1125 883 eo
1136 859 1225 882 tamen
1242 854 1320 883 titulo
1344 855 1462 883 futurum
1478 859 1532 883 est.
1549 855 1693 889 Propterea

905 895 968 930 tunc
982 901 1058 934 dixit,
1075 901 1100 929 id
1116 905 1168 933 cst,
1181 908 1241 928 cttm
1255 902 1380 930 similiter
1392 902 1492 929 tactum
1504 902 1583 929 fuerit
1597 909 1644 937 per
1654 909 1697 929 or-

906 948 986 988 bem;
1002 947 1073 982 quod
1095 952 1137 975 est
1152 945 1282 975 discessio
1300 950 1328 975 et
1347 947 1476 975 revelatio
1499 947 1614 974 hominis
1637 954 1699 981 pec-

93 991 158 1017 solvit
178 996 279 1024 peccata
293 990 378 1023 luds,
393 996 421 1018 et
441 988 523 1017 Israel
540 988 605 1019 με).
621 988 693 1023 quod
713 990 755 1014 cst
770 993 852 1013 unum

908 988 966 1022 cati.
982 993 1037 1021 lioc
1048 999 1149 1028 genere
1162 993 1309 1022 ioculiorris
1321 993 1386 1021 dicit
1399 993 1515 1028 Spiritus
1529 993 1556 1020 in
1573 992 1696 1020 Psalmis.

92 1042 159 1071 atque
171 1036 246 1063 idem.
264 1035 298 1063 Et
313 1033 330 1063 '1
344 1043 438 1063 mense
451 1035 522 1063 sedit
535 1035 620 1066 Area,
638 1032 707 1061 idem
725 1038 830 1066 tempus
846 1039 852 1058 :

92 1080 258 1109 Etdeliciebat
274 1088 342 1116 aqua
358 1085 444 1116 usque
457 1081 483 1108 in
497 1081 531 1108 to
550 1087 687 1111 mensem,
705 1079 775 1106 idem
788 1083 856 1105 tem-

92 1135 143 1164 pus.
156 1127 235 1155 Esirit
247 1126 280 1155 de
293 1134 354 1155 arca
368 1126 401 1154 12
415 1134 506 1154 mense
521 1125 596 1162 (Gen.
610 1129 657 1157 vri.
682 1124 736 1159 lt).
755 1125 802 1152 llic
815 1128 857 1151 cst

91 1180 165 1201 anuus
176 1174 301 1201 libertatis
316 1173 420 1201 Domini
435 1171 617 1209 accrptabilis.
631 1172 690 1206 Quo
709 1171 855 1205 completo,

92 1219 283 1247 manifestabilttr
308 1218 447 1251 Ecclesia,
470 1217 560 1245 mundi
587 1217 766 1253 pertransisse
787 1215 858 1243 dilu-

91 1266 163 1292 vium.
177 1265 340 1299 Unaquaeque
353 1271 415 1299 pars
429 1263 508 1298 hujus
524 1263 601 1296 anni,
617 1260 687 1289 idem
704 1268 789 1288 annus
803 1264 856 1288 est.

91 1309 164 1344 Quale
178 1310 199 1338 si
213 1310 332 1343 diceret,
347 1310 415 1338 exiit
432 1310 467 1337 de
490 1311 559 1337 Area
573 1309 779 1345 quadragesimo
791 1306 835 1335 die
849 1329 855 1340 ,

91 1360 130 1383 aut
140 1362 224 1384 mense
235 1356 251 1384 7
265 1359 311 1384 aut
325 1355 368 1384 to.

363 1397 502 1429 REGULA
524 1399 540 1428 ν
547 1399 567 1428 l.

320 1445 360 1473 De
379 1444 609 1482 Recapituldtione.

120 1492 354 1528 Rec'apitulallones
377 1494 441 1520 sunt
454 1492 513 1519 ista:
525 1495 615 1526 partes
629 1489 664 1518 ab
680 1489 756 1517 initio
774 1491 859 1524 usque

89 1539 113 1566 tu
130 1538 223 1566 tinem:
237 1539 304 1566 sicut
317 1537 401 1566 Adam
415 1543 500 1572 usque
511 1534 614 1569 Euoclt,
627 1536 653 1564 id
666 1540 717 1568 est,
730 1535 858 1563 Ecclesite

89 1583 289 1618 translationem,
304 1587 407 1620 septem
419 1583 618 1618 generationes,
629 1582 700 1617 quod
712 1585 763 1613 cst,
777 1585 858 1608 Omne

88 1635 192 1665 tanpus.
216 1630 315 1658 Rursus
330 1631 364 1657 ab
385 1629 469 1657 Adam
485 1633 568 1664 usque
591 1627 624 1655 ad
645 1625 720 1659 Noe.
745 1627 771 1654 id
794 1632 836 1654 est
850 1647 858 1659 ,

907 1039 972 1068 Cum
984 1041 1133 1076 converterit
1148 1039 1274 1067 Dominus
1288 1040 1460 1074 captivitatem
1482 1039 1564 1067 Sion:
1580 1040 1642 1076 facit"
1656 1048 1699 1066 Sli-

907 1092 964 1113 mur
976 1084 1043 1112 uelut
1058 1085 1200 1113 consolati:
1219 1085 1290 1112 Tunc
1301 1085 1426 1121 repletum
1437 1090 1475 1112 est
1488 1085 1584 1121 gaudio
1599 1093 1626 1112 os
1640 1093 1697 1113 nos-

907 1136 985 1164 trum,
1000 1135 1024 1158 et
1037 1129 1127 1167 lingua
1140 1136 1227 1158 nostra
1248 1128 1428 1159 exsultatione.
1448 1130 1522 1159 Tum:
1535 1132 1619 1158 ditent
1633 1134 1698 1158 inter

907 1182 1002 1213 gentes,
1017 1176 1190 1212 magniﬁcam
1205 1176 1331 1205 Dominus
1345 1178 1430 1212 facere
1443 1185 1502 1205 cum
1512 1178 1576 1205 illis.
1595 1177 1699 1214 Magni-

907 1223 992 1257 ﬁcauit
1008 1220 1134 1250 Dominus
1144 1225 1228 1257 facere
1238 1222 1369 1257 nobiseum
1380 1232 1391 1250 :
1404 1223 1468 1259 facti
1484 1231 1571 1250 eamus
1585 1225 1696 1252 laetantes

907 1265 994 1302 (Ptol.
1010 1274 1096 1300 cuv,
1115 1267 1181 1302 l-3).
1199 1266 1319 1296 Dicendo
1336 1275 1401 1296 vero
1415 1277 1421 1294 :
1438 1267 1502 1295 εω-
1514 1271 1630 1296 averterit
1645 1269 1697 1296 Do~

906 1313 992 1340 minus
1005 1314 1176 1348 captivitatem
1188 1314 1252 1341 Sion
1261 1317 1343 1342 :tunc
1352 1313 1482 1342 dixerunt
1498 1319 1510 1334 ι
1526 1315 1552 1342 ἰη
1562 1316 1697 1352 gentibus.

909 1358 987 1386 Nunc
1005 1363 1109 1392 avertet,
1130 1358 1226 1394 inquit.
1240 1357 1316 1387 Tunc
1329 1358 1423 1388 dicent
1441 1359 1468 1387 in
1490 1358 1624 1395 gentibus.
1645 1360 1699 1388 Νυς

908 1404 980 1433 enim
994 1408 1100 1439 gentes.
1116 1409 1231 1439 quorum
1245 1404 1429 1439 captivitatem
1444 1405 1552 1433 avertit.
1572 1405 1645 1434 Sicut
1665 1406 1698 1434 ll-

908 1446 995 1477 lorum
1008 1450 1034 1476 in
1046 1449 1168 1484 ligurem.
1184 1452 1290 1485 tempus
1301 1449 1431 1477 habemus
1445 1449 1567 1478 dicentes
1579 1458 1586 1477 ε
1598 1449 1699 1486 Hagni-

909 1497 993 1531 ﬁmvit
1009 1495 1133 1522 Dominus
1150 1498 1233 1530 {a-rere
1252 1501 1310 1522 om
1320 1495 1367 1527 eis,
1381 1496 1557 1530 magniﬁcae“
1573 1493 1699 1523 Dominus

908 1542 993 1576 facere
1024 1540 1163 1567 nobiscum.
1198 1539 1236 1568 De
1267 1540 1445 1568 similitudine
1477 1539 1567 1576 itaque
1596 1545 1700 1575 tempus

908 1593 986 1613 suum
997 1591 1024 1614 et
1038 1590 1170 1618 nastrum,
1183 1592 1265 1612 unum
1280 1585 1345 1612 fecit
1357 1587 1385 1613 et
1391 1584 1493 1620 junsit,
1503 1584 1596 1612 dicens
1608 1593 1615 1611 :
1629 1583 1700 1612 Tunc

909 1632 992 1669 ιιδτεηι
1005 1632 1031 1658 in
1044 1631 1172 1667 gentibus.
1184 1630 1210 1658 id
1221 1635 1275 1663 est,
1283 1636 1345 1657 cum
1355 1630 1481 1658 similiter
1491 1629 1616 1665 gentibus
1631 1632 1701 1661 tece-

87 1677 268 1710 reparstiottetn
279 1697 287 1708 .
302 1676 395 1703 decem
410 1674 617 1710 generationem
629 1671 699 1708 quod
719 1678 761 1700 est
776 1679 856 1699 omne
869 1672 892 1704 C
907 1678 952 1705 rit.
965 1677 1021 1704 Nec
1036 1677 1101 1704 illud
1115 1675 1330 1710 prmiercundum
1343 1679 1418 1711 puto,
1430 1675 1501 1711 quod
1518 1676 1630 1710 spiritus
1643 1682 1701 1704 sine

87 1725 201 1754 tunpus:
215 1725 240 1747 et
253 1728 267 1747 a
282 1719 337 1748 Noe
354 1726 440 1754 usque
454 1720 488 1746 ad
502 1719 637 1747 Abrnliattt
657 1718 752 1745 decent
775 1722 857 1752 gene-

87 1767 205 1793 rationm.
220 1766 284 1798 Nam
296 1770 323 1793 et
344 1771 451 1792 centum
465 1765 527 1791 anni
540 1785 548 1797 ,
563 1763 661 1798 quibus
682 1762 716 1789 ab
729 1763 799 1790 Arca
820 1762 858 1789 ta-

86 1812 179 1840 brirata
193 1815 243 1844 est,
258 1817 337 1839 omne
360 1815 466 1845 tempus
477 1814 520 1837 est
533 1817 586 1844 quo
606 1809 725 1836 Ecclesia
744 1809 858 1835 lubrica-

85 1862 136 1892 tur,
150 1864 175 1886 et
187 1866 220 1886 eo
230 1861 361 1892 tempore,
373 1857 399 1884 in
415 1856 515 1884 diluvio
527 1855 703 1890 pereuntibus
712 1854 856 1885 universis,

85 1904 247 1940 gubernatur.
267 1903 343 1937 Quod
369 1901 546 1937 prudentibus
569 1900 676 1935 plenius
696 1900 859 1935 investigati-

85 1950 142 1977 dam
154 1940 212 1977 data
225 1950 266 1977 via
280 1949 466 1984 relinquimus.
479 1949 614 1983 Quoniam
628 1953 663 1974 ne
676 1947 753 1981 copia
767 1946 859 1982 Scrip-

86 2002 146 2023 tarze
158 1995 355 2030 interpretando
369 1995 458 2026 loret;
481 1994 586 2028 singula
609 1993 794 2028 persequenda
808 2013 815 2024 ,
832 1997 859 2019 et

84 2048 175 2076 eaquae
185 2041 255 2067 hunc
268 2040 433 2067 intellectum
449 2038 518 2065 torte
526 2038 682 2073 impediunt,
695 2038 858 2065 removenda

84 2094 131 2115 aen
138 2086 295 2122 putavimus,
303 2087 357 2113 alio
365 2091 550 2120 properantes.
561 2084 633 2112 Inter
644 2085 751 2119 regulas
762 2084 859 2119 quibus

83 2135 183 2169 spiritus
202 2134 259 2168 lege
272 2133 387 2167 signavit
400 2140 408 2158 :
424 2140 478 2166 qtto
491 2131 601 2159 luminis
613 2131 654 2158 via
667 2131 858 2163 custodiretur,

84 2179 196 2206 noni-ibit
208 2179 326 2206 custodit
340 2178 564 2212 recapiltilzllltille
576 2177 695 2212 sigillum
707 2180 739 2204 ea
754 2176 859 2204 subtili-

84 2229 142 2255 tate.
155 2228 184 2251 ut
202 2223 367 2251 continuatio
383 2222 646 2258 nmgisunrrutionis
657 2243 664 2255 ,
679 2229 760 2257 quam
785 2228 861 2249 reca-

83 2262 198 2303 pitulatin
208 2269 341 2296 videatur.
359 2268 509 2303 Aliquotics
530 2268 602 2296 enim
624 2269 664 2295 sic
678 2267 858 2302 recapitulat:

83 2313 150 2340 Tune
164 2314 205 2340 illa
222 2315 298 2342 hora.
314 2313 360 2340 illo
375 2314 431 2344 die,
445 2321 477 2339 eo
493 2318 614 2346 tempore
627 2321 635 2339 :
647 2314 716 2340 sicut
731 2313 861 2340 Dominus

908 1722 1045 1757 mystcriis
1068 1721 1109 1749 vel
1124 1721 1249 1756 allegoria
1269 1720 1341 1747 aliud
1363 1720 1475 1754 intelligi
1495 1720 1592 1747 voluit.
1613 1719 1700 1754 Super

908 1766 1036 1794 Joannem
1053 1766 1129 1793 ntulli
1150 1765 1396 1800 Pseudopropltete
1411 1765 1571 1800 prodierunt
1585 1766 1611 1791 in
1628 1766 1700 1793 hunc

909 1812 1047 1840 mundum.
1062 1812 1089 1839 In
1105 1812 1158 1839 isto
1171 1811 1324 1846 cognoscite
1336 1811 1446 1844 spiritus
1461 1811 1519 1838 Dei.
1543 1811 1631 1838 Omnis
1644 1812 1699 1846 api-

908 1859 973 1885 ritus
984 1858 1027 1892 qui
1044 1856 1118 1884 solvit
1136 1857 1237 1887 Iesum,
1261 1860 1285 1882 et
1307 1860 1383 1891 negat
1395 1856 1422 1882 in
1443 1863 1521 1883 carne
1540 1856 1652 1888 uenisse,
1667 1857 1700 1883 de

910 1904 963 1931 Deo
978 1913 1028 1931 non
1041 1908 1088 1936 est,
1100 1903 1145 1930 sed
1164 1902 1205 1930 hic
1218 1902 1249 1929 de
1265 1902 1482 1929 Antichrislo-est.
1498 1902 1574 1936 Quod
1590 1902 1699 1930 audistis

909 1950 1029 1983 quoniam
1043 1949 1126 1981 venit,
1147 1953 1171 1975 et
1196 1956 1264 1974 nunc
1286 1948 1315 1974 in
1336 1948 1385 1975 isto
1410 1948 1508 1974 orando
1530 1955 1640 1982 presens
1661 1954 1700 1975 est

911 1995 931 2030 (1
944 1994 1021 2022 Joan.
1037 2002 1073 2028 tv,
1084 1994 1124 2024 5).
1136 1993 1269 2028 Numquid
1283 1993 1370 2020 omnis
1383 1994 1428 2027 qui
1442 1993 1497 2019 non
1512 1998 1590 2027 negat
1604 1991 1696 2021 Iesum

910 2042 936 2069 in
959 2048 1040 2068 carne
1054 2041 1170 2072 venisse,
1184 2038 1315 2073 Spiritum
1331 2038 1378 2065 Dei
1394 2038 1491 2066 habet?
1503 2037 1557 2066 Sed
1571 2037 1639 2065 hanc
1653 2046 1700 2066 ne-

909 2088 1056 2123 gationem.
1073 2086 1099 2113 in
1114 2091 1198 2120 opere
1208 2091 1260 2112 non
1275 2085 1300 2111 in
1315 2091 1380 2112 voce
1390 2091 1462 2115 esse,
1478 2088 1507 2111 et
1522 2091 1699 2118 unumquem-

910 2140 963 2167 que
977 2139 1030 2158 nun
1048 2138 1080 2158 ex
1104 2130 1292 2165 professione,
1313 2129 1361 2156 scd
1383 2136 1417 2156 ex
1441 2128 1570 2156 fructibus
1585 2128 1699 2163 intelligi

909 2177 1028 2206 debere:
1043 2176 1070 2203 lu
1084 2176 1158 2203 omni
1179 2174 1296 2209 Epistula
1316 2182 1367 2209 qua
1383 2181 1435 2201 non
1451 2174 1503 2201 nisi
1516 2174 1550 2201 de
1567 2172 1699 2201 ﬂuetibus

910 2224 988 2251 bonis
1008 2226 1036 2249 et
1048 2221 1127 2249 mulis
1145 2221 1264 2256 scripsit,
1282 2220 1421 2247 subtiliter
1439 2219 1567 2247 admonet
1579 2239 1587 2253 ,
1602 2220 1698 2247 eodem

909 2274 1007 2303 genere
1023 2266 1186 2299 locutionis,
1202 2266 1274 2292 sicut
1291 2264 1375 2292 dicit:
1392 2263 1425 2291 ln
1454 2260 1504 2298 isto
1524 2264 1698 2299 cognoscimus

910 2321 979 2345 eum,
995 2311 1017 2338 si
1032 2315 1159 2346 prmuptn
1175 2312 1232 2345 ejus
1249 2310 1423 2337 custodiemus
1438 2308 1462 2344 (l
1475 2309 1555 2336 Joon.
1570 2316 1598 2341 ιι,
1614 2310 1641 2341 ii,
1658 2308 1695 2343 ι).

84 2360 193 2394 loquitur
207 2362 232 2386 in
250 2359 406 2393 Evangelio,
422 2359 513 2385 timens
527 2367 532 2384 :
549 2358 597 2383 Die
610 2357 659 2393 qn‘a
673 2358 750 2384 exiuit
760 2357 826 2384 Lotlt
840 2365 857 2383 ι
871 2354 895 2384 D
910 2358 960 2392 Qui
981 2362 1065 2384 atatem
1085 2356 1148 2383 dicit
1170 2363 1179 2383 :
1205 2355 1331 2389 Quoniam
1347 2355 1452 2391 cognoui
1464 2360 1523 2381 eunt
1535 2358 1560 2381 et
1577 2355 1698 2380 mandata

84 2404 213 2438 Sodomis,
238 2406 303 2439 pluit
325 2407 408 2440 ignem
428 2405 459 2431 de
485 2404 567 2434 mlo.
591 2408 615 2429 ct
639 2403 750 2439 perdidit
773 2411 859 2430 omnes

85 2451 153 2486 (Gen.
168 2459 221 2483 sn,
232 2450 290 2483 Si).
304 2450 458 2477 Secundum
476 2451 541 2481 inme,
556 2455 628 2476 erunt
642 2450 696 2476 dies
714 2449 762 2482 ﬁlii
774 2448 857 2475 nunti-

84 2498 119 2523 itis
130 2496 231 2533 (lattlt.
259 2503 334 2527 sitv,
356 2495 411 2528 37),
428 2496 534 2528 quando
557 2494 721 2522 revelabitur
736 2494 779 2521 illa
799 2499 857 2526 ora,

83 2542 120 2575 sai
134 2542 179 2568 erit
192 2543 218 2567 in
236 2545 312 2572 tecto,
326 2544 350 2567 et
367 2548 426 2566 uasa
440 2542 495 2575 ejns
510 2540 536 2565 in
550 2540 643 2573 domo,
658 2548 709 2566 non
722 2538 858 2566 descendat

84 2586 165 2613 tollere
175 2593 214 2618 ee,
229 2591 254 2612 et
264 2586 308 2618 qui
318 2587 343 2611 in
363 2591 425 2620 agro
439 2584 556 2611 similiter
572 2592 622 2611 non
641 2588 779 2610 reserantur
792 2588 859 2610 retro

84 2631 182 2666 (latis.
198 2639 260 2662 sin,
285 2630 318 2657 15
330 2651 337 2662 ,
353 2631 407 2661 16).
430 2631 579 2657 .‘ttcnunerit
600 2631 695 2657 uxoris
708 2630 757 2657 Lot
779 2629 856 2665 (Luc.

83 2684 140 2709 svu,
153 2677 210 2712 82).
228 2676 364 2711 Numquid
381 2677 424 2703 illa
451 2678 527 2709 hora,
543 2683 594 2710 qua
609 2675 740 2704 Dominus
754 2676 857 2704 revela-

85 2729 121 2751 tas
133 2720 212 2751 merit
230 2723 351 2750 adventu
371 2728 431 2755 suo,
446 2731 497 2750 non
511 2723 587 2750 debet
611 2723 671 2756 quis
690 2724 812 2751 converti
827 2723 860 2750 ad

83 2776 188 2805 sequ:
200 2775 250 2798 sua
270 2773 347 2803 sunt,
360 2775 388 2796 et
400 2770 492 2796 uxoris
511 2770 561 2797 Lot
580 2769 746 2802 meminisse,
760 2773 788 2798 et
807 2773 859 2798 non

85 2822 219 2851 antequam
235 2814 392 2844 reveletur?
405 2814 534 2842 Dominus
547 2821 637 2843 autem
656 2815 704 2843 illa
719 2810 796 2849 hora,
807 2822 859 2851 qua

83 2862 318 2898 Iphi-Mt.
327 2861 412 2897 jlllh
423 2861 646 2890 istaobsemri:
662 2869 715 2889 non
729 2862 818 2889 solum
833 2867 860 2889 ut

110 2950 419 3003 μαι-ιιι»,
458 2935 461 2936 ⁷

104 3060 170 3084 ,v.

19 3139 47 3158 "-i

911 2406 966 2439 ejus
980 2411 1031 2430 non
1043 2406 1136 2434 seruat,
1152 2400 1263 2428 mendos
1273 2405 1320 2427 est.
1335 2400 1468 2435 Numquid
1480 2406 1513 2427 ex
1531 2398 1699 2434 professione

910 2449 977 2477 dixit
992 2447 1105 2482 intelligi
1125 2448 1234 2473 fratrem
1255 2446 1299 2480 qui
1315 2446 1398 2473 Deum
1421 2446 1526 2479 nescit,
1551 2450 1577 2472 et
1596 2449 1648 2472 non
1663 2453 1698 2473 ex

910 2493 1055 2529 operibus?
1069 2493 1102 2520 Et
1120 2492 1163 2527 qui
1178 2491 1289 2522 dixerit.
1311 2492 1433 2526 quoniam
1445 2489 1531 2525 diligit
1550 2490 1647 2523 Donat,
1672 2497 1700 2518 st

911 2542 1016 2577 patrem
1033 2544 1108 2566 suaet
1121 2537 1175 2565 odit
1189 2545 1199 2563 :
1219 2536 1330 2563 tuendo:
1351 2541 1388 2563 est
1405 2536 1426 2571 (Ι
1438 2535 1518 2562 Joan.
1541 2542 1582 2569 tv,
1596 2535 1652 2567 20).
1666 2535 1697 2563 Si

909 2588 981 2615 enim
995 2590 1024 2613 ut
1036 2585 1111 2615 dicit.
1124 2583 1212 2618 diligit
1231 2582 1335 2610 Deum:
1349 2582 1446 2610 doceat
1458 2581 1595 2616 operibus,
1606 2581 1698 2608 adnas-

909 2637 965 2661 rest
978 2633 1044 2664 Deo,
1058 2631 1151 2666 diligat
1165 2630 1248 2658 Deum
1263 2629 1288 2656 In
1307 2628 1398 2656 fratre.
1414 2628 1442 2655 Si
1461 2628 1548 2655 credit
1557 2626 1696 2655 Christum

911 2680 1078 2707 incarnatuln
1090 2685 1098 2709 ;
1112 2676 1233 2711 quiescat
1245 2674 1323 2703 odire
1336 2673 1456 2701 membra
1470 2672 1580 2700 Christi.
1598 2673 1625 2700 Si
1639 2681 1698 2700 cre-

908 2725 948 2752 dit
962 2723 1078 2751 Verbum
1102 2725 1211 2749 eutnem
1235 2720 1333 2748 factum
1354 2726 1362 2745 :
1386 2719 1449 2754 quid
1473 2719 1643 2754 persequitur
1666 2719 1693 2746 in

908 2775 1003 2801 eat-no.
1024 2766 1133 2796 Veri-ns
1151 2774 1212 2794 caro
1226 2765 1422 2803 faetamann.
1445 2772 1465 2798 t,
1482 2766 1539 2799 ιι).
1554 2764 1623 2798 Quid
1637 2771 1698 2799 per-

910 2815 1033 2850 sequitur
1054 2814 1165 2842 verbum
1194 2813 1221 2840 in
1240 2813 1340 2840 carne?
1354 2810 1523 2845 Quod-dixit
1545 2810 1673 2838 Dominus
1690 2820 1695 2837 :

913 2859 1042 2896 Quamdiu
1061 2861 1156 2896 feohtis
1168 2861 1214 2887 Ini
1228 2866 1260 2887 es
1270 2859 1391 2894 fratribus
1407 2859 1471 2886 nteit
1491 2858 1603 2885 minimis
1616 2858 1642 2885 in
1656 2866 1697 2885 nte
