3828 6360
482 263 548 318 55
1859 286 1964 341 TIC
1973 286 2154 342 NON“
2192 291 2350 345 ΛΡΜ
3670 313 3734 377 ω

475 376 814 443 credentibus,
846 382 972 435 mihi
1000 386 1194 452 fecistis
1223 387 1441 457 (Matth.
1474 407 1598 459 xxv,
1631 394 1724 463 40)
1754 412 1766 446 ;
1799 407 1904 448 non
1932 409 2058 464 Ope-
2088 401 2134 456 Α
2162 398 2232 453 de
2258 415 2379 470 rege
2406 405 2696 478 Babylonis
2715 411 3231 483 dicitur:Quontodo
3247 425 3426 480 cecidit
3451 426 3656 493 Lucifer
3674 428 3733 485 de

479 477 629 521 retur
658 469 855 524 malum
889 473 941 526 in
968 470 1164 529 Christi
1195 491 1380 544 carne,
1412 478 1463 533 id
1494 491 1595 545 εει,
1634 482 1684 536 in
1714 484 1887 538 servis
1911 488 2055 553 ejus,

477 557 731 623 quoniam
762 561 1019 618 Dominus
1048 573 1103 620 (ιι
1147 566 1411 636 Ecclesia,
1439 586 1543 625 una
1574 587 1703 628 caro
1730 583 1832 629 εει.
1869 574 1924 629 In
1954 591 2057 644 qua

474 662 635 703 carne
670 652 713 705 si
754 652 925 709 credit
955 671 1077 711 esse
1109 658 1382 716 hominem
1410 680 1422 715 :
1450 679 1549 719 cur
1579 680 1686 719 non
1721 666 1934 737 diligit,
1965 678 2059 723 aut

474 742 614 808 quod
640 744 915 801 crudelius
960 760 1080 814 est,
1112 765 1209 805 cur
1249 753 1405 820 odit,
1453 757 1595 811 sicut
1628 758 1886 827 scriptum
1929 770 2054 815 est:

477 830 577 896 Qui
600 849 700 887 non
727 834 895 906 diligit
914 840 1146 907 fratrem,
1171 853 1431 909 permanet
1454 846 1507 899 in
1530 857 1690 901 morte
1716 847 1759 919 (Ι
1783 848 1943 902 .Ioan.
1972 865 2053 917 tn,

476 922 585 993 14).
616 925 701 988 Et,
730 930 819 997 qui
868 934 1079 999 fratrem
1118 950 1270 987 suum
1298 936 1436 1004 odit,
1465 939 1724 994 homicida
1760 952 1835 995 est
1861 940 2049 1029 (Ibid.,

472 1013 585 1079 14).
643 1018 797 1069 Aliud
859 1022 1028 1088 majus
1083 1025 1384 1081 evidentius
1431 1030 1640 1098 signum
1691 1021 2051 1103 cognoscendi

472 1105 786 1165 Antichristi
818 1128 925 1167 non
953 1130 1074 1171 esse
1102 1116 1258 1185 dixit,
1288 1135 1448 1189 quam
1478 1124 1565 1191 qui
1594 1137 1751 1194 negat
1783 1128 1837 1181 in
1864 1142 2050 1202 carne,

472 1194 610 1251 idem
634 1200 749 1254 odit
775 1201 1035 1258 fratrem?
1063 1207 1191 1263 Tale
1214 1219 1390 1266 autem
1415 1213 1559 1282 quod
1590 1214 1723 1270 dicit
1749 1233 1763 1270 :
1795 1198 2050 1285 Quoniam

467 1289 556 1357 qui
602 1296 858 1361 negaverit
907 1295 1168 1353 Christum
1212 1302 1264 1355 in
1314 1320 1508 1369 carne,
1554 1306 1618 1359 de
1669 1307 1776 1362 Deo
1828 1326 1929 1363 non
1977 1322 2049 1365 est

468 1378 533 1449 (ll
564 1380 720 1437 Joan.
754 1384 883 1457 xvn)
910 1405 921 1441 :
952 1392 1144 1459 quale,
1188 1392 1357 1448 Nemo
1392 1407 1555 1466 potest
1583 1401 1752 1456 dicere
1796 1401 2045 1458 Dominus

464 1468 651 1538 Iesus,
700 1477 799 1530 nisi
845 1480 896 1532 in
942 1480 1143 1560 Spiritu
1185 1495 1358 1541 sancto
1401 1488 1444 1558 (Ι
1485 1489 1604 1543 Cor.
1660 1506 1760 1557 xtl,
1792 1493 1849 1562 5)
1878 1510 1892 1548 :
1923 1509 2045 1550 cum

469 1562 622 1615 inulti
669 1565 852 1620 dicant
899 1568 1183 1627 Dominum
1227 1572 1411 1630 Jesum
1438 1615 1453 1639 .
1504 1578 1620 1646 ipso
1659 1590 2041 1638 contestante:

466 1650 589 1706 Non
638 1671 809 1711 omnes
856 1662 942 1729 qui
988 1664 1115 1717 mihi
1161 1665 1369 1733 dicunt,
1405 1666 1651 1739 Domine,
1685 1672 1933 1744 Domine,
1963 1679 2043 1731 in-

2165 490 2314 556 ccelo,
2343 510 2497 551 mane
2517 501 2689 555 oriens
2714 504 3004 563 ?contritus
3038 522 3111 579 est
3133 514 3183 567 in
3211 523 3345 569 terra
3385 518 3469 585 qui
3510 520 3734 575 mitteba-

2161 591 2245 636 tur
2261 584 2329 637 ad
2362 601 2537 642 omnes
2574 594 2792 660 gentes?
2816 594 2896 650 Tu
2912 609 3077 653 autem
3101 602 3276 657 dixisti
3304 606 3358 660 in
3380 663 3385 667 _
3404 609 3578 661 animo
3602 620 3684 664 tuo
3709 627 3728 666 :

2160 671 2233 727 In
2257 676 2440 732 ctrlum
2488 685 2782 751 ascendam,
2811 704 2963 757 super
3003 692 3177 748 stellas
3206 695 3302 751 Dei
3346 715 3535 769 ponam
3560 703 3726 758 sedem

2160 781 2344 834 meant,
2376 770 2557 826 sedebo
2585 772 2635 826 in
2660 792 2773 829 mon
2784 788 2824 829 ‘e
2843 780 2948 833 alto
2972 799 3124 849 super
3149 797 3339 842 montes
3354 788 3486 844 altos
3511 790 3563 844 in
3587 793 3726 858 aqui-

2158 855 2346 923 lonem,
2395 864 2669 917 ascendam
2711 884 2865 939 super
2894 872 3069 936 nubes,
3096 892 3184 929 ero
3231 880 3414 935 similis
3441 882 3723 941 Altissimo.

2160 944 2316 1001 Nunc
2334 959 2500 1006 autem
2520 956 2591 1007 ad
2602 958 2792 1027 inferos
2814 962 3117 1019 descendisti
3138 970 3191 1029 in
3206 972 3540 1039 fundamenta
3563 985 3723 1031 terror.

2155 1048 2200 1091 et
2230 1043 2318 1110 qui
2339 1045 2552 1101 viderint
2574 1058 2643 1113 te,
2672 1053 2988 1110 mirabuntur
3033 1076 3187 1129 super
3217 1073 3283 1129 te,
3314 1075 3359 1117 et
3384 1066 3553 1119 dicent
3583 1083 3602 1121 :
3643 1067 3725 1123 hic

2153 1141 2226 1184 est
2255 1131 2427 1200 homo,
2470 1140 2559 1208 qui
2586 1146 2803 1197 concitat
2840 1157 3046 1213 terram,
3087 1164 3247 1207 macet
3288 1174 3450 1227 reges,
3479 1160 3567 1224 qui
3591 1163 3728 1231 ponit

2157 1220 2330 1274 orbem
2361 1235 2509 1280 terra:
2537 1240 2696 1285 totum
2754 1236 3028 1337 defertum.
3061 1241 3253 1298 Civitas
3276 1255 3444 1300 autem
3480 1250 3726 1306 destruxit

2157 1311 2494 1337 .J...l-.-._4_a_-
2702 1324 2714 1337 ι
2754 1327 2765 1337 .
2841 1328 2873 1337 ,ι

2151 1311 2497 1386 abductosque
2515 1338 2615 1375 non
2634 1311 3018 1385 solvit.'0mnes
3041 1349 3183 1404 reges
3232 1340 3457 1406 gentium
3503 1342 3727 1398 dormie-

2152 1415 2264 1457 rant
2288 1407 2341 1459 in
2364 1406 2579 1479 honore,
2605 1415 2659 1467 in
2676 1415 2829 1471 domo
2854 1438 2968 1474 sua.
3003 1422 3077 1476 Tu
3102 1437 3269 1479 autem
3294 1431 3551 1499 profectus
3590 1449 3643 1485 es
3669 1434 3723 1489 in

2148 1504 2342 1549 montes
2368 1498 2503 1552 velut
2521 1514 2771 1568 mortuus,
2799 1510 3116 1569 abominatus
3138 1534 3251 1571 cum
3265 1522 3500 1575 omnibus
3529 1526 3619 1593 qui
3640 1541 3719 1578 ce-

2147 1584 2383 1644 ciderunt
2405 1592 2457 1644 in
2486 1591 2695 1650 desertis
2718 1601 2909 1669 gladio,
2926 1615 2972 1656 e.’
2994 1607 3361 1665 descenderunt
3395 1614 3464 1665 ad
3506 1616 3721 1685 inferos.

2152 1674 2420 1739 Quomodo
2472 1688 2693 1744 t'enisli:
2734 1692 2869 1745 sicut
2906 1698 3254 1752 vestimentum
3306 1706 3553 1773 sanguine
3598 1723 3725 1762 con-

2909 1743 3254 1752 ___--...-........
3306 1743 3551 1773 ..-ην-...ν
3598 1743 3721 1762 ιν..-

465 1743 687 1798 troibunt
714 1747 767 1799 in
790 1765 1001 1819 regnum
1025 1755 1269 1817 citatorum
1292 1755 1504 1825 (Matth.
1536 1777 1630 1825 vn,
1653 1762 1769 1835 21).
1797 1765 1903 1822 Sed
1939 1770 2039 1823 hoc
2070 1768 2116 1827 B
2141 1784 2404 1837 spersum,
2450 1794 2549 1832 non
2600 1783 2694 1855 erit
2735 1788 3000 1870 mundum,
3031 1792 3101 1844 ita
3140 1809 3231 1847 nec
3257 1804 3314 1849 tu
3342 1782 3455 1851 eris/
3474 1802 3721 1870 mundus,

466 1835 585 1870 ιηηη
621 1842 901 1870 Annuus..-
980 1849 1226 1870 -----:---._-
1263 1867 1367 1870 μμ
1454 1853 1488 1870 ι·
1656 1856 1690 1870 ἰ
1785 1860 1796 1870 ·
1966 1860 1982 1870 ·
2219 1862 2229 1870 ·

464 1835 585 1892 loco
614 1842 931 1912 Apostolus,
979 1849 1229 1903 neminem
1256 1867 1402 1922 posse
1432 1853 1603 1909 dicere
1642 1856 1921 1913 Dominum
1949 1860 2042 1915 Je-

461 1946 573 1984 sum
612 1931 885 2004 Christum,
920 1940 1022 1995 nisi
1069 1943 1123 1995 in
1152 1943 1353 2013 Spiritu
1381 1957 1559 2003 sancto
1586 1952 1881 2007 secundum
1909 1969 2038 2010 con-

458 2020 741 2080 scientiam
767 2025 905 2083 dixit
931 2028 973 2101 (I
1002 2029 1124 2087 Cor.
1156 2048 1254 2101 stt,
1279 2034 1362 2106 ὃ),
1392 2039 1689 2094 secundum
1723 2042 2035 2100 interiorem

459 2110 758 2181 hominem,
807 2134 912 2174 non
958 2125 1256 2180 secundum
1302 2128 1473 2183 solam
1516 2132 1930 2201 professionem,
1980 2148 2037 2191 ut

434 2205 765 2275 ostenderet
814 2210 940 2277 illis,
984 2216 1074 2283 qui
1105 2215 1292 2272 dicunt
1330 2218 1617 2277 Dominum
1644 2223 1813 2280 Jssuu
1839 2267 1854 2292 ,
1902 2228 2037 2284 nihil

458 2293 633 2352 minus
677 2298 880 2355 habere
922 2305 1145 2372 abhis,
1177 2309 1269 2379 qui
1312 2310 1699 2369 charismatum
1744 2319 2034 2387 generibus

454 2387 812 2445 extolluntur.
873 2393 978 2450 Sed
1039 2412 1215 2476 unum.
1254 2409 1413 2472 atque
1465 2407 1715 2461 eumdem
1771 2408 2031 2479 Spiritum

451 2478 731 2546 possidere
758 2498 999 2553 omnem,
1040 2491 1133 2559 qui
1178 2490 1461 2548 Dominum
1491 2494 1675 2552 Jesum
1714 2478 2030 2566 crediderit,

452 2569 594 2625 idem
626 2574 883 2643 operibus
920 2579 1218 2638 credidisse
1263 2588 1666 2641 monstraverit.
1716 2588 1916 2655 Nemo,
1949 2589 2033 2645 in-

451 2665 586 2731 quit,
617 2674 780 2734 potest
808 2668 978 2723 dicere
1024 2669 1300 2727 Domiuum
1344 2675 1543 2743 Iesum,
1575 2680 1674 2733 nisi
1724 2681 1775 2734 in
1826 2681 2029 2753 Spiritu

446 2762 624 2806 sancto
646 2769 665 2808 :
688 2751 978 2814 Divisiones
996 2773 1168 2816 autem
1196 2775 1313 2820 sunt
1337 2768 1726 2835 charismatum,
1750 2772 1885 2826 idem
1909 2789 2029 2827 vero

445 2844 673 2910 spiritus.
719 2846 791 2903 Et
823 2850 1112 2908 divisiones
1153 2857 1548 2914 ministeriorum
1592 2870 1709 2914 sunt
1732 2862 1765 2916 Ii
1804 2873 1853 2916 et
1893 2865 2027 2918 idem

446 2932 697 2992 Dominus
724 2939 912 3009 (Ibid.,
930 2941 986 3010 4,
1017 2943 1097 3016 5).
1123 2946 1350 3004 Solvere
1370 2958 1549 3006 autem
1580 2952 1789 3018 Jesum,
1812 2966 2023 3011 estnon

443 3025 619 3083 facere
645 3032 784 3099 quod
812 3032 997 3089 .lesutn
1025 3034 1217 3093 fecisse
1242 3042 1553 3106 confitetur,
1582 3044 1718 3098 sicut
1746 3045 1889 3100 idem
1916 3046 2024 3102 Do-

443 3118 621 3176 minus
649 3120 778 3177 dicit
807 3125 952 3189 :‘Qui
986 3126 1193 3184 solverit
1219 3147 1376 3185 unum
1403 3149 1469 3188 ex
1495 3135 1751 3189 mandatis
1782 3138 1891 3190 istis
1925 3140 2020 3192 mi-

441 3210 610 3274 nimis,
633 3220 684 3265 et
716 3213 787 3267 sic
826 3214 1055 3271 docuerit
1093 3220 1358 3288 homines,
1398 3225 1639 3278 minimus
1680 3227 2021 3310 vocabitur.in

439 3314 595 3369 regno
614 3302 857 3357 calorum
883 3305 1098 3377 (Matth.
1134 3326 1187 3375 ν,
1217 3311 1332 3381 20).
1359 3314 1425 3368 Et
1444 3314 1573 3383 quid
1597 3316 1669 3369 sit
1692 3316 1919 3383 solverit,
1948 3302 2017 3375 es

437 3396 898 3463 consequentibus
926 3403 1121 3469 aperit,
1152 3402 1341 3459 dicens
1366 3422 1382 3459 :
1422 3406 1525 3473 Qui
1554 3416 1721 3461 autem
1746 3413 1945 3479 fecerit,
1970 3422 2020 3465 et

435 3482 508 3534 sic
530 3482 780 3539 docuerit.
813 3487 961 3543 Hanc
995 3504 1127 3561 ergo
1174 3497 1549 3565 negationem,
1598 3513 1823 3567 operum
1869 3516 2013 3568 esse,

436 3588 539 3628 non
570 3577 718 3631 vocis
740 3618 757 3641 ,
790 3588 846 3633 et
886 3580 1089 3636 Paulus
1129 3586 1407 3653 apostolus
1450 3587 1736 3643 conﬁrmat
1776 3590 1967 3648 dicens
1998 3612 2011 3646 :

435 3659 709 3721 Dominum
734 3670 867 3724 scire
890 3674 1218 3742 conﬁtentur,
1236 3679 1388 3747 factis
1400 3688 1574 3733 autem
1602 3694 1786 3751 negant
1816 3685 1946 3752 (Tit.
1972 3701 2009 3750 ι,

432 3755 540 3827 16).
584 3757 652 3813 Ει
698 3759 894 3816 iterum
921 3782 935 3817 :
966 3765 1204 3821 habentes
1232 3773 1453 3840 [or-mam
1496 3774 1735 3842 pietatis,
1776 3778 2010 3833 virtutem

430 3856 597 3913 autem
624 3855 733 3923 ejus
761 3864 1003 3923 negantes
1033 3857 1100 3928 (ll
1132 3858 1264 3914 Tim.
1294 3875 1385 3927 ιιι,
1414 3861 1491 3925 ὁ).
1529 3863 1643 3918 lloc
1686 3880 1852 3922 sensu
1880 3867 2013 3923 dicit

428 3938 689 4006 quosdam
727 3942 951 4010 fratres,
984 3947 1259 4004 Christum
1288 3963 1394 4006 non
1425 3967 1557 4008 voce
1583 3967 1768 4010 sancte
1814 3960 2012 4027 praedi-

427 4042 553 4085 care
580 4070 597 4097 ,
625 4032 717 4087 sed
758 4034 943 4092 corde.
982 4037 1113 4093 Nam
1144 4055 1276 4097 voce
1303 4054 1491 4100 sancte
1518 4047 1833 4115 pra-dicant.
1865 4049 2009 4109 Con-

429 4123 598 4173 sentit
636 4121 870 4191 denique
912 4128 1278 4194 prmdicationi
1307 4147 1497 4189 eorum
1523 4176 1539 4202 ,
1583 4146 1639 4191 et
1667 4139 1886 4195 mandat
1912 4158 2009 4198 au-

427 4206 553 4271 diri,
586 4208 775 4266 dieens
801 4229 815 4267 :
846 4214 983 4281 Quid
1020 4216 1230 4284 interest
1255 4222 1359 4277 sive
1390 4241 1479 4293 per
1504 4228 1857 4296 occasionem,
1901 4235 2008 4287 sive

425 4314 516 4370 per
558 4302 818 4357 veritatem
847 4303 1081 4364 Christus
1122 4315 1457 4379 annuntietur
1486 4315 1750 4389 (Philipp.
1802 4335 1855 4388 ι,
1890 4323 1999 4394 l8).

425 4390 709 4448 Dominum
739 4396 883 4449 enim
909 4396 1185 4456 Christum
1205 4403 1570 4463 Antichristus
1597 4424 1704 4466 non
1727 4421 1873 4475 voto,
1902 4390 1998 4470 sed

423 4480 706 4538 occasione
722 4486 996 4553 praedicat.
1016 4487 1141 4544 Alio
1172 4493 1420 4561 tendens,
1447 4511 1543 4566 per
1567 4496 1771 4553 Christi
1801 4516 1997 4558 nomen
2028 4485 2078 4544 Ι)

424 4570 762 4641 ingreditur:
794 4592 902 4647 quo
929 4579 1032 4634 sibi
1075 4581 1215 4637 viam
1264 4592 1493 4654 stcrnat,
1538 4605 1645 4658 quo
1689 4591 1790 4646 sub
1810 4592 2004 4650 Christi

426 4662 661 4729 nomine,
686 4669 860 4721 ventri
887 4682 1088 4739 pareat,
1112 4683 1168 4728 et
1195 4675 1279 4730 his
1295 4675 1461 4748 (quod
1486 4687 1642 4748 turpe
1669 4692 1750 4735 est
1767 4682 1996 4756 dicere),

421 4757 724 4812 sanctitatis
761 4768 817 4814 et
847 4761 1209 4832 simplicitatis
1241 4782 1438 4824 nomen
1462 4770 1914 4845 imponat,signis
1933 4786 1991 4833 et

420 4847 676 4917 prodigiis
714 4850 1083 4911 cubiculorum
1108 4870 1269 4933 opera
1302 4856 1573 4915 Christum
1622 4878 1745 4919 esse
1780 4880 1998 4924 asseve-

418 4937 719 5006 rans.Quos
735 4934 933 4999 salubri
952 4950 1201 5004 cautione
1219 4951 1389 5005 vitare
1410 4952 1667 5009 admonet
1696 4958 1992 5027 Apostolus
2046 4956 2050 4959 “

417 5026 630 5084 dicens:
650 5029 699 5084 ρ
700 5032 806 5086 iliis
819 5035 1062 5091 abstinete
1074 5054 1161 5092 vos
1182 5040 1517 5097 asimulacris
1537 5026 1757 5113 (lloan.
1788 5064 1842 5114 ν,
1870 5050 1984 5123 21).

984 5125 1266 5185 REGULA
1306 5130 1418 5187 Vll.

794 5214 868 5271 De
890 5216 1108 5275 diabolo
1137 5231 1192 5275 et
1218 5236 1449 5293 corpore
1472 5226 1610 5297 ejus.

413 5296 538 5355 Loci
582 5302 688 5358 duo
714 5305 988 5376 illustrati,
1012 5308 1174 5365 Isaia:
1192 5328 1312 5384 cap.
1346 5331 1457 5383 xw,
1477 5296 1545 5372 Et
1574 5318 1765 5377 Ezech.
1789 5340 1980 5385 xxvm.

484 5391 560 5450 De
583 5393 803 5452 diabolo
819 5410 873 5455 et
893 5414 1126 5472 corpore
1151 5404 1269 5475 ejus
1299 5407 1539 5465 breviter
1568 5414 1740 5471 videri
1774 5426 1979 5487 potest,

404 5482 463 5543 si
489 5483 542 5537 id
570 5486 728 5561 quod
750 5488 821 5544 de
851 5488 1085 5549 Domino
1107 5563 1113 5571 .
1134 5506 1191 5569 et
1218 5498 1336 5568 ejus
1379 5515 1611 5573 corpore
1639 5482 1840 5563 dictum
1873 5482 1979 5577 est,

404 5573 459 5671 id
480 5580 1060 5671 quoqneobs‘ervetur.
1088 5586 1373 5663 Trausitus
1390 5609 1639 5679 namque
1662 5613 1690 5652 ιι
1715 5604 1895 5677 capite
1908 5573 1980 5679 ad

404 5650 619 5735 horpus,
642 5660 835 5728 eadem
865 5656 1077 5732 ratione
1097 5670 1452 5759 dignoscitur,
1484 5668 1749 5759 sicntkper
1778 5650 1976 5750 lrsaidm'

2140 1862 2265 1928 quia
2295 1874 2483 1921 terram
2505 1853 2671 1925 meam
2685 1853 2977 1943 perth’disti,
2999 1894 3043 1934 et
3065 1887 3257 1954 plebem
3278 1904 3437 1942 meum
3462 1893 3718 1951 occidisti.

2143 1948 2267 2005 Non
2295 1956 2397 2009 eris
2441 1958 2492 2011 in
2540 1972 2787 2019 a’ternum
2846 1978 3043 2041 tempus
3096 1991 3260 2030 semen
3303 1996 3533 2053 nequam,
3564 2000 3717 2053 para,

2137 2043 2276 2110 ﬁlios
2327 2058 2441 2102 tuos
2472 2052 2720 2123 interﬁce,
2750 2074 3011 2125 peccatum
3033 2068 3198 2135 patris
3219 2069 3294 2122 tui
3321 2084 3721 2148 nonresurgaut

2141 2132 2295 2204 (Isai.
2337 2154 2451 2208 six,
2493 2143 2577 2209 l2,
2606 2144 2724 2217 22).
2750 2150 2805 2201 In
2859 2132 3042 2221 regem
3088 2156 3398 2228 Babylonis,
3434 2136 3501 2219 et
3525 2132 3719 2225 omnes

2137 2240 2313 2294 reges,
2341 2240 2397 2285 et
2423 2236 2600 2289 omnis
2622 2240 2854 2307 papulus
2886 2245 3237 2316 significatus,
3266 2267 3431 2308 unum
3462 2256 3611 2311 enim
3634 2266 3719 2314 est

2136 2330 2352 2387 corpus.
2412 2321 2701 2393 Quomodo,
2752 2328 2951 2401 inquit,
2980 2338 3163 2390 cecidit
3211 2340 3275 2393 de
3325 2344 3450 2396 caelo
3504 2345 3711 2416 lucifer,

2135 2422 2285 2464 mane
2313 2412 2505 2481 oriens,
2533 2423 2828 2487 confractus
2869 2430 2923 2477 tn
2951 2435 3086 2480 terra
3116 2446 3137 2482 :
3161 2432 3249 2498 qui
3280 2434 3497 2489 mittitur
3515 2436 3586 2489 ad
3606 2453 3715 2493 ont-

2135 2512 2223 2550 nes
2247 2502 2454 2568 gentes?
2475 2501 2555 2557 Tu
2576 2518 2745 2561 autent
2781 2513 2960 2568 dixisti
2980 2516 3031 2569 in
3059 2521 3230 2574 animo
3260 2531 3347 2578 tuo
3371 2541 3391 2579 :
3419 2523 3483 2580 In
3528 2531 3711 2585 caelum

2134 2590 2429 2657 ascendam,
2453 2610 2609 2664 super
2634 2600 2809 2656 stellas
2828 2602 2925 2658 Dei
2958 2625 3141 2677 ponam
3173 2614 3340 2667 sedem
3361 2631 3543 2672 meant.
3575 2620 3704 2676 Dia-

2133 2679 2289 2735 bolus
2320 2684 2421 2739 hoc
2440 2688 2541 2741 sibi
2566 2693 2851 2759 promittit.
2894 2698 3006 2753 Non
3037 2704 3176 2758 enim
3203 2718 3385 2775 sperat
3414 2711 3705 2770 retinendo

2129 2772 2183 2827 in
2208 2775 2405 2831 cadum
2430 2795 2590 2848 posse
2614 2788 2931 2855 ascendere,
2960 2795 3049 2860 qui
3082 2811 3151 2851 ue
3188 2795 3536 2869 dejiceretur,
3571 2805 3709 2861 resi-

2129 2875 2275 2920 stere
2302 2882 2407 2923 non
2426 2872 2613 2928 valuit.
2634 2877 2802 2958 Multo
2824 2884 2992 2954 magis
3020 2886 3123 2941 ista
3150 2888 3312 2946 homo
3339 2908 3565 2963 sperare
3594 2912 3704 2954 non

2129 2966 2306 3027 potest
2337 2979 2349 3013 :
2378 2973 2434 3016 et
2471 2974 2651 3022 tamen
2701 2972 2972 3030 hominem
3025 2993 3143 3035 esse
3183 2984 3260 3038 sic
3288 2984 3598 3043 dicituHic
3628 2998 3705 3048 est

2127 3049 2281 3103 homo
2305 3056 2393 3121 qui
2412 3057 2592 3111 incitat
2629 3070 2837 3121 terram.
2872 3067 2976 3122 Sed
3018 3084 3213 3139 praner
3240 3075 3379 3131 hanc
3407 3083 3701 3151 rationem,

2050 3130 2095 3192 C
2126 3153 2285 3209 quam
2318 3159 2498 3216 neque
2526 3148 2795 3220 diabolus,
2828 3130 3031 3228 nequc'
3044 3162 3208 3239 homo
3238 3130 3699 3242 sperare

2124 3246 2185 3286 se
2207 3248 2368 3303 posse
2396 3238 2450 3293 in
2482 3243 2680 3299 caelum
2726 3238 3050 3322 ascendere,
3096 3267 3151 3312 et
3180 3273 3343 3329 super
3382 3264 3571 3320 stellas
3605 3266 3702 3323 Dei

2120 3327 2341 3395 sedens,
2371 3332 2606 3391 similem
2660 3356 2721 3394 sc
2770 3344 2878 3399 Deo
2908 3346 3047 3412 fieri,
3081 3327 3386 3425 etiamipsa
3416 3357 3701 3431 Scriptura

2119 3417 2269 3471 aliud
2293 3420 2672 3490 inquirendum
2697 3431 2973 3491 admonet.
2999 3438 3131 3494 Nam
3154 3444 3198 3497 si
3226 3447 3277 3499 in
3305 3447 3501 3511 malum
3521 3462 3577 3507 et
3607 3468 3704 3509 su-

2118 3521 2214 3576 pra
2240 3511 2431 3566 stellas
2455 3513 2551 3570 Dei
2571 3517 2700 3574 dicit
2720 3537 2779 3576 sc
2797 3525 2981 3582 sedem
3003 3544 3154 3586 suam
3182 3537 3487 3603 positurum
3520 3557 3533 3594 :
3565 3558 3704 3611 quo-

2119 3598 2279 3652 modo
2303 3601 2355 3653 in
2384 3616 2569 3661 monte
2595 3613 2708 3665 alto
2736 3612 2990 3685 sedebit,
3042 3632 3133 3674 aut
3164 3598 3329 3693 super
3372 3598 3597 3687 montcs'
3642 3634 3697 3689 in

2118 3690 2432 3759 aquilonem
2467 3699 2551 3752 vel
2583 3700 2635 3754 in
2680 3706 2913 3762 nubibus
2937 3719 2994 3763 ut
3020 3714 3213 3769 similis
3260 3716 3332 3771 sit
3361 3719 3648 3779 Altissimo
3674 3726 3701 3780 ἳ

2113 3796 2223 3861 non
2266 3784 2410 3839 enim
2446 3786 2770 3875 Altissimus
2823 3798 2876 3853 in
2936 3801 3241 3873 hnjusmodi
3285 3808 3450 3867 habet
3478 3814 3695 3875 sedent.

2111 3873 2346 3942 Caelum,
2364 3873 2662 3939 Ecclesiam
2685 3886 2854 3944 dicit:
2885 3891 3027 3950 sicut
3057 3900 3388 3966 procedente
3411 3902 3697 3976 Scriptura

2111 3964 2440 4024 videbimus.
2502 3972 2580 4029 De
2632 3978 2734 4032 hoc
2761 3982 2901 4037 cmlo
2940 3964 3086 4040 cadit
3135 3990 3325 4047 lucifer
3367 3964 3690 4053 malui-inus.

2108 4055 2328 4115 Lucifer
2351 4064 2495 4117 enim
2527 4065 2821 4137 bipertitus
2849 4085 2933 4129 est
2957 4093 2971 4130 :
3005 4078 3146 4134 sicut
3189 4081 3448 4140 Dominus
3471 4088 3605 4144 dicit
3634 4092 3692 4147 in

2106 4153 2435 4225 Apocalypsi
2468 4156 2536 4212 de
2557 4174 2616 4214 se
2643 4173 2698 4217 et
2726 4163 2795 4220 de
2820 4180 2919 4222 suo
2943 4184 3174 4239 corpore
3207 4192 3221 4230 :
3253 4173 3367 4247 Ego
3384 4195 3498 4232 sunt
3532 4182 3695 4239 radix

2104 4252 2152 4295 et
2180 4260 2341 4314 genus
2365 4246 2555 4317 David,
2584 4264 2633 4306 et
2660 4257 2813 4311 stella
2840 4261 3108 4331 splendida
3145 4246 3415 4337 matutina,
3465 4288 3694 4344 sponsus

2104 4342 2153 4385 et
2173 4350 2364 4403 sponsa
2378 4338 2563 4410 (Apoc.
2591 4349 2725 4409 usti,
2744 4348 2855 4418 l6).
2878 4350 3008 4406 Item
3043 4353 3152 4409 illic
3181 4356 3312 4425 :Qui
3333 4338 3691 4427 viceril,dabo

2103 4423 2184 4477 illi
2202 4427 2407 4481 stellam
2455 4434 2759 4490 matutinum
2790 4438 2977 4510 (Apoc.
3010 4459 3082 4512 ιι,
3276 4450 3328 4505 id
3358 4464 3467 4519 est,
3499 4423 3558 4511 ut
3611 4458 3692 4515 sit

2102 4516 2262 4571 stella
2317 4522 2581 4578 matutina
2641 4528 2780 4582 sicut
2827 4529 3096 4601 Christus,
3126 4516 3287 4608 quem
3343 4516 3684 4613 accepimus.

2104 4603 2236 4660 Pars
2263 4623 2394 4676 ergo
2426 4611 2636 4682 lucifer,
2663 4618 2714 4671 id
2742 4630 2845 4685 est,
2867 4603 3158 4682 adversum
3177 4643 3395 4703 corpus,
3426 4603 3570 4706 qdod

2099 4695 2368 4765 diabolus,
2404 4716 2583 4772 reges,
2608 4716 2665 4760 et
2710 4710 2963 4779 populus,
2989 4717 3135 4772 cadit
3161 4720 3229 4775 de
3270 4695 3517 4790 ἓὼιὸ,ἐι
3539 4695 3683 4787 con-

2098 4786 2356 4860 fringitur
2383 4793 2437 4847 in
2468 4802 2632 4850 terra.
2653 4797 2751 4855 His
2776 4804 2976 4872 regulis
3003 4807 3131 4864 dicit
3153 4786 3460 4882 Sapientia:
3485 4786 3683 4879 Audite

2095 4894 2217 4950 ergo
2244 4898 2386 4953 rcges
2411 4896 2458 4938 et
2484 4886 2755 4959 intelligite
2782 4908 2802 4945 :
2832 4893 3011 4949 discite
3026 4901 3232 4969 judices
3272 4904 3453 4973 ﬁnium
3497 4919 3676 4979 terra,

2098 4970 2315 5038 prabete
2334 4990 2485 5029 aures
2502 5017 2518 5041 ,
2542 4980 2634 5043 qui
2656 4983 2924 5039 continetis
2952 4970 3346 5061 multitudinem,
3380 5008 3431 5052 et
3458 4970 3679 5069 placetis

2096 5059 2236 5113 vobis
2291 5064 2347 5116 in
2393 5064 2555 5120 turbis
2609 5071 2871 5128 nationum
2913 5082 3196 5148 :qnoniam
3246 5059 3371 5142 data

2095 5158 2318 5218 potestas
2363 5170 2395 5207 a
2428 5152 2645 5213 Domino
2670 5173 2759 5225 ,et
2808 5165 2969 5223 virtus
3018 5172 3081 5225 ab
3125 5173 3425 5245 Altissimo;
3466 5184 3555 5251 qui
3581 5185 3677 5242 iu-

2094 5244 2369 5314 terrogabit
2415 5264 2571 5317 opera
2620 5262 2807 5319 vestra,
2860 5269 2907 5315 et
2953 5265 3279 5335 cogitationes
3329 5244 3667 5337 scrutabitur.

2097 5332 2377 5401 Quoniam,
2420 5354 2537 5393 cum
2576 5344 2748 5399 essetis
2782 5332 3187 5427 ministri‘regni
3207 5358 3367 5424 illius,
3399 5380 3500 5419 non
3527 5379 3671 5427 recte

2082 5426 2381 5497 judicdstis,
2428 5446 2585 5504 neque
2631 5444 2923 5499 custodistis
2964 5426 3122 5517 legem
3171 5450 3325 5523 (Sap.
3374 5447 3452 5519 τι,
3490 5458 3545 5524 2,
3575 5461 3666 5535 3).

2088 5518 2200 5574 Rex
2230 5534 2361 5591 ergo
2388 5522 2674 5599 Babylonis
2705 5539 2876 5590 totum
2898 5550 3097 5607 corpus
3124 5518 3210 5597 est
3236 5518 3373 5615 tacti
3406 5564 3504 5619 pro

2083 5609 2467 5701 intelligimus,
2501 5618 2555 5671 in
2600 5636 2763 5688 quam
2808 5632 3017 5693 partem
3066 5635 3309 5701 corporis
3336 5609 3660 5699 conveniat;

2084 5697 2280 5755 Cecidit
2323 5705 2387 5760 de
2429 5694 2553 5762 calo
2593 5702 2879 5779 lucifertln
2913 5718 3075 5776 omne
3096 5694 3293 5791 corpus
3316 5694 3661 5796 pomi
