3882 6366
151 355 206 407 57
1300 349 1505 407 LIBER
1544 349 1631 404 DE
1671 349 1711 404 8

1817 348 1942 405 I'EM
1985 350 2294 407 κεϐυιιδ.
3347 357 3417 412 58

152 463 333 516 venire.
363 465 422 514 tu
451 469 639 516 Ctl’lttm
674 469 1011 530 ascendam,
1048 481 1196 534 super
1223 463 1395 518 stellas
1423 463 1520 518 Dei
1547 479 1732 532 ponam
1760 463 1809 523 Α
1840 462 1888 516 id
1919 473 2000 517 est
2022 506 2034 527 ,
2078 465 2320 520 adversa:
2372 471 2506 535 parti
2555 481 2661 521 non
2693 469 2863 522 oritur
2893 487 2906 522 :
2938 470 3075 523 sicut
3107 470 3264 526 iidem
3292 486 3414 527 cum

152 555 297 608 sedent
327 571 504 617 meum,
535 555 824 620 similiter,
860 567 921 610 ct
947 567 1111 626 eaput
1145 573 1156 609 :
1187 556 1435 625 majores,
1469 555 1556 626 qui
1595 555 1729 610 stel-

156 646 311 700 larum
361 647 472 708 Dei,
525 647 576 700 id
629 658 742 708 est,
801 659 1122 703 sanctorum
1155 649 1426 702 dominum
1453 647 1730 702 dominan-

158 740 271 794 dum
313 750 512 809 putant,
562 757 690 795 cum
754 743 1007 811 ipsorum
1072 745 1307 796 minores
1363 741 1727 801 dominentur,

165 836 288 885 sient
327 834 574 899 scriptam
619 844 707 888 est
744 853 757 886 :
797 834 977 906 Major
997 838 1176 889 serviet
1199 835 1380 887 minori
1411 833 1560 902 (Gen.
1598 848 1726 895 xxv,

165 925 282 993 25).
333 924 456 977 Iluic
507 925 672 985 Esau.
727 926 778 978 id
832 937 949 988 est,
1003 928 1257 980 fratribus
1287 927 1462 987 malis.
1496 926 1574 979 sic
1601 925 1729 977 dicit

168 1014 406 1068 Dominus
434 1032 522 1084 per
551 1017 784 1070 Alidiam
838 1017 1159 1086 prophetam
1195 1037 1206 1069 :
1239 1015 1493 1070 Exaltans
1530 1013 1729 1068 habita-

168 1108 341 1159 tionem
379 1126 531 1168 suam,
581 1110 760 1162 dicens
802 1111 855 1161 in
897 1097 1068 1162 corde~
1090 1126 1179 1162 suo
1210 1125 1228 1162 .'
1261 1109 1384 1174 Quis
1416 1125 1494 1161 me
1518 1108 1728 1161 deducet

170 1199 230 1249 ad
269 1202 456 1251 terras?
506 1201 566 1255 Si
593 1202 855 1253 cxaltatus
906 1204 1066 1270 {ueris
1113 1203 1240 1254 sicut
1277 1201 1470 1267 aquila,
1515 1210 1560 1252 et
1600 1201 1726 1251 inter

171 1291 332 1343 stellas
363 1308 506 1358 ponas
534 1293 707 1342 nidum
738 1303 902 1355 tuum,
936 1293 1056 1346 inde
1080 1302 1126 1345 te
1151 1290 1432 1352 detraham,
1473 1290 1595 1342 dicit
1627 1288 1726 1342 Do-

173 1380 330 1431 minus
361 1381 498 1448 (ΑΜ.
532 1397 567 1445 I,
593 1383 649 1445 '5,
673 1382 728 1451 4)
779 1383 979 1436 Sedebo
1007 1385 1056 1434 in
1090 1393 1252 1435 monte
1273 1383 1382 1459 ulto
1407 1397 1559 1448 super
1586 1396 1728 1433 mon-

173 1481 238 1523 tes
281 1473 423 1534 altos,
474 1476 522 1523 in
568 1474 880 1540 aquilonem,
930 1475 1200 1526 ascendant
1240 1489 1389 1542 super
1421 1472 1596 1533 nubes,
1639 1486 1726 1522 ero

165 1564 337 1614 similis
362 1566 642 1634 AlllSallltO(
670 1565 777 1617 lsa.
807 1580 916 1627 xlv,
953 1565 1081 1632 I3).
1124 1565 1275 1619 Mons
1304 1567 1466 1626 altus,
1500 1562 1724 1631 populus

165 1663 243 1705 est
267 1656 540 1719 superbus.
585 1656 793 1709 Montes
827 1656 946 1719 alti,
993 1656 1187 1724 singuli
1229 1656 1446 1723 quique.
1479 1654 1568 1722 qui
1595 1651 1724 1704 adu-

167 1749 268 1797 nati
303 1759 524 1800 montem
557 1746 780 1810 faciunt,
817 1747 867 1799 id
898 1756 1003 1810 est,
1037 1761 1232 1814 corpus
1262 1745 1484 1799 diaboli.
1531 1742 1723 1795 Multos

1835 555 1888 608 in
1907 555 2162 622 judicium
2191 563 2455 620 venerint.
2475 558 2655 613 dicent
2684 558 2948 614 :Justitiw
2975 564 3142 615 lumen
3163 580 3262 616 non
3282 565 3415 617 luxit

1834 648 1973 700 nobis
1990 648 2145 717 (Sap.
2175 665 2225 713 v,
2253 653 2328 712 ti).
2353 649 2690 704 Timentibus
2707 663 2886 707 autem
2915 651 3219 717 DOIItinum,
3248 656 3414 708 oritur

1834 736 2156 809 Soljustitia:
2171 756 2186 792 :
2203 750 2247 792 et
2262 743 2452 793 sanitas
2475 741 2525 793 iu
2549 742 2726 812 pennis
2742 743 2873 812 ejus,
2892 743 3030 796 sicut
3057 745 3311 812 scriptum
3330 754 3416 799 est

1831 828 2086 898 (.Ilalacli.
2121 847 2195 894 Iv,
2240 833 2313 900 :2).
2357 833 2506 886 Malis
2543 849 2673 887 wro
2724 837 2949 890 meridie
2979 852 3082 891 nox
3112 846 3193 891 est
3226 854 3238 890 :
3269 838 3412 893 sicut

1829 923 2088 988 scriptum
2120 934 2202 976 est
2232 942 2242 974 :
2289 922 2424 976 Dum
2461 927 2711 978 sustinent
2744 927 2841 996 ipsi
2885 928 3074 990 lmnen,
3111 933 3260 996 facta
3291 938 3411 982 sunt

1831 1010 1931 1062 illis
1972 1015 2201 1074 tenebra',
2254 1013 2506 1085 fulgorem
2547 1016 2761 1068 obscura
2809 1028 2956 1070 nocte
2978 1017 3364 1072 ambulaverunt
3393 1059 3408 1084 ,

1830 1105 2104 1172 pulp-ibunt
2145 1107 2272 1159 sicut
2305 1123 2466 1160 aecus
2507 1109 2771 1176 parietem,
2803 1120 2847 1162 et
2872 1111 2952 1163 cui
2979 1127 3077 1163 non
3103 1121 3221 1164 sunt
3245 1113 3405 1177 oculi,

1829 1198 2104 1264 palpabunt
2136 1210 2179 1249 et
2210 1202 2390 1252 cadent
2420 1202 2646 1262 meridie,
2702 1204 2849 1270 quasi
2879 1206 3047 1257 media
3076 1215 3220 1258 nocte
3247 1207 3266 1275 (
3291 1203 3403 1259 lsa.

1831 1303 1935 1348 LH,
1971 1289 2024 1351 9,
2066 1290 2144 1355 I0,
2176 1307 2274 1342 ser.
2324 1291 2508 1359 LXX).
2546 1294 2742 1346 Itcrttm
2781 1312 2792 1346 :
2833 1296 3040 1348 Occidet
3070 1297 3147 1348 sol
3174 1297 3404 1361 meridie,

1828 1391 1872 1434 et
1901 1384 2220 1435 tenebricabit
2251 1403 2394 1455 \ttp.’t'
2429 1401 2563 1440 terra
2587 1390 2694 1441 dies
2720 1391 2926 1444 luminis
2959 1395 2974 1456 (
3004 1392 3156 1444 Amos
3182 1407 3296 1456 VIII,
3324 1391 3403 1460 9).

1827 1471 2021 1526 Iterum
2055 1493 2066 1526 :
2099 1476 2377 1540 Pl'Opltn’a
2416 1496 2516 1534 nox
2565 1483 2658 1534 erit
2701 1484 2835 1535 vobis
2869 1485 2932 1535 de
2962 1486 3169 1548 visione,
3192 1495 3239 1537 et
3268 1495 3406 1538 tene-

1827 1564 1928 1616 brte
1976 1567 2109 1619 vobis
2163 1578 2305 1621 erunt
2355 1587 2417 1623 ea:
2465 1572 2793 1638 divinatione,
2839 1584 2888 1626 et
2925 1576 3118 1628 occidet
3144 1577 3222 1629 sol
3249 1591 3404 1646 super

1825 1657 2117 1724 praplietns,
2151 1669 2195 1709 et
2226 1661 2510 1714 cbscurnbit
2538 1681 2688 1732 super
2715 1680 2797 1718 eos
2829 1666 2935 1718 dies
2967 1667 3175 1719 luminis
3211 1665 3399 1735 (Micio.

1827 1760 1900 1808 In,
1939 1745 2015 1816 Ο).
2053 1748 2184 1801 liuic
2234 1752 2428 1817 po;.nlo
2477 1768 2538 1806 ex
2590 1758 2792 1809 Austro
2833 1758 3189 1810 comminatur
3235 1757 3402 1821 Deus,

164 1837 303 1889 enim
349 1853 454 1890 esse
483 1846 694 1892 montes
724 1839 920 1901 malos,
959 1839 1092 1892 dicit
1120 1840 1394 1907 Scriptura
1431 1853 1443 1887 :
1479 1835 1717 1904 Trausfc-
1753 1833 1796 1891 Β
1824 1835 1956 1889 sicut
1993 1855 2084 1904 ρετ
2115 1841 2448 1896 lizet-liielcm
2485 1845 2622 1899 Soor
2655 1848 2918 1914 increpat,
2949 1848 3137 1902 dicens
3178 1865 3190 1901 :
3233 1847 3404 1917 Spiri-

165 1938 333 1980 των
358 1941 533 1980 montes
557 1933 610 1980 in
636 1933 790 1985 corde
833 1931 988 1984 maris
1014 1929 1180 1998 (Psal.
1218 1947 1340 1994 λιν,
1374 1931 1449 1996 5).
1483 1928 1677 1983 Iterum
1705 1946 1716 1980 :

166 2013 501 2070 Fundamenta
519 2021 763 2072 montium
782 2022 1082 2074 conturbata
1093 2034 1229 2082 sunt,
1253 2033 1298 2074 et
1319 2031 1566 2073 contmota
1577 2031 1717 2080 sunt,

165 2110 390 2172 quoniam
409 2113 560 2163 iratas
584 2123 658 2165 est
684 2112 822 2165 Deus
847 2112 1021 2182 (Psal.
1050 2129 1174 2175 xut,
1195 2114 1272 2180 8).
1290 2111 1425 2166 Nam
1454 2123 1505 2166 et
1525 2126 1719 2180 Corpus

166 2199 386 2278 Domipi.
407 2205 450 2256 id
479 2213 577 2268 est,
605 2204 875 2270 Ecclesia,
901 2221 1054 2260 mons
1075 2207 1264 2261 dicitur
1291 2225 1302 2258 :
1329 2214 1382 2260 et
1407 2207 1599 2274 singuli
1630 2205 1718 2274 qni

165 2289 406 2354 Ecclesia,
433 2294 622 2349 faciunt
653 2297 1317 2364 nnmte3,sicutscriptum
1339 2307 1420 2350 est
1451 2311 1464 2348 :
1497 2295 1604 2366 Ego
1626 2313 1721 2348 au-

167 2396 255 2436 tem
269 2392 543 2441 constitutus
555 2406 668 2442 sum
684 2392 848 2442 γεπαὸ
863 2407 942 2452 eo,
959 2408 1108 2460 super
1122 2392 1244 2444 Sion
1261 2401 1475 2444 montem
1490 2401 1721 2443 sanctum

164 2478 282 2544 ejus,
313 2482 604 2533 annuntians
631 2482 852 2546 imperia
879 2485 990 2552 ejus
1013 2479 1179 2550 (Psal.
1209 2496 1272 2544 Il,
1294 2479 1369 2550 6).
1395 2480 1461 2534 Et
1485 2482 1679 2534 iterum
1704 2499 1715 2533 :

168 2564 368 2622 Perdant
389 2573 611 2641 Assyrios
635 2576 688 2625 in
717 2584 853 2626 terra
872 2590 1006 2638 mea,
1036 2589 1078 2628 et
1098 2575 1147 2627 in
1165 2575 1415 2627 montibus
1443 2575 1560 2627 meis
1583 2572 1717 2642 (Isti.

167 2673 263 2722 ur,
291 2662 392 2730 25).
418 2665 474 2719 Et
497 2669 694 2720 iterum
722 2686 732 2718 :
756 2668 1058 2734 Suscipiunt
1080 2678 1267 2720 montes
1298 2682 1474 2735 pacem
1504 2667 1714 2735 populo,

158 2763 201 2802 et
223 2755 363 2806 colles
381 2758 631 2824 justitiam
663 2758 839 2824 (Psal.
868 2774 1012 2822 Lut,
1036 2759 1123 2824 3).
1153 2758 1216 2812 Et
1242 2759 1436 2811 iterum
1469 2775 1481 2808 :
1519 2757 1716 2810 Montes

153 2846 460 2899 crsu/labant
504 2852 636 2902 relut
691 2851 893 2913 arietes,
942 2860 988 2904 et
1034 2850 1182 2902 colles
1224 2850 1355 2902 velut
1391 2851 1512 2922 agni
1549 2853 1714 2902 ovium

153 2932 328 2997 (Plat.
368 2953 516 3000 cxut,
549 2941 628 3006 4).
685 2941 824 2994 Deus
847 2943 901 2995 in
937 2953 1119 2994 monte
1146 2941 1272 2995 Βίου
1308 2940 1470 2994 liabet
1505 2940 1712 3004 sedem,

147 3037 192 3078 et
224 3029 274 3079 in
319 3032 585 3085 montibus
626 3032 820 3096 Israel,
866 3043 916 3086 et
971 3033 1021 3084 in
1072 3032 1298 3085 nubibus
1327 3032 1526 3085 sanctis
1555 3033 1710 3084 suis:

143 3117 276 3182 ⁴1υοι1
302 3131 380 3173 cst
431 3123 699 3177 Ecelesia.
751 3123 1021 3192 Scriptum
1069 3132 1145 3176 est
1196 3121 1449 3176 :Timeat
1495 3140 1524 3173 a
1582 3121 1713 3190 facie

1826 1937 1902 1979 tu»
1947 1931 2119 1983 Austri
2146 1935 2376 1985 contrivit
2429 1945 2476 1988 te
2522 1936 2742 2004 (lfzeclt.
2799 1954 2962 2003 XXVII,
3009 1939 3132 2008 I6).
3178 1938 3226 1993 IS
3256 1939 3399 1994 enim

1824 2019 2166 2089 confringere
2199 2027 2492 2091 permittit,
2545 2028 2730 2082 dicens
2761 2047 2772 2081 :
2805 2028 3059 2099 Exsurge,
3104 2032 3317 2098 Aquilo.
3353 2041 3400 2084 et

1826 2112 1954 2176 rcni,
1987 2114 2164 2166 Auster
2195 2134 2204 2166 :
2234 2118 2393 2186 per/la
2416 2118 2613 2171 [tortum
2636 2131 2799 2183 tuum,
2825 2131 2868 2171 et
2893 2121 3115 2188 deﬂuent
3143 2131 3399 2190 unguenta

1827 2219 1932 2255 mea
1965 2205 2136 2271 (Cant.
2170 2223 2240 2269 tv,
2273 2208 2374 2276 t6).
2405 2211 2738 2280 Exsurgentc
2758 2212 2902 2264 enim
2929 2227 3156 2280 nequam
3181 2213 3396 2281 spiritu,

1827 2295 2029 2348 resistit
2059 2297 2293 2366 Spiritus
2320 2311 2558 2363 sanctus,
2590 2303 2679 2370 qui
2707 2303 2916 2356 Domini
2945 2307 3156 2357 hortum
3186 2303 3399 2372 perﬂat,

1824 2395 1875 2437 et
1903 2387 2174 2441 eliciuntur
2203 2401 2475 2461 unguenta,
2530 2393 2580 2445 id
2611 2403 2716 2456 est,
2766 2394 2902 2446 odor
2929 2395 3212 2447 suavitatis
3240 2393 3400 2448 oﬂ'er-

1825 2482 1928 2528 tur.
1980 2477 2044 2531 Et
2089 2495 2183 2547 per
2217 2482 2578 2548 l-chcliiclem,
2633 2485 2770 2538 idem
2817 2501 2883 2539 ex
2933 2484 3179 2554 reliquiis
3217 2485 3400 2555 populi

1824 2570 1948 2621 tnali
1977 2570 2052 2624 sic
2079 2571 2208 2624 d.cit
2243 2575 2402 2636 Dens,
2442 2576 2694 2630 adducere
2740 2595 2890 2647 super
2925 2579 3170 2648 populum
3209 2595 3356 2630 suum
3378 2618 3395 2642 ,

1823 2669 2027 2727 partem
2061 2662 2299 2730 ejusdem
2331 2667 2538 2734 populi,
2572 2667 2716 2734 quod
2743 2679 2825 2721 est
2855 2669 3168 2738 mysterium
3193 2670 3399 2722 facino-

1823 2747 1898 2800 tis
1927 2768 1939 2802 :
1973 2748 2107 2803 Ecce
2161 2769 2252 2821 ego
2289 2771 2441 2824 super
2487 2767 2532 2808 te
2571 2754 2713 2827 Cog,
2768 2759 3048 2825 principem
3101 2757 3309 2810 Μοροεὴ
3349 2766 3396 2809 et

1820 2837 1977 2894 Τοὺεί
2011 2857 2027 2894 :
2057 2853 2104 2895 et
2131 2847 2444 2914 congregatio
2483 2856 2549 2913 te,
2579 2858 2624 2899 et
2654 2849 2910 2899 adducant
2957 2858 3023 2909 te,
3065 2860 3110 2900 et
3139 2866 3323 2919 ponant
3349 2857 3396 2902 te

1818 2948 1849 2982 a
1879 2934 2152 2987 novissimo
2192 2937 2463 3003 Aquilone,
2515 2950 2561 2990 et
2605 2942 2856 2991 adducam
2904 2957 3054 3008 super
3084 2949 3129 2992 te
3175 2951 3393 2992 montem

1819 3021 1984 3077 Israel
2007 3041 2025 3077 :
2048 3035 2094 3077 et
2123 3028 2333 3096 perdam
2362 3046 2540 3081 arruns
2566 3030 2630 3083 de
2660 3047 2812 3081 manu
2841 3041 2924 3082 tua
2946 3033 3174 3093 sinistra,
3219 3041 3265 3083 et
3309 3047 3395 3082 sa-

1816 3119 1965 3186 gitta»-
1995 3132 2106 3174 tuas
2135 3122 2198 3173 de
2229 3139 2381 3174 manu
2408 3122 2636 3185 dulera,
2663 3134 2706 3174 et
2738 3123 2975 3192 dejiciam
3008 3133 3053 3175 te
3081 3140 3231 3192 super
3250 3141 3393 3176 mou-

139 3204 334 3262 Douuini
383 3216 550 3266 omnis
605 3227 742 3266 terra
792 3231 810 3266 :
853 3216 1091 3282 quoniam
1137 3215 1366 3283 exsurgit
1406 3214 1469 3266 de
1499 3211 1713 3264 nubibus
1743 3206 1790 3269 C
1818 3221 1889 3265 tes
1919 3211 2084 3267 Israel
2115 3214 2328 3286 (Ezec/t.
2367 3233 2547 3282 suis,
2586 3218 2722 3282 I-i).
2776 3218 2887 3270 IIoc
2935 3229 3113 3271 autem
3165 3218 3390 3285 geritur,

130 3303 310 3352 sanctis
331 3300 506 3372 (Psal.
534 3319 704 3365 xuii,
747 3305 826 3372 8).
866 3303 1088 3367 Iterum,
1118 3304 1331 3356 nubibus
1354 3304 1625 3368 mandabo,
1656 3319 1717 3353 nc

129 3388 299 3452 pallent
319 3408 477 3454 super
507 3410 619 3445 eam
648 3395 856 3446 imbrem
889 3393 1020 3462 (Isti.
1057 3411 1110 3455 ν,
1167 3396 1240 3462 6).
1277 3393 1478 3446 lterum
1511 3413 1524 3447 :
1559 3392 1712 3446 Nim-

125 3481 214 3533 διε
233 3495 281 3536 et
309 3485 467 3537 nubes
491 3489 542 3538 in
575 3487 794 3538 circuitu
823 3489 936 3557 ejus
962 3488 979 3555 (
1009 3484 1151 3541 Psal.
1193 3501 1331 3551 xcvr,
1364 3485 1442 3555 2).
1481 3487 1544 3539 Et
1572 3484 1712 3552 quod

125 3569 174 3625 in
207 3587 388 3630 monte
434 3578 564 3631 Sion
608 3578 840 3642 Italiitet,
890 3583 970 3630 sic
998 3579 1126 3630 dicit
1169 3595 1181 3629 :
1215 3576 1560 3646 Cognoscetis,
1592 3581 1711 3643 quia

12 3651 20 3714 i
125 3681 212 3736 ego
238 3685 348 3721 sun.
376 3670 635 3724 Dominus
669 3670 804 3724 Deus
831 3682 1011 3732 vester,
1054 3669 1286 3722 habitans
1315 3671 1366 3722 in
1388 3668 1513 3722 Sion
1544 3678 1711 3721 monte

123 3770 287 3812 meto
316 3778 430 3814 meo
461 3761 682 3830 (Ezech.
743 3779 906 3825 xxxv,
957 3762 1029 3833 5).
1069 3761 1134 3815 Ει
1166 3761 1415 3815 diabolus
1444 3762 1496 3814 in
1530 3769 1710 3812 monte

125 3851 288 3912 rodet.
331 3853 429 3907 sed
458 3855 601 3914 Seir,
635 3857 724 3923 qui
753 3864 839 3908 est
867 3853 1034 3916 Esau,
1071 3857 1117 3907 id
1147 3865 1248 3917 est,
1281 3855 1503 3907 fratrum
1539 3854 1709 3908 malo-

125 3955 233 3994 rum
265 3963 278 3996 :
306 3963 470 4015 quem
501 3956 744 4000 montem
771 3949 913 3999 Deus
949 3947 1183 4014 increpat
1214 3963 1307 4015 per
1342 3947 1702 4011 Ezecliielcm,

120 4041 172 4084 et
196 4033 323 4088 dicit
353 4039 408 4090 in
436 4040 625 4093 Ia-titia
663 4040 939 4093 universa:
970 4050 1122 4092 terra:
1149 4040 1537 4092 desolatnrum.
1565 4039 1704 4107 quod

123 4121 398 4180 adversum
420 4127 586 4182 Israel
616 4130 940 4184 inimicitias
964 4143 1232 4184 exerceat.
1268 4131 1385 4198 Ipse
1413 4140 1494 4184 est
1525 4146 1703 4193 mons,

123 4210 218 4280 ipsi
245 4227 457 4271 montes
485 4219 801 4286 Aquilonis.
841 4219 898 4272 In
928 4221 1010 4273 his
1032 4221 1278 4274 diabolus
1309 4221 1489 4283 sedet;
1516 4232 1563 4273 ct
1603 4237 1702 4272 titt-

127 4301 256 4358 ἣξει,
284 4310 597 4364 erelireluti
650 4311 991 4364 dominatur.
1051 4311 1340 4374 Hactenus,
1393 4330 1444 4366 se
1489 4314 1702 4365 similem

130 4394 236 4448 dicit
257 4399 504 4454 altissimo
534 4399 675 4468 (Isa.
711 4417 821 4467 λιν,
864 4401 977 4470 M).
1009 4402 1130 4455 Duai
1154 4413 1272 4458 sunt
1299 4415 1486 4474 partes
1515 4409 1564 4456 in
1600 4405 1701 4457 Ec-

137 4485 294 4554 tbsia,
320 4491 492 4545 Austri
517 4502 566 4544 et
610 4491 912 4559 Aquilonis,
947 4492 997 4544 id
1024 4500 1128 4554 est,
1163 4493 1455 4546 Meridiana
1487 4502 1541 4546 et
1567 4495 1698 4561 Sep-

1818 3319 1845 3356 a
1881 3304 2127 3371 passione
2159 3306 2369 3360 Domini
2405 3325 2414 3357 :
2449 3307 2802 3375 quoadtis.,Ue
2845 3309 2910 3360 de
2938 3308 3117 3362 medio
3147 3308 3388 3376 ejusdem

1818 3394 2059 3462 mystcrii
2108 3394 2362 3448 facinoris
2406 3396 2650 3450 di-cedat
2684 3397 2947 3459 Ecclesia,
2981 3415 3096 3466 qmc
3128 3400 3386 3462 detineat,

1817 3496 1872 3537 ut
1905 3489 1954 3537 in
2000 3494 2246 3555 tempore
2285 3504 2382 3541 suo
2431 3490 2714 3556 delegatur
2755 3491 3024 3558 impietas,
3073 3491 3213 3544 sicut
3263 3492 3392 3544 dicit

1814 3577 2102 3642 Apostolus
2146 3595 2156 3629 :
2193 3577 2257 3628 Et
2305 3595 2438 3630 nunc
2480 3580 2604 3647 quid
2644 3580 2889 3641 detineat,
2939 3582 3098 3644 scitis,
3131 3591 3182 3633 ut
3212 3583 3262 3632 in
3295 3599 3386 3634 suo

1812 3676 2033 3735 tempore
2058 3670 2317 3738 delegatur
2349 3687 2364 3722 :
2399 3669 2694 3740 Mysterium
2726 3675 2854 3725 enim
2884 3675 2984 3738 iam
3027 3691 3160 3726 nunc
3209 3692 3384 3744 apera-

1810 3770 1891 3812 tur
1915 3763 2198 3830 iniquitatis
2226 3779 2243 3814 :
2270 3773 2488 3827 tantum,
2524 3777 2576 3815 ut
2613 3767 2698 3831 qui
2729 3750 2958 3818 detinens
2995 3767 3181 3818 detinet
3209 3770 3379 3832 modo,

1809 3853 1966 3905 donec
2012 3855 2071 3905 de
2119 3855 2283 3906 medio
2327 3856 2439 3921 ﬁat.
2495 3854 2555 3906 Et
2602 3867 2718 3907 tunc
2745 3857 3051 3910 rei-elabitur
3082 3860 3168 3910 ille
3194 3862 3379 3922 impius

1807 3944 1888 4015 (II
1916 3943 2091 3998 Thess.
2130 3962 2186 4008 tt,
2225 3947 2384 4014 6-8).
2421 3947 2484 3998 Et
2523 3949 2572 3999 in
2607 3948 2874 4002 IIieremia
2908 3950 3158 4016 legimus,
3193 3966 3381 4018 pecca-

1809 4045 1951 4090 tores
1974 4037 2134 4090 Israel
2161 4038 2210 4089 in
2235 4038 2504 4105 Aquilone
2527 4041 2840 4101 coiivcnire,
2875 4042 3100 4093 Durnium
3122 4041 3334 4094 dicente
3363 4060 3375 4094 :

1816 4130 1956 4182 I'ade
2000 4143 2044 4181 et
2091 4131 2196 4199 lege
2241 4146 2494 4182 sermones
2540 4134 2661 4183 istos
2707 4135 2772 4183 ad
2803 4134 3134 4196 .-Iquilonem,
3169 4142 3214 4184 et
3246 4135 3326 4185 dic
3360 4150 3378 4187 :

1805 4218 2105 4272 Convertere
2127 4222 2193 4270 ad
2217 4237 2312 4279 me,
2341 4221 2523 4271 domus
2550 4220 2731 4282 Israel,
2753 4225 2874 4273 dicit
2901 4223 3143 4276 Dominus
3163 4222 3372 4291 (Jerem.

1804 4326 1880 4376 III,
1913 4313 1991 4379 5).
2038 4312 2386 4365 Meridianum
2427 4327 2708 4378 veropars
2739 4326 2821 4366 est
2858 4313 3105 4375 Domini;
3157 4317 3291 4366 sicut
3321 4325 3377 4367 rt

1804 4396 1854 4456 in
1885 4403 1985 4456 Iuli
2025 4404 2284 4471 scriptum
2315 4413 2398 4457 est
2430 4421 2443 4457 :
2489 4403 2529 4454 Α
2577 4404 2864 4456 meridiana
2907 4417 3049 4472 parte
3077 4406 3376 4471 germinnbit

1801 4494 1871 4544 ibi
1898 4497 1995 4544 rita
2043 4494 2200 4563 (Job.
2230 4509 2301 4554 xI,
2339 4493 2460 4562 I7).
2499 4495 2693 4560 Aquilo
2734 4494 2934 4548 diaboli
2967 4515 2979 4548 :
3015 4495 3248 4564 Utraque
3281 4513 3376 4548 au-

137 4584 464 4636 histrionalis.
521 4582 576 4635 In
629 4591 790 4650 parte
837 4580 1158 4644 meridiana,
1209 4582 1468 4636 Dominus
1499 4597 1694 4636 manet.
1726 4563 1774 4620 θ
1806 4592 1906 4634 tem
1945 4598 2086 4649 pars,
2122 4584 2168 4632 in
2200 4590 2310 4635 toto
2335 4582 2556 4634 mundo.
2591 4583 2896 4646 Ascendam,
2938 4584 3128 4651 inquit,
3171 4586 3324 4636 nubes
3355 4601 3373 4638 .·

139 4665 369 4740 Scriptum
408 4684 493 4730 est
523 4692 534 4728 :
568 4673 677 4730 Ubi
729 4673 927 4742 pascis,
979 4672 1062 4725 ubi
1103 4690 1272 4728 manes
1308 4677 1360 4728 in
1419 4678 1697 4729 meridiano

143 4755 290 4828 ιεω.
335 4779 372 4830 ι,
413 4763 513 4835 6)ἳ
563 4764 840 4818 Diabolus
875 4779 1029 4829 vero,
1073 4765 1122 4818 in
1154 4766 1506 4834 Aquilonem,
1556 4770 1698 4821 sicut

143 4845 384 4910 Dusdicit
419 4855 637 4927 populo
667 4868 779 4907 suo
826 4871 840 4906 :
874 4850 1034 4906 Illum
1064 4873 1332 4923 persequar
1363 4856 1426 4909 ab
1450 4859 1697 4925 Aquilone

141 4941 296 5008 ldis,
324 4956 370 5000 et
392 4947 662 5018 expellam
692 4944 856 4998 illum
875 4943 928 4995 in
954 4952 1087 4996 terra
1111 4945 1218 4998 sine
1247 4963 1402 5016 aqua,
1433 4948 1483 5001 id
1511 4961 1613 5011 ρει,
1643 4951 1693 5003 in

87 5061 100 5066 -
145 5047 260 5102 llas;
297 5049 342 5091 et
383 5039 760 5093 ατεηιὶηαὺο
811 5036 1007 5105 faciem
1054 5037 1162 5104 eius
1207 5038 1260 5090 in
1291 5054 1430 5091 mare
1458 5042 1693 5107 primum,

147 5133 434 5202 αμα-ἕστε
457 5135 582 5206 ejus
633 5131 696 5182 in
731 5141 890 5178 mare
935 5127 1278 5195 novissimum,
1323 5130 1467 5200 quod
1515 5142 1595 5184 est
1647 5133 1696 5184 in

141 5225 301 5292 mlas
336 5227 549 5298 primas
584 5231 650 5278 et
687 5217 1051 5275 novissimos
1092 5217 1246 5290 (Joet.
1275 5237 1350 5288 xi,
1386 5222 1496 5288 10).
1524 5223 1698 5277 Instar

137 5309 334 5384 laetata,
371 5317 716 5374 fabricatus
767 5319 868 5363 est
917 5310 1022 5363 iste
1060 5313 1322 5378 mundus,
1372 5315 1424 5367 in
1474 5330 1581 5382 quo
1605 5316 1696 5370 Sol

133 5406 266 5479 till,
293 5425 386 5468 non
427 5408 549 5465 nisi
584 5420 710 5478 per
757 5401 1058 5467 Austrum,
1102 5402 1151 5456 id
1195 5414 1301 5469 est,
1331 5405 1690 5461 meridianum

131 5499 376 5574 imbui;
419 5512 488 5559 οι
536 5497 827 5554 decursa
891 5488 1128 5546 AuSIrali
1185 5505 1355 5562 parte,
1407 5496 1695 5553 invisibilis

129 5597 270 5658 litin
299 5599 477 5658 locum
513 5603 724 5650 suum
760 5582 1028 5640 rediens.
1058 5585 1142 5639 Sic
1169 5602 1219 5641 ct
1254 5589 1513 5644 Dominus
1556 5590 1694 5645 Deus

429 5686 762 5745 Christ"!
791 5715 809 5739 ι
871 5671 970 5726 50'
1012 5682 1239 5746 Flemus
1271 5689 1499 5748 partem
1541 5696 1690 5735 suam

89 5753 487 5862 ,Μὴ
507 5774 582 5836 el
607 5759 1042 5832 meridianum
1063 5762 1230 5823 ruent.
1255 5762 1506 5836 Aquiloni
1541 5775 1689 5827 τοῖσι

29 4769 87 5142 l

1803 4690 1890 4726 ero
1916 4675 2093 4726 similis
2122 4673 2414 4726 Altissimo.»
2439 4670 2590 4724 Nunc
2618 4683 2784 4724 autem
2807 4674 2874 4724 ad
2889 4674 3083 4742 inferos
3105 4674 3372 4729 descendes

1802 4765 1854 4816 in
1908 4767 2238 4833 fundamenta
2290 4774 2455 4816 terret.
2511 4765 2614 4829 Qui
2659 4766 2879 4817 viderint
2928 4774 3003 4829 te,
3057 4768 3371 4822 mirabuntur

1801 4870 1956 4919 super
1977 4867 2039 4917 te,
2071 4865 2116 4908 ct
2144 4856 2311 4908 dicent
2334 4871 2353 4908 :
2393 4854 2490 4907 llic
2534 4867 2605 4908 est
2636 4858 2782 4909 homo
2804 4859 2891 4922 qui
2920 4861 3136 4911 concitat
3159 4870 3366 4923 tetram,

1799 4958 2073 4998 coniuraret
2097 4962 2257 5015 reges,
2282 4947 2368 5013 qui
2392 4947 2531 5010 ponit
2551 4947 2719 4998 orbem
2742 4956 2890 5001 terra:
2912 4960 3070 5002 totum
3094 4951 3363 5002 desertum.

1873 5035 2138 5105 Numquid
2192 5037 2242 5087 in
2272 5035 2540 5088 diabolum
2592 5039 2865 5101 convenit,
2919 5039 3017 5103 Qui
3055 5041 3267 5091 viderint
3298 5052 3364 5104 te,

1801 5129 2117 5180 mirabuntur
2167 5143 2317 5196 super
2364 5129 2448 5181 te?
2483 5129 2586 5180 Aut
2642 5132 2691 5182 in
2747 5146 2925 5200 regem
2974 5135 3362 5198 novissimum,

1802 5234 1916 5270 cum
1963 5219 2028 5269 ad
2082 5218 2272 5287 inferos
2322 5218 2634 5271 descenda.’
2684 5218 2802 5286 Ipso
2855 5221 2996 5274 enim
3048 5222 3111 5274 ad
3163 5223 3366 5277 inferos

1800 5313 2183 5372 descendente,
2238 5325 2343 5364 non
2392 5312 2498 5365 erit
2542 5313 2632 5378 qui
2679 5312 2923 5377 miretur,
2969 5316 3164 5368 mundo
3194 5315 3362 5368 linito.

1801 5406 1914 5459 Non
1935 5406 2076 5461 enim
2105 5405 2286 5459 dicent
2312 5422 2324 5456 :
2356 5403 2456 5458 Hic
2481 5417 2552 5458 est
2576 5408 2724 5459 homo
2746 5408 2830 5477 qui
2859 5411 3128 5462 concitat-it
3152 5423 3359 5477 terram,

1797 5514 1964 5568 reges,
2015 5509 2062 5551 et
2107 5498 2274 5566 posuit
2322 5498 2491 5550 orbem
2540 5509 2686 5551 terra
2730 5509 2893 5552 talum
2937 5503 3186 5554 desertum
3220 5519 3237 5554 :
3265 5505 3361 5559 sed

1794 5591 1994 5652 incitat,
2041 5601 2085 5643 et
2128 5599 2401 5642 commovet
2437 5601 2482 5642 et
2509 5592 2670 5658 ponit.
2707 5592 2986 5646 Hominem
3017 5595 3157 5646 enim
3192 5604 3359 5652 totum

1796 5696 1988 5750 corpus
2015 5680 2151 5735 dicit
2180 5691 2282 5733 tam
2312 5681 2362 5743 io
2405 5681 2620 5751 regibus
2649 5699 2806 5753 quam
2841 5686 2890 5737 in
2927 5686 3174 5752 populis:
3207 5662 3361 5757 cuius

1799 5765 2031 5826 homluls
2078 5767 2291 5841 superbi
2338 5781 2546 5837 psrtsm
2593 5782 2714 5828 cum
2744 5764 2882 5829 Deus
2930 5771 3180 5845 percutit.
3211 5771 3354 5831 etnd
