3828 6358
424 379 493 435 65
1253 375 1565 450 ,TICHONII
1599 375 1760 436 ΔΕΜ
1798 377 2007 433 LIBER
2047 378 2132 432 DE
2171 376 2441 435 SEPTEM
2481 375 2795 433 REGULIS.
3597 374 3663 432 64

421 498 723 566 alligatum;
759 482 1035 561 Sardium,
1056 505 1101 548 et
1124 492 1440 564 Topasium,
1463 502 1510 546 et
1539 490 1914 565 Smaragdum,
1941 505 1989 548 et
2017 500 2070 559 Α
2095 493 2216 547 tiam
2247 497 2435 546 malum
2459 535 2472 558 ,
2505 503 2552 546 et
2577 493 2862 558 avaritiam,
2894 507 3007 561 qua
3037 501 3110 544 est
3137 489 3398 544 idolorum
3425 451 3664 543 servitus.

423 585 823 651 Carbunculum,
851 596 898 640 et
930 585 1273 654 Sapphirum,
1305 597 1351 638 et
1391 582 1598 654 Jaspin,
1642 595 1904 653 argentum
1943 596 1991 638 et

423 699 626 745 aurum,
657 690 702 734 et
734 680 996 748 Ligurium
1027 690 1073 733 et
1097 680 1318 732 Achaten
1336 689 1382 732 et
1408 679 1742 732 Amethistum
1761 687 1808 732 et
1829 677 1994 748 Chry-

427 775 633 827 solitum
678 782 725 825 et
761 770 1024 840 Bergllum
1069 781 1115 824 et
1158 769 1444 840 Ongchium
1483 787 1502 824 :
1541 779 1588 824 et
1626 787 1754 823 auro
1792 772 1994 840 replesti

423 867 685 919 thesauros
740 873 874 926 tuos,
922 873 968 917 et
1013 864 1284 930 apothecas
1324 873 1440 916 tuas
1487 863 1539 915 in
1568 873 1634 916 te.
1681 863 1805 917 lltcc
1847 873 1896 916 et
1941 865 1992 916 in

423 939 695 1012 diabolum
745 957 1108 1020 coaveniunt,
1151 967 1204 1009 et
1259 957 1313 1011 in
1366 956 1658 1010 hominem.
1714 955 1804 1010 Isti
1849 956 1994 1009 enim

426 1051 708 1104 duodecim
743 1048 948 1116 lapides
975 1059 1030 1102 et
1059 1063 1250 1101 aurum
1279 1057 1333 1102 et
1365 1058 1666 1118 argentum,
1700 1063 1994 1117 omnesque

427 1144 661 1198 thesauri
692 1142 907 1196 diabolo
949 1141 1228 1195 adhaerent
1253 1141 1503 1209 delegati.
1531 1139 1770 1210 Denique
1794 1181 1810 1205 ,
1844 1141 1994 1193 habes

424 1234 477 1284 in
506 1245 554 1284 te
589 1231 890 1300 alligatum:
937 1231 1000 1284 Et
1050 1231 1280 1286 iterum:
1329 1231 1616 1300 Apothecas
1667 1242 1778 1283 tuas
1828 1231 1881 1282 in
1927 1241 1992 1283 te.

425 1322 574 1377 Sicut
598 1337 798 1391 corpus
831 1321 1041 1376 Domini
1066 1338 1092 1373 a
1125 1324 1325 1376 sanctis
1363 1332 1619 1375 ornatur:
1654 1322 1997 1389 promittente

428 1411 537 1468 Deo
563 1423 618 1467 et
643 1395 856 1490 dicente
881 1429 894 1464 :
947 1402 1150 1465 Extolle
1177 1411 1350 1465 oculos
1378 1422 1489 1464 tuos
1517 1414 1571 1463 in
1601 1413 1816 1464 circuitu
1841 1429 1858 1476 ;
1885 1414 1997 1465 vide

427 1520 599 1559 omnes
629 1505 764 1573 ﬁlios
785 1515 918 1570 tuos,
947 1505 1144 1558 collecti
1168 1513 1305 1567 sunt,
1328 1498 1387 1557 'et
1407 1517 1647 1558 venerunt
1678 1507 1744 1558 ad
1774 1517 1838 1560 te.
1877 1507 1996 1560 Viro

426 1611 540 1666 ego.
566 1597 688 1648 dicit
717 1591 984 1661 Dominus,
1027 1597 1149 1664 quia
1176 1596 1407 1648 omnibus
1438 1597 1540 1649 illis
1565 1597 1815 1662 indueris,
1845 1609 1889 1650 et
1910 1615 1998 1651 su-

424 1688 742 1758 perimpones
762 1689 878 1742 illos
903 1705 920 1742 :
951 1689 1079 1741 sicut
1109 1700 1457 1742 ornamentum
1485 1705 1626 1744 notae
1657 1703 1846 1758 nupta',
1877 1693 1998 1760 quia

425 1781 624 1834 deserta
645 1790 734 1833 tua
763 1791 808 1834 et
850 1781 1041 1846 diruta,
1080 1792 1127 1836 et
1156 1798 1270 1851 qua:
1293 1783 1605 1846 ceciderunt,
1650 1801 1786 1836 nunc
1805 1802 1996 1856 angus-

2099 583 2320 653 PrOpter
2359 600 2470 654 qua:
2500 585 2628 638 venit
2652 585 2728 637 ira
2759 581 2855 636 Dei
2895 582 3118 654 (Coloss.
3149 597 3226 648 ιιι,
3260 582 3314 648 5,
3336 581 3417 652 6).
3447 579 3531 636 Ea:
3571 597 3671 652 qua

2095 677 2175 728 die
2203 686 2402 728 creatus
2441 692 2492 728 es
2524 685 2577 727 tu
2607 691 2723 728 cum
2745 673 3015 729 Cherubim
3043 714 3058 740 ,
3097 674 3318 742 imposui
3345 682 3392 726 te
3419 673 3471 726 in
3503 681 3670 727 monte

2096 777 2270 819 sancto
2299 765 2392 819 Dei
2425 766 2633 836 (Esceh.
2672 782 2833 820 χχχιιι
2858 807 2871 828 ,
2903 764 3009 836 id),
3039 766 3088 819 id
3111 776 3195 820 est
3223 769 3273 819 in
3300 751 3518 820 Christo
3539 806 3555 830 ,
3585 765 3670 820 vel

2102 858 2360 912 Ecclesia.
2413 856 2474 910 In
2516 859 2680 910 medio
2711 857 2946 934 lapidum
2990 859 3253 927 igneorum
3283 857 3452 925 fuisti,
3498 855 3550 910 id
3588 863 3673 911 est

2099 952 2372 1004 hominum
2405 962 2710 1005 sanctorum
2740 993 2753 1015 ,
2781 953 2870 1020 qui
2900 952 3139 1017 adunati,
3188 962 3422 1005 montem
3449 949 3542 1004 Dei
3587 949 3671 1005 la-

2098 1045 2269 1098 ciunt.
2299 1045 2488 1114 Angeli
2518 1040 2922 1098 enim‘alterius
2951 1043 3302 1110 substantim,
3335 1042 3539 1113 lapides
3564 1042 3670 1098 dici

2098 1154 2201 1193 non
2255 1151 2496 1208 possunt,
2544 1141 2664 1207 quia
2697 1155 2895 1208 corpus
2949 1156 3052 1192 non
3086 1139 3308 1194 habent.
3339 1138 3521 1192 Abiisti
3561 1141 3674 1193 sine

2097 1232 2298 1284 macula
2327 1241 2403 1295 tu,
2445 1234 2497 1284 in
2544 1233 2719 1284 diebus
2745 1233 2885 1285 tuis:
2928 1247 2991 1285 ea:
3017 1247 3118 1300 qua
3149 1231 3232 1283 die
3273 1241 3472 1284 creatas
3500 1246 3552 1284 es
3589 1240 3674 1294 tu,

2098 1325 2258 1376 donec
2282 1325 2627 1377 inuenirentur
2655 1325 2944 1392 iniquitates
2974 1333 3074 1377 tua:
3103 1325 3154 1376 in
3190 1334 3256 1386 te,
3281 1340 3312 1375 a
3343 1323 3677 1376 multitudine

2100 1416 2457 1484 negotiationis
2484 1404 2584 1466 ιθσε
2607 1412 2926 1483 (Ibid.,15).
2949 1413 3191 1482 Lapides,
3225 1413 3524 1468 Ecclesiam
3549 1427 3677 1469 esse

2099 1507 2175 1561 sic
2202 1508 2330 1560 dicit
2360 1507 2583 1562 Petrus:
2631 1505 2763 1559 Ecce
2791 1523 2876 1559 vos
2906 1513 3089 1574 fratres
3114 1546 3129 1570 ,
3174 1513 3428 1573 tamquam
3477 1507 3677 1573 lapides

2101 1599 2217 1660 civi,
2247 1597 2636 1672 corediﬁcamini
2675 1601 2724 1651 in
2749 1597 2926 1651 domos
2950 1597 3249 1666 spirituales
3275 1598 3315 1667 (I
3352 1596 3467 1650 Pet.
3501 1613 3559 1662 tt,
3591 1598 3673 1669 5).

2099 1692 2268 1757 Quam
2297 1691 2536 1754 domum,
2566 1692 2773 1760 igneam
2806 1706 2953 1754 esse;
2982 1702 3035 1744 et
3068 1691 3204 1745 hanc
3232 1733 3246 1756 ,
3279 1692 3446 1746 malos
3476 1690 3678 1746 fratres

2099 1784 2290 1838 ardere
2319 1785 2394 1837 sic
2423 1784 2552 1837 dicit
2593 1784 2765 1838 Deus:
2798 1782 2912 1836 Erit
2943 1785 3124 1835 domus
3152 1780 3312 1836 Iacob
3333 1825 3348 1848 ,
3381 1783 3550 1852 ignis:
3580 1783 3678 1838 do-

424 1873 684 1925 tiabuntnr
715 1872 777 1925 ab
811 1873 1216 1927 inhabitantibus
1245 1875 1266 1945 (
1294 1872 1400 1928 Isa.
1441 1890 1562 1930 χιιχ
1590 1918 1603 1938 ,
1640 1877 1702 1930 18
1727 1918 1741 1939 ,
1779 1876 1874 1940 19;
1907 1893 1993 1943 ιχ,
2028 1896 2070 1954 Β
2102 1893 2210 1929 mus
2236 1885 2406 1931 autem
2448 1873 2641 1945 Ioseph
2668 1916 2681 1940 ,
2715 1877 2955 1944 ﬂamma:
2985 1873 3180 1928 Domus
3222 1890 3336 1928 vero
3366 1874 3531 1941 Esau,
3581 1875 3682 1928 sti-

424 1963 490 2018 ιι
511 1962 551 2030 ).
580 1965 643 2017 Et
667 1965 718 2018 in
743 1963 1094 2035 Apocalypsi,
1116 1967 1306 2019 eadem
1336 1970 1529 2021 civitas
1552 1967 1832 2021 duodecim
1863 1969 1998 2036 iapi-

420 2054 577 2112 dibus
596 2056 814 2111 fundata
840 2060 1168 2114 consuuitur
1189 2060 1371 2130 (Apoc.
1400 2076 1514 2123 χχι,
1549 2062 1627 2126 l0,
1651 2060 1766 2130 ΞΟ).
1787 2059 1994 2126 Omnia,

422 2150 626 2218 inquit,
660 2151 878 2220 lapidem
919 2153 1195 2221 optimum,
1221 2162 1273 2206 et
1311 2155 1646 2207 enumeravit
1671 2153 1953 2206 duodecim
1981 2171 1992 2205 :

423 2253 482 2296 ut
508 2244 816 2298 ostenderet
853 2245 902 2298 in
949 2246 1278 2299 duodenario
1312 2261 1536 2299 numero
1580 2245 1992 2314 perleuionem.

428 2337 635 2399 Omnia,
659 2338 823 2403 enim,
855 2354 969 2406 quia
988 2339 1103 2407 {erit
1131 2337 1292 2402 Deus,
1318 2341 1449 2392 bona
1478 2349 1595 2390 sunt
1623 2339 1776 2407 (Gen.
1811 2355 1848 2403 ι,
1877 2339 1990 2407 25).

427 2428 623 2484 ﬂorum
676 2429 923 2484 diabolus
954 2447 1130 2495 usum,
1189 2448 1292 2484 non
1340 2441 1582 2484 naturam
1634 2432 1877 2484 mutavit.
1931 2430 1992 2484 Et

425 2536 612 2576 omnes
643 2523 885 2576 licinines
915 2523 1202 2577 excellenti
1231 2537 1391 2577 sensu
1413 2535 1467 2577 et
1499 2524 1730 2592 potentis
1759 2525 1994 2593 ingenii,

423 2626 611 2667 aurum
639 2625 764 2666 sunt
791 2624 844 2668 et
887 2624 1161 2684 argentum
1187 2656 1202 2678 ,
1232 2624 1286 2669 et
1314 2616 1517 2683 lapides
1549 2618 1766 2684 pretiosi
1807 2631 1992 2670 secun-

423 2702 550 2756 dum
599 2714 874 2758 naturam:
919 2706 1014 2759 sed
1043 2707 1161 2774 ejus
1213 2718 1370 2760 erunt
1404 2710 1454 2760 in
1512 2707 1666 2776 cujus
1697 2707 1994 2776 obsequio,

425 2809 635 2859 natura,
689 2801 799 2850 suis
830 2797 1103 2852 fruuntur.
1133 2799 1420 2864 Quoniam,
1469 2802 1554 2854 cui
1598 2816 1657 2854 se
1707 2801 1997 2868 signaverit

420 2888 543 2953 quis
567 2887 618 2939 in
643 2887 944 2942 obedientia
969 2908 978 2940 :
1009 2903 1200 2942 servus
1224 2899 1305 2942 est
1336 2889 1477 2958 ejus,
1503 2890 1587 2943 cui
1611 2891 1852 2961 obaudit,
1882 2891 1996 2946 sive

424 2979 650 3045 peccati,
683 2979 800 3032 sive
827 2978 1070 3047 Ῑυειὶιὶιε.
1104 2979 1176 3033 lta
1210 2981 1265 3033 lit
1287 3023 1301 3043 ,
1334 2989 1390 3034 ut
1433 2993 1484 3034 et
1531 2981 1774 3035 diabolus
1805 2981 1996 3037 habeat

422 3084 612 3122 aurum
658 3080 713 3124 et
746 3081 1059 3140 argentum,
1110 3083 1165 3127 et
1212 3073 1416 3140 lapides
1467 3074 1751 3141 pretiosos.
1804 3075 1996 3129 Omnia

423 3159 661 3228 quidem,
694 3176 797 3213 non
841 3177 936 3214 sua
978 3163 1272 3216 secundum
1320 3165 1612 3232 originem:
1641 3166 1735 3217 sed
1766 3180 1882 3230 sua,
1913 3183 1997 3221 se-

2100 1967 2242 2036 pula.
2296 1966 2641 2020 Erardcscent
2692 1967 2743 2020 in
2795 1968 2909 2020 illos
2942 1976 2985 2019 et
3016 1967 3274 2019 comedent
3323 1981 3447 2020 eos:
3492 1976 3540 2021 et
3571 1981 3680 2022 non

2101 2059 2192 2112 erit
2223 2059 2409 2129 ignifer
2436 2059 2487 2110 in
2519 2058 2670 2111 domo
2704 2057 2866 2123 Esau,
2909 2059 3148 2127 quoniam
3177 2057 3427 2111 Dominus
3469 2059 3680 2112 locutus

2099 2162 2170 2203 est
2196 2151 2375 2220 (Abd.,
2413 2148 2524 2217 18).
2558 2149 2688 2202 Cum
2719 2151 2859 2203 enim
2895 2160 3078 2218 peccat
3122 2149 3283 2203 homo
3324 2149 3576 2218 dejicitur
3606 2150 3681 2204 de

2102 2253 2281 2297 monte
2330 2244 2445 2307 Dei,
2496 2252 2549 2296 et
2599 2258 2703 2295 non
2735 2243 2835 2296 erit
2876 2241 3088 2311 ignifer,
3123 2239 3321 2295 amisso
3352 2240 3579 2310 Spiritu,
3615 2249 3681 2296 et

2099 2337 2455 2391 succendetur
2486 2336 2538 2388 in
2567 2336 2822 2389 cinerem.
2857 2332 3092 2386 Peecasti
3119 2373 3132 2395 ,
3157 2343 3204 2385 et
3232 2332 3529 2386 uulneratus
3560 2348 3613 2385 es
3642 2349 3679 2386 ts

2098 2441 2265 2483 monte
2292 2428 2386 2482 Dei
2412 2437 2495 2481 :et
2525 2428 2736 2480 abduxit
2768 2438 2813 2480 te
2840 2425 3110 2479 Cherubim
3137 2425 3201 2478 de
3243 2424 3406 2477 medio
3434 2424 3680 2494 lapidum

2098 2525 2382 2593 igneorum.
2412 2519 2728 2593 [Cherubim,
2761 2518 3114 2573 ministerium
3142 2517 3237 2571 Dei
3261 2527 3372 2572 est:
3403 2516 3546 2584 quod
3574 2529 3679 2570 ex-

2098 2616 2258 2668 clusit
2287 2618 2568 2667 universos
2595 2613 2764 2665 malos
2791 2612 2858 2666 de
2885 2612 3145 2675 Ecclesia,
3169 2610 3262 2664 sed
3289 2609 3675 2678 spiritualiter.

2098 2707 2196 2773 Qui
2224 2709 2364 2760 enim
2412 2708 2789 2760 vestimentum
2841 2704 3076 2773 nuptiale
3109 2718 3213 2756 non
3265 2699 3446 2766 habet,
3493 2699 3582 2755 hic
3613 2701 3674 2756 in

2098 2798 2295 2852 smcnlo
2318 2799 2618 2852 excluditur
2647 2797 2716 2852 de
2744 2796 2919 2850 medio
2947 2792 3394 2849 recumbentium.
3426 2792 3676 2861 Denique

2100 2888 2150 2942 in
2185 2889 2456 2954 tenebras,
2489 2887 2538 2942 id
2563 2898 2665 2954 est,
2700 2891 2750 2944 in
2779 2887 3184 2943 obdurationem
3213 2886 3470 2939 mittitur:
3496 2884 3675 2938 donec

2098 2986 2152 3039 in
2198 2986 2369 3054 ignem
2414 2985 2464 3038 in
2492 2995 2750 3038 aternum
2789 2981 3099 3036 descendat.
3151 2979 3352 3033 Futuro
3377 2979 3522 3032 enim
3564 2989 3678 3029 sa:-

2097 3080 2239 3142 culo,
2270 3091 2428 3132 nemo
2457 3078 2768 3132 miscebitur
2810 3078 2976 3128 choro
3002 3082 3330 3136 sanctorum,
3362 3070 3451 3138 qui
3482 3080 3672 3137 postea

2096 3169 2429 3223 excludatur.
2457 3168 2754 3224 Exaltatum
2777 3178 2848 3222 est
2869 3185 2953 3220 cor
2977 3177 3115 3218 tuum
3139 3166 3190 3218 in
3214 3164 3396 3217 decore
3422 3172 3529 3226 tuo,
3555 3178 3672 3216 cor-

425 3252 658 3307 cundum
710 3254 1054 3307 voluntatem.
1108 3255 1236 3308 Nam
1286 3266 1339 3310 et
1385 3259 1436 3309 in
1482 3256 1582 3310 Job
1614 3259 1870 3326 scriptmn
1916 3271 1998 3313 est
2025 3276 2070 3338 ρ
2100 3275 2248 3332 rupta
2279 3273 2350 3317 est
2371 3263 2581 3315 scientia
2624 3273 2711 3315 tua
2754 3263 2805 3312 in
2842 3260 3021 3313 decore
3073 3255 3223 3328 tuo.]
3274 3256 3541 3323 Corrupto
3586 3263 3677 3307 est

426 3345 672 3400 diabolo:
709 3346 868 3400 Omne
894 3364 1076 3401 aurum
1099 3351 1259 3402 maris
1286 3350 1376 3403 sub
1399 3367 1456 3402 eo
1486 3362 1556 3404 est
1583 3351 1725 3420 (Job.
1755 3353 1992 3422 ωλι).

429 3436 488 3489 Et
521 3439 830 3505 Apostolus,
863 3455 983 3492 vasa
1013 3457 1167 3493 aurea
1194 3452 1240 3494 et
1267 3452 1505 3510 argentea
1528 3483 1540 3505 ,
1571 3443 1704 3498 dicit
1732 3461 1837 3497 esse
1862 3462 1998 3514 quie-

427 3530 544 3580 dam
571 3532 622 3582 in
651 3532 1013 3584 contumeliam
1041 3532 1106 3597 (ll
1135 3533 1264 3585 Tim.
1292 3549 1348 3592 lt.
1379 3534 1493 3602 20).
1527 3534 1639 3588 Non
1669 3537 1832 3601 enim,
1863 3537 2000 3590 sicut

427 3623 642 3691 quidam
686 3635 892 3692 putant,
940 3628 1118 3679 omnia
1150 3628 1323 3695 lignea
1355 3640 1406 3681 et
1455 3629 1632 3683 lietilia
1667 3632 1995 3698 reprobavit,

427 3726 548 3764 cum
579 3727 643 3765 ex
683 3713 763 3766 eis
793 3715 899 3768 sint
945 3715 1120 3784 aliqua
1170 3715 1222 3769 in
1265 3718 1521 3772 honorem
1550 3759 1562 3779 .
1599 3721 1714 3787 ipso
1744 3721 1956 3774 dicente
1985 3739 1997 3773 :

431 3801 672 3872 Figulum
707 3805 824 3867 ltiti,
857 3807 1000 3860 aliud
1029 3809 1243 3876 quidem
1273 3810 1474 3878 lingere
1496 3811 1546 3863 in
1569 3812 1830 3877 honorem,
1857 3813 1998 3867 aliud

432 3909 557 3947 vero
607 3898 658 3948 in
705 3900 1063 3952 contumeliam
1115 3900 1300 3969 (Rom.
1359 3917 1432 3963 ιχ,
1464 3902 1526 3956 21
1557 3905 1594 3969 ).
1628 3903 1694 3957 Et
1735 3919 1798 3958 ex
1835 3905 1997 3974 ligno,

432 3985 577 4040 aliud
612 3987 675 4040 ad
705 3992 1149 4057 prieparationem
1194 4007 1337 4057 esse,
1367 3994 1507 4046 aliud
1539 3996 1591 4048 in
1623 3998 1997 4066 sacrilegium:

430 4093 494 4132 ex
539 4095 672 4134 auro
704 4092 756 4134 et
787 4094 1025 4150 argento,
1062 4084 1110 4136 id
1143 4095 1244 4148 est,
1280 4101 1342 4139 ex
1382 4089 1587 4155 magnis
1613 4099 1668 4142 et
1705 4092 2002 4157 persnicuis

430 4173 565 4226 dixit
615 4174 942 4229 immundos.
985 4177 1112 4229 Nam
1160 4189 1212 4232 et
1262 4181 1311 4232 in
1346 4183 1707 4254 Apocalypsi:
1757 4182 2004 4235 Meretrix

437 4264 519 4330 (id
550 4276 656 4327 eSI,
686 4280 886 4333 corpus
913 4267 1232 4338 adversum)
1261 4289 1489 4341 purpura
1515 4315 1527 4329 .
1562 4291 1732 4336 cocco,
1767 4284 1813 4325 et
1851 4291 2022 4338 auro,.

430 4366 480 4409 et
504 4367 732 4426 argento,
767 4358 1120 4429 lapidibusque
1142 4363 1380 4430 pretiosis
1417 4377 1628 4417 ornatur
1647 4381 1665 4416 :
1695 4363 1882 4416 habens
1913 4381 2003 4428 po-

431 4449 604 4500 culum
631 4465 847 4501 auream
877 4452 929 4503 in
957 4469 1136 4514 manu,
1172 4455 1378 4522 plenum
1406 4457 1810 4509 exsecrationnm
1833 4465 1878 4508 et
1911 4459 2003 4508 im-

433 4537 807 4590 munditiarum
841 4541 998 4593 totius
1039 4552 1189 4597 terra!
1218 4547 1410 4616 (Apoc.
1459 4563 1594 4611 χχιι,
1626 4548 1704 4616 ι).
1736 4547 1837 4600 Ista
1877 4561 2003 4601 sunt

2098 3355 2316 3408 scientia
2339 3355 2474 3423 ejus,
2519 3354 2609 3422 qui
2650 3353 2828 3406 sciens
2870 3350 3211 3419 prudensque
3243 3358 3358 3401 erat
3400 3357 3455 3400 et
3485 3345 3675 3399 studio

2098 3445 2360 3500 aﬂecmta:
2386 3447 2662 3518 sapientia:
2682 3444 2874 3498 asserit
2896 3441 3230 3494 dissimulata
3249 3439 3495 3501 veritate,
3521 3454 3678 3491 men-

2099 3538 2334 3591 dacium:
2382 3538 2520 3590 sicut
2550 3535 2782 3602 Spiritus
2811 3534 2977 3588 dicit:
3009 3531 3138 3587 Cum
3183 3532 3529 3602 cognovissent
3562 3527 3680 3582 Do-

2102 3631 2310 3694 minum,
2337 3647 2436 3680 non
2465 3639 2516 3680 ut
2547 3629 2824 3679 Dominum
2854 3627 3329 3696 magni/itaverunt,
3359 3634 3448 3675 aut
3477 3623 3678 3691 gratias

2099 3733 2340 3790 egerunt:
2365 3721 2454 3772 sed
2481 3721 2656 3788 nugati
2681 3729 2798 3772 sunt
2821 3720 2871 3771 in
2893 3718 3281 3786 cogitationibus
3300 3717 3428 3780 suis,
3450 3716 3682 3770 dicentes

2099 3828 2151 3864 se
2179 3828 2284 3864 esse
2307 3813 2556 3880 sapientes
2587 3812 2604 3878 (
2631 3809 2780 3864 ltom.
2807 3825 2846 3872 ι,
2873 3808 2998 3876 2'2).
3041 3806 3325 3879 [Corrupto
3357 3816 3429 3860 est
3459 3808 3681 3861 scientia

2101 3918 2310 3965 eorum,
2341 3903 2429 3970 qui
2461 3903 2598 3954 alios
2640 3903 2857 3965 docent,
2889 3917 2947 3956 se
2977 3902 3120 3970 ipsiis
3147 3916 3253 3954 non
3292 3899 3507 3954 docent.
3541 3900 3682 3952 Cor-

2103 4004 2289 4064 ruptus
2315 4004 2400 4047 est
2427 3994 2590 4046 decor
2619 4037 2631 4058 ,
2685 3993 2776 4063 qui
2807 3995 2992 4062 generi
3023 4008 3121 4047 suo
3164 4008 3389 4060 operum
3421 3991 3684 4044 similitu-

2099 4087 2226 4140 dine
2248 4084 2359 4139 non
2376 4088 2686 4154 respondet.
2719 4085 2935 4155 Propter
2952 4087 3327 4139 multitudinem
3349 4093 3682 4154 peccatorum

2101 4190 2321 4232 tuorum.
2351 4179 2414 4249 lu
2439 4190 2624 4232 terram
2649 4182 2840 4251 projeci
2861 4193 2906 4234 te
2924 4197 2942 4234 :
2975 4178 3038 4232 In
3067 4189 3340 4247 conspectu
3364 4195 3540 4248 regum
3555 4180 3682 4231 dedi

2103 4283 2150 4325 te
2177 4273 2497 4326 dehonestari
2524 4272 2736 4344 (Ezech.
2771 4289 2965 4338 χχι-ιιι,
2997 4273 3107 4343 18).
3137 4273 3201 4327 Et
3227 4272 3478 4327 diabolus
3506 4283 3590 4325 est
3617 4272 3681 4326 in

2103 4373 2324 4428 terram,
2360 4367 2408 4418 id
2440 4375 2542 4430 est,
2576 4368 2628 4418 in
2663 4368 2954 4428 hominem,
2981 4375 3035 4419 et
3060 4366 3220 4418 homo
3242 4365 3311 4418 de
3338 4363 3684 4418 sublimitate

2105 4457 2359 4510 Ecclesia
2385 4501 2398 4520 ,
2433 4459 2482 4509 in
2531 4456 2988 4510 conculcationem
3011 4496 3026 4521 ,
3080 4456 3123 4510 si
3161 4454 3457 4507 llieremias
3498 4452 3630 4507 dicit
3661 4471 3681 4510 :

2104 4548 2281 4621 Dejcci
2306 4552 2368 4602 de
2397 4553 2520 4604 cazlo
2546 4553 2598 4604 in
2626 4561 2812 4604 terram
2834 4552 3070 4622 gloriam.
3105 4549 3165 4602 ln
3205 4560 3476 4619 conspectu
3497 4565 3684 4617 regunt

433 4649 564 4701 ergo
595 4634 792 4686 diaboli
847 4647 1185 4701 ornamenta,
1235 4638 1440 4706 lapides
1494 4641 1714 4707 pretiosi
1745 4660 1755 4694 :
1806 4640 2002 4708 quibus
2031 4644 2082 4703 D
2107 4640 2318 4707 (Thren.
2347 4658 2402 4702 ll,
2436 4641 2508 4709 1).
2537 4642 2957 4696 Christianorum
2987 4642 3154 4695 dixit:
3185 4656 3412 4708 quorum
3445 4639 3683 4707 pedibus

434 4727 628 4795 lapiaes
667 4727 838 4789 igneos
871 4728 1126 4794 imitatur,
1159 4740 1212 4784 et
1242 4730 1402 4784 homo
1433 4732 1484 4783 in
1514 4748 1572 4786 se
1603 4734 1764 4786 habet
1790 4729 2008 4787 thesau-

434 4831 520 4868 ros
550 4827 652 4869 tam
685 4816 980 4872 facinorum
1012 4836 1172 4885 quam
1198 4823 1531 4890 perspicuos.
1569 4823 1684 4894 Ipse
1706 4825 1846 4877 enim
1882 4842 2004 4879 suo—

434 4923 549 4961 rum
578 4917 816 4975 portator
842 4919 945 4976 est,
971 4927 1132 4978 quem
1160 4911 1447 4968 facultates
1476 4928 1587 4968 sua:
1615 4915 1760 4968 velut
1789 4931 2005 4985 compe-

432 5001 528 5053 des
569 5000 890 5070 ligaverunt.
942 5003 1145 5058 Prtcter
1173 5003 1282 5069 illa,
1314 5020 1433 5073 quae
1483 5007 1550 5058 ab
1598 5019 1825 5075 utroque
1869 5025 1999 5065 sexu

431 5092 673 5154 corporis
701 5091 903 5146 diaboli
949 5095 1187 5148 ornanda
1218 5095 1484 5154 eduntur:
1537 5097 1697 5151 etiam
1730 5097 1838 5161 bis,
1885 5118 2020 5168 quzc'

430 5183 644 5237 delossa
681 5186 899 5249 habent,
943 5188 1162 5243 insitum
1194 5197 1277 5242 est
1314 5205 1430 5244 cor.
1468 5189 1567 5244 Ubi
1602 5194 1741 5246 enim
1767 5197 1860 5247 erit
1897 5197 2004 5250 the—

431 5293 637 5339 sauras,
669 5278 774 5330 illic
798 5281 893 5332 erit
918 5292 969 5335 et
991 5297 1079 5334 eor
1103 5281 1326 5336 hominis
1354 5282 1567 5354 (Matth.
1602 5301 1673 5349 vt,
1702 5287 1813 5357 21).
1848 5289 2004 5342 Vetus

430 5368 573 5421 enim
599 5368 761 5423 homo
786 5380 837 5424 et
865 5381 1007 5426 terra
1030 5372 1166 5442 ejus.
1198 5390 1361 5428 unum
1383 5390 1583 5444 corpus
1599 5390 1680 5434 est
1707 5399 1718 5432 :
1753 5383 2002 5450 quoniam

432 5458 788 5528 ipsequoquc
840 5472 978 5517 terra
1009 5474 1111 5519 est.
1159 5463 1310 5520 Unde
1357 5468 1650 5535 Apostolus
1681 5485 1784 5524 non
1831 5473 2003 5526 solum

431 5565 516 5612 ea,
549 5567 667 5630 quze
693 5567 923 5622 corpore
947 5556 1159 5610 admitti
1188 5567 1429 5624 possunt,
1479 5561 1573 5614 sed
1603 5572 1657 5616 et
1684 5562 1963 5619 avaritiam
1987 5608 2001 5630 ,

431 5642 730 5696 membrum
785 5662 905 5700 esse
953 5649 1311 5714 pOSsidcntis,
1365 5653 1437 5705 ita
1485 5652 1729 5708 definivit
1777 5656 1998 5712 dicens:

435 5733 742 5803 Mortiﬁcate
779 5740 944 5807 itaque
981 5743 1203 5795 membra
1232 5755 1421 5810 vestra,
1454 5762 1566 5813 qua:
1599 5750 1650 5800 in
1679 5759 1811 5802 terra
1847 5764 2001 5817 sunt,

438 5826 840 5890 fornicationem.
865 5827 1262 5894 immunditiam.
1299 5837 1608 5902 passionem.
1649 5839 2006 5903 concupiueru-

2107 4735 2453 4787 conculcatur
2469 4733 2712 4788 diabolus
2737 4743 2792 4786 et
2810 4735 2968 4786 homo
3005 4734 3158 4801 ejus;
3199 4730 3417 4799 Propter
3440 4732 3685 4787 multitu-

2107 4827 2271 4879 dinem
2314 4838 2630 4893 peccatorum
2653 4838 2874 4890 tuorum,
2907 4836 2949 4877 et
2976 4827 3291 4896 iniquitatem
3317 4826 3687 4894 negotiationis

2106 4928 2226 4982 tute,
2256 4905 2662 4972 contaminamur
2689 4930 2861 4972 sancta
2900 4919 3045 4986 tua.)
3076 4918 3296 4971 Videtur
3331 4917 3496 4969 veluti
3527 4916 3685 4985 prin-

2104 5014 2333 5081 cipalem
2365 5015 2572 5069 titulum
2602 5019 2990 5082 exprolirasse,
3020 5029 3232 5080 corpore
3256 5013 3476 5073 diaboli,
3511 5028 3686 5083 nego-

2109 5107 2342 5159 tiationis
2397 5109 2563 5175 magis
2605 5107 2762 5173 dicit,
2796 5118 2850 5160 et
2898 5107 3162 5158 thesauros
3188 5145 3204 5170 ,
3237 5106 3542 5174 spirituales
3573 5121 3682 5161 ne-

2106 5199 2307 5267 quitim.
2336 5199 2484 5253 Sicut
2512 5200 2653 5251 enim
2679 5197 2972 5268 spiritualis
2991 5197 3212 5266 justitiaz
3240 5197 3564 5264 negotiatio,
3593 5209 3687 5253 est

2106 5293 2409 5359 thesaurus,
2469 5303 2525 5345 ut
2575 5293 2705 5347 dicit
2750 5291 3036 5346 Dominus:
3111 5290 3293 5345 Simile
3342 5299 3413 5343 est
3461 5307 3682 5360 regnum

2105 5385 2343 5436 caelorum
2371 5385 2561 5436 homini
2591 5385 2890 5454 negotiatori
2922 5382 3134 5454 (Matth.
3166 5397 3301 5445 xm,
3330 5380 3444 5442 43).
3474 5380 3541 5434 Et
3570 5382 3680 5437 ite-

2109 5492 2223 5529 rum
2252 5494 2262 5525 :
2296 5473 2657 5529 Thesaurizate
2678 5477 2813 5528 vobis
2842 5474 3103 5527 thesauros
3127 5475 3176 5524 in
3207 5474 3330 5526 caelo
3358 5470 3575 5535 (llatth.
3601 5489 3680 5538 γι,

2106 5568 2218 5632 20).
2252 5566 2442 5619 lterum
2474 5586 2484 5619 :
2523 5566 2674 5619 Dedit
2704 5568 2858 5619 servis
2890 5567 2995 5619 suis
3032 5566 3368 5618 substantiam
3392 5581 3538 5617 suam
3565 5607 3578 5631 ,
3627 5578 3686 5622 ut

2109 5660 2483 5728 negotiarentur
2516 5651 2796 5726 (Lucfxtx
2817 5701 2832 5722 ,
2878 5658 2944 5711 15
3038 5658 3263 5710 lterum:
3314 5651 3687 5728 Negotiatorcs

2110 5751 2533 5820 Carthaginenses
2587 5751 2891 5803 resistentib.
2935 5759 3040 5802 etc.
3075 5744 3299 5818 (Eteclt.
3332 5759 3476 5803 xxvii
3500 5786 3515 5813 ,
3543 5747 3613 5802 12
3638 5753 3686 5820 ).

2113 5834 2343 5893 ilcrtlmt
2399 5835 2689 5907 Negotiatio
2738 5839 2849 5905 ejus
2899 5846 2943 5890 el
2986 5847 3172 5896 merces
3223 5847 3402 5894 sancta
3456 5831 3689 5898 Domino
