3828 6340
93 407 147 459 65
1325 403 1642 464 ΒΗΑ-111υὸ
1685 404 2032 462 DIACONCS.
3217 407 3288 461 66

86 514 214 584 (hac.
241 528 376 574 xxttt.
413 512 519 581 l8).
558 511 623 566 Et
651 511 973 583 Apostolus:
1016 511 1128 574 Est,
1157 512 1350 583 inquit,
1383 519 1608 586 negotia-
1635 516 1682 575 Α
1712 517 1946 577 circuitu,
1975 528 2394 570 commemoratus
2425 527 2494 568 est
2513 515 2646 569 Deus
2671 515 2907 578 Abralue,
2935 528 2982 568 et
3001 516 3160 569 emisit
3181 516 3278 573 Lor

80 609 138 657 tio
159 622 334 676 magna,
360 607 512 672 pietas
543 604 586 672 (Ι
623 602 758 657 Tim.
793 619 863 667 \‘t,
897 601 971 671 6).
1001 602 1074 658 Ita
1105 605 1396 672 spiritualis
1425 608 1608 671 uequi-
1713 624 1738 658 ε
1768 607 1934 659 medio
1963 608 2298 660 subt'crsionis
2321 624 2337 658 .'
2359 624 2471 659 tum
2505 608 2809 661 subverteret
2837 606 2975 662 Deus
3017 610 3239 661 civitates
3263 649 3276 668 ,

82 698 164 760 tia,
195 695 459 766 negotiatio
489 705 572 750 est
605 697 893 751 thesaurus
922 705 1262 765 peccatorum
1282 738 1298 763 ,
1335 698 1472 752 sicut
1505 698 1610 752 Du-
1677 728 1683 735 -
1711 700 1762 749 in
1789 699 1972 763 quibus
1996 697 2308 750 inhabitabat
2335 699 2385 748 in
2409 698 2479 750 eis
2511 696 2606 750 Lat
2643 697 2794 764 (Gen.
2831 713 2943 759 xu,
2971 697 3089 765 29.)
3118 697 3271 752 Nunt-

82 789 224 841 minus
250 789 405 842 dicit:
449 786 621 840 Homo
645 788 836 847 malus,
868 789 931 860 de
955 787 1194 842 thesauro
1219 790 1387 843 cordis
1429 791 1608 842 emittit
1713 789 1838 856 quid
1872 789 1969 842 Lot
1991 804 2097 842 non
2132 788 2440 843 merebatur
2468 790 2680 856 propria
2707 789 2908 857 jusutia
2943 787 3189 852 liberari,
3223 797 3281 840 ut

80 880 192 931 mala
232 879 444 950 (Matth.
482 895 552 933 xtl
579 921 595 943 ,
627 882 718 935 35.
746 879 766 948 )
812 879 875 933 Et
903 880 1224 949 Apostolus:
1275 881 1608 936 Tltesaurisas
1709 881 1916 934 diceret
1945 881 2258 950 Scriptura:
2292 880 2726 934 Commemoratus
2762 892 2835 934 est
2867 879 3006 934 Deus
3034 881 3278 942 Abrahae,

81 972 150 1022 tibi
171 973 282 1023 iram
304 972 351 1024 iu
370 973 448 1024 die
474 973 566 1024 ira
593 970 774 1042 (llam.
805 987 862 1035 tt,
896 972 971 1038 5).
1709 981 1755 1025 et
1777 973 1944 1025 emisit
1974 972 2070 1025 Lat
2093 989 2119 1025 e
2141 973 2305 1025 medio
2343 973 2720 1025 subversionis?
2749 975 2873 1032 Aut,
2908 972 2974 1024 In
2996 973 3282 1025 civitatibus

136 1063 328 1127 Propter
355 1066 676 1133 iniquitatem
696 1107 712 1132 ,
746 1068 948 1133 inquit,
981 1070 1332 1141 negotiationis
1363 1079 1462 1122 tua:
1489 1049 1625 1124 con?
1711 1065 1990 1127 habitabat,
2023 1075 2074 1117 et
2105 1081 2209 1117 non
2239 1066 2290 1116 in
2321 1066 2524 1117 cit'itate
2543 1080 2561 1116 :
2590 1073 2646 1117 ιιι
2672 1065 2904 1129 diceret,
2935 1063 3194 1124 Civitates,
3229 1066 3282 1117 in

80 1160 346 1210 inmittuntur
371 1167 545 1210 mira
576 1166 689 1212 tua.
718 1157 819 1226 Qui
845 1160 990 1213 enim
1016 1176 1123 1213 non
1150 1171 1296 1216 recte
1325 1162 1608 1215 sanctitate
1710 1156 1892 1222 quibus
1938 1155 2237 1208 habitabat!
2276 1153 2385 1210 Sed
2415 1155 2690 1223 prophetia
2721 1165 2802 1209 est
2833 1155 3027 1209 totum
3077 1155 3282 1209 disces-

81 1249 151 1303 Dei
181 1249 344 1313 utitur,
374 1264 524 1302 suam
558 1249 753 1313 cthcit,
781 1251 918 1305 sicut
951 1252 1090 1306 Deus
1119 1252 1250 1307 dicit
1279 1252 1344 1305 de
1375 1252 1609 1307 sabbatis
1709 1245 1900 1301 sionis.
1929 1246 2132 1302 Memor
2159 1249 2300 1302 enim
2331 1247 2472 1302 Deus
2502 1245 2876 1314 promissionis
2902 1244 3279 1313 ad‘Abraham.

78 1343 197 1393 sitis:
227 1339 436 1396 Subula
464 1351 638 1394 uestra
667 1343 774 1394 adit
803 1345 976 1395 anima
1002 1360 1134 1396 mea.
1180 1342 1412 1397 Educam
1442 1345 1607 1414 ignem
1711 1338 1871 1406 t‘jecit
1900 1337 1998 1392 Lot
2023 1338 2090 1392 de
2128 1339 2378 1392 omnibus
2416 1334 2724 1392 civitatibus
2747 1335 3001 1394 Sodomoi
3018 1353 3139 1404 um,
3163 1339 3284 1407 qui-

76 1435 124 1485 de
149 1434 290 1486 media
314 1434 422 1485 tui:
454 1433 538 1486 hic
567 1446 622 1486 te
643 1435 905 1486 devotabit
928 1433 1064 1501 (lsa.
1100 1451 1138 1500 ι,
1171 1435 1281 1504 15).
1308 1434 1470 1504 Ignis,
1508 1435 1608 1488 Ec-
1712 1429 1809 1483 bus
1860 1430 2036 1484 veniet
2081 1431 2216 1499 ignis
2264 1445 2326 1484 es
2361 1431 2466 1498 igni
2514 1431 2765 1486 Ecclesia:
2787 1469 2804 1495 ,
2851 1445 2970 1500 quae
3000 1429 3070 1484 de
3105 1431 3284 1485 medio

76 1525 352 1587 clesis_est:
382 1540 498 1593 qua:
526 1539 656 1596 cum
705 1525 1020 1580 discesserit
1060 1542 1090 1580 e
1133 1527 1310 1580 medio
1369 1527 1607 1596 mysterii
1711 1538 1898 1576 eorum
1930 1524 2209 1577 educetur.
2240 1523 2308 1578 Et
2339 1524 2470 1576 datio
2512 1526 2636 1578 tein
2663 1526 2879 1577 cinerem
2919 1526 2973 1578 in
3000 1533 3136 1578 terra
3159 1534 3282 1590 tua,

76 1615 316 1680 facinoris,
350 1626 472 1670 tunc
507 1593 667 1686 pluet
708 1619 881 1685 ignem
911 1617 1170 1672 Dominus
1195 1635 1223 1670 a
1253 1618 1480 1671 Domino
1501 1661 1514 1682 ,
1542 1619 1588 1673 dt

1772 1614 1942 1668 Ezeclt.
1987 1631 2150 1669 xxvm
2173 1657 2187 1681 ,
2223 1617 2340 1685 18.)
2370 1616 2425 1670 ld
2457 1625 2558 1680 est,
2603 1619 2654 1670 in
2685 1617 2993 1672 ltontiuibus
3024 1618 3104 1674 vel
3137 1619 3284 1688 ipso:

78 1705 864 1776 Erclesia.sicutscriptumest:
896 1709 991 1762 Sol
1017 1722 1223 1763 exortus
1245 1720 1318 1764 est
1346 1722 1608 1781 sttperter-
1714 1708 1961 1763 homines
1991 1710 2040 1762 in
2081 1719 2220 1762 terra
2249 1725 2375 1772 sua,
2405 1712 2493 1778 qui
2529 1712 2576 1762 in
2613 1720 2750 1764 terra
2796 1711 2886 1765 Dei
2933 1725 3052 1764 esse
3089 1712 3280 1764 nolue-

75 1814 176 1857 ram,
203 1809 240 1849 et
265 1798 349 1850 Lat
378 1799 587 1850 intrarit
639 1799 690 1851 iu
715 1799 909 1864 Seqor:
955 1809 1000 1851 rt
1029 1800 1157 1866 pluit
1184 1799 1430 1852 Dominus
1457 1817 1610 1862 super
1714 1815 1858 1858 runt.
1887 1805 1954 1858 In
1983 1816 2254 1873 conspectu
2290 1807 2552 1858 hominum
2579 1807 2849 1859 videntium
2879 1815 2952 1867 te,
2985 1807 3034 1860 id
3061 1817 3165 1870 est,
3197 1808 3279 1860 in-

77 1893 307 1945 Sedontant
337 1903 379 1945 et
406 1891 782 1959 Gomorrham,
821 1892 1040 1960 sulphur
1069 1903 1114 1946 et
1145 1893 1309 1962 ignem
1334 1911 1362 1944 a
1388 1891 1589 1946 Domini

1772 1891 2093 1961 lugentium.
2147 1895 2410 1965 Numquid
2445 1895 2686 1949 diabolus
2741 1897 2792 1949 in
2841 1895 3064 1952 homine
3113 1896 3283 1951 videri

75 1986 120 2034 de
145 1983 427 2049 cato(Gen.
461 1999 583 2046 xu,
621 1982 750 2051 25).
784 1984 878 2037 llic
923 1995 1004 2036 est
1033 1984 1168 2051 iyuis
1191 2024 1206 2047 ,
1255 1999 1413 2051 quem
1444 1998 1604 2052 supra
1712 1985 1926 2052 potest?
1963 1984 2030 2037 Et
2060 2001 2254 2045 omnes.
2287 1988 2377 2051 qui
2401 1995 2448 2038 te
2468 1996 2713 2039 noverunt
2733 1987 2866 2041 inter
2887 1989 3137 2051 nationes,
3165 2003 3286 2040 con-

73 2072 175 2124 dixit
198 2071 406 2125 :Dontus
430 2070 596 2125 Iacob
617 2113 632 2135 ,
680 2075 812 2142 ignis
844 2073 1067 2125 :domus
1093 2082 1265 2124 autent
1314 2072 1484 2136 Esau,
1515 2074 1607 2125 sti-
1715 2076 2052 2129 tristabuntur
2078 2092 2231 2145 super
2256 2087 2303 2129 te
2332 2075 2519 2145 (lbid.,
2553 2075 2662 2148 19.)
2695 2077 2824 2131 Cum
2855 2077 2996 2130 enim
3029 2076 3285 2130 Dominus

74 2164 182 2228 puta.
224 2161 556 2216 Exardesceut
607 2165 660 2216 iu
691 2180 796 2227 eos,
855 2173 902 2216 et
931 2165 1188 2216 comedent
1233 2164 1386 2217 illos:
1433 2174 1477 2216 et
1508 2181 1605 2216 non
1719 2166 1945 2233 percutit
1972 2174 2061 2219 aut
2085 2167 2289 2236 detegit
2317 2167 2506 2231 malos,
2535 2169 2949 2222 constrislantur
2978 2168 3069 2238 qui
3098 2182 3283 2224 eorum

72 2257 143 2306 erit
168 2257 397 2325 igniferin
424 2256 580 2309 domo
604 2253 946 2325 Esau(Abd.,
975 2256 1084 2322 18).
1116 2255 1172 2310 1η
1188 2256 1383 2311 Genesi
1414 2257 1606 2314 iterum
1717 2258 1917 2310 auxilio
1959 2256 2137 2312 fulciri
2167 2259 2367 2322 solent,
2415 2261 2659 2325 corporis
2686 2260 2766 2314 sui
2798 2269 2950 2328 parte
2985 2259 3261 2316 debilitata

74 2344 283 2413 scriptum
309 2356 420 2400 est:
458 2347 595 2400 Cum
634 2357 913 2400 contereret
945 2346 1084 2401 Deus
1111 2364 1284 2402 omnes
1303 2348 1526 2402 civitates
1557 2352 1609 2402 in
1721 2349 1949 2405 Perditio
1977 2352 2113 2420 [acta
2140 2367 2192 2404 es
2217 2367 2235 2404 :
2261 2362 2307 2404 et
2331 2368 2433 2406 non
2461 2353 2561 2406 eris
2585 2353 2637 2406 in
2665 2363 2930 2408 teternum.

429 2482 532 2532 Has
556 2482 781 2547 Regulas
802 2482 1018 2533 Tichonii
1047 2483 1283 2545 expendit
1308 2484 1610 2543 Augustinus
1633 2487 1752 2532 tom.
1775 2482 1865 2544 Ill,
1892 2483 1977 2532 lib.
2006 2497 2050 2530 Ill
2075 2483 2138 2532 dc
2162 2483 2327 2533 Doctr.
2355 2484 2532 2535 Christ.
2558 2497 2694 2547 capp.
2715 2483 2882 2535 30-37.

72 2624 3275 2662 Ἢ

1243 2755 1418 2801 ANNO
1455 2757 1688 2802 DOMINI
1732 2758 2070 2801 CCCXCVIH.

405 2876 1565 3040 HILARIUS
1696 2863 2893 3049 DIACONUS

1133 3225 1136 3229 ’
1208 3276 2128 3363 PROLEGOMENA.

1127 3440 1236 3502 (Ex
1278 3440 1684 3501 Schaeuemanno,
1732 3448 1848 3489 tom.
1896 3442 1936 3499 Ι.
1977 3456 2022 3504 ρ.
2069 3443 2220 3504 306.)

1298 3141 2040 3177 -—-¢———

124 3661 350 3717 LHilarii
372 3662 610 3718 Diaconi
634 3657 1610 3714 vitm—PatriamliabuitSardiniam.
1644 3659 1688 3721 C
1720 3672 1840 3711 cum
1873 3657 2115 3714 Ecclesia
2149 3659 2277 3726 fuit,
2315 3662 2455 3732 quod
2488 3663 2751 3719 Diaconos
2785 3673 2990 3719 tantum
3033 3676 3180 3722 esset
3200 3667 3293 3722 lli-

71 3752 291 3810 Diaconos
314 3767 426 3812 erat
455 3754 741 3811 Ecclesiae
769 3751 1037 3818 Romanae,
1069 3766 1178 3820 quo
1207 3751 1423 3803 nomine
1450 3765 1477 3802 a
1507 3749 1612 3803 Lu-
1716 3748 1903 3813 larius,
1958 3749 2066 3812 cui,
2095 3751 2348 3819 quoniam
2383 3753 2525 3806 nulla
2567 3764 2684 3808 erat
2730 3755 2960 3810 clericos
3001 3756 3288 3812 ordinandi

71 3845 197 3900 cdere
237 3851 493 3918 episcopo
532 3845 859 3901 Calaritano
907 3851 1027 3910 post
1071 3840 1362 3897 concilium
1420 3839 1610 3894 Arcla-
1716 3840 1892 3911 copia,
1923 3857 2083 3896 nemo
2126 3843 2240 3898 fere
2277 3844 2506 3899 adhaesit
2533 3887 2547 3910 ,
2597 3847 2838 3917 adeoque
2877 3848 2990 3903 ltazc
3039 3850 3155 3918 ejus
3194 3850 3292 3905 do-

73 3947 190 3994 tense
216 3941 274 3995 ad
295 3940 686 3996 Constantium
741 3935 954 3998 missus,
981 3948 1102 3988 cum
1131 3933 1181 3986 in
1227 3930 1464 3986 concilio
1502 3931 1610 3985 Mc-
1715 3933 1888 3987 ctrina
1919 3949 2040 4003 qua:
2068 3934 2309 4005 alioquin
2360 3937 2549 4005 ingens
2571 3938 2804 3992 schisma
2840 3940 3135 3994 excitatura
3165 3939 3292 3997 tuis.

71 4018 228 4092 diolsni
257 4039 436 4092 habito
459 4047 702 4092 strenue
732 4030 1239 4086 Atltanasiicausam
1264 4025 1605 4090 deiensisset,
1714 4035 1822 4091 sct,
1855 4041 1976 4080 cum
2012 4027 2132 4095 ipso
2152 4037 2372 4082 auctore
2402 4043 2591 4083 an.....
2615 4029 2837 4086 interiit.

74 4127 198 4195 virgis
219 4144 379 4184 usus
409 4141 461 4184 et
495 4142 610 4182 una
634 4139 758 4180 cum
783 4122 1032 4178 Lucifero
1049 4129 1104 4175 et
1130 4120 1414 4174 Pancratio
1439 4119 1488 4172 in
1513 4133 1606 4173 ex—
1788 4119 1846 4174 Ξ.
1880 4119 2094 4189 Scripta
2123 4123 2330 4194 βίαι-
2355 4121 2566 4190 Scripta
2621 4123 2741 4192 qua:
2770 4123 2975 4180 Hilario
3021 4125 3180 4182 tribui
3206 4142 3293 4182 so-

72 4219 210 4272 tilium
237 4222 428 4278 missus
448 4234 560 4277 est.
581 4219 780 4273 Postea
809 4214 1126 4270 Luciferose
1141 4212 1405 4283 adiunxit,
1425 4210 1516 4264 sed
1547 4225 1610 4263 co
1716 4212 1854 4276 lent,
1879 4221 2003 4265 sunt
2032 4212 2157 4266 tidel
2179 4212 2466 4267 admodum
2521 4214 2741 4269 incerta:
2785 4226 2838 4269 et
2878 4215 3075 4280 dubito,
3106 4217 3293 4272 videli-

75 4313 306 4367 tsmcnria
328 4314 595 4382 opinione
638 4309 924 4378 processit,
953 4305 1012 4359 ut
1037 4306 1269 4359 Arianos
1294 4303 1349 4356 et
1368 4303 1459 4372 qui
1487 4317 1606 4356 cum
1647 4380 1652 4383 δ
1717 4313 1800 4356 cct
1829 4301 2231 4358 Commentarius
2263 4304 2314 4356 iu
2345 4302 2604 4372 Epistolas
2646 4304 2802 4358 Pauli
2844 4322 2966 4359 cum
3008 4305 3291 4363 Ambrosio

73 4403 133 4456 his
148 4408 658 4464 communicassent,
705 4413 999 4468 omnesque
1028 4397 1251 4451 omnino
1295 4394 1472 4462 aliqua
1502 4393 1611 4448 ltm-
1717 4394 1803 4450 edi
1829 4393 2042 4460 solitus,
2065 4405 2119 4448 et
2148 4395 2461 4460 Qtuestiones
2474 4393 2586 4447 νει.
2607 4403 2656 4448 et
2688 4392 2821 4448 Nov.
2849 4393 2986 4450 Test.
3009 4395 3154 4450 inter
3183 4395 3292 4452 Au-

78 4498 155 4550 resi
183 4499 402 4566 pollutos
433 4502 643 4554 iterum
670 4491 1023 4562 baptiundos
1050 4505 1174 4544 esse
1197 4496 1480 4552 statueret,
1511 4501 1609 4540 an-
1713 4485 1916 4555 gnstini
1957 4498 2117 4553 opera
2166 4485 2531 4553 reperiundtr,
2563 4485 2630 4540 de
2659 4486 2852 4555 quibus
2882 4484 3075 4552 fusius,
3104 4487 3198 4543 sed
3223 4489 3291 4541 ita

75 4597 244 4657 trium
264 4592 314 4645 in
331 4591 664 4647 societatem
713 4584 966 4640 Ecclesia
994 4581 1278 4639 catholicae
1306 4579 1614 4649 reciperen-
1717 4588 1773 4632 ut
1797 4577 2000 4632 llilario
2030 4587 2317 4647 utrumque
2341 4577 2703 4648 abjudicarct,
2725 4577 3019 4650 diSputavit
3041 4579 3288 4636 Oudinus

77 4685 156 4732 tu.
183 4681 305 4738 Hinc
347 4682 559 4751 lepide,
605 4678 704 4732 sed
745 4691 934 4746 parum
980 4675 1114 4729 scite
1166 4672 1233 4726 ad
1285 4671 1615 4740 Hieronymo
1717 4682 1848 4726 tom.
1875 4670 1895 4726 l
1921 4672 1989 4728 de
2015 4671 2113 4728 SS.
2155 4670 2305 4727 Eccl.
2331 4687 2386 4740 p.
2417 4670 2676 4728 180491.

75 4772 215 4828 ludi
242 4773 541 4831 Deucalion
590 4771 770 4826 dictus
798 4777 904 4824 est.
937 4766 1081 4822 Bene
1118 4777 1250 4818 vero
1277 4772 1455 4817 actum
1487 4773 1615 4818 tunc

853 5006 2451 5165 COMMENTARIUS

429 5286 622 5416 IN
711 5285 966 5404 X11
1060 5270 2032 5406 EPISTOLAS
2117 5270 2260 5396 B.
2356 5269 2814 5398 PAUL

250 5525 1049 5651 ΕῙΙιΔΒῙθ
1127 5513 1943 5636 υιιοοιιῐο
2014 5509 3071 5626 Δεακιιιτπε.

167 5812 315 5865 the
334 5812 768 5867 Mrtua
791 5808 900 5858 vide
917 5810 1048 5859 tnter
1067 5806 1228 5869 spuria
1251 5805 1303 5853 in
1333 5800 1613 5865 Appendice
1630 5800 1690 5848 ad
1713 5808 1863 5860 opera
1884 5795 1935 5846 S.
1961 5793 2199 5845 Ambusti
2223 5791 2463 5854 adjuncta.
2484 5797 2601 5842 tom.
2624 5787 2755 5841 XVII
2777 5795 2956 5841 nostra
2971 5789 3175 5851 Patrol.)
