3828 6354
433 467 497 526 7t
1694 487 2038 550 sucronts
2076 492 2384 552 mourn:
3568 585 3571 592 ι
3625 509 3694 565 rs

836 686 1827 850 AUCTOR
1896 858 1900 862 ,
1960 693 3340 891 ANONYMUS.

1491 940 1622 1003 CUJ
1631 942 1722 1005 US
1767 943 2030 1008 OPERA
2055 948 2579 1014 -PBODIERUNT

694 1103 1019 1226 SUB
1211 1111 1877 1219 NOMINE
2008 1119 2149 1225 S.
2335 1126 3401 1237 ATHANASII.

1645 1309 1716 1360 Ex
1745 1323 1858 1374 opp.
1885 1313 1942 1376 S.
1964 1314 2210 1366 Athanasii
2237 1323 2352 1367 tom.
2379 1316 2448 1368 Ill
2498 1359 2511 1370 .

487 1421 1158 1504 ADMQNITUM
1237 1424 1347 1497 IN
1426 1427 2040 1516 SEQUENTIA
2116 1436 2324 1506 Ι)Ηο
2375 1420 2926 1515 OPUSCULA
2999 1444 3561 1524 ASCETICA.

427 584 2370 625 Μ

2375 615 3669 641 w

476 1669 519 1722 Α
551 1669 723 1723 multis
761 1670 874 1737 jam
918 1671 1123 1725 saeculis
1153 1671 1507 1744 subsequente:
1535 1675 1652 1728 dua:
1678 1677 1909 1729 ascetica:
1945 1676 2326 1735 exhortationes
2365 1683 2434 1734 ad
2465 1687 2741 1738 monachos
2771 1696 2818 1739 et
2843 1687 2911 1740 ad
2936 1705 3150 1757 sponsas
3181 1690 3369 1746 Christi
3393 1694 3666 1750 Athanasii

407 1759 610 1812 nomine
637 1758 890 1828 prodiere.
937 1759 1000 1813 In
1027 1761 1332 1816 collectione
1367 1780 1587 1834 namque
1626 1764 1966 1835 Regulatum,
2016 1785 2129 1836 qua!
2153 1779 2327 1821 octauo
2357 1775 2543 1824 swcuto
2567 1789 2597 1824 a
2630 1772 2904 1828 Benedicto
2932 1776 3220 1833 Anionense
3248 1782 3550 1836 concinnata
3578 1796 3672 1846 cst,

421 1860 639 1920 utraque
658 1862 912 1922 comparet
935 1853 1204 1907 Athanasii
1227 1856 1434 1908 nomine
1460 1856 1705 1926 inscripta
1729 1873 1746 1920 ;
1779 1872 1893 1908 cum
1933 1867 2110 1910 neutra
2141 1871 2305 1913 tamen
2330 1860 2604 1916 Athanasii
2632 1865 2761 1918 nihil
2788 1866 2884 1917 nisi
2912 1883 3092 1918 nonam
3113 1869 3368 1924 admittat.
3398 1870 3537 1925 Nam
3563 1875 3676 1941 ipsa

407 1940 520 1993 luce
541 1941 731 1994 clarius
760 1952 860 2006 est,
915 1960 944 1994 (ι
971 1942 1154 1996 Latino
1182 1945 1452 2010 scriptore,
1488 1956 1534 1998 et
1564 1946 1768 2015 quidem
1795 1946 2021 2016 eleganti
2050 1948 2347 2018 Latineque,
2397 1962 2448 2004 ut
2479 1953 2571 2005 illa
2600 1965 2770 2018 (etate,
2805 1957 3139 2024 peritissimo,
3173 1960 3449 2015 adornatas
3494 1965 3671 2033 fuisse.

402 2031 646 2087 Secunda
668 2049 840 2102 porro,
867 2035 918 2086 in
948 2035 1085 2087 Actis
1111 2034 1330 2087 Concilii
1365 2037 1795 2106 Aquisgrunensis
1825 2048 1962 2089 extat
1998 2039 2218 2109 integra,
2250 2042 2630 2113 Athanasioque
2670 2046 2959 2100 ascribitur.
2991 2047 3136 2103 Unde
3172 2050 3388 2119 fortasse
3415 2031 3676 2123 suspicari

402 2121 572 2189 liccat,
606 2122 762 2192 fuisse
786 2121 949 2185 illam,
967 2127 1255 2194 pariterque
1283 2129 1508 2195 priorem
1539 2146 1650 2194 autc
1671 2130 1845 2182 eodem
1875 2130 2032 2198 fer-tne
2051 2132 2171 2201 styli
2202 2150 2383 2203 genere
2411 2138 2700 2205 conscripta
2723 2148 2816 2208 est,
2844 2141 2904 2192 ab
2927 2150 3133 2196 auctore
3157 2161 3248 2196 suo
3269 2148 3673 2203 commendatio.

401 2213 480 2266 nis
510 2227 664 2265 causa
694 2212 968 2267 Athanasii
996 2217 1200 2269 nomine
1226 2217 1538 2286 insignitum.
1570 2217 1851 2286 Utrumque
1877 2230 2047 2273 autem
2073 2221 2380 2290 opusculum
2407 2224 2459 2300 in
2493 2224 2788 2294 Appendice
2828 2228 2895 2282 ad
2925 2227 3164 2284 Codicem
3188 2232 3526 2302 Regularmn,
3577 2255 3670 2292 cu-

397 2312 547 2356 rante
569 2301 708 2357 Luca
734 2302 1006 2358 Holstenio
1025 2306 1220 2358 editum
1243 2309 1340 2376 {ait
1372 2307 1588 2362 Parisiis
1614 2326 1748 2362 anno
1783 2309 1932 2364 1665.

1148 2503 1932 2588 ΕΧΗΟΒΤΑΤΙΟ
2007 2509 2164 2590 ΑΙ)

2087 2430 2315 2442 -—-—.__.

2240 2511 2915 2600 MONACHOS.

2320 2434 3647 2462 ..ῃ-...Ἦ

1859 2670 2220 2687 Μ

472 2751 537 2807 Et
567 2754 610 2808 si
666 2753 796 2822 quid
851 2755 1076 2824 gloriari
1102 2755 1156 2811 in
1179 2754 1396 2811 Christo
1443 2759 1611 2822 licet,
1670 2757 1973 2826 huiusmodi
2003 2764 2056 2820 Α
2082 2761 2132 2814 in
2167 2751 2541 2819 holocaustum
2577 2768 2767 2832 nostri,
2802 2770 3034 2826 hostiam
3070 2775 3383 2833 voluntariae
3411 2781 3650 2839 oblatio-

403 2843 685 2913 principiis
732 2845 957 2912 initiati,
989 2856 1046 2900 ut
1074 2848 1144 2902 sit
1177 2849 1449 2902 inchoatio
1479 2859 1654 2903 vestra
1687 2849 1971 2918 perfectio,

389 2945 444 2990 et
472 2936 537 2990 ad
556 2952 738 2992 veram
761 2938 978 2992 vivendi
1009 2941 1212 3010 frugem
1235 2943 1436 3010 gradus
1460 2941 1810 3010 interpositos
1835 2958 1972 3011 pra:-

397 3027 680 3092 volantes,
726 3029 878 3099 apice
918 3030 1087 3098 ipsius
1124 3031 1376 3086 culminis
1405 3042 1696 3100 occupato,
1726 3032 1966 3101 discipli-

390 3134 475 3174 nze
506 3135 772 3174 summam
805 3125 1060 3188 teneatis,
1089 3125 1226 3190 utin
1261 3125 1400 3179 votis
1429 3125 1634 3180 habere
1663 3125 1883 3192 debeat,
1916 3135 1970 3181 et

381 3209 585 3264 imitari
614 3211 846 3281 quisque
877 3226 977 3267 vos
1005 3214 1186 3282 potius
1215 3230 1374 3284 quam
1403 3229 1561 3284 posse
1590 3215 1785 3270 credat
1812 3216 1968 3270 insti-

384 3301 494 3353 tui:
529 3300 658 3355 mibi
691 3311 873 3356 tamen
929 3303 1088 3372 hujus
1135 3305 1416 3359 licentiam
1456 3307 1829 3376 prmrogativa:
1868 3321 1962 3375 pa-

398 3401 590 3447 ternus
620 3392 874 3463 ascripsit
897 3393 1124 3449 allectus
1143 3439 1157 3462 ,
1187 3404 1244 3450 et
1267 3396 1647 3464 amplectenda
1677 3397 1809 3451 mihi
1836 3412 1961 3452 ves-

387 3495 488 3538 trae
517 3486 973 3554 expostulationis
1029 3489 1264 3544 exactio.
1316 3489 1417 3557 Qui
1445 3488 1572 3546 dum
1603 3504 1692 3545 me
1735 3489 1958 3557 auditis,

387 3588 493 3629 non
518 3575 694 3630 solum
715 3575 1076 3642 libenter,sed
1099 3579 1259 3634 etiam
1288 3581 1441 3636 avide
1469 3581 1834 3651 impudentem
1869 3598 1955 3636 me

383 3676 567 3723 vestro
614 3683 807 3724 amore
851 3667 1081 3725 fecistis.
1114 3669 1492 3726 Praecedentes
1517 3672 1679 3739 duco,
1730 3682 1785 3727 et
1811 3674 1947 3727 ultra

376 3775 686 3814 mensuram
743 3777 876 3816 mea:
924 3763 1305 3833 possibilitatis
1343 3775 1603 3818 extensus
1631 3780 1767 3834 quos
1802 3766 1953 3835 sequi

378 3849 559 3917 cupio.
591 3851 799 3906 ducere
828 3852 1154 3922 compellor.
1188 3852 1414 3924 Pergam
1450 3857 1613 3923 igitur
1640 3869 1737 3923 per
1764 3857 1948 3910 trami-

376 3948 484 3994 tem
507 3940 630 3997 vita
655 3951 878 4008 vestras,
919 3953 980 3999 ut
1000 3946 1158 4014 quasi
1194 3947 1285 4014 qui
1314 3945 1828 4014 primislitterarum
1853 3949 1952 4001 im-

362 4032 555 4087 buatur
581 4034 869 4090 elementis
913 4036 1164 4106 depictis,
1221 4037 1578 4094 adumbratas
1634 4039 1950 4109 praeﬁgura-

2082 2852 2164 2906 uis
2193 2853 2466 2922 aptemus,
2491 2858 2867 2916 desiderantes
2891 2877 3044 2918 escas
3072 2875 3128 2921 et
3153 2879 3427 2935 parantes,
3450 2887 3513 2927 ac
3539 2876 3659 2944 pri-

2082 2945 2314 2998 matibus
2343 2946 2450 2999 illis
2501 2947 2566 3002 ad
2597 2965 2912 3007 mensuram
2950 2958 3119 3010 venue
3151 2956 3292 3014 banc
3322 2966 3656 3021 sententiam

2076 3033 2395 3105 largientes:
2425 3037 2603 3094 Omnis
2624 3055 2858 3096 creatura
2882 3045 2976 3099 Dei
2999 3047 3153 3112 bona,
3176 3059 3220 3102 et
3244 3051 3373 3105 nihil
3396 3054 3650 3125 objicien-

2071 3125 2217 3189 dum,
2265 3128 2403 3191 quod
2431 3147 2545 3183 cum
2575 3136 2857 3200 gratiarum
2899 3139 3097 3192 actione
3125 3143 3406 3213 percipitur
3438 3146 3479 3216 (Ι
3516 3145 3654 3203 Tim.

2070 3231 2142 3282 tv,
2167 3217 2243 3289 4).
2274 3219 2381 3274 Nos
2411 3223 2475 3275 ad
2494 3221 2782 3293 ‘prazmium
2815 3229 3000 3296 gloria:
3030 3233 3124 3285 illo
3164 3234 3352 3291 labore
3383 3239 3652 3306 nitentes,

2068 3305 2292 3374 bonum?
2313 3321 2396 3365 est
2427 3329 2533 3369 non
2566 3318 2894 3373 manducare
2945 3337 3188 3388 carnem,
3246 3341 3422 3396 neque
3449 3329 3648 3387 bibere

2067 3399 2274 3482 vinum.
2321 3401 2386 3455 Et
2418 3420 2642 3460 rursus:
2678 3407 2854 3462 Omnis
2883 3413 2969 3480 qui
3001 3413 3053 3465 in
3080 3430 3244 3483 agone
3266 3418 3550 3483 contendit,
3582 3421 3651 3475 ab

2065 3491 2301 3545 omnibus
2330 3511 2383 3547 se
2407 3498 2625 3550 abstinet
2683 3500 2722 3569 (I
2755 3500 2877 3556 Cor.
2911 3518 2962 3558 lx
2983 3545 2996 3568 ,
3025 3503 3140 3574 25).
3197 3508 3261 3560 Et
3291 3508 3366 3562 illi
3393 3510 3648 3578 quidem,

2063 3589 2117 3631 ut
2146 3586 2550 3653 cprruptihilem
2599 3605 2852 3645 coronam
2890 3596 3183 3663 accipiant,
3215 3613 3314 3652 nos
3340 3610 3518 3656 autem
3555 3604 3647 3659 in-

2059 3684 2390 3748 corruptam.
2420 3676 2763 3734 Abstinentia
2791 3683 2935 3738 enim
2955 3689 3302 3744 continemus
3323 3696 3504 3748 nutrix
3527 3707 3635 3762 est,

2057 3776 2158 3830 qua
2192 3763 2412 3834 innupta
2439 3769 2552 3823 sive
2582 3781 2770 3840 nupta,
2805 3775 3013 3831 facilius
3043 3782 3419 3847 passibilitatis
3448 3786 3638 3844 frenos

2055 3854 2280 3920 patitur,
2306 3858 2349 3909 si
2380 3874 2486 3911 non
2511 3862 2825 3918 deliciarum
2848 3868 3152 3925 calcaribus
3175 3872 3450 3943 incitetur,
3471 3893 3638 3948 quam

2055 3944 2134 3998 sic
2159 3960 2277 4010 eos,
2312 3953 2398 4018 qui
2423 3953 2487 4005 ad
2511 3966 2722 4008 summa
2749 3959 3015 4026 nituntur,
3045 3963 3129 4017 vel
3152 3968 3333 4034 cupio,
3362 3968 3450 4022 vel
3479 3944 3642 4028 nian-

2055 4035 2124 4089 do
2150 4038 2331 4121 colere
2358 4084 2370 4105 ,
2425 4059 2491 4098 ne
2520 4055 2708 4112 putent
2741 4047 2793 4102 in
2819 4049 2942 4104 aliis
2970 4052 3176 4107 crimen
3207 4069 3328 4108 esse
3357 4058 3634 4129 nupsisse,

381 4122 618 4178 tionibus
649 4134 803 4179 notas
835 4127 974 4198 stylo
999 4127 1271 4182 imitatore
1291 4128 1532 4193 calcabo,
1556 4130 1944 4186 accedentibus
1979 4128 2027 4187 B
2053 4118 2286 4184 scientes
2333 4135 2595 4202 scriptum
2628 4152 2750 4194 esse
2778 4157 2788 4192 :
2848 4139 3052 4195 Bonum
3081 4153 3154 4197 est
3196 4146 3412 4211 nubere,
3435 4118 3636 4208 melius;

377 4213 442 4268 ad
469 4222 683 4284 sperata
735 4217 876 4272 beati
927 4217 1162 4273 instituti
1205 4218 1444 4287 prremia.
1501 4234 1622 4290 qua:
1659 4221 1940 4290 sequenda

363 4316 515 4362 sunt.
545 4307 781 4362 Primum
826 4310 1173 4365 abstinentia;
1201 4326 1356 4376 cura,
1394 4312 1609 4381 ieiunii,
1637 4315 1938 4382 patientis,

286 4418 289 4423 ί
365 4400 555 4455 orandi
582 4400 876 4456 assiduitas
903 4411 958 4457 et
984 4402 1226 4473 legendi,
1250 4406 1332 4458 vel
1360 4404 1403 4457 si
1425 4406 1546 4474 quis
1578 4404 1755 4461 adhuc
1787 4408 1933 4462 litte-
1987 4472 1993 4482 η

1987 4526 1990 4530 ι
2046 4494 2213 4548 missa
2231 4497 2474 4562 vincere,
2510 4517 2706 4556 munus
2736 4506 2970 4559 arbitrii.
3000 4508 3154 4563 Malis
3178 4510 3483 4577 abstinere,
3512 4515 3629 4571 dis-

372 4509 551 4548 rarum
582 4510 778 4566 expers
805 4496 895 4561 sit,
930 4494 1183 4551 audiendi
1215 4496 1283 4552 sit
1311 4497 1648 4554 desiderium
1679 4514 1800 4554 cum
1835 4516 1930 4555 cu-

351 4586 585 4656 piditata
601 4586 867 4641 discendi.
927 4588 1050 4642 llaec
1080 4588 1226 4644 enim
1253 4599 1376 4642 sunt
1424 4591 1596 4656 prima
1625 4592 1775 4659 quasi
1813 4592 1920 4645 lac-

369 4676 594 4732 tentium
645 4678 1032 4734 cunabulorum
1065 4680 1120 4733 in
1153 4680 1248 4735 Dei
1277 4680 1554 4752 agnitione
1607 4683 1930 4750 crepundia,
1974 4723 1977 4728 -

357 4767 555 4837 quibus
595 4767 758 4824 bomo
787 4767 1122 4836 admonitus,
1176 4779 1329 4825 ortus
1377 4772 1457 4826 sui
1489 4773 1654 4826 divini
1689 4775 1934 4848 tramitis

349 4859 557 4929 ingredi
581 4860 722 4915 viam
751 4861 893 4916 velle
916 4861 1175 4931 incipiat,
1210 4862 1336 4916 dum
1370 4877 1531 4931 posse
1575 4874 1922 4920 consuescat.

352 4950 418 5006 Et
447 4951 667 5021 quidem
698 4951 800 5008 ista
821 4951 1067 5019 tradens,
1093 4968 1201 5007 non
1225 4953 1294 5008 de
1319 4955 1470 5024 vulgi
1491 4957 1792 5023 promiscua
1824 4956 1929 5013 ﬁde

351 5040 568 5114 loquor,
618 5043 763 5113 quo’d
822 5043 1210 5114 omnipotentis
1247 5043 1341 5098 Dei
1392 5054 1604 5098 tantum
1651 5046 1928 5102 insinuata

349 5132 642 5201 confessio,
700 5144 758 5189 et
800 5133 1122 5190 innocentia}
1176 5135 1468 5203 singularis
1498 5136 1762 5192 instillata
1791 5139 1925 5194 doc-

348 5228 517 5294 trina,
543 5228 698 5284 venia
729 5228 842 5284 sola
874 5229 1045 5284 eiﬁcit
1070 5244 1193 5286 esse
1220 5239 1556 5286 contentum.
1591 5231 1924 5302 Quamquam

349 5317 613 5376 Dominus
635 5330 843 5386 noster,
884 5323 1024 5377 sicut
1050 5321 1276 5391 legimus
1330 5322 1511 5393 (Rom.
1541 5339 1637 5390 vn,
1669 5323 1745 5394 6),
1798 5339 1919 5380 om-

358 5428 456 5469 nes
487 5414 619 5470 velit
647 5414 825 5469 salvos
855 5414 973 5470 lieri
999 5423 1055 5470 et
1096 5416 1164 5470 ad
1192 5416 1520 5483 agnitionem
1551 5417 1796 5472 veritatis
1826 5432 1919 5471 ve—

2050 4226 2250 4272 estnon
2276 4225 2464 4277 nubere
2489 4227 2533 4292 (l
2562 4225 2684 4282 Cor.
2721 4245 2818 4296 vtt,
2850 4232 2966 4302 37).
3018 4233 3119 4299 Qui
3150 4235 3250 4291 hoc
3280 4237 3426 4291 enim
3461 4240 3628 4297 illici-

2052 4318 2164 4364 tum
2197 4316 2450 4380 crcdunt,
2487 4320 2584 4389 ipsi
2613 4324 2894 4391 prmniium
2928 4327 3010 4379 sui
3040 4326 3245 4382 laboris
3273 4329 3628 4388 imminnunt.

2048 4399 2264 4459 Illicitis
2293 4395 2439 4463 enim
2469 4425 2691 4477 cavere,
2743 4415 2931 4484 jugum
2964 4406 3302 4474 necessitatis
3325 4433 3408 4476 est
3435 4440 3449 4476 :
3495 4438 3632 4493 per.

2040 4583 2256 4653 ciplime
2285 4604 2496 4644 merces
2524 4601 2629 4656 est,
2691 4593 2829 4648 bona
2858 4599 3199 4668 supergredi,
3251 4601 3476 4659 libertas
3507 4622 3624 4662 me-

2039 4675 2129 4729 riti
2158 4688 2240 4732 est
2261 4723 2275 4744 ,
2313 4696 2418 4748 non
2451 4683 2576 4736 linis
2609 4684 2842 4754 imperii.
2896 4687 3031 4744 Illud
3063 4690 3196 4761 legis
3227 4693 3491 4750 indultum
3524 4709 3615 4755 est

2040 4769 2310 4835 terminis,
2341 4771 2444 4825 hoc
2468 4775 2657 4842 gratia:
2690 4789 3033 4834 reservatum
3063 4794 3149 4835 est
3178 4782 3553 4842 incrementis.

2103 4856 2158 4910 2.
2191 4858 2529 4928 lejuniorum
2583 4881 2797 4936 quoque
2834 4882 2940 4923 non
2984 4870 3056 4924 sit
3086 4872 3394 4931 volentibus
3449 4889 3612 4935 certa

2035 4964 2313 5017 mensura,
2343 4954 2436 5009 sed
2468 4957 2522 5009 in
2551 4968 2808 5027 quantum
2842 4961 3177 5028 possibilitas
3198 4967 3362 5034 valet,
3387 4969 3507 5022 nisu
3530 4969 3616 5026 la-

2033 5039 2275 5097 borantis
2304 5053 2567 5131 extensa,
2593 5063 2738 5119 qua:
2765 5061 2970 5121 printer
3016 5054 3350 5121 Dominicam
3379 5073 3607 5133 semper

2029 5132 2137 5186 sint
2167 5134 2432 5190 solemnia
2454 5181 2467 5205 ,
2520 5139 2564 5192 si
2598 5139 2938 5196 votiva-sint.
2992 5143 3087 5199 His
3115 5160 3239 5203 sese
3266 5146 3446 5206 Moses
3469 5132 3601 5206 bea-

2031 5223 2272 5281 tissimus
2311 5243 2648 5298 praeparans,
2680 5231 2932 5289 aﬁatlbus
2973 5235 3067 5292 Dei
3108 5238 3303 5310 dignus
3351 5242 3604 5313 ingessit.

2027 5314 2122 5369 His
2152 5318 2438 5385 prandimus
2471 5336 2566 5388 per
2590 5321 2782 5378 Jonam
2816 5323 3068 5382 Ninivittc
3099 5331 3301 5394 minas,
3343 5332 3395 5386 in
3423 5332 3600 5403 placi-

2023 5405 2146 5462 dam
2177 5423 2365 5462 rursus
2395 5409 2603 5468 ﬂexere
2631 5415 2980 5472 sententiam.
3022 5419 3115 5474 llis
3141 5419 3404 5476 Bethulia:
3433 5440 3611 5496 popu-

336 5504 687 5574 nire,tamen
702 5506 828 5576 quia
851 5506 1251 5577 praeminentis
1278 5508 1466 5578 gratiae
1496 5510 1672 5562 cuncti
1692 5523 1916 5578 capaces
1944 5503 1990 5566 C
2021 5498 2104 5554 Ιυε
2127 5501 2348 5573 MSth
2379 5503 2665 5562 ObSidioﬂe
2694 5508 2985 5566 000010505
3005 5554 3019 5579 .
3049 5523 3103 5567 el
3132 5529 3306 5601 usque
3336 5515 3403 5570 ad
3431 5515 3593 5572 dedi-

331 5608 459 5651 asse
489 5611 597 5650 non
631 5606 893 5666 possunt:
929 5596 1046 5654 Non
1071 5596 1215 5652 enim
1238 5597 1448 5670 (Cenes.
1476 5616 1598 5667 ut;
1632 5600 1808 5654 Galat.
1833 5601 1910 5672 tv)

332 5701 544 5754 omnes,
585 5689 679 5761 qui
707 5704 778 5745 ex
807 5687 975 5746 Israel
1005 5699 1156 5758 sunt,
1216 5690 1475 5747 Israelita:
1504 5704 1629 5748 sunt
1677 5692 1824 5766 (nam
1855 5706 1912 5752 et

338 5781 532 5839 lsmael
561 5797 593 5837 a
622 5783 906 5840 consortio
937 5784 1194 5859 fraterna:
1216 5786 1550 5843 hereditatis
1579 5788 1907 5859 excluditur,

340 5885 398 5932 et
421 5887 852 5949 eompugnantes
879 5876 1048 5934 Iacob
1076 5887 1130 5932 et
1160 5877 1302 5934 Esau
1328 5921 1343 5947 ,
1371 5881 1526 5936 unius
1559 5882 1698 5938 uteri
1729 5881 1902 5937 claus-

340 5977 418 6028 tra
451 5977 718 6041 ruperunt
737 5970 780 6040 ).
835 5970 922 6026 vel
959 5970 1203 6027 contenti
1235 5979 1398 6041 puteo
1423 5985 1573 6041 aqua:
1605 5974 1774 6039 vivat,
1807 5988 1905 6030 nos

2023 5596 2225 5651 tionem
2253 5592 2336 5651 sui
2368 5611 2589 5667 experta
2622 5601 2854 5670 plurima
2896 5607 3100 5661 virtute
3129 5592 3493 5675 conterritus,
3519 5609 3592 5668 ab

2021 5686 2387 5758 Holopheruis
2417 5692 2752 5749 tumentibus
2780 5693 2944 5749 minis
2983 5700 3289 5755 constantis
3320 5715 3483 5756 manu
3511 5701 3599 5759 fe-

2019 5780 2183 5835 minte
2212 5782 2413 5837 meruit
2438 5766 2722 5839 vindicari.
2750 5785 2847 5842 llis
2876 5785 3249 5847 Hardocbatus
3266 5793 3438 5849 Aman
3465 5807 3600 5849 cru-

2012 5871 2191 5928 delem
2226 5874 2507 5942 superbia,
2542 5870 2850 5948 praepara't’o
2880 5878 3102 5937 sibimet
3152 5881 3297 5955 ligno
3350 5893 3596 5954 acceptio

2009 5981 2190 6038 paena:
2244 5971 2605 6026 conversione
2653 5971 2958 6041 suspendit.
3012 5975 3105 6032 llis
3154 5976 3311 6034 Iesus
3337 5976 3591 6038 Salvator
