3828 6348
518 443 588 495 τις)
1794 417 2077 475 AUCTORI

2180 414 2463 467 tNONYMl
2695 405 2700 409 ‘
3530 411 3537 419 ·
3600 414 3709 481 ,πο

519 512 650 602 riam
678 553 881 612 sperat;
909 539 1008 592 nisi
1033 545 1082 590 et
1114 533 1240 588 illud
1273 528 1540 595 habuerit,
1569 527 1654 581 cui
1683 536 1931 594 perpetua
1960 525 2061 575 vita
2091 525 2138 580 Α
2167 529 2246 573 est
2275 519 2415 571 aliud
2439 531 2591 587 quam
2623 533 2724 569 non
2759 531 2992 583 peccare.
3027 517 3136 570 Non
3172 532 3386 584 peccare
3414 534 3481 570 au
3507 535 3610 576 ein.
3636 532 3714 604 est

489 681 496 686 .
523 634 838 705 promittitur
862 674 878 697 ,
907 644 1002 697 per
1021 640 1175 695 quam
1199 621 1432 677 cmlestis
1470 618 1617 686 regni
1648 615 1916 684 prmmium
1947 626 2065 681 pris-

522 727 740 779 sidezur.
765 722 899 775 Ante
927 732 1054 785 ergo
1074 713 1248 768 omnia
1279 708 1579 779 pudicitiam
1612 705 2066 772 integritatemque

524 812 852 866 servantibus
885 819 934 861 et
973 806 1086 874 ejus
1133 797 1607 856 remunerationem
1636 811 1664 846 a
1696 793 1787 847 Dei
1820 792 2067 859 aequitate

524 900 850 969 sperantibus
877 895 1239 950 mandatorum
1265 898 1383 942 sunt
1411 881 1752 939 custodienda
1780 889 2069 969 praicepta,

529 967 592 1044 ne
618 989 860 1058 gloriosa:
888 984 1142 1039 castitatis
1171 978 1224 1033 et
1245 976 1581 1032 continentiae
1607 973 1753 1025 labor
1781 969 1835 1022 in
1862 967 2067 1065 irritum

526 1082 832 1134 deducatur.
855 1074 1022 1141 Supra
1052 1071 1353 1125 manda'um
1374 1067 1454 1118 vel
1479 1068 1790 1131 praeceptum
1821 1070 1938 1110 esse
1967 1068 2071 1106 vir-

530 1169 794 1237 giuitatem
820 1203 835 1228 ,
883 1162 1090 1228 sapiens
1136 1167 1189 1211 et
1226 1158 1404 1224 legens
1433 1151 1604 1205 nullus
1642 1149 1842 1216 ignorat
1867 1159 1909 1237 ἱ
1935 1144 2072 1237 Δηοῖ

531 1230 665 1311 stolo
693 1255 896 1307 dicente
925 1268 937 1301 :
971 1249 1044 1300 De
1068 1244 1335 1315 virginibus
1360 1253 1522 1293 autem
1549 1243 1850 1306 prwceptum
1873 1230 2071 1283 Domini

533 1345 803 1399 nairltubco
825 1381 842 1406 ,
870 1338 1129 1392 consilium
1159 1342 1323 1386 autem
1366 1330 1430 1381 do
1458 1327 1502 1395 (l
1524 1325 1638 1380 Cor.
1670 1338 1760 1384 vti,
1787 1318 1901 1386 25).
1941 1318 2071 1368 Cum

532 1452 658 1501 ergo
683 1432 979 1487 obtinendae
1017 1421 1324 1492 virginitatis
1361 1416 1636 1472 consilium
1665 1413 1774 1474 dat,
1807 1424 1912 1463 non
1941 1420 2076 1473 prae-

535 1534 741 1591 ceptum
770 1520 976 1578 statuit;
1008 1527 1167 1581 supra
1192 1508 1491 1564 mandatum
1517 1503 1597 1558 vel
1620 1508 1936 1591 praeceptum
1957 1509 2075 1548 eam

535 1584 652 1665 esse
711 1607 975 1677 professus
1033 1609 1135 1654 est.
1195 1597 1504 1666 Quicunque
1553 1603 1688 1677 ergo
1723 1584 2076 1677 virginitatem

535 1673 744 1752 iii-rvunt
763 1735 780 1757 .
811 1694 975 1761 magis
1001 1702 1155 1759 quam
1204 1690 1521 1755 praeceptum
1551 1687 1632 1735 est
1672 1676 1882 1731 faciunt.
1932 1673 2078 1726 Tunc

537 1789 674 1840 enim
717 1780 951 1852 proderit
995 1776 1218 1844 amplius
1247 1773 1433 1827 fecisse
1468 1784 1624 1836 quam
1650 1768 1854 1834 iussum
1883 1775 1961 1819 est
1985 1805 2002 1829 ,
2033 1764 2078 1817 si

2169 610 2298 677 legis
2324 619 2575 677 prmcepta
2605 623 2835 660 seivare.
2889 607 3272 674 Prmccptorum
3319 617 3491 660 autem
3534 602 3716 660 obser-

2169 702 2306 749 vatio
2329 695 2522 762 dup'ici
2546 710 2742 761 genere
2771 696 3097 747 costoditur:
3133 704 3189 748 ut
3232 696 3355 748 nihil
3387 696 3568 749 eorum
3601 712 3738 763 qttzl'._

2173 786 2512 854 prohibentur
2538 785 2693 837 facias
2719 825 2733 847 ,
2783 794 2835 835 et
2858 793 3042 837 eu..cta
3069 800 3185 852 qua:
3223 788 3472 851 jubeutur
3502 787 3719 853 implere

2169 874 2475 926 contendas.
2513 873 2621 926 Hoc
2648 882 2729 926 est
2751 873 2886 940 quod
2918 874 3042 925 dicit
3073 875 3296 927 :liecede
3325 893 3354 928 a
3381 876 3534 937 malo,
3561 885 3604 928 et
3635 879 3720 944 [ac
3767 884 3776 898 '

2170 965 2355 1014 bonum
2387 961 2604 1029 (Psalm.
2650 978 2809 1016 sunt
2834 1003 2848 1024 ,
2882 964 2992 1029 iii).
3039 963 3168 1015 Nolo
3189 966 3326 1017 enim
3353 979 3503 1032 putes
3540 966 3590 1017 in
3619 966 3722 1016 hoc

2169 1063 2414 1105 constare
2435 1051 2712 1118 jmtniam,
2744 1060 2801 1104 ut
2822 1051 3012 1105 malum
3047 1068 3149 1106 non
3171 1052 3357 1112 facias;
3399 1068 3517 1106 cum
3547 1063 3600 1105 et
3627 1053 3724 1105 bo-

2174 1155 2299 1192 num
2329 1154 2434 1190 non
2463 1138 2632 1191 facere
2661 1140 2853 1192 malum
2882 1141 2951 1192 sit
2975 1148 3070 1204 ,.et
3093 1142 3145 1192 in
3178 1149 3398 1207 utroque
3428 1140 3558 1208 legis
3589 1155 3726 1207 prze-

2173 1228 2421 1280 varicatio
2460 1227 2835 1282 committatur.
2866 1229 3119 1297 Quoniam
3149 1230 3235 1295 qui
3263 1231 3395 1284 dixit
3423 1247 3437 1282 :
3474 1232 3662 1284 liecede
3693 1249 3724 1282 (ι

2174 1320 2337 1380 malo;
2367 1329 2419 1371 et
2445 1319 2556 1386 ipse
2583 1317 2713 1371 dixit
2733 1362 2747 1381 ,
2802 1315 2882 1386 [de
2909 1321 3105 1373 bonum.
3141 1320 3194 1375 Si
3246 1338 3274 1372 a
3305 1324 3442 1374 malo
3486 1336 3726 1375 recesse-

2176 1409 2246 1461 ris
2273 1417 2327 1460 et
2349 1422 2448 1459 non
2481 1408 2667 1461 ieceris
2697 1409 2909 1470 bonum,
2941 1417 3295 1476 trausgressor
3313 1423 3370 1461 es
3395 1407 3544 1475 Legis
3557 1424 3725 1490 ‘bqttae

2177 1511 2281 1547 non
2313 1505 2511 1571 tantum
2539 1495 2588 1546 in
2620 1495 2875 1548 malorum
2912 1508 3120 1550 actuum
3161 1495 3550 1564 abomiiratione
3574 1536 3589 1559 ,
3624 1493 3721 1549 sed

2176 1585 2301 1636 etin
2335 1584 2587 1636 bonorum
2615 1599 2828 1651 operum
2859 1584 3174 1652 perfectione
3197 1586 3509 1654 completur.
3542 1586 3726 1652 Neque

2178 1675 2318 1725 enim
2343 1671 2441 1724 huc
2462 1673 2628 1724 solum
2653 1672 2743 1725 tibi
2769 1674 3062 1742 prun-ipitur
3080 1712 3097 1734 ,
3128 1684 3186 1728 ut
3213 1675 3456 1731 vestitum
3484 1676 3592 1728 suis
3616 1690 3726 1726 non

2179 1762 2373 1830 spolies
2401 1760 2758 1823 indumentis;
2787 1762 2876 1813 sed
2898 1771 2950 1815 et
2975 1761 3031 1814 ut
3058 1761 3331 1830 spoliatum
3354 1763 3558 1830 operias
3578 1764 3684 1815 tuis
3711 1780 3722 1812 :

539 1872 674 1940 quod
716 1844 914 1936 iussum
959 1878 1043 1919 est
1088 1865 1221 1918 inicio
1245 1900 1271 1917 -.
1315 1859 1545 1929 Cupiens
1583 1858 1815 1912 divinum
1863 1855 2079 1922 implere
2110 1848 2153 1905 Β
2182 1865 2351 1940 neque
2385 1859 2440 1903 ut
2473 1851 2681 1940 babenti
2721 1866 2906 1918 pauent
2928 1844 3065 1940 nou
3095 1853 3302 1906 auferas
3334 1867 3514 1917 somn,
3541 1853 3632 1906 sed
3669 1865 3728 1905 ut

539 1939 835 2018 consilium,
865 1961 988 2007 ante
1015 1951 1190 2005 omnia
1213 1964 1367 2004 serva
1390 1946 1689 2001 mandatum
1721 1960 1736 1996 :
1764 1944 1947 1996 volens
1977 1939 2081 1993 vir-

537 2043 770 2110 ginitatis
797 2038 1064 2108 mmium
1087 2035 1338 2111 consequi
1383 2033 1504 2088 vita;
1527 2035 1842 2101 amplectere
1871 2030 2076 2096 merita,

540 2142 599 2185 ut
620 2140 706 2187 tua
731 2126 1053 2183 remunerari
1077 2123 1657 2265 eaStitaspsitLNam
1681 2133 1739 2176 ut
1760 2121 1916 2174 vitam
1943 2135 2079 2188 pra:-

543 2228 643 2265 stat
665 2216 1019 2265 remuneratio
1045 2214 1439 2265 mandatorum:
1465 2214 1477 2263 i
1561 2210 1879 2265 eiuontrario
1900 2223 2079 2261 eorum

543 2228 643 2272 stat
665 2216 1019 2273 remanendo
1045 2214 1439 2269 mandatorum:
1465 2210 1533 2265 itla
1561 2210 1879 2272 eiuoutrario
1900 2223 2080 2261 eorum

542 2315 759 2376 generat
788 2304 1147 2374 praevaricatio
1175 2314 1418 2356 mortem.
1450 2302 1513 2355 Et
1539 2301 1628 2369 qui
1663 2313 1754 2367 per
1779 2299 2081 2366 praevarica-

545 2397 736 2449 tionem
762 2395 814 2446 in
844 2402 1067 2445 mortem
1097 2389 1251 2444 fuerit
1275 2381 1570 2457 depuiatus,
1602 2387 1907 2455 virginitatis
1922 2401 2082 2458 ,coro-

547 2501 663 2536 nam
692 2496 904 2551 sperare
934 2496 1035 2533 non
1064 2482 1285 2546 poterit;
1327 2491 1496 2546 neque
1523 2476 1780 2545 pudicitiae
1813 2476 2081 2544 przemium

542 2580 844 2640 exspectare
872 2569 1187 2623 constitutus
1217 2570 1269 2621 in
1299 2581 1469 2635 pinna.

556 2728 561 2734 ι
612 2664 661 2714 ι.
701 2661 832 2714 Tres
858 2659 994 2713 enim
1024 2660 1227 2725 species
1252 2666 1392 2720 sunt,
1417 2670 1514 2722 per
1532 2670 1663 2723 quas
1688 2655 1914 2708 caelestis
1935 2655 2076 2723 regni

544 2751 802 2817 possessio
849 2749 1108 2802 introitur.
1166 2746 1337 2799 Prima
1382 2756 1462 2800 est
1510 2745 1800 2814 pudicitia;
1853 2747 2080 2799 secunda

543 2838 717 2891 mundi
738 2847 1102 2904 contemptus;
1131 2837 1280 2888 tertia
1309 2850 1432 2888 vero
1457 2835 1656 2902 iustitia
1688 2852 1702 2886 :
1727 2850 1844 2901 quae
1875 2843 1929 2886 ut
1953 2849 2080 2888 con-

544 2942 691 2980 nexae
721 2927 999 2993 plurimum
1029 2938 1088 2977 se
1136 2923 1524 2992 possidentibus
1572 2930 1854 2990 praestant;
1904 2923 1971 2975 ita
2001 2923 2080 2976 di-

543 3019 668 3070 visae
718 3017 969 3084 prodesse
1011 3014 1225 3069 difficile
1273 3023 1490 3082 possunt
1536 3031 1548 3064 :
1593 3013 1717 3067 dum
1763 3028 2081 3082 unaquaque

541 3120 718 3158 earum
747 3119 849 3157 non
879 3113 1088 3171 propter
1115 3118 1172 3156 se
1204 3113 1402 3157 tantum
1424 3143 1441 3168 ,
1471 3102 1562 3155 sed
1589 3109 1801 3170 propter
1822 3103 1977 3155 aliam
2006 3105 2081 3156 ef—

2178 1953 2282 1991 non
2304 1938 2514 1992 habenti
2539 1978 2555 2003 ,
2590 1949 2732 1991 tuum
2772 1940 2995 1993 libenter
3019 1939 3323 2008 impertias:
3345 1955 3514 2008 neque
3549 1941 3726 1995 solum

2179 2038 2234 2082 ut
2267 2044 2547 2096 pauperem
2568 2043 2666 2083 suo
2686 2043 2800 2082 non
2832 2031 2996 2098 pellas
3031 2033 3291 2099 hospitio;
3318 2030 3411 2086 sed
3432 2043 3484 2085 ut
3505 2033 3722 2101 pulsmu

2178 2130 2228 2172 et
2253 2134 2353 2170 non
2381 2119 2659 2174 habentem
2681 2121 2903 2189 recipias
2927 2130 3034 2174 tuo.
3064 2123 3386 2189 Praeceptum
3409 2125 3545 2177 enim
3573 2125 3729 2177 nobis

2177 2213 2280 2270 est,
2309 2206 2456 2260 Flere
2475 2225 2588 2260 cum
2607 2209 2839 2276 ﬂentibus
2860 2209 3031 2281 (Rom.
3057 2225 3148 2274 ιιι,
3175 2212 3281 2279 i5).
3308 2211 3578 2275 Quomodo
3603 2227 3728 2266 cum

2181 2297 2284 2350 illis
2306 2298 2508 2361 flemus,
2533 2299 2576 2352 si
2599 2302 2649 2352 in
2672 2300 2814 2352 nullo
2833 2317 3013 2354 eorum
3037 2301 3430 2356 necessitatibus
3452 2305 3732 2371 participa-

2181 2402 2316 2452 mus,
2342 2401 2436 2439 nec
2457 2386 2668 2456 aliquod
2689 2389 2768 2440 eis
2793 2389 2843 2441 in
2873 2389 2956 2440 his
2982 2399 3196 2457 propter
3225 2406 3352 2457 quas
3374 2375 3732 2460 Iacrymautur

2180 2477 2355 2529 causis
2410 2479 2705 2545 praebemus
2761 2481 3059 2533 auxilium?
3116 2481 3293 2550 Neque
3329 2485 3467 2537 enim
3508 2485 3730 2539 fletuum

2183 2579 2480 2618 noszrormn
2504 2566 2641 2621 Deus
2664 2566 3038 2624 infructuosum
3077 2572 3263 2638 quserit
3298 2573 3595 2638 humorem;
3630 2576 3730 2628 sed

2184 2656 2303 2724 quia
2340 2655 2581 2723 lacrytnie
2615 2657 2810 2709 doloris
2848 2658 3091 2711 indicium
3127 2669 3267 2725 sunt,
3295 2662 3401 2712 vult
3429 2670 3480 2713 te
3505 2663 3572 2712 ita
3594 2665 3732 2714 a'te-

2184 2747 2293 2796 rius
2313 2745 2582 2811 angustias
2603 2747 2801 2798 sentire
2831 2756 2884 2798 ut
2909 2757 3057 2807 tuas;
3093 2757 3144 2799 et
3164 2748 3425 2814 quomodo
3448 2750 3536 2801 tibi
3560 2751 3612 2802 in
3639 2755 3730 2801 tali

2187 2832 2517 2886 tribulatione
2538 2833 2582 2884 si
2603 2847 2748 2886 esses
2768 2833 3030 2887 subveniri
3063 2848 3302 2901 cuperes,
3331 2836 3400 2888 ita
3421 2837 3575 2890 alteri
3596 2840 3732 2889 sult-

2186 2922 2364 2975 venias
2406 2931 2622 2991 propter
2665 2922 2789 2976 illud
2831 2940 2842 2975 :
2903 2924 3214 2989 Orientisque
3249 2925 3399 2978 vultis
3445 2936 3497 2978 ut
3537 2927 3732 2992 faciant

2181 3013 2317 3065 vobis
2363 3013 2586 3066 homines
2634 3014 2797 3077 bona,
2847 3015 2918 3066 ita
2958 3025 3006 3068 et
3051 3031 3136 3068 vos
3176 3016 3323 3084 facite
3354 3016 3456 3068 illis
3497 3018 3734 3070 similiter

2182 3100 2390 3171 (Matth.
2422 3117 2516 3165 vti,
2549 3102 2657 3169 it).
2681 3102 2806 3160 Nam
2831 3119 2945 3157 cum
2972 3105 3132 3158 flente
3156 3104 3307 3168 llere,
3337 3116 3391 3160 et
3422 3107 3571 3173 nihil,
3603 3123 3732 3161 cum

544 3196 820 3263 ﬂ.ig.tatur.
854 3192 907 3246 lu
933 3194 1114 3260 primis
1142 3207 1269 3258 ergo
1295 3191 1546 3261 quieritur
1576 3190 1840 3258 pudicitia,
1873 3200 1928 3244 ut
1957 3191 2082 3244 faci-
2105 3181 2151 3242 C
2184 3183 2385 3259 possis;
2425 3191 2569 3245 flenti
2608 3191 2869 3254 conferre,
2907 3193 3350 3258 subsanuatiouis,
3381 3209 3484 3246 non
3515 3197 3735 3262 pietatis

543 3283 639 3334 lius
684 3283 945 3349 subsequa
972 3295 1034 3332 ur
1079 3279 1254 3332 mundi
1302 3288 1633 3354 contemptus
1668 3281 1823 3348 :quia
1863 3281 1928 3333 ab
1981 3281 2079 3335 illis

543 3372 764 3426 mundus
794 3373 1055 3424 contemni
1088 3371 1250 3424 levius
1280 3379 1484 3438 potest,
1523 3370 1611 3438 qui
1641 3371 1956 3424 matrimonii
1987 3386 2080 3425 ne-

543 3462 690 3513 sibus
720 3476 822 3512 non
856 3469 1005 3511 teneo
1033 3474 1115 3511 ur.
1142 3460 1314 3511 Mundi
1344 3472 1470 3512 vero
1490 3469 1816 3524 contemptus
1845 3463 2080 3526 exposci-

540 3561 625 3603 tur
646 3590 661 3615 ,
694 3563 748 3602 ut
775 3552 970 3616 iustitia
999 3558 1374 3608 conservetur;
1425 3563 1578 3617 quam
1623 3547 1840 3615 implere
1869 3548 2080 3601 dilllele

543 3649 789 3705 possunt.
828 3642 914 3706 qui
963 3637 1288 3690 saecularium
1328 3637 1580 3691 bonorum
1608 3648 1661 3690 et
1701 3637 2077 3690 mund-auarum

544 3729 861 3797 voluptatum
895 3727 1112 3794 negotiis
1142 3725 1504 3794 implicantur!
1533 3724 1776 3792 Quisquis
1803 3739 1926 3791 ergo
1957 3740 2074 3790 pos-

540 3820 673 3870 sidet
705 3819 920 3885 primam
967 3816 1194 3883 speciem
1235 3814 1495 3882 pudicitia:
1520 3853 1533 3877 ,
1565 3823 1617 3865 et
1657 3814 1936 3865 secundam
1963 3826 2079 3878 quin

541 3917 620 3958 est
650 3905 828 3956 mundi
856 3913 1182 3968 contemptus
1207 3943 1221 3966 ,
1247 3917 1350 3954 non
1380 3903 1472 3954 obt
1492 3913 1600 3967 net,
1634 3918 1765 3973 pene
1787 3903 1898 3956 sine
1925 3915 2078 3955 causa

542 3994 773 4061 possidet
797 3993 1048 4058 primam,
1081 3990 1290 4058 quando
1315 3991 1596 4043 secundam
1627 4007 1730 4043 non
1759 3991 1927 4052 habet,
1961 4006 2082 4057 pro-

544 4095 826 4149 pterquam
853 4081 1013 4147 prima
1035 4081 1250 4149 quatit:
1280 4092 1378 4133 est.
1412 4079 1472 4132 Et
1501 4083 1543 4133 si
1577 4080 1794 4149 primatu
1821 4090 1872 4133 et
1894 4095 2080 4132 secun-

543 4173 660 4223 dam
694 4173 877 4223 habeat
898 4210 911 4230 ,
944 4171 1022 4222 cui
1055 4170 1382 4237 tertia,'qu:e
1411 4179 1491 4222 est
1515 4171 1717 4237 justitia
1738 4208 1752 4231 ,
1783 4171 1945 4232 desit;
1980 4169 2083 4221 fru-

545 4273 649 4313 stra
683 4260 880 4310 laborat
912 4276 925 4309 :
961 4258 1201 4324 quoniam
1235 4260 1530 4327 superiores
1559 4260 1673 4311 dum
1702 4267 1906 4325 propter
1931 4257 2079 4322 justi-

545 4353 669 4402 tiam
729 4349 987 4414 prircipue
1051 4349 1407 4414 requiruntur.
1475 4349 1610 4416 Quid
1667 4348 1803 4400 enim
1872 4347 2081 4412 prodest

546 4448 759 4505 pr0pter
798 4433 976 4487 mundi
1014 4444 1370 4501 contemptum
1419 4435 1717 4502 pudicitiam
1761 4433 1982 4496 habere,
2029 4443 2081 4484 et

547 4540 758 4598 pr0pter
785 4529 920 4594 quod
951 4542 1066 4580 eam
1110 4527 1302 4581 baleas
1350 4541 1453 4581 non
1484 4526 1673 4579 habere
1699 4542 1712 4587 ;
1760 4513 1839 4575 vel
1869 4539 1961 4576 cur
1999 4540 2080 4575 res
2109 4512 2160 4568 D

547 4622 726 4672 mundi
753 4629 1092 4679 contemnas,
1123 4620 1164 4668 si
1190 4617 1472 4683 justitiam,
1505 4626 1714 4682 pr0pter
1740 4628 1893 4680 quam
1941 4614 2085 4680 pudi-

547 4707 719 4760 citiam
749 4718 800 4757 et
831 4706 1003 4756 umndi
1029 4713 1377 4771 contemptum
1411 4703 1602 4755 habere
1627 4711 1675 4757 te
1694 4703 1955 4769 cqnvenit,
1979 4703 2082 4754 nun

547 4793 850 4846 custodias?
896 4793 1025 4856 Quia
1056 4801 1112 4844 ut
1141 4794 1306 4859 prima
1335 4794 1532 4860 species
1561 4801 1772 4859 propter
1799 4794 2079 4846 secundam

547 4889 658 4941 est;
709 4883 774 4932 ita
818 4883 980 4948 prima
1010 4891 1064 4933 et
1103 4881 1328 4935 secunda
1379 4887 1587 4945 propter
1617 4882 1820 4934 tertiam
1850 4898 1865 4935 :
1893 4896 2011 4949 quae
2037 4881 2081 4934 si

549 4985 651 5020 non
675 4970 846 5030 fuerit,
877 4983 977 5022 nec
1000 4971 1164 5036 prima
1196 4983 1291 5021 nec
1310 4969 1536 5021 secunda
1564 4971 1815 5035 proficiet.

614 5056 665 5109 li.
712 5059 848 5109 Dicis
879 5055 1123 5121 forsitan,
1151 5057 1284 5110 Doce
1318 5072 1442 5123 ergo
1466 5072 1551 5111 me
1581 5059 1703 5124 quid
1751 5060 1819 5112 sit
1837 5059 2038 5125 justitia
2064 5075 2077 5121 ;

548 5157 599 5195 nt
624 5161 738 5199 eam
761 5149 801 5198 si
832 5147 1163 5213 cognoverim
1208 5144 1407 5197 facilius
1444 5147 1660 5213 implere
1687 5146 1958 5202 sufficiam.
1995 5150 2080 5200 Di-

546 5250 657 5286 raiu
690 5241 910 5287 ιιι-ριιιυτ
933 5248 985 5288 ιιι
1016 5239 1182 5299 valeo,
1215 5244 1269 5287 et
1303 5236 1581 5290 verborum
1611 5247 1724 5288 utar
1754 5238 2080 5304 simplicitate

544 5328 894 5375 communium
931 5341 940 5371 :
972 5327 1092 5389 quia
1137 5338 1293 5376 causa
1340 5324 1405 5376 de
1445 5339 1544 5389 qua
1589 5324 1789 5390 agimus
1836 5328 1952 5377 talis
1979 5335 2076 5387 est,

545 5429 660 5481 quae
689 5414 1047 5466 discrtioribus
1091 5413 1341 5466 facundia:
1386 5415 1713 5466 sermonibus
1754 5430 2076 5480 nequaquam

545 5506 697 5554 debet
726 5505 988 5555 obscurari
1017 5545 1028 5564 ,
1061 5502 1151 5555 sed
1192 5501 1591 5566 simplicioribus
1619 5505 1928 5567 eloquentiae
1958 5517 2075 5553 nar-

549 5593 826 5643 rationibus
859 5591 1014 5657 pandi
1059 5607 1071 5640 :
1113 5605 1195 5643 res
1235 5590 1372 5641 enim
1403 5590 1452 5641 in
1483 5605 1759 5643 commune
1787 5593 2077 5644 necessaria

544 5703 558 5729 ι
576 5682 799 5730 υιιιπιιιιιι
826 5682 976 5731 debet
1003 5694 1242 5731 sermone
1267 5680 1560 5731 monstrari.
1595 5680 1794 5732 Justitia
1824 5696 1946 5744 ergo
1978 5698 2077 5733 non

2180 3279 2426 3332 imlicium
2455 3288 2554 3332 est.
2598 3279 2830 3346 Denique
2866 3280 3106 3334 Salvator
3139 3290 3318 3334 noster
3338 3297 3453 3336 cum
3477 3283 3634 3336 Maria
3680 3296 3735 3338 ιι

2180 3367 2377 3420 Martha
2419 3366 2596 3420 Lazari
2619 3366 2889 3419 sororibus
2914 3367 3089 3431 ﬂevit;
3128 3377 3183 3421 et
3219 3369 3488 3423 immensa:
3527 3371 3736 3425 miseri-

2177 3459 2372 3510 cordia:
2397 3457 2638 3508 allectum
2672 3455 3018 3518 lacrimarum
3050 3451 3433 3510 contestatiofe'
3465 3469 3728 3513 monstra-

2181 3544 2272 3607 vit,
2296 3553 2350 3597 et
2371 3558 2507 3596 vera:
2531 3543 2735 3610 pietatis
2757 3543 2942 3596 indicia
2967 3532 3086 3598 nios
3107 3559 3260 3611 Opera
3283 3545 3555 3598 subsecuta
3579 3561 3733 3613 sunt,

2179 3647 2296 3686 cum
2327 3632 2608 3685 suscitatus
2649 3632 2874 3684 Lazarus
2899 3670 2914 3696 ,
2960 3634 3110 3701 cujus
3151 3649 3304 3687 causa
3351 3636 3730 3701 fundebantur,

2179 3721 2445 3775 sororibus
2482 3719 2737 3774 redditur.
2780 3722 2888 3774 Iloc
2928 3723 3021 3775 fuit
3051 3723 3134 3789 pie
3162 3739 3280 3777 cum
3315 3724 3555 3779 flentibus
3577 3729 3733 3792 ilere,

2180 3811 2511 3861 occasionem
2536 3810 2689 3861 fletus
2710 3810 2936 3864 auferre.
2967 3810 3069 3863 Sed
3090 3811 3235 3879 φωδί
3268 3815 3473 3880 potens,
3496 3814 3732 3880 inquies,

2182 3899 2321 3950 fecit.
2367 3897 2557 3950 Verum
2592 3912 2688 3950 nec
2722 3897 2810 3949 t.bi
2835 3899 3155 3965 impossibile
3186 3901 3377 3970 aliquid
3399 3903 3692 3972 imperatur
3720 3923 3731 3957 :

2181 3990 2412 4053 implevit
2445 3990 2618 4042 omnia
2651 3992 2737 4057 qui
2768 3991 2904 4055 quod
2936 3992 3100 4056 potuit
3128 3993 3268 4045 ferit.

2221 4082 2302 4131 ‘6.
2343 4079 2470 4142 Sed,
2513 4087 2566 4131 ut
2605 4078 2782 4132 dicere
2814 4093 3161 4145 cmperamos,
3205 4082 3538 4146 non-sufficit
3574 4082 3736 4139 Chri-

2181 4168 2355 4220 stiano
2377 4183 2404 4219 a
2428 4169 2579 4221 malis
2608 4184 2667 4222 se
2692 4169 2975 4230 abstinere,
3009 4170 3104 4221 nisi
3129 4180 3181 4221 et
3203 4183 3284 4221 am
3310 4170 3568 4224 bonorum
3607 4189 3740 4242 Ope-

2184 4274 2298 4311 rum
2331 4259 2501 4312 officia
2541 4260 2834 4327 perfecerit.
2881 4259 3025 4325 Quod
3071 4261 3157 4313 illo
3194 4261 3274 4314 vel
3316 4263 3543 4315 maxime
3582 4267 3742 4317 teSti-

2183 4350 2362 4402 mouio
2418 4352 2826 4417 comprobatur.
2885 4351 3022 4417 quod
3083 4352 3427 4405 comminatur
3479 4354 3739 4407 Dominus

2183 4437 2364 4489 :eterni
2391 4437 2527 4504 ignis
2551 4453 2669 4490 reos
2700 4440 2828 4498 fore,
2855 4440 2954 4503 qui
2981 4441 3215 4502 quamvis
3243 4440 3360 4492 mali
3404 4441 3530 4495 nihil
3552 4458 3738 4508 gesse-

2184 4525 2306 4589 rint,
2327 4540 2432 4577 non
2455 4525 2671 4600 fecerint
2688 4541 2842 4578 omne
2857 4527 2991 4591 quod
3015 4527 3206 4579 bonum
3228 4539 3326 4590 est,
3348 4530 3527 4582 dicens
3551 4547 3564 4580 :
3593 4530 3742 4583 Time

2183 4615 2310 4664 dicet
2342 4614 2448 4666 Rex
2479 4614 2554 4665 his
2581 4618 2663 4681 qui
2698 4616 2764 4666 ad
2787 4615 3037 4666 sinistram
3075 4625 3188 4667 sunt
3221 4630 3240 4668 :
3275 4614 3522 4667 Discedite
3560 4634 3591 4667 a
3632 4635 3741 4680 me,

2183 4703 2438 4754 maledicti
2460 4741 2475 4765 ,
2520 4703 2573 4752 iu
2599 4703 2760 4769 ignem
2780 4712 3051 4767 veternum,
3081 4717 3220 4768 quem
3249 4705 3546 4771 praeparavit
3579 4704 3744 4762 Pater

2184 4807 2318 4843 meus
2361 4791 2558 4843 diabolo
2610 4799 2655 4842 et
2697 4791 2886 4857 angelis
2921 4794 3050 4859 ejus.
3109 4791 3309 4845 Esurioi
3345 4795 3509 4858 enim,
3547 4806 3593 4846 et
3632 4813 3744 4850 non

2184 4882 2386 4933 dedistis
2414 4879 2536 4932 mihi
2568 4881 2893 4943 niaudumre,
2923 4889 3025 4933 etc.
3068 4880 3274 4952 (Matth.
3305 4897 3427 4944 xxv,
3464 4884 3575 4945 ιι).
3617 4884 3742 4938 Non

2183 4969 2313 5022 dixit
2337 4986 2349 5021 :
2373 4968 2634 5021 Discedite
2670 4983 2698 5019 a
2732 4983 2835 5029 me.
2875 4967 3181 5033 maledicti,
3205 4969 3326 5035 quia
3370 4970 3741 5035 homicidium,

2182 5063 2299 5123 quia
2327 5057 2661 5123 adulterium,
2703 5067 2792 5109 aut
2828 5060 2945 5125 quia
2989 5057 3121 5112 furta
3166 5060 3360 5113 feciStis
3398 5078 3548 5114 :nou
3589 5067 3744 5118 enim

2180 5149 2298 5214 quia
2329 5146 2522 5197 malum
2555 5144 2826 5205 fecissent;
2859 5147 2949 5199 Sed
2977 5149 3098 5215 quia
3136 5150 3326 5221 bonum
3370 5166 3471 5201 non
3497 5151 3747 5209 feceram

2181 5240 2594 5288 condemnamur
2629 5246 2681 5288 et
2728 5247 2936 5289 aeternae
2982 5241 3234 5302 gehennae
3279 5242 3545 5307 suppliciis
3586 5245 3748 5298 addi-

2181 5337 2369 5377 cuntur
2403 5343 2417 5378 :
2450 5341 2545 5378 nec
2582 5326 2702 5390 quia
2745 5340 2859 5392 qua
2900 5325 3156 5391 prohibita
3194 5335 3318 5378 suit
3356 5328 3744 5392 admisissent;

2182 5415 2273 5469 sed
2295 5417 2412 5483 quia
2435 5430 2552 5481 qua:
2579 5424 2835 5481 praecepta
2872 5426 3020 5466 erant
3056 5416 3274 5482 implere
3315 5417 3549 5469 uoluere.
3583 5418 3621 5471 U
3674 5423 3749 5473 ile

2181 5509 2557 5563 advertendum
2596 5517 2711 5569 est,
2762 5521 2914 5568 quam
2948 5521 3115 5571 -spem
3167 5509 3357 5559 habere
3407 5509 3605 5568 iossiut
3643 5513 3745 5575 qui

2182 5599 2352 5651 adhuc
2388 5597 2580 5662 aliquid
2620 5611 2799 5648 eorum
2835 5598 3028 5649 faciunt
3057 5613 3170 5659 qure
3205 5597 3574 5662 prohibt-titur;
3606 5614 3746 5653 cum

2182 5693 2336 5743 etiam
2379 5690 2452 5740 rt-i
2493 5698 2610 5738 sunt
2637 5686 2719 5748 qui
2761 5703 2860 5738 non
2896 5686 3126 5738 iecerunt
3165 5687 3559 5754 qua-jnhentur.
3600 5686 3750 5741 Nolo
