  <div class='ocr_page' id='page_1' title='image "/cluster/home/n/w/nwhite01/storage/ocr_20150623/18-19/uva.x000826554/052.png"; bbox 0 0 1914 3170; ppageno 0'>
   <div class='ocr_carea' id='block_1_1' title="bbox 87 221 1644 264">
    <p class='ocr_par' dir='ltr' id='par_1_1' title="bbox 87 221 1644 264">
     <span class='ocr_line' id='line_1_1' title="bbox 87 221 1644 264; baseline 0.013 -21"><span class='ocrx_word' id='word_1_1' title='bbox 87 224 111 249; x_wconf 58' lang='lat' dir='ltr'><strong>ut</strong></span> <span class='ocrx_word' id='word_1_2' title='bbox 539 221 757 251; x_wconf 73' lang='lat' dir='ltr'><strong>EXIIORTATIO</strong></span> <span class='ocrx_word' id='word_1_3' title='bbox 776 224 821 252; x_wconf 79' lang='lat' dir='ltr'><strong>AD</strong></span> <span class='ocrx_word' id='word_1_4' title='bbox 839 225 990 255; x_wconf 64' lang='grc' dir='ltr'>ευυιιειιιι</span> <span class='ocrx_word' id='word_1_5' title='bbox 1007 228 1147 258; x_wconf 79' lang='lat' dir='ltr'><strong>ClllllSTl.</strong></span> <span class='ocrx_word' id='word_1_6' title='bbox 1609 236 1644 264; x_wconf 68' lang='grc' dir='ltr'>τι</span> 
     </span>
    </p>
   </div>
   <div class='ocr_carea' id='block_1_2' title="bbox 83 267 1642 325">
    <p class='ocr_par' dir='ltr' id='par_1_2' title="bbox 83 267 1642 325">
     <span class='ocr_line' id='line_1_2' title="bbox 83 267 1642 325; baseline 0.012 -24"><span class='ocrx_word' id='word_1_7' title='bbox 83 267 139 301; x_wconf 69' lang='lat' dir='ltr'><strong>cuitu</strong></span> <span class='ocrx_word' id='word_1_8' title='bbox 149 275 187 301; x_wconf 76' lang='lat' dir='ltr'><strong>tibi</strong></span> <span class='ocrx_word' id='word_1_9' title='bbox 197 275 220 301; x_wconf 87' lang='lat' dir='ltr'><strong>in</strong></span> <span class='ocrx_word' id='word_1_10' title='bbox 229 275 275 301; x_wconf 80' lang='lat' dir='ltr'><strong>hoc</strong></span> <span class='ocrx_word' id='word_1_11' title='bbox 284 274 438 308; x_wconf 70' lang='lat' dir='ltr'><strong>blandiaris,</strong></span> <span class='ocrx_word' id='word_1_12' title='bbox 450 276 472 303; x_wconf 86' lang='lat' dir='ltr'><strong>si</strong></span> <span class='ocrx_word' id='word_1_13' title='bbox 482 276 566 311; x_wconf 78' lang='lat' dir='ltr'><strong>aliqua</strong></span> <span class='ocrx_word' id='word_1_14' title='bbox 580 285 631 305; x_wconf 92' lang='lat' dir='ltr'><strong>non</strong></span> <span class='ocrx_word' id='word_1_15' title='bbox 645 279 752 311; x_wconf 83' lang='lat' dir='ltr'><strong>feceris,</strong></span> <span class='ocrx_word' id='word_1_16' title='bbox 761 287 820 314; x_wconf 80' lang='lat' dir='ltr'><strong>quia</strong></span> <span class='ocrx_word' id='word_1_17' title='bbox 834 284 859 310; x_wconf 75' lang='grc' dir='ltr'><strong>Α</strong></span> <span class='ocrx_word' id='word_1_18' title='bbox 873 283 899 308; x_wconf 89' lang='lat' dir='ltr'><strong>in</strong></span> <span class='ocrx_word' id='word_1_19' title='bbox 913 290 991 311; x_wconf 78' lang='lat' dir='ltr'><strong>carne</strong></span> <span class='ocrx_word' id='word_1_20' title='bbox 1006 285 1122 319; x_wconf 77' lang='lat' dir='ltr'><strong>placendi</strong></span> <span class='ocrx_word' id='word_1_21' title='bbox 1132 287 1219 314; x_wconf 86' lang='lat' dir='ltr'><strong>studio</strong></span> <span class='ocrx_word' id='word_1_22' title='bbox 1231 293 1334 323; x_wconf 80' lang='lat' dir='ltr'><strong>compte</strong></span> <span class='ocrx_word' id='word_1_23' title='bbox 1345 293 1372 317; x_wconf 82' lang='lat' dir='ltr'><strong>et</strong></span> <span class='ocrx_word' id='word_1_24' title='bbox 1383 295 1475 319; x_wconf 87' lang='lat' dir='ltr'><strong>ornate</strong></span> <span class='ocrx_word' id='word_1_25' title='bbox 1486 292 1622 325; x_wconf 86' lang='lat' dir='ltr'><strong>procedant</strong></span> <span class='ocrx_word' id='word_1_26' title='bbox 1634 301 1642 323; x_wconf 93' lang='lat'><strong>:</strong></span> 
     </span>
    </p>
   </div>
   <div class='ocr_carea' id='block_1_3' title="bbox 82 319 825 354">
    <p class='ocr_par' dir='ltr' id='par_1_3' title="bbox 82 319 825 354">
     <span class='ocr_line' id='line_1_3' title="bbox 82 319 825 354; baseline 0.008 -10"><span class='ocrx_word' id='word_1_27' title='bbox 82 320 150 352; x_wconf 66' lang='lat' dir='ltr'><strong>aliqua</strong></span> <span class='ocrx_word' id='word_1_28' title='bbox 161 319 254 350; x_wconf 83' lang='lat' dir='ltr'><strong>ieceris,</strong></span> <span class='ocrx_word' id='word_1_29' title='bbox 275 326 334 345; x_wconf 87' lang='lat' dir='ltr'><strong>cum</strong></span> <span class='ocrx_word' id='word_1_30' title='bbox 350 320 476 353; x_wconf 88' lang='lat' dir='ltr'><strong>scriptum</strong></span> <span class='ocrx_word' id='word_1_31' title='bbox 487 326 526 347; x_wconf 86' lang='lat' dir='ltr'><strong>est</strong></span> <span class='ocrx_word' id='word_1_32' title='bbox 540 330 548 349; x_wconf 87' lang='lat'><strong>:</strong></span> <span class='ocrx_word' id='word_1_33' title='bbox 563 322 613 354; x_wconf 81' lang='lat' dir='ltr'><strong>Qui</strong></span> <span class='ocrx_word' id='word_1_34' title='bbox 632 323 774 350; x_wconf 73' lang='lat' dir='ltr'><strong>universam</strong></span> <span class='ocrx_word' id='word_1_35' title='bbox 789 324 825 350; x_wconf 78' lang='lat' dir='ltr'><strong>le-</strong></span> 
     </span>
    </p>
   </div>
   <div class='ocr_carea' id='block_1_4' title="bbox 79 364 824 402">
    <p class='ocr_par' dir='ltr' id='par_1_4' title="bbox 79 364 824 402">
     <span class='ocr_line' id='line_1_4' title="bbox 79 364 824 402; baseline 0.009 -14"><span class='ocrx_word' id='word_1_36' title='bbox 79 373 122 399; x_wconf 63' lang='lat' dir='ltr'><strong>gent</strong></span> <span class='ocrx_word' id='word_1_37' title='bbox 139 364 257 392; x_wconf 72' lang='grc' dir='ltr'>ιηναιιπίι</span> <span class='ocrx_word' id='word_1_38' title='bbox 267 384 275 396; x_wconf 90' lang='grc'><strong><em>,</em></strong></span> <span class='ocrx_word' id='word_1_39' title='bbox 290 364 402 397; x_wconf 66' lang='grc' dir='ltr'>οπειιήιιι</span> <span class='ocrx_word' id='word_1_40' title='bbox 413 370 494 392; x_wconf 69' lang='lat' dir='ltr'><strong>aulam</strong></span> <span class='ocrx_word' id='word_1_41' title='bbox 509 366 534 392; x_wconf 88' lang='lat' dir='ltr'><strong>in</strong></span> <span class='ocrx_word' id='word_1_42' title='bbox 547 375 598 393; x_wconf 85' lang='lat' dir='ltr'><strong>uno</strong></span> <span class='ocrx_word' id='word_1_43' title='bbox 608 386 617 399; x_wconf 86' lang='lat'><strong>,</strong></span> <span class='ocrx_word' id='word_1_44' title='bbox 631 369 713 402; x_wconf 77' lang='lat' dir='ltr'><strong>[actus</strong></span> <span class='ocrx_word' id='word_1_45' title='bbox 727 372 762 395; x_wconf 79' lang='lat' dir='ltr'><strong>est</strong></span> <span class='ocrx_word' id='word_1_46' title='bbox 774 377 824 395; x_wconf 83' lang='lat' dir='ltr'><strong>ont-</strong></span> 
     </span>
    </p>
   </div>
   <div class='ocr_carea' id='block_1_5' title="bbox 78 408 822 446">
    <p class='ocr_par' dir='ltr' id='par_1_5' title="bbox 78 408 822 446">
     <span class='ocr_line' id='line_1_5' title="bbox 78 408 822 446; baseline 0.007 -11"><span class='ocrx_word' id='word_1_47' title='bbox 78 410 134 435; x_wconf 73' lang='lat' dir='ltr'><strong>uisu</strong></span> <span class='ocrx_word' id='word_1_48' title='bbox 146 416 195 435; x_wconf 47' lang='lat' dir='ltr'><strong>reis</strong></span> <span class='ocrx_word' id='word_1_49' title='bbox 206 408 271 442; x_wconf 78' lang='lat' dir='ltr'><strong>(Jac.</strong></span> <span class='ocrx_word' id='word_1_50' title='bbox 285 416 314 440; x_wconf 89' lang='lat' dir='ltr'><strong>lt,</strong></span> <span class='ocrx_word' id='word_1_51' title='bbox 329 408 384 443; x_wconf 73' lang='grc'><strong>10).</strong></span> <span class='ocrx_word' id='word_1_52' title='bbox 404 409 486 436; x_wconf 79' lang='lat' dir='ltr'><strong>Adam</strong></span> <span class='ocrx_word' id='word_1_53' title='bbox 505 411 575 438; x_wconf 89' lang='lat' dir='ltr'><strong>enim</strong></span> <span class='ocrx_word' id='word_1_54' title='bbox 594 412 676 439; x_wconf 80' lang='lat' dir='ltr'><strong>semel</strong></span> <span class='ocrx_word' id='word_1_55' title='bbox 694 413 822 446; x_wconf 85' lang='lat' dir='ltr'><strong>peccavit,</strong></span> 
     </span>
    </p>
   </div>
   <div class='ocr_carea' id='block_1_6' title="bbox 75 456 823 492">
    <p class='ocr_par' dir='ltr' id='par_1_6' title="bbox 75 456 823 492">
     <span class='ocr_line' id='line_1_6' title="bbox 75 456 823 492; baseline 0.008 -13"><span class='ocrx_word' id='word_1_56' title='bbox 75 457 98 488; x_wconf 83' lang='lat' dir='ltr'><strong>et</strong></span> <span class='ocrx_word' id='word_1_57' title='bbox 108 458 211 479; x_wconf 75' lang='lat' dir='ltr'><strong>mortuus</strong></span> <span class='ocrx_word' id='word_1_58' title='bbox 222 458 261 480; x_wconf 87' lang='lat' dir='ltr'><strong>est</strong></span> <span class='ocrx_word' id='word_1_59' title='bbox 274 462 281 479; x_wconf 85' lang='lat'><strong>:</strong></span> <span class='ocrx_word' id='word_1_60' title='bbox 292 457 319 480; x_wconf 83' lang='lat' dir='ltr'><strong>et</strong></span> <span class='ocrx_word' id='word_1_61' title='bbox 335 458 363 480; x_wconf 94' lang='lat' dir='ltr'><strong>tu</strong></span> <span class='ocrx_word' id='word_1_62' title='bbox 384 458 410 481; x_wconf 91' lang='lat' dir='ltr'><strong>te</strong></span> <span class='ocrx_word' id='word_1_63' title='bbox 427 456 515 482; x_wconf 80' lang='lat' dir='ltr'><strong>vivere</strong></span> <span class='ocrx_word' id='word_1_64' title='bbox 525 456 660 483; x_wconf 68' lang='lat' dir='ltr'><strong>existimas</strong></span> <span class='ocrx_word' id='word_1_65' title='bbox 673 456 737 484; x_wconf 86' lang='lat' dir='ltr'><strong>Illud</strong></span> <span class='ocrx_word' id='word_1_66' title='bbox 752 464 823 492; x_wconf 71' lang='lat' dir='ltr'><strong>sepe</strong></span> 
     </span>
    </p>
   </div>
   <div class='ocr_carea' id='block_1_7' title="bbox 73 497 823 536">
    <p class='ocr_par' dir='ltr' id='par_1_7' title="bbox 73 497 823 536">
     <span class='ocr_line' id='line_1_7' title="bbox 73 497 823 536; baseline 0.008 -13"><span class='ocrx_word' id='word_1_67' title='bbox 73 497 230 529; x_wconf 74' lang='lat' dir='ltr'><strong>committens,</strong></span> <span class='ocrx_word' id='word_1_68' title='bbox 244 498 312 532; x_wconf 79' lang='lat' dir='ltr'><strong>quod</strong></span> <span class='ocrx_word' id='word_1_69' title='bbox 328 499 407 525; x_wconf 81' lang='lat' dir='ltr'><strong>alium</strong></span> <span class='ocrx_word' id='word_1_70' title='bbox 417 498 478 527; x_wconf 80' lang='lat' dir='ltr'><strong>dum</strong></span> <span class='ocrx_word' id='word_1_71' title='bbox 492 500 575 528; x_wconf 84' lang='lat' dir='ltr'><strong>semel</strong></span> <span class='ocrx_word' id='word_1_72' title='bbox 586 506 767 536; x_wconf 85' lang='lat' dir='ltr'><strong>perpetrasset</strong></span> <span class='ocrx_word' id='word_1_73' title='bbox 782 509 823 529; x_wconf 83' lang='lat' dir='ltr'><strong>oc-</strong></span> 
     </span>
    </p>
   </div>
   <div class='ocr_carea' id='block_1_8' title="bbox 72 542 823 580">
    <p class='ocr_par' dir='ltr' id='par_1_8' title="bbox 72 542 823 580">
     <span class='ocr_line' id='line_1_8' title="bbox 72 542 823 580; baseline 0.005 -11"><span class='ocrx_word' id='word_1_74' title='bbox 72 542 138 569; x_wconf 79' lang='lat' dir='ltr'><strong>cidit?</strong></span> <span class='ocrx_word' id='word_1_75' title='bbox 145 542 182 570; x_wconf 77' lang='grc' dir='ltr'>Διι</span> <span class='ocrx_word' id='word_1_76' title='bbox 188 543 283 577; x_wconf 86' lang='lat' dir='ltr'><strong>grande</strong></span> <span class='ocrx_word' id='word_1_77' title='bbox 292 543 365 569; x_wconf 83' lang='lat' dir='ltr'><strong>illum</strong></span> <span class='ocrx_word' id='word_1_78' title='bbox 374 544 538 571; x_wconf 84' lang='lat' dir='ltr'><strong>commisisse</strong></span> <span class='ocrx_word' id='word_1_79' title='bbox 547 545 648 572; x_wconf 82' lang='lat' dir='ltr'><strong>crimen</strong></span> <span class='ocrx_word' id='word_1_80' title='bbox 658 551 745 580; x_wconf 91' lang='lat' dir='ltr'><strong>putas,</strong></span> <span class='ocrx_word' id='word_1_81' title='bbox 753 546 823 573; x_wconf 89' lang='lat' dir='ltr'><strong>unde</strong></span> 
     </span>
    </p>
   </div>
   <div class='ocr_carea' id='block_1_9' title="bbox 73 587 822 625">
    <p class='ocr_par' dir='ltr' id='par_1_9' title="bbox 73 587 822 625">
     <span class='ocr_line' id='line_1_9' title="bbox 73 587 822 625; baseline 0.004 -11"><span class='ocrx_word' id='word_1_82' title='bbox 73 587 150 614; x_wconf 79' lang='lat' dir='ltr'><strong>nerito</strong></span> <span class='ocrx_word' id='word_1_83' title='bbox 164 594 235 622; x_wconf 68' lang='lat' dir='ltr'><strong>pana</strong></span> <span class='ocrx_word' id='word_1_84' title='bbox 256 587 396 615; x_wconf 81' lang='lat' dir='ltr'><strong>damnatus</strong></span> <span class='ocrx_word' id='word_1_85' title='bbox 413 588 447 615; x_wconf 84' lang='lat' dir='ltr'><strong>sit</strong></span> <span class='ocrx_word' id='word_1_86' title='bbox 460 589 555 616; x_wconf 84' lang='lat' dir='ltr'><strong>acriori</strong></span> <span class='ocrx_word' id='word_1_87' title='bbox 568 589 581 616; x_wconf 72' lang='grc' dir='ltr'>τ</span> <span class='ocrx_word' id='word_1_88' title='bbox 607 589 746 618; x_wconf 78' lang='lat' dir='ltr'><strong>Videamus</strong></span> <span class='ocrx_word' id='word_1_89' title='bbox 759 597 822 625; x_wconf 85' lang='lat' dir='ltr'><strong>ergo</strong></span> 
     </span>
    </p>
   </div>
   <div class='ocr_carea' id='block_1_10' title="bbox 70 632 820 668">
    <p class='ocr_par' dir='ltr' id='par_1_10' title="bbox 70 632 820 668">
     <span class='ocr_line' id='line_1_10' title="bbox 70 632 820 668; baseline 0.005 -9"><span class='ocrx_word' id='word_1_90' title='bbox 70 632 121 665; x_wconf 72' lang='lat' dir='ltr'><strong>quid</strong></span> <span class='ocrx_word' id='word_1_91' title='bbox 130 632 310 659; x_wconf 80' lang='lat' dir='ltr'><strong>feeeritcontra</strong></span> <span class='ocrx_word' id='word_1_92' title='bbox 319 633 482 660; x_wconf 82' lang='lat' dir='ltr'><strong>mandatum.</strong></span> <span class='ocrx_word' id='word_1_93' title='bbox 497 633 535 661; x_wconf 87' lang='lat' dir='ltr'><strong>De</strong></span> <span class='ocrx_word' id='word_1_94' title='bbox 547 634 632 668; x_wconf 86' lang='lat' dir='ltr'><strong>fructu</strong></span> <span class='ocrx_word' id='word_1_95' title='bbox 643 635 746 662; x_wconf 88' lang='lat' dir='ltr'><strong>arboris</strong></span> <span class='ocrx_word' id='word_1_96' title='bbox 754 635 820 664; x_wconf 84' lang='lat' dir='ltr'><strong>edit.</strong></span> 
     </span>
    </p>
   </div>
   <div class='ocr_carea' id='block_1_11' title="bbox 69 674 820 711">
    <p class='ocr_par' dir='ltr' id='par_1_11' title="bbox 69 674 820 711">
     <span class='ocr_line' id='line_1_11' title="bbox 69 674 820 711; baseline 0.007 -9"><span class='ocrx_word' id='word_1_97' title='bbox 69 676 204 711; x_wconf 61' lang='grc' dir='ltr'><strong>οὐδαεοῖ</strong></span> <span class='ocrx_word' id='word_1_98' title='bbox 223 676 332 711; x_wconf 83' lang='lat' dir='ltr'><strong>Propter</strong></span> <span class='ocrx_word' id='word_1_99' title='bbox 349 678 451 705; x_wconf 86' lang='lat' dir='ltr'><strong>arboris</strong></span> <span class='ocrx_word' id='word_1_100' title='bbox 472 674 585 706; x_wconf 86' lang='lat' dir='ltr'><strong>fructum</strong></span> <span class='ocrx_word' id='word_1_101' title='bbox 602 679 672 707; x_wconf 87' lang='lat' dir='ltr'><strong>Deus</strong></span> <span class='ocrx_word' id='word_1_102' title='bbox 687 679 820 707; x_wconf 80' lang='lat' dir='ltr'><strong>hominem</strong></span> 
     </span>
    </p>
   </div>
   <div class='ocr_carea' id='block_1_12' title="bbox 70 720 820 757">
    <p class='ocr_par' dir='ltr' id='par_1_12' title="bbox 70 720 820 757">
     <span class='ocr_line' id='line_1_12' title="bbox 70 720 820 757; baseline 0.008 -10"><span class='ocrx_word' id='word_1_103' title='bbox 70 725 139 748; x_wconf 76' lang='lat' dir='ltr'><strong>Ione</strong></span> <span class='ocrx_word' id='word_1_104' title='bbox 151 720 292 748; x_wconf 75' lang='lat' dir='ltr'><strong>msletavitl</strong></span> <span class='ocrx_word' id='word_1_105' title='bbox 314 722 370 749; x_wconf 80' lang='lat' dir='ltr'><strong>Non</strong></span> <span class='ocrx_word' id='word_1_106' title='bbox 391 728 499 757; x_wconf 81' lang='lat' dir='ltr'><strong>propter</strong></span> <span class='ocrx_word' id='word_1_107' title='bbox 514 724 616 752; x_wconf 86' lang='lat' dir='ltr'><strong>arboris</strong></span> <span class='ocrx_word' id='word_1_108' title='bbox 632 724 757 757; x_wconf 87' lang='lat' dir='ltr'><strong>fructum,</strong></span> <span class='ocrx_word' id='word_1_109' title='bbox 773 725 820 753; x_wconf 84' lang='lat' dir='ltr'><strong>sed</strong></span> 
     </span>
    </p>
   </div>
   <div class='ocr_carea' id='block_1_13' title="bbox 70 767 820 805">
    <p class='ocr_par' dir='ltr' id='par_1_13' title="bbox 70 767 820 805">
     <span class='ocr_line' id='line_1_13' title="bbox 70 767 820 805; baseline 0.008 -13"><span class='ocrx_word' id='word_1_110' title='bbox 70 771 158 800; x_wconf 78' lang='lat' dir='ltr'><strong>propter</strong></span> <span class='ocrx_word' id='word_1_111' title='bbox 173 767 284 794; x_wconf 84' lang='lat' dir='ltr'><strong>mandati</strong></span> <span class='ocrx_word' id='word_1_112' title='bbox 304 770 496 803; x_wconf 80' lang='lat' dir='ltr'><strong>contemptum.</strong></span> <span class='ocrx_word' id='word_1_113' title='bbox 522 769 591 804; x_wconf 81' lang='lat' dir='ltr'><strong>Ergo</strong></span> <span class='ocrx_word' id='word_1_114' title='bbox 612 777 665 797; x_wconf 91' lang='lat' dir='ltr'><strong>non</strong></span> <span class='ocrx_word' id='word_1_115' title='bbox 682 770 769 805; x_wconf 83' lang='lat' dir='ltr'><strong>agitur</strong></span> <span class='ocrx_word' id='word_1_116' title='bbox 786 771 820 798; x_wconf 90' lang='lat' dir='ltr'><strong>de</strong></span> 
     </span>
    </p>
   </div>
   <div class='ocr_carea' id='block_1_14' title="bbox 68 810 820 848">
    <p class='ocr_par' dir='ltr' id='par_1_14' title="bbox 68 810 820 848">
     <span class='ocr_line' id='line_1_14' title="bbox 68 810 820 848; baseline 0.008 -11"><span class='ocrx_word' id='word_1_117' title='bbox 68 810 173 843; x_wconf 68' lang='lat' dir='ltr'><strong>qualitate</strong></span> <span class='ocrx_word' id='word_1_118' title='bbox 185 813 293 845; x_wconf 66' lang='lat' dir='ltr'><strong>pascui,</strong></span> <span class='ocrx_word' id='word_1_119' title='bbox 306 813 353 840; x_wconf 82' lang='lat' dir='ltr'><strong>sed</strong></span> <span class='ocrx_word' id='word_1_120' title='bbox 369 813 403 840; x_wconf 89' lang='lat' dir='ltr'><strong>de</strong></span> <span class='ocrx_word' id='word_1_121' title='bbox 418 814 626 848; x_wconf 68' lang='lat' dir='ltr'><strong>transgressione</strong></span> <span class='ocrx_word' id='word_1_122' title='bbox 642 815 769 842; x_wconf 71' lang='lat' dir='ltr'><strong>mandari.</strong></span> <span class='ocrx_word' id='word_1_123' title='bbox 786 815 820 843; x_wconf 84' lang='lat' dir='ltr'><strong>Et</strong></span> 
     </span>
    </p>
   </div>
   <div class='ocr_carea' id='block_1_15' title="bbox 68 854 818 894">
    <p class='ocr_par' dir='ltr' id='par_1_15' title="bbox 68 854 818 894">
     <span class='ocr_line' id='line_1_15' title="bbox 68 854 818 894; baseline 0.008 -13"><span class='ocrx_word' id='word_1_124' title='bbox 68 855 102 887; x_wconf 82' lang='grc' dir='ltr'>ιιιιί</span> <span class='ocrx_word' id='word_1_125' title='bbox 110 854 167 882; x_wconf 72' lang='lat' dir='ltr'><strong>dixit</strong></span> <span class='ocrx_word' id='word_1_126' title='bbox 176 855 250 889; x_wconf 62' lang='lat' dir='ltr'><strong>Ade,</strong></span> <span class='ocrx_word' id='word_1_127' title='bbox 264 861 292 883; x_wconf 91' lang='grc' dir='ltr'><strong>ιιι</strong></span> <span class='ocrx_word' id='word_1_128' title='bbox 302 855 336 883; x_wconf 81' lang='lat' dir='ltr'><strong>de</strong></span> <span class='ocrx_word' id='word_1_129' title='bbox 351 857 454 884; x_wconf 87' lang='lat' dir='ltr'><strong>arboris</strong></span> <span class='ocrx_word' id='word_1_130' title='bbox 469 857 555 885; x_wconf 92' lang='lat' dir='ltr'><strong>fructu</strong></span> <span class='ocrx_word' id='word_1_131' title='bbox 570 865 623 886; x_wconf 90' lang='lat' dir='ltr'><strong>non</strong></span> <span class='ocrx_word' id='word_1_132' title='bbox 637 858 742 892; x_wconf 77' lang='lat' dir='ltr'><strong>eden-t;</strong></span> <span class='ocrx_word' id='word_1_133' title='bbox 762 860 818 894; x_wconf 88' lang='lat' dir='ltr'><strong>ipse</strong></span> 
     </span>
    </p>
   </div>
   <div class='ocr_carea' id='block_1_16' title="bbox 68 895 817 935">
    <p class='ocr_par' dir='ltr' id='par_1_16' title="bbox 68 895 817 935">
     <span class='ocr_line' id='line_1_16' title="bbox 68 895 817 935; baseline 0.008 -11"><span class='ocrx_word' id='word_1_134' title='bbox 68 898 102 925; x_wconf 81' lang='lat' dir='ltr'><strong>ubi</strong></span> <span class='ocrx_word' id='word_1_135' title='bbox 116 900 228 934; x_wconf 69' lang='lat' dir='ltr'><strong>praeepit</strong></span> <span class='ocrx_word' id='word_1_136' title='bbox 242 895 270 927; x_wconf 83' lang='lat' dir='ltr'><strong>ut</strong></span> <span class='ocrx_word' id='word_1_137' title='bbox 286 908 339 927; x_wconf 88' lang='lat' dir='ltr'><strong>non</strong></span> <span class='ocrx_word' id='word_1_138' title='bbox 355 901 511 934; x_wconf 82' lang='lat' dir='ltr'><strong>maledicas,</strong></span> <span class='ocrx_word' id='word_1_139' title='bbox 527 909 581 929; x_wconf 84' lang='lat' dir='ltr'><strong>non</strong></span> <span class='ocrx_word' id='word_1_140' title='bbox 602 903 752 935; x_wconf 83' lang='lat' dir='ltr'><strong>mentiaris.</strong></span> <span class='ocrx_word' id='word_1_141' title='bbox 765 911 817 930; x_wconf 89' lang='lat' dir='ltr'><strong>nun</strong></span> 
     </span>
    </p>
   </div>
   <div class='ocr_carea' id='block_1_17' title="bbox 873 327 1644 371">
    <p class='ocr_par' dir='ltr' id='par_1_17' title="bbox 873 327 1644 371">
     <span class='ocr_line' id='line_1_17' title="bbox 873 327 1644 371; baseline 0.012 -17"><span class='ocrx_word' id='word_1_142' title='bbox 873 327 896 354; x_wconf 89' lang='lat' dir='ltr'><strong>si</strong></span> <span class='ocrx_word' id='word_1_143' title='bbox 910 328 996 362; x_wconf 88' lang='lat' dir='ltr'><strong>aliqua</strong></span> <span class='ocrx_word' id='word_1_144' title='bbox 1015 337 1088 364; x_wconf 70' lang='lat' dir='ltr'><strong>qum,</strong></span> <span class='ocrx_word' id='word_1_145' title='bbox 1107 334 1137 357; x_wconf 88' lang='lat' dir='ltr'><strong>ut</strong></span> <span class='ocrx_word' id='word_1_146' title='bbox 1150 332 1262 365; x_wconf 87' lang='lat' dir='ltr'><strong>assolet,</strong></span> <span class='ocrx_word' id='word_1_147' title='bbox 1278 333 1366 361; x_wconf 86' lang='lat' dir='ltr'><strong>illicita</strong></span> <span class='ocrx_word' id='word_1_148' title='bbox 1380 340 1441 361; x_wconf 86' lang='lat' dir='ltr'><strong>sunt</strong></span> <span class='ocrx_word' id='word_1_149' title='bbox 1457 334 1565 369; x_wconf 77' lang='lat' dir='ltr'><strong>faciant,</strong></span> <span class='ocrx_word' id='word_1_150' title='bbox 1583 337 1644 371; x_wconf 78' lang='lat' dir='ltr'><strong>quid</strong></span> 
     </span>
    </p>
   </div>
   <div class='ocr_carea' id='block_1_18' title="bbox 873 372 1646 415">
    <p class='ocr_par' dir='ltr' id='par_1_18' title="bbox 873 372 1646 415">
     <span class='ocr_line' id='line_1_18' title="bbox 873 372 1646 415; baseline 0.013 -17"><span class='ocrx_word' id='word_1_151' title='bbox 873 372 988 406; x_wconf 89' lang='lat' dir='ltr'><strong>proderit</strong></span> <span class='ocrx_word' id='word_1_152' title='bbox 1001 373 1040 400; x_wconf 89' lang='lat' dir='ltr'><strong>eis</strong></span> <span class='ocrx_word' id='word_1_153' title='bbox 1052 376 1186 408; x_wconf 84' lang='lat' dir='ltr'><strong>sprevisse</strong></span> <span class='ocrx_word' id='word_1_154' title='bbox 1199 377 1267 411; x_wconf 92' lang='lat' dir='ltr'><strong>quod</strong></span> <span class='ocrx_word' id='word_1_155' title='bbox 1282 377 1354 405; x_wconf 86' lang='lat' dir='ltr'><strong>licuit</strong></span> <span class='ocrx_word' id='word_1_156' title='bbox 1365 398 1373 410; x_wconf 84' lang='lat'><em>.</em></span> <span class='ocrx_word' id='word_1_157' title='bbox 1398 383 1425 405; x_wconf 91' lang='lat' dir='ltr'><strong>et</strong></span> <span class='ocrx_word' id='word_1_158' title='bbox 1438 386 1562 407; x_wconf 74' lang='lat' dir='ltr'><strong>exercere</strong></span> <span class='ocrx_word' id='word_1_159' title='bbox 1575 381 1646 415; x_wconf 81' lang='lat' dir='ltr'><strong>quod</strong></span> 
     </span>
    </p>
   </div>
   <div class='ocr_carea' id='block_1_19' title="bbox 873 418 1646 457">
    <p class='ocr_par' dir='ltr' id='par_1_19' title="bbox 873 418 1646 457">
     <span class='ocr_line' id='line_1_19' title="bbox 873 418 1646 457; baseline 0.01 -14"><span class='ocrx_word' id='word_1_160' title='bbox 873 424 925 444; x_wconf 85' lang='lat' dir='ltr'><strong>non</strong></span> <span class='ocrx_word' id='word_1_161' title='bbox 940 418 1019 445; x_wconf 73' lang='lat' dir='ltr'><strong>licet?</strong></span> <span class='ocrx_word' id='word_1_162' title='bbox 1037 419 1065 447; x_wconf 84' lang='lat' dir='ltr'><strong>Si</strong></span> <span class='ocrx_word' id='word_1_163' title='bbox 1079 421 1120 446; x_wconf 88' lang='lat' dir='ltr'><strong>vis</strong></span> <span class='ocrx_word' id='word_1_164' title='bbox 1133 420 1259 455; x_wconf 83' lang='lat' dir='ltr'><strong>prodesse</strong></span> <span class='ocrx_word' id='word_1_165' title='bbox 1272 422 1317 449; x_wconf 84' lang='lat' dir='ltr'><strong>tibi</strong></span> <span class='ocrx_word' id='word_1_166' title='bbox 1329 423 1399 457; x_wconf 89' lang='lat' dir='ltr'><strong>quod</strong></span> <span class='ocrx_word' id='word_1_167' title='bbox 1414 423 1512 451; x_wconf 87' lang='lat' dir='ltr'><strong>licitum</strong></span> <span class='ocrx_word' id='word_1_168' title='bbox 1526 431 1646 453; x_wconf 84' lang='lat' dir='ltr'><strong>contem-</strong></span> 
     </span>
    </p>
   </div>
   <div class='ocr_carea' id='block_1_20' title="bbox 863 462 1641 502">
    <p class='ocr_par' dir='ltr' id='par_1_20' title="bbox 863 462 1641 502">
     <span class='ocr_line' id='line_1_20' title="bbox 863 462 1641 502; baseline 0.009 -14"><span class='ocrx_word' id='word_1_169' title='bbox 863 462 966 502; x_wconf 45' lang='lat' dir='ltr'><strong>hpsisti:</strong></span> <span class='ocrx_word' id='word_1_170' title='bbox 991 463 1052 490; x_wconf 88' lang='lat' dir='ltr'><strong>vide</strong></span> <span class='ocrx_word' id='word_1_171' title='bbox 1073 471 1107 491; x_wconf 88' lang='lat' dir='ltr'><strong>ne</strong></span> <span class='ocrx_word' id='word_1_172' title='bbox 1121 465 1186 497; x_wconf 78' lang='lat' dir='ltr'><strong>quid</strong></span> <span class='ocrx_word' id='word_1_173' title='bbox 1201 473 1292 493; x_wconf 86' lang='lat' dir='ltr'><strong>eorum</strong></span> <span class='ocrx_word' id='word_1_174' title='bbox 1313 474 1371 501; x_wconf 70' lang='lat' dir='ltr'><strong>qua</strong></span> <span class='ocrx_word' id='word_1_175' title='bbox 1392 475 1446 494; x_wconf 89' lang='lat' dir='ltr'><strong>non</strong></span> <span class='ocrx_word' id='word_1_176' title='bbox 1460 468 1539 495; x_wconf 86' lang='lat' dir='ltr'><strong>licent</strong></span> <span class='ocrx_word' id='word_1_177' title='bbox 1552 468 1641 496; x_wconf 84' lang='lat' dir='ltr'><strong>iacias.</strong></span> 
     </span>
    </p>
   </div>
   <div class='ocr_carea' id='block_1_21' title="bbox 869 497 1642 546">
    <p class='ocr_par' dir='ltr' id='par_1_21' title="bbox 869 497 1642 546">
     <span class='ocr_line' id='line_1_21' title="bbox 869 497 1642 546; baseline 0.013 -15"><span class='ocrx_word' id='word_1_178' title='bbox 869 497 985 534; x_wconf 42' lang='lat' dir='ltr'><strong>&#39;Stultum</strong></span> <span class='ocrx_word' id='word_1_179' title='bbox 998 508 1068 535; x_wconf 90' lang='lat' dir='ltr'><strong>enim</strong></span> <span class='ocrx_word' id='word_1_180' title='bbox 1081 512 1124 536; x_wconf 69' lang='lat' dir='ltr'><strong>at</strong></span> <span class='ocrx_word' id='word_1_181' title='bbox 1142 509 1260 538; x_wconf 83' lang='lat' dir='ltr'><strong>timuisse</strong></span> <span class='ocrx_word' id='word_1_182' title='bbox 1279 497 1352 544; x_wconf 76' lang='lat' dir='ltr'><strong>quod</strong></span> <span class='ocrx_word' id='word_1_183' title='bbox 1370 512 1459 539; x_wconf 86' lang='lat' dir='ltr'><strong>minus</strong></span> <span class='ocrx_word' id='word_1_184' title='bbox 1477 517 1536 546; x_wconf 86' lang='lat' dir='ltr'><strong>est,</strong></span> <span class='ocrx_word' id='word_1_185' title='bbox 1552 517 1579 540; x_wconf 77' lang='grc' dir='ltr'>οι</span> <span class='ocrx_word' id='word_1_186' title='bbox 1589 522 1642 541; x_wconf 89' lang='lat' dir='ltr'><strong>non</strong></span> 
     </span>
    </p>
   </div>
   <div class='ocr_carea' id='block_1_22' title="bbox 873 550 1642 592">
    <p class='ocr_par' dir='ltr' id='par_1_22' title="bbox 873 550 1642 592">
     <span class='ocr_line' id='line_1_22' title="bbox 873 550 1642 592; baseline 0.01 -15"><span class='ocrx_word' id='word_1_187' title='bbox 873 550 965 578; x_wconf 87' lang='lat' dir='ltr'><strong>timere</strong></span> <span class='ocrx_word' id='word_1_188' title='bbox 986 552 1057 585; x_wconf 82' lang='lat' dir='ltr'><strong>quod</strong></span> <span class='ocrx_word' id='word_1_189' title='bbox 1080 553 1163 588; x_wconf 83' lang='lat' dir='ltr'><strong>majus</strong></span> <span class='ocrx_word' id='word_1_190' title='bbox 1176 559 1217 582; x_wconf 87' lang='lat' dir='ltr'><strong>est</strong></span> <span class='ocrx_word' id='word_1_191' title='bbox 1231 563 1237 581; x_wconf 94' lang='lat'>:</span> <span class='ocrx_word' id='word_1_192' title='bbox 1253 560 1299 582; x_wconf 79' lang='lat' dir='ltr'><strong>aut</strong></span> <span class='ocrx_word' id='word_1_193' title='bbox 1312 556 1346 582; x_wconf 91' lang='lat' dir='ltr'><strong>ab</strong></span> <span class='ocrx_word' id='word_1_194' title='bbox 1367 556 1410 583; x_wconf 73' lang='lat' dir='ltr'><strong>bis</strong></span> <span class='ocrx_word' id='word_1_195' title='bbox 1423 564 1474 584; x_wconf 81' lang='lat' dir='ltr'><strong>non</strong></span> <span class='ocrx_word' id='word_1_196' title='bbox 1494 557 1569 584; x_wconf 71' lang='lat' dir='ltr'><strong>vitari</strong></span> <span class='ocrx_word' id='word_1_197' title='bbox 1582 566 1642 592; x_wconf 77' lang='lat' dir='ltr'><strong>qua:</strong></span> 
     </span>
    </p>
   </div>
   <div class='ocr_carea' id='block_1_23' title="bbox 871 594 1639 636">
    <p class='ocr_par' dir='ltr' id='par_1_23' title="bbox 871 594 1639 636">
     <span class='ocr_line' id='line_1_23' title="bbox 871 594 1639 636; baseline 0.012 -15"><span class='ocrx_word' id='word_1_198' title='bbox 871 594 1065 630; x_wconf 82' lang='lat' dir='ltr'><strong>prohibentur,</strong></span> <span class='ocrx_word' id='word_1_199' title='bbox 1095 598 1117 625; x_wconf 92' lang='lat' dir='ltr'><strong>si</strong></span> <span class='ocrx_word' id='word_1_200' title='bbox 1144 599 1347 635; x_wconf 82' lang='lat' dir='ltr'><strong>subterfugerint</strong></span> <span class='ocrx_word' id='word_1_201' title='bbox 1369 608 1428 636; x_wconf 70' lang='lat' dir='ltr'><strong>qua</strong></span> <span class='ocrx_word' id='word_1_202' title='bbox 1452 602 1639 630; x_wconf 78' lang='lat' dir='ltr'><strong>conceduntur.</strong></span> 
     </span>
    </p>
   </div>
   <div class='ocr_carea' id='block_1_24' title="bbox 871 638 1641 681">
    <p class='ocr_par' dir='ltr' id='par_1_24' title="bbox 871 638 1641 681">
     <span class='ocr_line' id='line_1_24' title="bbox 871 638 1641 681; baseline 0.01 -15"><span class='ocrx_word' id='word_1_203' title='bbox 871 639 939 668; x_wconf 84' lang='lat' dir='ltr'><strong>Dicit</strong></span> <span class='ocrx_word' id='word_1_204' title='bbox 960 642 1030 668; x_wconf 89' lang='lat' dir='ltr'><strong>enim</strong></span> <span class='ocrx_word' id='word_1_205' title='bbox 1050 643 1191 676; x_wconf 80' lang='lat' dir='ltr'><strong>Apostolus</strong></span> <span class='ocrx_word' id='word_1_206' title='bbox 1214 652 1222 671; x_wconf 91' lang='lat'><strong>:</strong></span> <span class='ocrx_word' id='word_1_207' title='bbox 1243 643 1355 679; x_wconf 81' lang='lat' dir='ltr'><strong>Innupta</strong></span> <span class='ocrx_word' id='word_1_208' title='bbox 1367 638 1458 681; x_wconf 75' lang='lat' dir='ltr'><strong>cogitat</strong></span> <span class='ocrx_word' id='word_1_209' title='bbox 1471 655 1527 680; x_wconf 73' lang='lat' dir='ltr'><strong>qua</strong></span> <span class='ocrx_word' id='word_1_210' title='bbox 1541 647 1614 674; x_wconf 86' lang='lat' dir='ltr'><strong>Domi</strong></span> <span class='ocrx_word' id='word_1_211' title='bbox 1625 648 1641 674; x_wconf 71' lang='grc' dir='ltr'><strong>ι</strong></span> 
     </span>
    </p>
   </div>
   <div class='ocr_carea' id='block_1_25' title="bbox 868 687 1641 725">
    <p class='ocr_par' dir='ltr' id='par_1_25' title="bbox 868 687 1641 725">
     <span class='ocr_line' id='line_1_25' title="bbox 868 687 1641 725; baseline 0.01 -15"><span class='ocrx_word' id='word_1_212' title='bbox 868 690 941 718; x_wconf 77' lang='lat' dir='ltr'><strong>sunt,</strong></span> <span class='ocrx_word' id='word_1_213' title='bbox 956 687 1080 720; x_wconf 82' lang='lat' dir='ltr'><strong>quomodo</strong></span> <span class='ocrx_word' id='word_1_214' title='bbox 1094 687 1190 720; x_wconf 77' lang='lat' dir='ltr'><strong>placeat</strong></span> <span class='ocrx_word' id='word_1_215' title='bbox 1204 688 1256 715; x_wconf 83' lang='lat' dir='ltr'><strong>Deo</strong></span> <span class='ocrx_word' id='word_1_216' title='bbox 1266 708 1275 722; x_wconf 87' lang='lat'><strong>,</strong></span> <span class='ocrx_word' id='word_1_217' title='bbox 1297 693 1326 715; x_wconf 77' lang='lat' dir='ltr'><strong>ut</strong></span> <span class='ocrx_word' id='word_1_218' title='bbox 1345 689 1378 717; x_wconf 81' lang='lat' dir='ltr'><strong>sit</strong></span> <span class='ocrx_word' id='word_1_219' title='bbox 1397 694 1483 717; x_wconf 80' lang='lat' dir='ltr'><strong>sancto</strong></span> <span class='ocrx_word' id='word_1_220' title='bbox 1502 699 1605 725; x_wconf 81' lang='lat' dir='ltr'><strong>corpore</strong></span> <span class='ocrx_word' id='word_1_221' title='bbox 1618 697 1641 718; x_wconf 80' lang='lat' dir='ltr'><strong>et</strong></span> 
     </span>
    </p>
   </div>
   <div class='ocr_carea' id='block_1_26' title="bbox 869 730 1641 771">
    <p class='ocr_par' dir='ltr' id='par_1_26' title="bbox 869 730 1641 771">
     <span class='ocr_line' id='line_1_26' title="bbox 869 730 1641 771; baseline 0.009 -16"><span class='ocrx_word' id='word_1_222' title='bbox 869 730 975 771; x_wconf 36' lang='lat' dir='ltr'><strong>spiritu,</strong></span> <span class='ocrx_word' id='word_1_223' title='bbox 984 730 1047 762; x_wconf 70' lang='lat' dir='ltr'><strong>Qua</strong></span> <span class='ocrx_word' id='word_1_224' title='bbox 1063 737 1147 758; x_wconf 80' lang='lat' dir='ltr'><strong>autem</strong></span> <span class='ocrx_word' id='word_1_225' title='bbox 1160 738 1238 768; x_wconf 83' lang='lat' dir='ltr'><strong>nupta</strong></span> <span class='ocrx_word' id='word_1_226' title='bbox 1250 738 1287 760; x_wconf 81' lang='lat' dir='ltr'><strong>ut</strong></span> <span class='ocrx_word' id='word_1_227' title='bbox 1297 753 1305 766; x_wconf 89' lang='lat'><strong>,</strong></span> <span class='ocrx_word' id='word_1_228' title='bbox 1323 735 1415 769; x_wconf 76' lang='lat' dir='ltr'><strong>cogitat</strong></span> <span class='ocrx_word' id='word_1_229' title='bbox 1426 742 1482 769; x_wconf 68' lang='lat' dir='ltr'><strong>qua:</strong></span> <span class='ocrx_word' id='word_1_230' title='bbox 1494 739 1551 762; x_wconf 79' lang='lat' dir='ltr'><strong>sunt</strong></span> <span class='ocrx_word' id='word_1_231' title='bbox 1565 736 1641 771; x_wconf 83' lang='lat' dir='ltr'><strong>hujus</strong></span> 
     </span>
    </p>
   </div>
   <div class='ocr_carea' id='block_1_27' title="bbox 870 770 1638 814">
    <p class='ocr_par' dir='ltr' id='par_1_27' title="bbox 870 770 1638 814">
     <span class='ocr_line' id='line_1_27' title="bbox 870 770 1638 814; baseline 0.007 -13"><span class='ocrx_word' id='word_1_232' title='bbox 870 776 956 802; x_wconf 77' lang='lat' dir='ltr'><strong>mundi</strong></span> <span class='ocrx_word' id='word_1_233' title='bbox 962 770 976 808; x_wconf 88' lang='grc'><strong>,’</strong></span> <span class='ocrx_word' id='word_1_234' title='bbox 984 777 1106 810; x_wconf 79' lang='lat' dir='ltr'><strong>quomodo</strong></span> <span class='ocrx_word' id='word_1_235' title='bbox 1120 777 1215 810; x_wconf 77' lang='lat' dir='ltr'><strong>placeat</strong></span> <span class='ocrx_word' id='word_1_236' title='bbox 1226 778 1279 805; x_wconf 80' lang='lat' dir='ltr'><strong>uiro</strong></span> <span class='ocrx_word' id='word_1_237' title='bbox 1292 779 1313 811; x_wconf 92' lang='lat' dir='ltr'><strong>(l</strong></span> <span class='ocrx_word' id='word_1_238' title='bbox 1327 778 1385 806; x_wconf 82' lang='lat' dir='ltr'><strong>Cor.</strong></span> <span class='ocrx_word' id='word_1_239' title='bbox 1398 787 1445 811; x_wconf 89' lang='lat' dir='ltr'><strong>vn,</strong></span> <span class='ocrx_word' id='word_1_240' title='bbox 1458 779 1514 814; x_wconf 56' lang='lat'><strong>&#39;5‘).</strong></span> <span class='ocrx_word' id='word_1_241' title='bbox 1530 779 1638 814; x_wconf 74' lang='grc' dir='ltr'>Νιψιςιιιι</span> 
     </span>
    </p>
   </div>
   <div class='ocr_carea' id='block_1_28' title="bbox 869 820 1637 858">
    <p class='ocr_par' dir='ltr' id='par_1_28' title="bbox 869 820 1637 858">
     <span class='ocr_line' id='line_1_28' title="bbox 869 820 1637 858; baseline 0.008 -11"><span class='ocrx_word' id='word_1_242' title='bbox 869 820 973 853; x_wconf 82' lang='lat' dir='ltr'><strong>placere</strong></span> <span class='ocrx_word' id='word_1_243' title='bbox 996 821 1053 848; x_wconf 74' lang='lat' dir='ltr'><strong>viro</strong></span> <span class='ocrx_word' id='word_1_244' title='bbox 1077 822 1191 855; x_wconf 81' lang='lat' dir='ltr'><strong>asserit,</strong></span> <span class='ocrx_word' id='word_1_245' title='bbox 1214 823 1353 857; x_wconf 78' lang='lat' dir='ltr'><strong>cogitando</strong></span> <span class='ocrx_word' id='word_1_246' title='bbox 1372 831 1431 858; x_wconf 68' lang='lat' dir='ltr'><strong>qua</strong></span> <span class='ocrx_word' id='word_1_247' title='bbox 1453 824 1542 851; x_wconf 86' lang='lat' dir='ltr'><strong>mundi</strong></span> <span class='ocrx_word' id='word_1_248' title='bbox 1555 829 1637 853; x_wconf 85' lang='lat' dir='ltr'><strong>sunt:</strong></span> 
     </span>
    </p>
   </div>
   <div class='ocr_carea' id='block_1_29' title="bbox 869 864 1639 902">
    <p class='ocr_par' dir='ltr' id='par_1_29' title="bbox 869 864 1639 902">
     <span class='ocr_line' id='line_1_29' title="bbox 869 864 1639 902; baseline 0.008 -12"><span class='ocrx_word' id='word_1_249' title='bbox 869 864 1002 898; x_wconf 85' lang='lat' dir='ltr'><strong>innuptam</strong></span> <span class='ocrx_word' id='word_1_250' title='bbox 1018 873 1081 892; x_wconf 89' lang='lat' dir='ltr'><strong>vero</strong></span> <span class='ocrx_word' id='word_1_251' title='bbox 1094 865 1166 898; x_wconf 83' lang='lat' dir='ltr'><strong>Deo,</strong></span> <span class='ocrx_word' id='word_1_252' title='bbox 1181 874 1214 894; x_wconf 89' lang='lat' dir='ltr'><strong>eo</strong></span> <span class='ocrx_word' id='word_1_253' title='bbox 1227 866 1301 902; x_wconf 82' lang='lat' dir='ltr'><strong>quod</strong></span> <span class='ocrx_word' id='word_1_254' title='bbox 1318 867 1389 895; x_wconf 87' lang='lat' dir='ltr'><strong>nulla</strong></span> <span class='ocrx_word' id='word_1_255' title='bbox 1407 875 1468 895; x_wconf 85' lang='lat' dir='ltr'><strong>cura</strong></span> <span class='ocrx_word' id='word_1_256' title='bbox 1486 869 1522 895; x_wconf 89' lang='lat' dir='ltr'><strong>illi</strong></span> <span class='ocrx_word' id='word_1_257' title='bbox 1539 869 1572 896; x_wconf 84' lang='lat' dir='ltr'><strong>sit</strong></span> <span class='ocrx_word' id='word_1_258' title='bbox 1590 877 1639 897; x_wconf 67' lang='lat' dir='ltr'><strong>sa-</strong></span> 
     </span>
    </p>
   </div>
   <div class='ocr_carea' id='block_1_30' title="bbox 867 908 1638 945">
    <p class='ocr_par' dir='ltr' id='par_1_30' title="bbox 867 908 1638 945">
     <span class='ocr_line' id='line_1_30' title="bbox 867 908 1638 945; baseline 0.008 -10"><span class='ocrx_word' id='word_1_259' title='bbox 867 908 930 935; x_wconf 91' lang='lat' dir='ltr'><strong>culi.</strong></span> <span class='ocrx_word' id='word_1_260' title='bbox 945 909 1019 937; x_wconf 82' lang='lat' dir='ltr'><strong>Dicat</strong></span> <span class='ocrx_word' id='word_1_261' title='bbox 1027 917 1091 945; x_wconf 89' lang='lat' dir='ltr'><strong>ergo</strong></span> <span class='ocrx_word' id='word_1_262' title='bbox 1104 910 1169 939; x_wconf 83' lang='lat' dir='ltr'><strong>mihi</strong></span> <span class='ocrx_word' id='word_1_263' title='bbox 1178 919 1237 945; x_wconf 66' lang='lat' dir='ltr'><strong>qua</strong></span> <span class='ocrx_word' id='word_1_264' title='bbox 1249 911 1334 940; x_wconf 86' lang='lat' dir='ltr'><strong>virum</strong></span> <span class='ocrx_word' id='word_1_265' title='bbox 1347 920 1399 940; x_wconf 92' lang='lat' dir='ltr'><strong>non</strong></span> <span class='ocrx_word' id='word_1_266' title='bbox 1415 913 1502 945; x_wconf 84' lang='lat' dir='ltr'><strong>habet,</strong></span> <span class='ocrx_word' id='word_1_267' title='bbox 1513 918 1539 941; x_wconf 90' lang='lat' dir='ltr'><strong>et</strong></span> <span class='ocrx_word' id='word_1_268' title='bbox 1551 919 1638 941; x_wconf 69' lang='grc' dir='ltr'>ιιιιιιιιι</span> 
     </span>
    </p>
   </div>
   <div class='ocr_carea' id='block_1_31' title="bbox 66 943 1640 993">
    <p class='ocr_par' dir='ltr' id='par_1_31' title="bbox 66 943 1640 993">
     <span class='ocr_line' id='line_1_31' title="bbox 66 943 1640 993; baseline 0.006 -18"><span class='ocrx_word' id='word_1_269' title='bbox 66 943 177 992; x_wconf 51' lang='grc' dir='ltr'><strong>ξεί-ἤδει,</strong></span> <span class='ocrx_word' id='word_1_270' title='bbox 187 952 238 971; x_wconf 78' lang='grc' dir='ltr'>ιοιι</span> <span class='ocrx_word' id='word_1_271' title='bbox 250 944 435 993; x_wconf 67' lang='lat' dir='ltr'><strong>detralteutem</strong></span> <span class='ocrx_word' id='word_1_272' title='bbox 451 947 594 993; x_wconf 60' lang='lat' dir='ltr'><strong>auscultet.</strong></span> <span class='ocrx_word' id='word_1_273' title='bbox 604 952 633 974; x_wconf 80' lang='grc' dir='ltr'><strong>ιιι</strong></span> <span class='ocrx_word' id='word_1_274' title='bbox 644 948 752 974; x_wconf 79' lang='lat' dir='ltr'><strong>omnino</strong></span> <span class='ocrx_word' id='word_1_275' title='bbox 763 955 814 974; x_wconf 84' lang='lat' dir='ltr'><strong>non</strong></span> <span class='ocrx_word' id='word_1_276' title='bbox 830 948 854 977; x_wconf 80' lang='grc' dir='ltr'><strong><em>Β</em></strong></span> <span class='ocrx_word' id='word_1_277' title='bbox 866 960 925 986; x_wconf 67' lang='lat' dir='ltr'><strong>qua</strong></span> <span class='ocrx_word' id='word_1_278' title='bbox 947 959 1007 980; x_wconf 84' lang='lat' dir='ltr'><strong>sunt</strong></span> <span class='ocrx_word' id='word_1_279' title='bbox 1033 943 1123 982; x_wconf 74' lang='lat' dir='ltr'><strong>mundi</strong></span> <span class='ocrx_word' id='word_1_280' title='bbox 1145 943 1244 990; x_wconf 80' lang='lat' dir='ltr'><strong>cogitat</strong></span> <span class='ocrx_word' id='word_1_281' title='bbox 1254 977 1262 989; x_wconf 85' lang='lat'><strong>,</strong></span> <span class='ocrx_word' id='word_1_282' title='bbox 1287 957 1329 983; x_wconf 83' lang='lat' dir='ltr'><strong>cui</strong></span> <span class='ocrx_word' id='word_1_283' title='bbox 1356 957 1461 991; x_wconf 81' lang='lat' dir='ltr'><strong>placere</strong></span> <span class='ocrx_word' id='word_1_284' title='bbox 1481 943 1612 993; x_wconf 70' lang='lat' dir='ltr'><strong>desiderat</strong></span> <span class='ocrx_word' id='word_1_285' title='bbox 1629 960 1640 984; x_wconf 77' lang='grc' dir='ltr'><strong>ι</strong></span> 
     </span>
    </p>
   </div>
   <div class='ocr_carea' id='block_1_32' title="bbox 65 987 815 1026">
    <p class='ocr_par' dir='ltr' id='par_1_32' title="bbox 65 987 815 1026">
     <span class='ocr_line' id='line_1_32' title="bbox 65 987 815 1026; baseline 0.005 -12"><span class='ocrx_word' id='word_1_286' title='bbox 65 987 131 1020; x_wconf 81' lang='lat' dir='ltr'><strong>iures,</strong></span> <span class='ocrx_word' id='word_1_287' title='bbox 141 993 225 1016; x_wconf 86' lang='lat' dir='ltr'><strong>utnon</strong></span> <span class='ocrx_word' id='word_1_288' title='bbox 235 990 418 1025; x_wconf 80' lang='lat' dir='ltr'><strong>concupiscas,</strong></span> <span class='ocrx_word' id='word_1_289' title='bbox 429 998 482 1019; x_wconf 87' lang='lat' dir='ltr'><strong>non</strong></span> <span class='ocrx_word' id='word_1_290' title='bbox 498 992 627 1025; x_wconf 78' lang='lat' dir='ltr'><strong>invideas,</strong></span> <span class='ocrx_word' id='word_1_291' title='bbox 639 1001 691 1020; x_wconf 92' lang='lat' dir='ltr'><strong>non</strong></span> <span class='ocrx_word' id='word_1_292' title='bbox 700 993 738 1020; x_wconf 81' lang='lat' dir='ltr'><strong>sis</strong></span> <span class='ocrx_word' id='word_1_293' title='bbox 749 993 815 1026; x_wconf 82' lang='lat' dir='ltr'><strong>tepi-</strong></span> 
     </span>
    </p>
   </div>
   <div class='ocr_carea' id='block_1_33' title="bbox 65 1032 815 1071">
    <p class='ocr_par' dir='ltr' id='par_1_33' title="bbox 65 1032 815 1071">
     <span class='ocr_line' id='line_1_33' title="bbox 65 1032 815 1071; baseline 0.007 -13"><span class='ocrx_word' id='word_1_294' title='bbox 65 1032 112 1063; x_wconf 78' lang='lat' dir='ltr'><strong>dss,</strong></span> <span class='ocrx_word' id='word_1_295' title='bbox 120 1039 166 1059; x_wconf 81' lang='lat' dir='ltr'><strong>non</strong></span> <span class='ocrx_word' id='word_1_296' title='bbox 175 1034 210 1060; x_wconf 79' lang='lat' dir='ltr'><strong>sis</strong></span> <span class='ocrx_word' id='word_1_297' title='bbox 218 1041 330 1066; x_wconf 87' lang='lat' dir='ltr'><strong>avarus;</strong></span> <span class='ocrx_word' id='word_1_298' title='bbox 343 1040 372 1063; x_wconf 83' lang='lat' dir='ltr'><strong>ut</strong></span> <span class='ocrx_word' id='word_1_299' title='bbox 382 1035 445 1063; x_wconf 85' lang='lat' dir='ltr'><strong>nulli</strong></span> <span class='ocrx_word' id='word_1_300' title='bbox 461 1036 557 1063; x_wconf 86' lang='lat' dir='ltr'><strong>malum</strong></span> <span class='ocrx_word' id='word_1_301' title='bbox 570 1044 617 1071; x_wconf 82' lang='lat' dir='ltr'><strong>pro</strong></span> <span class='ocrx_word' id='word_1_302' title='bbox 627 1038 696 1064; x_wconf 83' lang='lat' dir='ltr'><strong>malo</strong></span> <span class='ocrx_word' id='word_1_303' title='bbox 710 1037 815 1070; x_wconf 73' lang='lat' dir='ltr'><strong>reddas,</strong></span> 
     </span>
    </p>
   </div>
   <div class='ocr_carea' id='block_1_34' title="bbox 65 1076 813 1116">
    <p class='ocr_par' dir='ltr' id='par_1_34' title="bbox 65 1076 813 1116">
     <span class='ocr_line' id='line_1_34' title="bbox 65 1076 813 1116; baseline 0.007 -13"><span class='ocrx_word' id='word_1_304' title='bbox 65 1081 87 1103; x_wconf 86' lang='lat' dir='ltr'><strong>ut</strong></span> <span class='ocrx_word' id='word_1_305' title='bbox 94 1076 200 1105; x_wconf 73' lang='lat' dir='ltr'><strong>iaiuiiws</strong></span> <span class='ocrx_word' id='word_1_306' title='bbox 211 1084 269 1106; x_wconf 77' lang='lat' dir='ltr'><strong>tuos</strong></span> <span class='ocrx_word' id='word_1_307' title='bbox 277 1079 383 1114; x_wconf 82' lang='lat' dir='ltr'><strong>diligas,</strong></span> <span class='ocrx_word' id='word_1_308' title='bbox 394 1085 423 1108; x_wconf 88' lang='lat' dir='ltr'><strong>ut</strong></span> <span class='ocrx_word' id='word_1_309' title='bbox 437 1081 653 1109; x_wconf 87' lang='lat' dir='ltr'><strong>maledicentibus</strong></span> <span class='ocrx_word' id='word_1_310' title='bbox 663 1083 813 1116; x_wconf 76' lang='lat' dir='ltr'><strong>benedicas,</strong></span> 
     </span>
    </p>
   </div>
   <div class='ocr_carea' id='block_1_35' title="bbox 64 1123 815 1161">
    <p class='ocr_par' dir='ltr' id='par_1_35' title="bbox 64 1123 815 1161">
     <span class='ocr_line' id='line_1_35' title="bbox 64 1123 815 1161; baseline 0.009 -13"><span class='ocrx_word' id='word_1_311' title='bbox 64 1126 85 1148; x_wconf 83' lang='lat' dir='ltr'><strong>ut</strong></span> <span class='ocrx_word' id='word_1_312' title='bbox 101 1130 142 1156; x_wconf 83' lang='lat' dir='ltr'><strong>pro</strong></span> <span class='ocrx_word' id='word_1_313' title='bbox 156 1123 389 1152; x_wconf 78' lang='lat' dir='ltr'><strong>calumniatoribus</strong></span> <span class='ocrx_word' id='word_1_314' title='bbox 407 1129 435 1153; x_wconf 91' lang='lat' dir='ltr'><strong>et</strong></span> <span class='ocrx_word' id='word_1_315' title='bbox 457 1133 505 1160; x_wconf 87' lang='lat' dir='ltr'><strong>pro</strong></span> <span class='ocrx_word' id='word_1_316' title='bbox 532 1128 744 1161; x_wconf 82' lang='lat' dir='ltr'><strong>persecutoribus</strong></span> <span class='ocrx_word' id='word_1_317' title='bbox 763 1129 815 1155; x_wconf 87' lang='lat' dir='ltr'><strong>tuis</strong></span> 
     </span>
    </p>
   </div>
   <div class='ocr_carea' id='block_1_36' title="bbox 64 1169 815 1207">
    <p class='ocr_par' dir='ltr' id='par_1_36' title="bbox 64 1169 815 1207">
     <span class='ocr_line' id='line_1_36' title="bbox 64 1169 815 1207; baseline 0.009 -14"><span class='ocrx_word' id='word_1_318' title='bbox 64 1173 120 1198; x_wconf 72' lang='lat' dir='ltr'><strong>«res.</strong></span> <span class='ocrx_word' id='word_1_319' title='bbox 129 1173 154 1194; x_wconf 88' lang='lat' dir='ltr'><strong>It</strong></span> <span class='ocrx_word' id='word_1_320' title='bbox 163 1169 315 1202; x_wconf 74' lang='lat' dir='ltr'><strong>percutienti</strong></span> <span class='ocrx_word' id='word_1_321' title='bbox 329 1171 462 1199; x_wconf 78' lang='lat' dir='ltr'><strong>maxillam</strong></span> <span class='ocrx_word' id='word_1_322' title='bbox 473 1173 584 1199; x_wconf 83' lang='lat' dir='ltr'><strong>alteram</strong></span> <span class='ocrx_word' id='word_1_323' title='bbox 597 1173 733 1207; x_wconf 54' lang='grc' dir='ltr'>ιιι-εδει,</span> <span class='ocrx_word' id='word_1_324' title='bbox 748 1174 815 1200; x_wconf 86' lang='lat' dir='ltr'><strong>utin</strong></span> 
     </span>
    </p>
   </div>
   <div class='ocr_carea' id='block_1_37' title="bbox 62 1211 813 1251">
    <p class='ocr_par' dir='ltr' id='par_1_37' title="bbox 62 1211 813 1251">
     <span class='ocr_line' id='line_1_37' title="bbox 62 1211 813 1251; baseline 0.007 -12"><span class='ocrx_word' id='word_1_325' title='bbox 62 1211 141 1245; x_wconf 69' lang='lat' dir='ltr'><strong>isitio</strong></span> <span class='ocrx_word' id='word_1_326' title='bbox 149 1214 264 1241; x_wconf 67' lang='lat' dir='ltr'><strong>seeolari</strong></span> <span class='ocrx_word' id='word_1_327' title='bbox 275 1222 328 1241; x_wconf 88' lang='lat' dir='ltr'><strong>non</strong></span> <span class='ocrx_word' id='word_1_328' title='bbox 338 1215 435 1250; x_wconf 86' lang='lat' dir='ltr'><strong>litiges,</strong></span> <span class='ocrx_word' id='word_1_329' title='bbox 446 1221 476 1243; x_wconf 91' lang='lat' dir='ltr'><strong>ut</strong></span> <span class='ocrx_word' id='word_1_330' title='bbox 484 1217 507 1244; x_wconf 90' lang='lat' dir='ltr'><strong>si</strong></span> <span class='ocrx_word' id='word_1_331' title='bbox 518 1217 576 1251; x_wconf 83' lang='lat' dir='ltr'><strong>quis</strong></span> <span class='ocrx_word' id='word_1_332' title='bbox 589 1221 634 1245; x_wconf 88' lang='lat' dir='ltr'><strong>tua</strong></span> <span class='ocrx_word' id='word_1_333' title='bbox 650 1218 755 1246; x_wconf 73' lang='lat' dir='ltr'><strong>auferre</strong></span> <span class='ocrx_word' id='word_1_334' title='bbox 766 1227 813 1244; x_wconf 78' lang='lat' dir='ltr'><strong>Vu-</strong></span> 
     </span>
    </p>
   </div>
   <div class='ocr_carea' id='block_1_38' title="bbox 64 1256 814 1295">
    <p class='ocr_par' dir='ltr' id='par_1_38' title="bbox 64 1256 814 1295">
     <span class='ocr_line' id='line_1_38' title="bbox 64 1256 814 1295; baseline 0.012 -13"><span class='ocrx_word' id='word_1_335' title='bbox 64 1256 139 1289; x_wconf 81' lang='lat' dir='ltr'><strong>lserit,</strong></span> <span class='ocrx_word' id='word_1_336' title='bbox 151 1263 281 1292; x_wconf 86' lang='lat' dir='ltr'><strong>gratanter</strong></span> <span class='ocrx_word' id='word_1_337' title='bbox 292 1260 411 1293; x_wconf 86' lang='lat' dir='ltr'><strong>amittas,</strong></span> <span class='ocrx_word' id='word_1_338' title='bbox 424 1266 452 1288; x_wconf 91' lang='grc' dir='ltr'><strong>ιιι</strong></span> <span class='ocrx_word' id='word_1_339' title='bbox 467 1268 515 1289; x_wconf 88' lang='lat' dir='ltr'><strong>nec</strong></span> <span class='ocrx_word' id='word_1_340' title='bbox 529 1261 681 1295; x_wconf 53' lang='lat' dir='ltr'><strong>iracundia,</strong></span> <span class='ocrx_word' id='word_1_341' title='bbox 693 1269 741 1290; x_wconf 88' lang='lat' dir='ltr'><strong>nec</strong></span> <span class='ocrx_word' id='word_1_342' title='bbox 755 1271 785 1291; x_wconf 79' lang='grc' dir='ltr'>ιε</span> <span class='ocrx_word' id='word_1_343' title='bbox 797 1265 814 1295; x_wconf 88' lang='lat' dir='ltr'><strong>i.</strong></span> 
     </span>
    </p>
   </div>
   <div class='ocr_carea' id='block_1_39' title="bbox 63 1294 816 1340">
    <p class='ocr_par' dir='ltr' id='par_1_39' title="bbox 63 1294 816 1340">
     <span class='ocr_line' id='line_1_39' title="bbox 63 1294 816 1340; baseline 0.009 -12"><span class='ocrx_word' id='word_1_344' title='bbox 63 1294 102 1328; x_wconf 75' lang='lat' dir='ltr'><strong>aee</strong></span> <span class='ocrx_word' id='word_1_345' title='bbox 115 1302 195 1330; x_wconf 87' lang='lat' dir='ltr'><strong>livoris</strong></span> <span class='ocrx_word' id='word_1_346' title='bbox 211 1304 310 1331; x_wconf 88' lang='lat' dir='ltr'><strong>malum</strong></span> <span class='ocrx_word' id='word_1_347' title='bbox 329 1304 397 1332; x_wconf 84' lang='lat' dir='ltr'><strong>intra</strong></span> <span class='ocrx_word' id='word_1_348' title='bbox 414 1310 505 1339; x_wconf 84' lang='lat' dir='ltr'><strong>pectus</strong></span> <span class='ocrx_word' id='word_1_349' title='bbox 522 1306 662 1340; x_wconf 84' lang='lat' dir='ltr'><strong>admittas.</strong></span> <span class='ocrx_word' id='word_1_350' title='bbox 675 1313 704 1336; x_wconf 88' lang='grc' dir='ltr'><strong>ιιι</strong></span> <span class='ocrx_word' id='word_1_351' title='bbox 713 1294 816 1336; x_wconf 68' lang='lat' dir='ltr'><strong>crimen</strong></span> 
     </span>
    </p>
   </div>
   <div class='ocr_carea' id='block_1_40' title="bbox 61 1341 817 1387">
    <p class='ocr_par' dir='ltr' id='par_1_40' title="bbox 61 1341 817 1387">
     <span class='ocr_line' id='line_1_40' title="bbox 61 1341 817 1387; baseline 0.011 -14"><span class='ocrx_word' id='word_1_352' title='bbox 61 1341 159 1374; x_wconf 68' lang='lat' dir='ltr'><strong>avaritia</strong></span> <span class='ocrx_word' id='word_1_353' title='bbox 169 1348 266 1383; x_wconf 80' lang='lat' dir='ltr'><strong>fugias,</strong></span> <span class='ocrx_word' id='word_1_354' title='bbox 281 1354 310 1375; x_wconf 92' lang='lat' dir='ltr'><strong>ut</strong></span> <span class='ocrx_word' id='word_1_355' title='bbox 324 1350 411 1377; x_wconf 84' lang='lat' dir='ltr'><strong>ornnis</strong></span> <span class='ocrx_word' id='word_1_356' title='bbox 426 1351 557 1385; x_wconf 76' lang='lat' dir='ltr'><strong>supeer</strong></span> <span class='ocrx_word' id='word_1_357' title='bbox 571 1359 603 1380; x_wconf 91' lang='lat' dir='ltr'><strong>ac</strong></span> <span class='ocrx_word' id='word_1_358' title='bbox 613 1352 747 1387; x_wconf 72' lang='lat' dir='ltr'><strong>iactantia</strong></span> <span class='ocrx_word' id='word_1_359' title='bbox 761 1362 817 1381; x_wconf 82' lang='lat' dir='ltr'><strong>ma-</strong></span> 
     </span>
    </p>
   </div>
   <div class='ocr_carea' id='block_1_41' title="bbox 62 1391 815 1427">
    <p class='ocr_par' dir='ltr' id='par_1_41' title="bbox 62 1391 815 1427">
     <span class='ocr_line' id='line_1_41' title="bbox 62 1391 815 1427; baseline 0.012 -9"><span class='ocrx_word' id='word_1_360' title='bbox 62 1391 105 1418; x_wconf 80' lang='grc' dir='ltr'>Ιιι</span> <span class='ocrx_word' id='word_1_361' title='bbox 115 1398 214 1426; x_wconf 74' lang='lat' dir='ltr'><strong>areas.</strong></span> <span class='ocrx_word' id='word_1_362' title='bbox 225 1398 253 1421; x_wconf 91' lang='lat' dir='ltr'><strong>et</strong></span> <span class='ocrx_word' id='word_1_363' title='bbox 267 1393 375 1421; x_wconf 77' lang='lat' dir='ltr'><strong>humilis</strong></span> <span class='ocrx_word' id='word_1_364' title='bbox 392 1402 424 1422; x_wconf 93' lang='lat' dir='ltr'><strong>ac</strong></span> <span class='ocrx_word' id='word_1_365' title='bbox 437 1395 509 1423; x_wconf 89' lang='lat' dir='ltr'><strong>mitis</strong></span> <span class='ocrx_word' id='word_1_366' title='bbox 523 1396 621 1425; x_wconf 77' lang='lat' dir='ltr'><strong>Christi</strong></span> <span class='ocrx_word' id='word_1_367' title='bbox 638 1397 710 1426; x_wconf 85' lang='lat' dir='ltr'><strong>vivas</strong></span> <span class='ocrx_word' id='word_1_368' title='bbox 723 1401 815 1427; x_wconf 70' lang='lat' dir='ltr'><strong>etern-</strong></span> 
     </span>
    </p>
   </div>
   <div class='ocr_carea' id='block_1_42' title="bbox 61 1436 815 1476">
    <p class='ocr_par' dir='ltr' id='par_1_42' title="bbox 61 1436 815 1476">
     <span class='ocr_line' id='line_1_42' title="bbox 61 1436 815 1476; baseline 0.008 -10"><span class='ocrx_word' id='word_1_369' title='bbox 61 1436 116 1469; x_wconf 74' lang='lat' dir='ltr'><strong>nlo:</strong></span> <span class='ocrx_word' id='word_1_370' title='bbox 130 1438 253 1466; x_wconf 79' lang='lat' dir='ltr'><strong>malorum</strong></span> <span class='ocrx_word' id='word_1_371' title='bbox 270 1440 407 1466; x_wconf 82' lang='lat' dir='ltr'><strong>consortia</strong></span> <span class='ocrx_word' id='word_1_372' title='bbox 422 1440 450 1468; x_wconf 92' lang='lat' dir='ltr'><strong>in</strong></span> <span class='ocrx_word' id='word_1_373' title='bbox 469 1445 569 1468; x_wconf 83' lang='lat' dir='ltr'><strong>tantum</strong></span> <span class='ocrx_word' id='word_1_374' title='bbox 590 1442 691 1476; x_wconf 84' lang='lat' dir='ltr'><strong>vitans,</strong></span> <span class='ocrx_word' id='word_1_375' title='bbox 710 1443 740 1470; x_wconf 87' lang='grc' dir='ltr'><strong>ιιι</strong></span> <span class='ocrx_word' id='word_1_376' title='bbox 755 1450 815 1472; x_wconf 83' lang='lat' dir='ltr'><strong>eum</strong></span> 
     </span>
    </p>
   </div>
   <div class='ocr_carea' id='block_1_43' title="bbox 60 1481 817 1530">
    <p class='ocr_par' dir='ltr' id='par_1_43' title="bbox 60 1481 817 1530">
     <span class='ocr_line' id='line_1_43' title="bbox 60 1481 817 1530; baseline 0.009 -22"><span class='ocrx_word' id='word_1_377' title='bbox 60 1481 253 1530; x_wconf 64' lang='lat' dir='ltr'><strong>forsitatoribus,</strong></span> <span class='ocrx_word' id='word_1_378' title='bbox 271 1488 317 1511; x_wconf 88' lang='lat' dir='ltr'><strong>aut</strong></span> <span class='ocrx_word' id='word_1_379' title='bbox 331 1484 437 1517; x_wconf 81' lang='lat' dir='ltr'><strong>avaris,</strong></span> <span class='ocrx_word' id='word_1_380' title='bbox 453 1490 501 1513; x_wconf 89' lang='lat' dir='ltr'><strong>aut</strong></span> <span class='ocrx_word' id='word_1_381' title='bbox 521 1482 752 1522; x_wconf 77' lang='lat' dir='ltr'><strong>malediceniiblts,</strong></span> <span class='ocrx_word' id='word_1_382' title='bbox 771 1493 817 1530; x_wconf 77' lang='lat' dir='ltr'><strong>apt</strong></span> 
     </span>
    </p>
   </div>
   <div class='ocr_carea' id='block_1_44' title="bbox 59 1525 816 1566">
    <p class='ocr_par' dir='ltr' id='par_1_44' title="bbox 59 1525 816 1566">
     <span class='ocr_line' id='line_1_44' title="bbox 59 1525 816 1566; baseline 0.013 -15"><span class='ocrx_word' id='word_1_383' title='bbox 59 1525 146 1557; x_wconf 76' lang='lat' dir='ltr'><strong>invidis,</strong></span> <span class='ocrx_word' id='word_1_384' title='bbox 157 1531 201 1553; x_wconf 89' lang='lat' dir='ltr'><strong>aut</strong></span> <span class='ocrx_word' id='word_1_385' title='bbox 211 1526 415 1561; x_wconf 80' lang='lat' dir='ltr'><strong>detractoribus,</strong></span> <span class='ocrx_word' id='word_1_386' title='bbox 427 1533 473 1556; x_wconf 88' lang='lat' dir='ltr'><strong>ant</strong></span> <span class='ocrx_word' id='word_1_387' title='bbox 481 1530 611 1564; x_wconf 84' lang='lat' dir='ltr'><strong>ebriusis,</strong></span> <span class='ocrx_word' id='word_1_388' title='bbox 622 1536 667 1558; x_wconf 92' lang='lat' dir='ltr'><strong>aut</strong></span> <span class='ocrx_word' id='word_1_389' title='bbox 678 1525 816 1566; x_wconf 74' lang='lat' dir='ltr'><strong>rapacibus</strong></span> 
     </span>
    </p>
   </div>
   <div class='ocr_carea' id='block_1_45' title="bbox 58 1571 816 1617">
    <p class='ocr_par' dir='ltr' id='par_1_45' title="bbox 58 1571 816 1617">
     <span class='ocr_line' id='line_1_45' title="bbox 58 1571 816 1617; baseline 0.008 -18"><span class='ocrx_word' id='word_1_390' title='bbox 58 1571 184 1600; x_wconf 77' lang='lat' dir='ltr'><strong>nescibam</strong></span> <span class='ocrx_word' id='word_1_391' title='bbox 197 1574 295 1608; x_wconf 80' lang='lat' dir='ltr'><strong>capias.</strong></span> <span class='ocrx_word' id='word_1_392' title='bbox 308 1575 394 1607; x_wconf 82' lang='lat' dir='ltr'><strong>Quem</strong></span> <span class='ocrx_word' id='word_1_393' title='bbox 410 1575 432 1602; x_wconf 90' lang='lat' dir='ltr'><strong>si</strong></span> <span class='ocrx_word' id='word_1_394' title='bbox 444 1575 469 1602; x_wconf 95' lang='lat' dir='ltr'><strong>in</strong></span> <span class='ocrx_word' id='word_1_395' title='bbox 481 1576 569 1617; x_wconf 82' lang='lat' dir='ltr'><strong>aliquo</strong></span> <span class='ocrx_word' id='word_1_396' title='bbox 578 1577 781 1612; x_wconf 75' lang='lat' dir='ltr'><strong>contempseris,</strong></span> <span class='ocrx_word' id='word_1_397' title='bbox 792 1578 816 1606; x_wconf 81' lang='lat' dir='ltr'><strong>si</strong></span> 
     </span>
    </p>
   </div>
   <div class='ocr_carea' id='block_1_46' title="bbox 866 996 1654 1036">
    <p class='ocr_par' dir='ltr' id='par_1_46' title="bbox 866 996 1654 1036">
     <span class='ocr_line' id='line_1_46' title="bbox 866 996 1654 1036; baseline 0.005 -13"><span class='ocrx_word' id='word_1_398' title='bbox 866 996 958 1024; x_wconf 85' lang='lat' dir='ltr'><strong>Nonne</strong></span> <span class='ocrx_word' id='word_1_399' title='bbox 976 997 1083 1032; x_wconf 87' lang='lat' dir='ltr'><strong>incipiet</strong></span> <span class='ocrx_word' id='word_1_400' title='bbox 1102 998 1140 1026; x_wconf 90' lang='lat' dir='ltr'><strong>illi</strong></span> <span class='ocrx_word' id='word_1_401' title='bbox 1159 1005 1239 1033; x_wconf 87' lang='lat' dir='ltr'><strong>nupta</strong></span> <span class='ocrx_word' id='word_1_402' title='bbox 1259 1001 1397 1035; x_wconf 64' lang='lat' dir='ltr'><strong>praeponi?</strong></span> <span class='ocrx_word' id='word_1_403' title='bbox 1423 1001 1485 1035; x_wconf 86' lang='lat' dir='ltr'><strong>quia</strong></span> <span class='ocrx_word' id='word_1_404' title='bbox 1504 1001 1551 1029; x_wconf 91' lang='lat' dir='ltr'><strong>illa</strong></span> <span class='ocrx_word' id='word_1_405' title='bbox 1569 1003 1654 1036; x_wconf 48' lang='grc' dir='ltr'><strong>θυεμ</strong></span> 
     </span>
    </p>
   </div>
   <div class='ocr_carea' id='block_1_47' title="bbox 867 1042 1638 1080">
    <p class='ocr_par' dir='ltr' id='par_1_47' title="bbox 867 1042 1638 1080">
     <span class='ocr_line' id='line_1_47' title="bbox 867 1042 1638 1080; baseline 0.008 -12"><span class='ocrx_word' id='word_1_406' title='bbox 867 1042 946 1069; x_wconf 86' lang='lat' dir='ltr'><strong>tando</strong></span> <span class='ocrx_word' id='word_1_407' title='bbox 964 1050 1022 1077; x_wconf 72' lang='lat' dir='ltr'><strong>qua:</strong></span> <span class='ocrx_word' id='word_1_408' title='bbox 1041 1044 1130 1071; x_wconf 89' lang='lat' dir='ltr'><strong>mundi</strong></span> <span class='ocrx_word' id='word_1_409' title='bbox 1149 1049 1221 1077; x_wconf 85' lang='lat' dir='ltr'><strong>sunt,</strong></span> <span class='ocrx_word' id='word_1_410' title='bbox 1237 1046 1383 1080; x_wconf 77' lang='lat' dir='ltr'><strong>cumplacet</strong></span> <span class='ocrx_word' id='word_1_411' title='bbox 1403 1045 1445 1073; x_wconf 90' lang='lat' dir='ltr'><strong>vel</strong></span> <span class='ocrx_word' id='word_1_412' title='bbox 1465 1046 1578 1074; x_wconf 86' lang='lat' dir='ltr'><strong>marito:</strong></span> <span class='ocrx_word' id='word_1_413' title='bbox 1592 1052 1638 1074; x_wconf 64' lang='lat' dir='ltr'><strong>mia</strong></span> 
     </span>
    </p>
   </div>
   <div class='ocr_carea' id='block_1_48' title="bbox 866 1089 1636 1126">
    <p class='ocr_par' dir='ltr' id='par_1_48' title="bbox 866 1089 1636 1126">
     <span class='ocr_line' id='line_1_48' title="bbox 866 1089 1636 1126; baseline 0.008 -13"><span class='ocrx_word' id='word_1_414' title='bbox 866 1094 929 1114; x_wconf 87' lang='lat' dir='ltr'><strong>vero</strong></span> <span class='ocrx_word' id='word_1_415' title='bbox 948 1096 998 1115; x_wconf 84' lang='lat' dir='ltr'><strong>non</strong></span> <span class='ocrx_word' id='word_1_416' title='bbox 1018 1089 1121 1122; x_wconf 87' lang='lat' dir='ltr'><strong>marito,</strong></span> <span class='ocrx_word' id='word_1_417' title='bbox 1143 1097 1220 1125; x_wconf 82' lang='lat' dir='ltr'><strong>quem</strong></span> <span class='ocrx_word' id='word_1_418' title='bbox 1239 1098 1291 1118; x_wconf 89' lang='lat' dir='ltr'><strong>non</strong></span> <span class='ocrx_word' id='word_1_419' title='bbox 1312 1090 1399 1124; x_wconf 80' lang='lat' dir='ltr'><strong>habet,</strong></span> <span class='ocrx_word' id='word_1_420' title='bbox 1419 1096 1505 1126; x_wconf 85' lang='lat' dir='ltr'><strong>potest</strong></span> <span class='ocrx_word' id='word_1_421' title='bbox 1524 1091 1636 1126; x_wconf 84' lang='lat' dir='ltr'><strong>placere.</strong></span> 
     </span>
    </p>
   </div>
   <div class='ocr_carea' id='block_1_49' title="bbox 867 1133 1440 1165">
    <p class='ocr_par' dir='ltr' id='par_1_49' title="bbox 867 1133 1440 1165">
     <span class='ocr_line' id='line_1_49' title="bbox 867 1133 1440 1165; baseline 0.01 -6"><span class='ocrx_word' id='word_1_422' title='bbox 867 1140 915 1160; x_wconf 87' lang='lat' dir='ltr'><strong>uec</strong></span> <span class='ocrx_word' id='word_1_423' title='bbox 927 1133 990 1160; x_wconf 88' lang='lat' dir='ltr'><strong>Deo.</strong></span> <span class='ocrx_word' id='word_1_424' title='bbox 1436 1162 1440 1165; x_wconf 87' lang='lat'><strong><em>.</em></strong></span> 
     </span>
    </p>
   </div>
   <div class='ocr_carea' id='block_1_50' title="bbox 900 1178 1637 1216">
    <p class='ocr_par' dir='ltr' id='par_1_50' title="bbox 900 1178 1637 1216">
     <span class='ocr_line' id='line_1_50' title="bbox 900 1178 1637 1216; baseline 0.003 -11"><span class='ocrx_word' id='word_1_425' title='bbox 900 1178 925 1205; x_wconf 82' lang='grc'>8.</span> <span class='ocrx_word' id='word_1_426' title='bbox 945 1178 996 1206; x_wconf 89' lang='lat' dir='ltr'><strong>Sed</strong></span> <span class='ocrx_word' id='word_1_427' title='bbox 1016 1186 1065 1206; x_wconf 90' lang='lat' dir='ltr'><strong>nec</strong></span> <span class='ocrx_word' id='word_1_428' title='bbox 1084 1179 1148 1206; x_wconf 90' lang='lat' dir='ltr'><strong>illud</strong></span> <span class='ocrx_word' id='word_1_429' title='bbox 1165 1180 1272 1208; x_wconf 86' lang='lat' dir='ltr'><strong>silentio</strong></span> <span class='ocrx_word' id='word_1_430' title='bbox 1286 1181 1423 1216; x_wconf 74' lang='lat' dir='ltr'><strong>praterire</strong></span> <span class='ocrx_word' id='word_1_431' title='bbox 1437 1188 1486 1209; x_wconf 90' lang='lat' dir='ltr'><strong>nos</strong></span> <span class='ocrx_word' id='word_1_432' title='bbox 1499 1181 1637 1211; x_wconf 83' lang='lat' dir='ltr'><strong>convenit.</strong></span> 
     </span>
    </p>
   </div>
   <div class='ocr_carea' id='block_1_51' title="bbox 865 1222 1636 1260">
    <p class='ocr_par' dir='ltr' id='par_1_51' title="bbox 865 1222 1636 1260">
     <span class='ocr_line' id='line_1_51' title="bbox 865 1222 1636 1260; baseline 0.003 -12"><span class='ocrx_word' id='word_1_433' title='bbox 865 1223 933 1256; x_wconf 78' lang='lat' dir='ltr'><strong>quod</strong></span> <span class='ocrx_word' id='word_1_434' title='bbox 947 1222 1031 1249; x_wconf 82' lang='lat' dir='ltr'><strong>dixit:</strong></span> <span class='ocrx_word' id='word_1_435' title='bbox 1052 1222 1167 1258; x_wconf 80' lang='lat' dir='ltr'><strong>lnnupta</strong></span> <span class='ocrx_word' id='word_1_436' title='bbox 1182 1224 1277 1260; x_wconf 80' lang='lat' dir='ltr'><strong>cogitat</strong></span> <span class='ocrx_word' id='word_1_437' title='bbox 1290 1233 1346 1260; x_wconf 72' lang='lat' dir='ltr'><strong>quis</strong></span> <span class='ocrx_word' id='word_1_438' title='bbox 1358 1225 1462 1252; x_wconf 77' lang='lat' dir='ltr'><strong>Domini</strong></span> <span class='ocrx_word' id='word_1_439' title='bbox 1479 1229 1553 1258; x_wconf 81' lang='lat' dir='ltr'><strong>sunt,</strong></span> <span class='ocrx_word' id='word_1_440' title='bbox 1573 1233 1636 1259; x_wconf 81' lang='lat' dir='ltr'><strong>quo-</strong></span> 
     </span>
    </p>
   </div>
   <div class='ocr_carea' id='block_1_52' title="bbox 866 1267 1637 1305">
    <p class='ocr_par' dir='ltr' id='par_1_52' title="bbox 866 1267 1637 1305">
     <span class='ocr_line' id='line_1_52' title="bbox 866 1267 1637 1305; baseline 0.006 -13"><span class='ocrx_word' id='word_1_441' title='bbox 866 1267 940 1293; x_wconf 77' lang='lat' dir='ltr'><strong>modo</strong></span> <span class='ocrx_word' id='word_1_442' title='bbox 959 1267 1056 1301; x_wconf 75' lang='lat' dir='ltr'><strong>placeat</strong></span> <span class='ocrx_word' id='word_1_443' title='bbox 1075 1268 1152 1301; x_wconf 51' lang='lat' dir='ltr'><strong>Deo,</strong></span> <span class='ocrx_word' id='word_1_444' title='bbox 1168 1272 1196 1295; x_wconf 82' lang='grc' dir='ltr'><strong>ιιι</strong></span> <span class='ocrx_word' id='word_1_445' title='bbox 1214 1269 1248 1296; x_wconf 76' lang='lat' dir='ltr'><strong>sit</strong></span> <span class='ocrx_word' id='word_1_446' title='bbox 1266 1274 1354 1296; x_wconf 79' lang='lat' dir='ltr'><strong>sancta</strong></span> <span class='ocrx_word' id='word_1_447' title='bbox 1376 1278 1480 1305; x_wconf 78' lang='lat' dir='ltr'><strong>corpore</strong></span> <span class='ocrx_word' id='word_1_448' title='bbox 1502 1275 1525 1297; x_wconf 83' lang='lat' dir='ltr'><strong>et</strong></span> <span class='ocrx_word' id='word_1_449' title='bbox 1548 1271 1637 1305; x_wconf 80' lang='lat' dir='ltr'><strong>spiritu</strong></span> 
     </span>
    </p>
   </div>
   <div class='ocr_carea' id='block_1_53' title="bbox 868 1310 1636 1348">
    <p class='ocr_par' dir='ltr' id='par_1_53' title="bbox 868 1310 1636 1348">
     <span class='ocr_line' id='line_1_53' title="bbox 868 1310 1636 1348; baseline 0.005 -11"><span class='ocrx_word' id='word_1_450' title='bbox 868 1311 889 1344; x_wconf 96' lang='lat' dir='ltr'><strong>(I</strong></span> <span class='ocrx_word' id='word_1_451' title='bbox 903 1310 960 1338; x_wconf 55' lang='lat' dir='ltr'><strong>Cir.</strong></span> <span class='ocrx_word' id='word_1_452' title='bbox 975 1319 1020 1344; x_wconf 89' lang='lat' dir='ltr'><strong>vu,</strong></span> <span class='ocrx_word' id='word_1_453' title='bbox 1034 1312 1090 1347; x_wconf 63' lang='lat' dir='ltr'><strong>3t).</strong></span> <span class='ocrx_word' id='word_1_454' title='bbox 1114 1312 1180 1346; x_wconf 71' lang='lat' dir='ltr'><strong>Quae</strong></span> <span class='ocrx_word' id='word_1_455' title='bbox 1192 1314 1254 1340; x_wconf 83' lang='lat' dir='ltr'><strong>sunt</strong></span> <span class='ocrx_word' id='word_1_456' title='bbox 1272 1318 1336 1348; x_wconf 91' lang='lat' dir='ltr'><strong>ergo</strong></span> <span class='ocrx_word' id='word_1_457' title='bbox 1350 1314 1465 1347; x_wconf 84' lang='lat' dir='ltr'><strong>Domini,</strong></span> <span class='ocrx_word' id='word_1_458' title='bbox 1480 1314 1550 1342; x_wconf 86' lang='lat' dir='ltr'><strong>dicat</strong></span> <span class='ocrx_word' id='word_1_459' title='bbox 1568 1315 1636 1348; x_wconf 76' lang='lat' dir='ltr'><strong>Apo-</strong></span> 
     </span>
    </p>
   </div>
   <div class='ocr_carea' id='block_1_54' title="bbox 865 1355 1635 1393">
    <p class='ocr_par' dir='ltr' id='par_1_54' title="bbox 865 1355 1635 1393">
     <span class='ocr_line' id='line_1_54' title="bbox 865 1355 1635 1393; baseline 0.005 -12"><span class='ocrx_word' id='word_1_460' title='bbox 865 1355 967 1382; x_wconf 86' lang='lat' dir='ltr'><strong>stolus:</strong></span> <span class='ocrx_word' id='word_1_461' title='bbox 992 1355 1153 1390; x_wconf 76' lang='lat' dir='ltr'><strong>Qmunque</strong></span> <span class='ocrx_word' id='word_1_462' title='bbox 1172 1361 1232 1384; x_wconf 80' lang='lat' dir='ltr'><strong>sunt</strong></span> <span class='ocrx_word' id='word_1_463' title='bbox 1251 1362 1354 1388; x_wconf 80' lang='lat' dir='ltr'><strong>sancta,</strong></span> <span class='ocrx_word' id='word_1_464' title='bbox 1380 1365 1532 1392; x_wconf 68' lang='lat' dir='ltr'><strong>quiscunque</strong></span> <span class='ocrx_word' id='word_1_465' title='bbox 1548 1360 1635 1393; x_wconf 86' lang='lat' dir='ltr'><strong>justo,</strong></span> 
     </span>
    </p>
   </div>
   <div class='ocr_carea' id='block_1_55' title="bbox 865 1400 1636 1437">
    <p class='ocr_par' dir='ltr' id='par_1_55' title="bbox 865 1400 1636 1437">
     <span class='ocr_line' id='line_1_55' title="bbox 865 1400 1636 1437; baseline 0.004 -12"><span class='ocrx_word' id='word_1_466' title='bbox 865 1406 1017 1434; x_wconf 74' lang='lat' dir='ltr'><strong>quiscunque</strong></span> <span class='ocrx_word' id='word_1_467' title='bbox 1036 1400 1166 1433; x_wconf 76' lang='lat' dir='ltr'><strong>amabilia,</strong></span> <span class='ocrx_word' id='word_1_468' title='bbox 1188 1408 1342 1437; x_wconf 70' lang='lat' dir='ltr'><strong>quiscunque</strong></span> <span class='ocrx_word' id='word_1_469' title='bbox 1355 1402 1425 1429; x_wconf 70' lang='lat' dir='ltr'><strong>bona</strong></span> <span class='ocrx_word' id='word_1_470' title='bbox 1438 1402 1521 1437; x_wconf 67' lang='lat' dir='ltr'><strong>fante.</strong></span> <span class='ocrx_word' id='word_1_471' title='bbox 1544 1402 1575 1430; x_wconf 88' lang='lat' dir='ltr'><strong>Si</strong></span> <span class='ocrx_word' id='word_1_472' title='bbox 1587 1410 1636 1436; x_wconf 77' lang='lat' dir='ltr'><strong>qua</strong></span> 
     </span>
    </p>
   </div>
   <div class='ocr_carea' id='block_1_56' title="bbox 865 1443 1637 1482">
    <p class='ocr_par' dir='ltr' id='par_1_56' title="bbox 865 1443 1637 1482">
     <span class='ocr_line' id='line_1_56' title="bbox 865 1443 1637 1482; baseline 0.004 -12"><span class='ocrx_word' id='word_1_473' title='bbox 865 1443 953 1476; x_wconf 77' lang='lat' dir='ltr'><strong>sit-tus,</strong></span> <span class='ocrx_word' id='word_1_474' title='bbox 966 1445 989 1471; x_wconf 83' lang='lat' dir='ltr'><strong>si</strong></span> <span class='ocrx_word' id='word_1_475' title='bbox 1007 1453 1056 1479; x_wconf 80' lang='lat' dir='ltr'><strong>qua</strong></span> <span class='ocrx_word' id='word_1_476' title='bbox 1075 1445 1131 1472; x_wconf 80' lang='lat' dir='ltr'><strong>laus</strong></span> <span class='ocrx_word' id='word_1_477' title='bbox 1143 1445 1284 1480; x_wconf 68' lang='lat' dir='ltr'><strong>disciplina</strong></span> <span class='ocrx_word' id='word_1_478' title='bbox 1294 1446 1380 1482; x_wconf 77' lang='lat' dir='ltr'><strong>(Ptol.</strong></span> <span class='ocrx_word' id='word_1_479' title='bbox 1391 1454 1426 1480; x_wconf 84' lang='lat' dir='ltr'><strong>tv,</strong></span> <span class='ocrx_word' id='word_1_480' title='bbox 1441 1447 1480 1482; x_wconf 85' lang='lat'><strong>8).</strong></span> <span class='ocrx_word' id='word_1_481' title='bbox 1506 1446 1556 1473; x_wconf 87' lang='lat' dir='ltr'><strong>Ista</strong></span> <span class='ocrx_word' id='word_1_482' title='bbox 1576 1453 1637 1473; x_wconf 89' lang='lat' dir='ltr'><strong>sunt</strong></span> 
     </span>
    </p>
   </div>
   <div class='ocr_carea' id='block_1_57' title="bbox 867 1487 1636 1525">
    <p class='ocr_par' dir='ltr' id='par_1_57' title="bbox 867 1487 1636 1525">
     <span class='ocr_line' id='line_1_57' title="bbox 867 1487 1636 1525; baseline 0.004 -11"><span class='ocrx_word' id='word_1_483' title='bbox 867 1487 980 1521; x_wconf 84' lang='lat' dir='ltr'><strong>Domini,</strong></span> <span class='ocrx_word' id='word_1_484' title='bbox 993 1496 1053 1523; x_wconf 68' lang='lat' dir='ltr'><strong>quae</strong></span> <span class='ocrx_word' id='word_1_485' title='bbox 1065 1494 1163 1517; x_wconf 65' lang='lat' dir='ltr'><strong>sanctas</strong></span> <span class='ocrx_word' id='word_1_486' title='bbox 1176 1494 1204 1517; x_wconf 88' lang='lat' dir='ltr'><strong>et</strong></span> <span class='ocrx_word' id='word_1_487' title='bbox 1217 1498 1299 1524; x_wconf 62' lang='lat' dir='ltr'><strong>verat,</strong></span> <span class='ocrx_word' id='word_1_488' title='bbox 1322 1495 1350 1519; x_wconf 86' lang='lat' dir='ltr'><strong>et</strong></span> <span class='ocrx_word' id='word_1_489' title='bbox 1362 1491 1511 1525; x_wconf 67' lang='lat' dir='ltr'><strong>apostolica:</strong></span> <span class='ocrx_word' id='word_1_490' title='bbox 1524 1490 1636 1525; x_wconf 80' lang='lat' dir='ltr'><strong>virgines</strong></span> 
     </span>
    </p>
   </div>
   <div class='ocr_carea' id='block_1_58' title="bbox 865 1531 1637 1571">
    <p class='ocr_par' dir='ltr' id='par_1_58' title="bbox 865 1531 1637 1571">
     <span class='ocr_line' id='line_1_58' title="bbox 865 1531 1637 1571; baseline 0.004 -11"><span class='ocrx_word' id='word_1_491' title='bbox 865 1533 909 1561; x_wconf 88' lang='lat' dir='ltr'><strong>die</strong></span> <span class='ocrx_word' id='word_1_492' title='bbox 919 1538 1050 1568; x_wconf 82' lang='lat' dir='ltr'><strong>noctuque</strong></span> <span class='ocrx_word' id='word_1_493' title='bbox 1060 1535 1118 1563; x_wconf 83' lang='lat' dir='ltr'><strong>sine</strong></span> <span class='ocrx_word' id='word_1_494' title='bbox 1127 1531 1182 1562; x_wconf 88' lang='lat' dir='ltr'><strong>ullo</strong></span> <span class='ocrx_word' id='word_1_495' title='bbox 1194 1536 1319 1571; x_wconf 80' lang='lat' dir='ltr'><strong>temporis</strong></span> <span class='ocrx_word' id='word_1_496' title='bbox 1328 1537 1468 1564; x_wconf 85' lang='lat' dir='ltr'><strong>Intervallo</strong></span> <span class='ocrx_word' id='word_1_497' title='bbox 1479 1537 1637 1564; x_wconf 76' lang='lat' dir='ltr'><strong>meditantur</strong></span> 
     </span>
    </p>
   </div>
   <div class='ocr_carea' id='block_1_59' title="bbox 866 1578 1635 1616">
    <p class='ocr_par' dir='ltr' id='par_1_59' title="bbox 866 1578 1635 1616">
     <span class='ocr_line' id='line_1_59' title="bbox 866 1578 1635 1616; baseline 0.005 -12"><span class='ocrx_word' id='word_1_498' title='bbox 866 1581 893 1604; x_wconf 87' lang='lat' dir='ltr'><strong>ct</strong></span> <span class='ocrx_word' id='word_1_499' title='bbox 905 1578 1030 1613; x_wconf 82' lang='lat' dir='ltr'><strong>cogitant.</strong></span> <span class='ocrx_word' id='word_1_500' title='bbox 1053 1578 1156 1607; x_wconf 83' lang='lat' dir='ltr'><strong>Domini</strong></span> <span class='ocrx_word' id='word_1_501' title='bbox 1175 1585 1216 1608; x_wconf 87' lang='lat' dir='ltr'><strong>est</strong></span> <span class='ocrx_word' id='word_1_502' title='bbox 1235 1588 1344 1616; x_wconf 85' lang='lat' dir='ltr'><strong>regnum</strong></span> <span class='ocrx_word' id='word_1_503' title='bbox 1363 1582 1509 1613; x_wconf 64' lang='lat' dir='ltr'><strong>oculorum;</strong></span> <span class='ocrx_word' id='word_1_504' title='bbox 1534 1581 1635 1608; x_wconf 84' lang='lat' dir='ltr'><strong>Domini</strong></span> 
     </span>
    </p>
   </div>
   <div class='ocr_carea' id='block_1_60' title="bbox 58 1612 1634 1658">
    <p class='ocr_par' dir='ltr' id='par_1_60' title="bbox 58 1612 1634 1658">
     <span class='ocr_line' id='line_1_60' title="bbox 58 1612 1634 1658; baseline 0.006 -14"><span class='ocrx_word' id='word_1_505' title='bbox 58 1617 236 1650; x_wconf 62' lang='lat' dir='ltr'><strong>munda,</strong></span> <span class='ocrx_word' id='word_1_506' title='bbox 248 1623 340 1653; x_wconf 75' lang='lat' dir='ltr'><strong>parcet</strong></span> <span class='ocrx_word' id='word_1_507' title='bbox 350 1623 378 1646; x_wconf 87' lang='lat' dir='ltr'><strong>et</strong></span> <span class='ocrx_word' id='word_1_508' title='bbox 387 1619 444 1648; x_wconf 86' lang='lat' dir='ltr'><strong>tibi.</strong></span> <span class='ocrx_word' id='word_1_509' title='bbox 455 1621 510 1648; x_wconf 89' lang='lat' dir='ltr'><strong>lmo</strong></span> <span class='ocrx_word' id='word_1_510' title='bbox 520 1613 557 1648; x_wconf 84' lang='lat' dir='ltr'><strong>illi</strong></span> <span class='ocrx_word' id='word_1_511' title='bbox 566 1622 649 1657; x_wconf 86' lang='lat' dir='ltr'><strong>magis</strong></span> <span class='ocrx_word' id='word_1_512' title='bbox 655 1623 814 1657; x_wconf 82' lang='lat' dir='ltr'><strong>parcendum</strong></span> <span class='ocrx_word' id='word_1_513' title='bbox 827 1612 851 1644; x_wconf 68' lang='grc' dir='ltr'><strong>(ἶ</strong></span> <span class='ocrx_word' id='word_1_514' title='bbox 866 1627 908 1651; x_wconf 84' lang='lat' dir='ltr'><strong>est</strong></span> <span class='ocrx_word' id='word_1_515' title='bbox 928 1612 1086 1652; x_wconf 76' lang='lat' dir='ltr'><strong>resurrectio</strong></span> <span class='ocrx_word' id='word_1_516' title='bbox 1100 1612 1284 1658; x_wconf 45' lang='lat' dir='ltr'><strong>mortuornm&#39;;</strong></span> <span class='ocrx_word' id='word_1_517' title='bbox 1307 1626 1411 1654; x_wconf 88' lang='lat' dir='ltr'><strong>Domini</strong></span> <span class='ocrx_word' id='word_1_518' title='bbox 1434 1612 1615 1653; x_wconf 80' lang='lat' dir='ltr'><strong>immortalitas</strong></span> <span class='ocrx_word' id='word_1_519' title='bbox 1627 1633 1634 1658; x_wconf 86' lang='lat'><strong>:</strong></span> 
     </span>
    </p>
   </div>
   <div class='ocr_carea' id='block_1_61' title="bbox 57 1660 827 1699">
    <p class='ocr_par' dir='ltr' id='par_1_61' title="bbox 57 1660 827 1699">
     <span class='ocr_line' id='line_1_61' title="bbox 57 1660 827 1699; baseline 0.01 -12"><span class='ocrx_word' id='word_1_520' title='bbox 57 1660 145 1696; x_wconf 81' lang='lat' dir='ltr'><strong>fuerat,</strong></span> <span class='ocrx_word' id='word_1_521' title='bbox 157 1662 200 1696; x_wconf 85' lang='lat' dir='ltr'><strong>qui</strong></span> <span class='ocrx_word' id='word_1_522' title='bbox 216 1663 303 1691; x_wconf 81' lang='lat' dir='ltr'><strong>adhuc</strong></span> <span class='ocrx_word' id='word_1_523' title='bbox 321 1664 394 1692; x_wconf 84' lang='lat' dir='ltr'><strong>rudis</strong></span> <span class='ocrx_word' id='word_1_524' title='bbox 411 1668 440 1692; x_wconf 82' lang='lat' dir='ltr'><strong>et</strong></span> <span class='ocrx_word' id='word_1_525' title='bbox 456 1666 575 1694; x_wconf 87' lang='lat' dir='ltr'><strong>novellus</strong></span> <span class='ocrx_word' id='word_1_526' title='bbox 590 1671 660 1699; x_wconf 84' lang='lat' dir='ltr'><strong>erat.</strong></span> <span class='ocrx_word' id='word_1_527' title='bbox 676 1673 703 1694; x_wconf 85' lang='lat' dir='ltr'><strong>et</strong></span> <span class='ocrx_word' id='word_1_528' title='bbox 719 1668 827 1696; x_wconf 71' lang='lat' dir='ltr'><strong>milliur</strong></span> 
     </span>
    </p>
   </div>
   <div class='ocr_carea' id='block_1_62' title="bbox 56 1707 816 1743">
    <p class='ocr_par' dir='ltr' id='par_1_62' title="bbox 56 1707 816 1743">
     <span class='ocr_line' id='line_1_62' title="bbox 56 1707 816 1743; baseline 0.011 -11"><span class='ocrx_word' id='word_1_529' title='bbox 56 1707 241 1740; x_wconf 79' lang='lat' dir='ltr'><strong>Islspeoeastis</strong></span> <span class='ocrx_word' id='word_1_530' title='bbox 252 1713 280 1735; x_wconf 86' lang='lat' dir='ltr'><strong>et</strong></span> <span class='ocrx_word' id='word_1_531' title='bbox 299 1715 409 1742; x_wconf 74' lang='lat' dir='ltr'><strong>propior</strong></span> <span class='ocrx_word' id='word_1_532' title='bbox 427 1714 563 1743; x_wconf 79' lang='lat' dir='ltr'><strong>peccatum</strong></span> <span class='ocrx_word' id='word_1_533' title='bbox 581 1718 658 1738; x_wconf 89' lang='lat' dir='ltr'><strong>suum</strong></span> <span class='ocrx_word' id='word_1_534' title='bbox 678 1712 816 1741; x_wconf 88' lang='lat' dir='ltr'><strong>morientis</strong></span> 
     </span>
    </p>
   </div>
   <div class='ocr_carea' id='block_1_63' title="bbox 55 1750 815 1790">
    <p class='ocr_par' dir='ltr' id='par_1_63' title="bbox 55 1750 815 1790">
     <span class='ocr_line' id='line_1_63' title="bbox 55 1750 815 1790; baseline 0.011 -13"><span class='ocrx_word' id='word_1_535' title='bbox 55 1750 220 1779; x_wconf 73' lang='lat' dir='ltr'><strong>utralteltatnr</strong></span> <span class='ocrx_word' id='word_1_536' title='bbox 236 1753 360 1789; x_wconf 76' lang='lat' dir='ltr'><strong>exemplo</strong></span> <span class='ocrx_word' id='word_1_537' title='bbox 379 1752 392 1782; x_wconf 73' lang='grc' dir='ltr'><strong>ε’</strong></span> <span class='ocrx_word' id='word_1_538' title='bbox 410 1754 458 1782; x_wconf 79' lang='grc' dir='ltr'>ιιδί</span> <span class='ocrx_word' id='word_1_539' title='bbox 481 1762 545 1783; x_wconf 74' lang='lat' dir='ltr'><strong>vero</strong></span> <span class='ocrx_word' id='word_1_540' title='bbox 565 1760 624 1790; x_wconf 88' lang='lat' dir='ltr'><strong>post</strong></span> <span class='ocrx_word' id='word_1_541' title='bbox 640 1760 712 1784; x_wconf 83' lang='lat' dir='ltr'><strong>tanta</strong></span> <span class='ocrx_word' id='word_1_542' title='bbox 731 1757 815 1785; x_wconf 83' lang='lat' dir='ltr'><strong>docu-</strong></span> 
     </span>
    </p>
   </div>
   <div class='ocr_carea' id='block_1_64' title="bbox 55 1797 814 1836">
    <p class='ocr_par' dir='ltr' id='par_1_64' title="bbox 55 1797 814 1836">
     <span class='ocr_line' id='line_1_64' title="bbox 55 1797 814 1836; baseline 0.011 -14"><span class='ocrx_word' id='word_1_543' title='bbox 55 1801 142 1828; x_wconf 80' lang='lat' dir='ltr'><strong>Iesa,</strong></span> <span class='ocrx_word' id='word_1_544' title='bbox 157 1800 215 1830; x_wconf 78' lang='lat' dir='ltr'><strong>post</strong></span> <span class='ocrx_word' id='word_1_545' title='bbox 230 1797 327 1832; x_wconf 84' lang='lat' dir='ltr'><strong>legem,</strong></span> <span class='ocrx_word' id='word_1_546' title='bbox 342 1803 402 1832; x_wconf 84' lang='lat' dir='ltr'><strong>post</strong></span> <span class='ocrx_word' id='word_1_547' title='bbox 418 1798 578 1834; x_wconf 70' lang='lat' dir='ltr'><strong>Prophetas,</strong></span> <span class='ocrx_word' id='word_1_548' title='bbox 594 1806 653 1835; x_wconf 78' lang='lat' dir='ltr'><strong>post</strong></span> <span class='ocrx_word' id='word_1_549' title='bbox 663 1801 814 1836; x_wconf 82' lang='lat' dir='ltr'><strong>Evangelia.</strong></span> 
     </span>
    </p>
   </div>
   <div class='ocr_carea' id='block_1_65' title="bbox 54 1842 815 1882">
    <p class='ocr_par' dir='ltr' id='par_1_65' title="bbox 54 1842 815 1882">
     <span class='ocr_line' id='line_1_65' title="bbox 54 1842 815 1882; baseline 0.008 -13"><span class='ocrx_word' id='word_1_550' title='bbox 54 1842 249 1876; x_wconf 52' lang='lat' dir='ltr'><strong>&quot;Apostolus</strong></span> <span class='ocrx_word' id='word_1_551' title='bbox 263 1862 272 1875; x_wconf 82' lang='lat'><strong>,</strong></span> <span class='ocrx_word' id='word_1_552' title='bbox 291 1843 315 1870; x_wconf 87' lang='lat' dir='ltr'><strong>si</strong></span> <span class='ocrx_word' id='word_1_553' title='bbox 335 1843 491 1879; x_wconf 80' lang='lat' dir='ltr'><strong>delinquere</strong></span> <span class='ocrx_word' id='word_1_554' title='bbox 518 1843 635 1873; x_wconf 80' lang='lat' dir='ltr'><strong>volneris</strong></span> <span class='ocrx_word' id='word_1_555' title='bbox 654 1854 662 1873; x_wconf 84' lang='lat'><strong>:</strong></span> <span class='ocrx_word' id='word_1_556' title='bbox 683 1847 815 1882; x_wconf 85' lang='lat' dir='ltr'><strong>quomodo</strong></span> 
     </span>
    </p>
   </div>
   <div class='ocr_carea' id='block_1_66' title="bbox 54 1884 389 1923">
    <p class='ocr_par' dir='ltr' id='par_1_66' title="bbox 54 1884 389 1923">
     <span class='ocr_line' id='line_1_66' title="bbox 54 1884 389 1923; baseline 0.006 -9"><span class='ocrx_word' id='word_1_557' title='bbox 54 1884 173 1921; x_wconf 63' lang='grc' dir='ltr'><strong>Ηικεη</strong></span> <span class='ocrx_word' id='word_1_558' title='bbox 186 1887 271 1922; x_wconf 87' lang='lat' dir='ltr'><strong>possit</strong></span> <span class='ocrx_word' id='word_1_559' title='bbox 284 1888 389 1923; x_wconf 79' lang='lat' dir='ltr'><strong>ignoro.</strong></span> 
     </span>
    </p>
   </div>
   <div class='ocr_carea' id='block_1_67' title="bbox 81 1929 814 1970">
    <p class='ocr_par' dir='ltr' id='par_1_67' title="bbox 81 1929 814 1970">
     <span class='ocr_line' id='line_1_67' title="bbox 81 1929 814 1970; baseline 0.011 -13"><span class='ocrx_word' id='word_1_560' title='bbox 81 1929 107 1957; x_wconf 87' lang='lat' dir='ltr'><strong>&#39;l.</strong></span> <span class='ocrx_word' id='word_1_561' title='bbox 121 1931 160 1958; x_wconf 79' lang='grc' dir='ltr'>Δι</span> <span class='ocrx_word' id='word_1_562' title='bbox 176 1931 221 1958; x_wconf 78' lang='lat' dir='ltr'><strong>tibi</strong></span> <span class='ocrx_word' id='word_1_563' title='bbox 246 1932 281 1960; x_wconf 87' lang='lat' dir='ltr'><strong>de</strong></span> <span class='ocrx_word' id='word_1_564' title='bbox 298 1933 456 1968; x_wconf 83' lang='lat' dir='ltr'><strong>virginitatis</strong></span> <span class='ocrx_word' id='word_1_565' title='bbox 475 1935 647 1970; x_wconf 61' lang='lat' dir='ltr'><strong>praerogativa</strong></span> <span class='ocrx_word' id='word_1_566' title='bbox 665 1935 814 1966; x_wconf 74' lang='lat' dir='ltr'><strong>blandiris?</strong></span> 
     </span>
    </p>
   </div>
   <div class='ocr_carea' id='block_1_68' title="bbox 53 1976 815 2015">
    <p class='ocr_par' dir='ltr' id='par_1_68' title="bbox 53 1976 815 2015">
     <span class='ocr_line' id='line_1_68' title="bbox 53 1976 815 2015; baseline 0.01 -12"><span class='ocrx_word' id='word_1_567' title='bbox 53 1981 169 2004; x_wconf 68' lang='lat' dir='ltr'><strong>leuetuo</strong></span> <span class='ocrx_word' id='word_1_568' title='bbox 177 1976 261 2004; x_wconf 80' lang='lat' dir='ltr'><strong>Adam</strong></span> <span class='ocrx_word' id='word_1_569' title='bbox 270 1983 298 2006; x_wconf 86' lang='lat' dir='ltr'><strong>et</strong></span> <span class='ocrx_word' id='word_1_570' title='bbox 311 1978 390 2007; x_wconf 76' lang='lat' dir='ltr'><strong>Evam</strong></span> <span class='ocrx_word' id='word_1_571' title='bbox 400 1979 515 2014; x_wconf 63' lang='lat' dir='ltr'><strong>virgines</strong></span> <span class='ocrx_word' id='word_1_572' title='bbox 524 1980 677 2015; x_wconf 78' lang='lat' dir='ltr'><strong>deliquisse.</strong></span> <span class='ocrx_word' id='word_1_573' title='bbox 688 1989 736 2010; x_wconf 86' lang='lat' dir='ltr'><strong>nec</strong></span> <span class='ocrx_word' id='word_1_574' title='bbox 746 1982 815 2011; x_wconf 87' lang='lat' dir='ltr'><strong>inte-</strong></span> 
     </span>
    </p>
   </div>
   <div class='ocr_carea' id='block_1_69' title="bbox 52 2022 814 2063">
    <p class='ocr_par' dir='ltr' id='par_1_69' title="bbox 52 2022 814 2063">
     <span class='ocr_line' id='line_1_69' title="bbox 52 2022 814 2063; baseline 0.012 -16"><span class='ocrx_word' id='word_1_575' title='bbox 52 2022 158 2053; x_wconf 73' lang='lat' dir='ltr'><strong>lr&#39;late-</strong></span> <span class='ocrx_word' id='word_1_576' title='bbox 174 2022 294 2057; x_wconf 82' lang='lat' dir='ltr'><strong>corporis</strong></span> <span class='ocrx_word' id='word_1_577' title='bbox 310 2022 441 2058; x_wconf 84' lang='lat' dir='ltr'><strong>profuisse</strong></span> <span class='ocrx_word' id='word_1_578' title='bbox 457 2024 636 2059; x_wconf 82' lang='lat' dir='ltr'><strong>peccantibus.</strong></span> <span class='ocrx_word' id='word_1_579' title='bbox 655 2026 736 2061; x_wconf 76' lang='lat' dir='ltr'><strong>Virgo</strong></span> <span class='ocrx_word' id='word_1_580' title='bbox 753 2033 814 2063; x_wconf 64' lang='lat' dir='ltr'><strong>qua:</strong></span> 
     </span>
    </p>
   </div>
   <div class='ocr_carea' id='block_1_70' title="bbox 54 2066 813 2108">
    <p class='ocr_par' dir='ltr' id='par_1_70' title="bbox 54 2066 813 2108">
     <span class='ocr_line' id='line_1_70' title="bbox 54 2066 813 2108; baseline 0.009 -15"><span class='ocrx_word' id='word_1_581' title='bbox 54 2069 140 2099; x_wconf 67' lang='lat' dir='ltr'><strong>posst,</strong></span> <span class='ocrx_word' id='word_1_582' title='bbox 157 2066 228 2101; x_wconf 61' lang='lat' dir='ltr'><strong>Eva,</strong></span> <span class='ocrx_word' id='word_1_583' title='bbox 244 2075 299 2095; x_wconf 88' lang='lat' dir='ltr'><strong>non</strong></span> <span class='ocrx_word' id='word_1_584' title='bbox 315 2067 404 2096; x_wconf 64' lang='lat' dir='ltr'><strong>Mariae</strong></span> <span class='ocrx_word' id='word_1_585' title='bbox 414 2071 590 2104; x_wconf 84' lang='lat' dir='ltr'><strong>comparanda</strong></span> <span class='ocrx_word' id='word_1_586' title='bbox 600 2075 649 2098; x_wconf 84' lang='lat' dir='ltr'><strong>est.</strong></span> <span class='ocrx_word' id='word_1_587' title='bbox 661 2072 719 2099; x_wconf 80' lang='lat' dir='ltr'><strong>Non</strong></span> <span class='ocrx_word' id='word_1_588' title='bbox 733 2079 813 2108; x_wconf 84' lang='lat' dir='ltr'><strong>nega-</strong></span> 
     </span>
    </p>
   </div>
   <div class='ocr_carea' id='block_1_71' title="bbox 53 2111 812 2149">
    <p class='ocr_par' dir='ltr' id='par_1_71' title="bbox 53 2111 812 2149">
     <span class='ocr_line' id='line_1_71' title="bbox 53 2111 812 2149; baseline 0.012 -13"><span class='ocrx_word' id='word_1_589' title='bbox 53 2111 133 2137; x_wconf 73' lang='lat' dir='ltr'><strong>Il&#39;l</strong></span> <span class='ocrx_word' id='word_1_590' title='bbox 142 2114 264 2145; x_wconf 62' lang='lat' dir='ltr'><strong>pruenti</strong></span> <span class='ocrx_word' id='word_1_591' title='bbox 275 2117 396 2147; x_wconf 86' lang='lat' dir='ltr'><strong>tempore</strong></span> <span class='ocrx_word' id='word_1_592' title='bbox 408 2114 571 2147; x_wconf 69' lang='lat' dir='ltr'><strong>penitentia</strong></span> <span class='ocrx_word' id='word_1_593' title='bbox 585 2116 745 2149; x_wconf 83' lang='lat' dir='ltr'><strong>remedium;</strong></span> <span class='ocrx_word' id='word_1_594' title='bbox 764 2118 812 2145; x_wconf 86' lang='lat' dir='ltr'><strong>sed</strong></span> 
     </span>
    </p>
   </div>
   <div class='ocr_carea' id='block_1_72' title="bbox 53 2152 811 2196">
    <p class='ocr_par' dir='ltr' id='par_1_72' title="bbox 53 2152 811 2196">
     <span class='ocr_line' id='line_1_72' title="bbox 53 2152 811 2196; baseline 0.011 -15"><span class='ocrx_word' id='word_1_595' title='bbox 53 2152 172 2183; x_wconf 66' lang='grc' dir='ltr'>ιιι-ι’</span> <span class='ocrx_word' id='word_1_596' title='bbox 197 2158 282 2190; x_wconf 84' lang='lat' dir='ltr'><strong>magis</strong></span> <span class='ocrx_word' id='word_1_597' title='bbox 308 2159 444 2191; x_wconf 74' lang='lat' dir='ltr'><strong>prmium</strong></span> <span class='ocrx_word' id='word_1_598' title='bbox 470 2166 579 2192; x_wconf 87' lang='lat' dir='ltr'><strong>sperare</strong></span> <span class='ocrx_word' id='word_1_599' title='bbox 606 2160 704 2188; x_wconf 81' lang='lat' dir='ltr'><strong>debere</strong></span> <span class='ocrx_word' id='word_1_600' title='bbox 733 2169 811 2196; x_wconf 89' lang='lat' dir='ltr'><strong>quam</strong></span> 
     </span>
    </p>
   </div>
   <div class='ocr_carea' id='block_1_73' title="bbox 54 2199 810 2239">
    <p class='ocr_par' dir='ltr' id='par_1_73' title="bbox 54 2199 810 2239">
     <span class='ocr_line' id='line_1_73' title="bbox 54 2199 810 2239; baseline 0.012 -14"><span class='ocrx_word' id='word_1_601' title='bbox 54 2199 148 2226; x_wconf 65' lang='lat' dir='ltr'><strong>vesialn</strong></span> <span class='ocrx_word' id='word_1_602' title='bbox 180 2199 269 2235; x_wconf 83' lang='lat' dir='ltr'><strong>Turpe</strong></span> <span class='ocrx_word' id='word_1_603' title='bbox 290 2205 331 2228; x_wconf 69' lang='lat' dir='ltr'><strong>est</strong></span> <span class='ocrx_word' id='word_1_604' title='bbox 350 2202 421 2228; x_wconf 86' lang='lat' dir='ltr'><strong>enim</strong></span> <span class='ocrx_word' id='word_1_605' title='bbox 442 2203 493 2229; x_wconf 83' lang='lat' dir='ltr'><strong>illis</strong></span> <span class='ocrx_word' id='word_1_606' title='bbox 515 2204 604 2231; x_wconf 77' lang='lat' dir='ltr'><strong>delicti</strong></span> <span class='ocrx_word' id='word_1_607' title='bbox 624 2206 810 2239; x_wconf 81' lang='lat' dir='ltr'><strong>indulgentiam</strong></span> 
     </span>
    </p>
   </div>
   <div class='ocr_carea' id='block_1_74' title="bbox 53 2243 812 2284">
    <p class='ocr_par' dir='ltr' id='par_1_74' title="bbox 53 2243 812 2284">
     <span class='ocr_line' id='line_1_74' title="bbox 53 2243 812 2284; baseline 0.012 -14"><span class='ocrx_word' id='word_1_608' title='bbox 53 2245 183 2277; x_wconf 62' lang='lat' dir='ltr'><strong>Mutare,</strong></span> <span class='ocrx_word' id='word_1_609' title='bbox 200 2254 259 2280; x_wconf 69' lang='lat' dir='ltr'><strong>qua</strong></span> <span class='ocrx_word' id='word_1_610' title='bbox 276 2247 389 2279; x_wconf 61' lang='lat' dir='ltr'><strong>[almam</strong></span> <span class='ocrx_word' id='word_1_611' title='bbox 408 2249 563 2282; x_wconf 84' lang='lat' dir='ltr'><strong>virginitatis</strong></span> <span class='ocrx_word' id='word_1_612' title='bbox 585 2257 758 2284; x_wconf 78' lang='lat' dir='ltr'><strong>esspeclant;</strong></span> <span class='ocrx_word' id='word_1_613' title='bbox 780 2243 812 2280; x_wconf 31' lang='lat' dir='ltr'><strong>let</strong></span> 
     </span>
    </p>
   </div>
   <div class='ocr_carea' id='block_1_75' title="bbox 53 2288 811 2327">
    <p class='ocr_par' dir='ltr' id='par_1_75' title="bbox 53 2288 811 2327">
     <span class='ocr_line' id='line_1_75' title="bbox 53 2288 811 2327; baseline 0.013 -13"><span class='ocrx_word' id='word_1_614' title='bbox 53 2288 151 2317; x_wconf 66' lang='lat' dir='ltr'><strong>ilicis-tt</strong></span> <span class='ocrx_word' id='word_1_615' title='bbox 167 2291 265 2324; x_wconf 73' lang='grc' dir='ltr'>ιΙὶιιιιίιι</span> <span class='ocrx_word' id='word_1_616' title='bbox 280 2292 424 2325; x_wconf 86' lang='lat' dir='ltr'><strong>incurrere,</strong></span> <span class='ocrx_word' id='word_1_617' title='bbox 438 2301 497 2327; x_wconf 79' lang='lat' dir='ltr'><strong>qua:</strong></span> <span class='ocrx_word' id='word_1_618' title='bbox 508 2302 537 2321; x_wconf 84' lang='lat' dir='ltr'><strong>se</strong></span> <span class='ocrx_word' id='word_1_619' title='bbox 549 2296 629 2322; x_wconf 84' lang='lat' dir='ltr'><strong>etiam</strong></span> <span class='ocrx_word' id='word_1_620' title='bbox 644 2304 657 2322; x_wconf 71' lang='grc' dir='ltr'>ει</span> <span class='ocrx_word' id='word_1_621' title='bbox 674 2298 752 2324; x_wconf 81' lang='lat' dir='ltr'><strong>licitis</strong></span> <span class='ocrx_word' id='word_1_622' title='bbox 766 2307 811 2325; x_wconf 74' lang='lat' dir='ltr'><strong>ca-</strong></span> 
     </span>
    </p>
   </div>
   <div class='ocr_carea' id='block_1_76' title="bbox 52 2335 809 2371">
    <p class='ocr_par' dir='ltr' id='par_1_76' title="bbox 52 2335 809 2371">
     <span class='ocr_line' id='line_1_76' title="bbox 52 2335 809 2371; baseline 0.008 -9"><span class='ocrx_word' id='word_1_623' title='bbox 52 2338 158 2363; x_wconf 70' lang='lat' dir='ltr'><strong>llam.</strong></span> <span class='ocrx_word' id='word_1_624' title='bbox 184 2335 295 2363; x_wconf 56' lang='lat' dir='ltr'><strong>licitum</strong></span> <span class='ocrx_word' id='word_1_625' title='bbox 314 2338 411 2371; x_wconf 83' lang='lat' dir='ltr'><strong>quippe</strong></span> <span class='ocrx_word' id='word_1_626' title='bbox 425 2343 467 2364; x_wconf 89' lang='lat' dir='ltr'><strong>est</strong></span> <span class='ocrx_word' id='word_1_627' title='bbox 484 2340 642 2367; x_wconf 80' lang='lat' dir='ltr'><strong>matrimonii</strong></span> <span class='ocrx_word' id='word_1_628' title='bbox 663 2341 729 2368; x_wconf 86' lang='lat' dir='ltr'><strong>inire</strong></span> <span class='ocrx_word' id='word_1_629' title='bbox 745 2349 809 2368; x_wconf 83' lang='lat' dir='ltr'><strong>con-</strong></span> 
     </span>
    </p>
   </div>
   <div class='ocr_carea' id='block_1_77' title="bbox 51 2378 809 2418">
    <p class='ocr_par' dir='ltr' id='par_1_77' title="bbox 51 2378 809 2418">
     <span class='ocr_line' id='line_1_77' title="bbox 51 2378 809 2418; baseline 0.009 -13"><span class='ocrx_word' id='word_1_630' title='bbox 51 2378 151 2405; x_wconf 70' lang='lat' dir='ltr'><strong>totf-.</strong></span> <span class='ocrx_word' id='word_1_631' title='bbox 167 2379 201 2407; x_wconf 81' lang='grc' dir='ltr'>ει</span> <span class='ocrx_word' id='word_1_632' title='bbox 216 2384 247 2407; x_wconf 85' lang='grc' dir='ltr'><strong>ιιι</strong></span> <span class='ocrx_word' id='word_1_633' title='bbox 263 2381 402 2407; x_wconf 65' lang='lat' dir='ltr'><strong>laudanda:</strong></span> <span class='ocrx_word' id='word_1_634' title='bbox 418 2386 491 2414; x_wconf 84' lang='lat' dir='ltr'><strong>sunt,</strong></span> <span class='ocrx_word' id='word_1_635' title='bbox 509 2390 568 2417; x_wconf 63' lang='lat' dir='ltr'><strong>quae</strong></span> <span class='ocrx_word' id='word_1_636' title='bbox 588 2390 696 2418; x_wconf 84' lang='lat' dir='ltr'><strong>propter</strong></span> <span class='ocrx_word' id='word_1_637' title='bbox 712 2386 809 2413; x_wconf 62' lang='lat' dir='ltr'><strong>Christi</strong></span> 
     </span>
    </p>
   </div>
   <div class='ocr_carea' id='block_1_78' title="bbox 50 2426 808 2462">
    <p class='ocr_par' dir='ltr' id='par_1_78' title="bbox 50 2426 808 2462">
     <span class='ocr_line' id='line_1_78' title="bbox 50 2426 808 2462; baseline 0.009 -12"><span class='ocrx_word' id='word_1_638' title='bbox 50 2429 145 2451; x_wconf 66' lang='lat' dir='ltr'><strong>tum</strong></span> <span class='ocrx_word' id='word_1_639' title='bbox 159 2429 189 2452; x_wconf 83' lang='lat' dir='ltr'><strong>et</strong></span> <span class='ocrx_word' id='word_1_640' title='bbox 206 2426 324 2453; x_wconf 71' lang='lat' dir='ltr'><strong>otn&#39;estis</strong></span> <span class='ocrx_word' id='word_1_641' title='bbox 341 2427 414 2460; x_wconf 71' lang='lat' dir='ltr'><strong>regni</strong></span> <span class='ocrx_word' id='word_1_642' title='bbox 431 2427 542 2462; x_wconf 83' lang='lat' dir='ltr'><strong>gloriam</strong></span> <span class='ocrx_word' id='word_1_643' title='bbox 559 2430 680 2462; x_wconf 81' lang='lat' dir='ltr'><strong>copulam</strong></span> <span class='ocrx_word' id='word_1_644' title='bbox 694 2436 808 2457; x_wconf 71' lang='lat' dir='ltr'><strong>contem-</strong></span> 
     </span>
    </p>
   </div>
   <div class='ocr_carea' id='block_1_79' title="bbox 50 2468 809 2509">
    <p class='ocr_par' dir='ltr' id='par_1_79' title="bbox 50 2468 809 2509">
     <span class='ocr_line' id='line_1_79' title="bbox 50 2468 809 2509; baseline 0.011 -14"><span class='ocrx_word' id='word_1_645' title='bbox 50 2468 130 2497; x_wconf 67' lang='lat' dir='ltr'><strong>lsritt</strong></span> <span class='ocrx_word' id='word_1_646' title='bbox 150 2470 320 2504; x_wconf 81' lang='lat' dir='ltr'><strong>nuptiarum:</strong></span> <span class='ocrx_word' id='word_1_647' title='bbox 345 2471 380 2497; x_wconf 83' lang='lat' dir='ltr'><strong>ita</strong></span> <span class='ocrx_word' id='word_1_648' title='bbox 399 2472 554 2500; x_wconf 77' lang='lat' dir='ltr'><strong>damnanda:</strong></span> <span class='ocrx_word' id='word_1_649' title='bbox 576 2482 627 2501; x_wconf 86' lang='lat' dir='ltr'><strong>non</strong></span> <span class='ocrx_word' id='word_1_650' title='bbox 649 2479 729 2507; x_wconf 87' lang='lat' dir='ltr'><strong>sunt,</strong></span> <span class='ocrx_word' id='word_1_651' title='bbox 752 2486 809 2509; x_wconf 64' lang='lat' dir='ltr'><strong>quas</strong></span> 
     </span>
    </p>
   </div>
   <div class='ocr_carea' id='block_1_80' title="bbox 50 2514 809 2547">
    <p class='ocr_par' dir='ltr' id='par_1_80' title="bbox 50 2514 809 2547">
     <span class='ocr_line' id='line_1_80' title="bbox 50 2514 809 2547; baseline 0.009 -6"><span class='ocrx_word' id='word_1_652' title='bbox 50 2517 137 2547; x_wconf 64' lang='lat' dir='ltr'><strong>m</strong></span> <span class='ocrx_word' id='word_1_653' title='bbox 148 2514 309 2543; x_wconf 65' lang='lat' dir='ltr'><strong>innocentia:</strong></span> <span class='ocrx_word' id='word_1_654' title='bbox 327 2516 488 2543; x_wconf 82' lang='lat' dir='ltr'><strong>voluntatem</strong></span> <span class='ocrx_word' id='word_1_655' title='bbox 503 2518 619 2545; x_wconf 90' lang='lat' dir='ltr'><strong>nondum</strong></span> <span class='ocrx_word' id='word_1_656' title='bbox 641 2520 694 2547; x_wconf 87' lang='lat' dir='ltr'><strong>Deo</strong></span> <span class='ocrx_word' id='word_1_657' title='bbox 709 2521 809 2547; x_wconf 73' lang='lat' dir='ltr'><strong>demtu</strong></span> 
     </span>
    </p>
   </div>
   <div class='ocr_carea' id='block_1_81' title="bbox 50 2557 809 2600">
    <p class='ocr_par' dir='ltr' id='par_1_81' title="bbox 50 2557 809 2600">
     <span class='ocr_line' id='line_1_81' title="bbox 50 2557 809 2600; baseline 0.009 -15"><span class='ocrx_word' id='word_1_658' title='bbox 50 2557 302 2593; x_wconf 48' lang='lat' dir='ltr'><strong>“apostolico</strong></span> <span class='ocrx_word' id='word_1_659' title='bbox 315 2560 467 2588; x_wconf 89' lang='lat' dir='ltr'><strong>abtuntur.</strong></span> <span class='ocrx_word' id='word_1_660' title='bbox 483 2562 562 2597; x_wconf 86' lang='lat' dir='ltr'><strong>Ergo,</strong></span> <span class='ocrx_word' id='word_1_661' title='bbox 576 2568 603 2589; x_wconf 89' lang='lat' dir='ltr'><strong>ut</strong></span> <span class='ocrx_word' id='word_1_662' title='bbox 614 2563 737 2595; x_wconf 78' lang='lat' dir='ltr'><strong>diximus,</strong></span> <span class='ocrx_word' id='word_1_663' title='bbox 753 2575 809 2600; x_wconf 58' lang='lat' dir='ltr'><strong>que</strong></span> 
     </span>
    </p>
   </div>
   <div class='ocr_carea' id='block_1_82' title="bbox 48 2604 807 2642">
    <p class='ocr_par' dir='ltr' id='par_1_82' title="bbox 48 2604 807 2642">
     <span class='ocr_line' id='line_1_82' title="bbox 48 2604 807 2642; baseline 0.009 -12"><span class='ocrx_word' id='word_1_664' title='bbox 48 2604 157 2631; x_wconf 50' lang='grc' dir='ltr'>ω</span> <span class='ocrx_word' id='word_1_665' title='bbox 167 2604 295 2632; x_wconf 72' lang='lat' dir='ltr'><strong>deseram</strong></span> <span class='ocrx_word' id='word_1_666' title='bbox 307 2625 316 2637; x_wconf 84' lang='lat'><strong>,</strong></span> <span class='ocrx_word' id='word_1_667' title='bbox 331 2613 384 2632; x_wconf 91' lang='lat' dir='ltr'><strong>non</strong></span> <span class='ocrx_word' id='word_1_668' title='bbox 401 2606 490 2634; x_wconf 85' lang='lat' dir='ltr'><strong>illicita</strong></span> <span class='ocrx_word' id='word_1_669' title='bbox 503 2627 511 2639; x_wconf 86' lang='lat'><strong>,</strong></span> <span class='ocrx_word' id='word_1_670' title='bbox 524 2607 571 2634; x_wconf 85' lang='lat' dir='ltr'><strong>sed</strong></span> <span class='ocrx_word' id='word_1_671' title='bbox 586 2608 656 2635; x_wconf 86' lang='lat' dir='ltr'><strong>licita</strong></span> <span class='ocrx_word' id='word_1_672' title='bbox 671 2616 807 2642; x_wconf 85' lang='lat' dir='ltr'><strong>spernunt.</strong></span> 
     </span>
    </p>
   </div>
   <div class='ocr_carea' id='block_1_83' title="bbox 50 2645 807 2686">
    <p class='ocr_par' dir='ltr' id='par_1_83' title="bbox 50 2645 807 2686">
     <span class='ocr_line' id='line_1_83' title="bbox 50 2645 807 2686; baseline 0.007 -10"><span class='ocrx_word' id='word_1_673' title='bbox 50 2645 165 2680; x_wconf 59' lang='grc' dir='ltr'><em>τησδὶ</em></span> <span class='ocrx_word' id='word_1_674' title='bbox 183 2655 272 2678; x_wconf 82' lang='lat' dir='ltr'><strong>autem</strong></span> <span class='ocrx_word' id='word_1_675' title='bbox 293 2651 317 2678; x_wconf 85' lang='lat' dir='ltr'><strong>si</strong></span> <span class='ocrx_word' id='word_1_676' title='bbox 329 2651 437 2685; x_wconf 79' lang='lat' dir='ltr'><strong>iurent,</strong></span> <span class='ocrx_word' id='word_1_677' title='bbox 452 2653 474 2680; x_wconf 87' lang='lat' dir='ltr'><strong>si</strong></span> <span class='ocrx_word' id='word_1_678' title='bbox 493 2654 651 2682; x_wconf 88' lang='lat' dir='ltr'><strong>maledicant</strong></span> <span class='ocrx_word' id='word_1_679' title='bbox 663 2676 669 2686; x_wconf 90' lang='lat'><strong>,</strong></span> <span class='ocrx_word' id='word_1_680' title='bbox 686 2656 707 2681; x_wconf 84' lang='lat' dir='ltr'><strong>si</strong></span> <span class='ocrx_word' id='word_1_681' title='bbox 722 2656 807 2682; x_wconf 73' lang='lat' dir='ltr'><strong>detra-</strong></span> 
     </span>
    </p>
   </div>
   <div class='ocr_carea' id='block_1_84' title="bbox 48 2690 808 2733">
    <p class='ocr_par' dir='ltr' id='par_1_84' title="bbox 48 2690 808 2733">
     <span class='ocr_line' id='line_1_84' title="bbox 48 2690 808 2733; baseline 0.009 -14"><span class='ocrx_word' id='word_1_682' title='bbox 48 2690 112 2725; x_wconf 72' lang='lat' dir='ltr'><strong>hat,</strong></span> <span class='ocrx_word' id='word_1_683' title='bbox 123 2694 147 2722; x_wconf 85' lang='lat' dir='ltr'><strong>si</strong></span> <span class='ocrx_word' id='word_1_684' title='bbox 157 2695 331 2723; x_wconf 52' lang='lat' dir='ltr'><strong>Habentes</strong></span> <span class='ocrx_word' id='word_1_685' title='bbox 344 2697 474 2729; x_wconf 81' lang='lat' dir='ltr'><strong>patiantur</strong></span> <span class='ocrx_word' id='word_1_686' title='bbox 488 2698 579 2725; x_wconf 88' lang='lat' dir='ltr'><strong>audire</strong></span> <span class='ocrx_word' id='word_1_687' title='bbox 590 2719 597 2731; x_wconf 92' lang='lat'><strong>,</strong></span> <span class='ocrx_word' id='word_1_688' title='bbox 613 2700 635 2726; x_wconf 88' lang='lat' dir='ltr'><strong>si</strong></span> <span class='ocrx_word' id='word_1_689' title='bbox 649 2700 745 2726; x_wconf 90' lang='lat' dir='ltr'><strong>malum</strong></span> <span class='ocrx_word' id='word_1_690' title='bbox 763 2708 808 2733; x_wconf 86' lang='lat' dir='ltr'><strong>pro</strong></span> 
     </span>
    </p>
   </div>
   <div class='ocr_carea' id='block_1_85' title="bbox 47 2738 807 2775">
    <p class='ocr_par' dir='ltr' id='par_1_85' title="bbox 47 2738 807 2775">
     <span class='ocr_line' id='line_1_85' title="bbox 47 2738 807 2775; baseline 0.007 -9"><span class='ocrx_word' id='word_1_691' title='bbox 47 2738 220 2768; x_wconf 52' lang='lat' dir='ltr'><strong>“reddant</strong></span> <span class='ocrx_word' id='word_1_692' title='bbox 231 2761 241 2773; x_wconf 88' lang='lat'><strong>,</strong></span> <span class='ocrx_word' id='word_1_693' title='bbox 263 2742 286 2768; x_wconf 86' lang='lat' dir='ltr'><strong>ai</strong></span> <span class='ocrx_word' id='word_1_694' title='bbox 302 2741 454 2775; x_wconf 85' lang='lat' dir='ltr'><strong>cupiditalis</strong></span> <span class='ocrx_word' id='word_1_695' title='bbox 468 2743 493 2770; x_wconf 89' lang='lat' dir='ltr'><strong>in</strong></span> <span class='ocrx_word' id='word_1_696' title='bbox 505 2743 598 2771; x_wconf 84' lang='lat' dir='ltr'><strong>alienis</strong></span> <span class='ocrx_word' id='word_1_697' title='bbox 610 2764 617 2775; x_wconf 89' lang='lat'><strong>,</strong></span> <span class='ocrx_word' id='word_1_698' title='bbox 633 2749 678 2771; x_wconf 90' lang='lat' dir='ltr'><strong>aut</strong></span> <span class='ocrx_word' id='word_1_699' title='bbox 693 2746 807 2771; x_wconf 71' lang='lat' dir='ltr'><strong>avaritia.-</strong></span> 
     </span>
    </p>
   </div>
   <div class='ocr_carea' id='block_1_86' title="bbox 47 2781 807 2820">
    <p class='ocr_par' dir='ltr' id='par_1_86' title="bbox 47 2781 807 2820">
     <span class='ocr_line' id='line_1_86' title="bbox 47 2781 807 2820; baseline 0.005 -7"><span class='ocrx_word' id='word_1_700' title='bbox 47 2781 67 2808; x_wconf 58' lang='grc' dir='ltr'><strong>ἢ</strong></span> <span class='ocrx_word' id='word_1_701' title='bbox 81 2785 189 2820; x_wconf 53' lang='lat' dir='ltr'><strong>Iuliis</strong></span> <span class='ocrx_word' id='word_1_702' title='bbox 203 2786 308 2814; x_wconf 85' lang='lat' dir='ltr'><strong>crimen</strong></span> <span class='ocrx_word' id='word_1_703' title='bbox 331 2787 466 2814; x_wconf 86' lang='lat' dir='ltr'><strong>incurrant</strong></span> <span class='ocrx_word' id='word_1_704' title='bbox 478 2808 486 2820; x_wconf 89' lang='lat'><strong>,</strong></span> <span class='ocrx_word' id='word_1_705' title='bbox 500 2788 521 2815; x_wconf 86' lang='lat' dir='ltr'><strong>si</strong></span> <span class='ocrx_word' id='word_1_706' title='bbox 536 2788 585 2815; x_wconf 73' lang='lat' dir='ltr'><strong>zeli</strong></span> <span class='ocrx_word' id='word_1_707' title='bbox 599 2794 643 2815; x_wconf 87' lang='lat' dir='ltr'><strong>aut</strong></span> <span class='ocrx_word' id='word_1_708' title='bbox 658 2790 747 2817; x_wconf 64' lang='lat' dir='ltr'><strong>litoris</strong></span> <span class='ocrx_word' id='word_1_709' title='bbox 763 2799 807 2817; x_wconf 84' lang='lat' dir='ltr'><strong>ve-</strong></span> 
     </span>
    </p>
   </div>
   <div class='ocr_carea' id='block_1_87' title="bbox 46 2830 805 2867">
    <p class='ocr_par' dir='ltr' id='par_1_87' title="bbox 46 2830 805 2867">
     <span class='ocr_line' id='line_1_87' title="bbox 46 2830 805 2867; baseline 0.009 -13"><span class='ocrx_word' id='word_1_710' title='bbox 46 2833 99 2854; x_wconf 73' lang='lat' dir='ltr'><strong>s-a</strong></span> <span class='ocrx_word' id='word_1_711' title='bbox 109 2830 270 2864; x_wconf 63' lang='lat' dir='ltr'><strong>pomideant,</strong></span> <span class='ocrx_word' id='word_1_712' title='bbox 285 2830 309 2857; x_wconf 90' lang='lat' dir='ltr'><strong>si</strong></span> <span class='ocrx_word' id='word_1_713' title='bbox 321 2835 414 2858; x_wconf 86' lang='lat' dir='ltr'><strong>contra</strong></span> <span class='ocrx_word' id='word_1_714' title='bbox 428 2831 519 2865; x_wconf 77' lang='lat' dir='ltr'><strong>legalis</strong></span> <span class='ocrx_word' id='word_1_715' title='bbox 533 2836 561 2860; x_wconf 91' lang='lat' dir='ltr'><strong>et</strong></span> <span class='ocrx_word' id='word_1_716' title='bbox 573 2834 717 2867; x_wconf 84' lang='lat' dir='ltr'><strong>apostolica</strong></span> <span class='ocrx_word' id='word_1_717' title='bbox 732 2835 805 2861; x_wconf 82' lang='lat' dir='ltr'><strong>iusti-</strong></span> 
     </span>
    </p>
   </div>
   <div class='ocr_carea' id='block_1_88' title="bbox 46 2873 807 2912">
    <p class='ocr_par' dir='ltr' id='par_1_88' title="bbox 46 2873 807 2912">
     <span class='ocr_line' id='line_1_88' title="bbox 46 2873 807 2912; baseline 0.012 -13"><span class='ocrx_word' id='word_1_718' title='bbox 46 2876 87 2899; x_wconf 67' lang='grc' dir='ltr'>ιω</span> <span class='ocrx_word' id='word_1_719' title='bbox 99 2873 220 2904; x_wconf 64' lang='lat' dir='ltr'><strong>hiscas</strong></span> <span class='ocrx_word' id='word_1_720' title='bbox 238 2875 341 2908; x_wconf 78' lang='lat' dir='ltr'><strong>aliquid</strong></span> <span class='ocrx_word' id='word_1_721' title='bbox 357 2880 403 2902; x_wconf 90' lang='lat' dir='ltr'><strong>aut</strong></span> <span class='ocrx_word' id='word_1_722' title='bbox 423 2873 559 2910; x_wconf 76' lang='lat' dir='ltr'><strong>loquantur</strong></span> <span class='ocrx_word' id='word_1_723' title='bbox 574 2883 618 2905; x_wconf 87' lang='lat' dir='ltr'><strong>aut</strong></span> <span class='ocrx_word' id='word_1_724' title='bbox 632 2880 764 2912; x_wconf 74' lang='lat' dir='ltr'><strong>cogitent;</strong></span> <span class='ocrx_word' id='word_1_725' title='bbox 788 2883 807 2908; x_wconf 66' lang='grc' dir='ltr'>«ι</span> 
     </span>
    </p>
   </div>
   <div class='ocr_carea' id='block_1_89' title="bbox 92 3068 305 3087">
    <p class='ocr_par' dir='ltr' id='par_1_89' title="bbox 92 3068 305 3087">
     <span class='ocr_line' id='line_1_89' title="bbox 92 3068 305 3087; baseline 0.005 0"><span class='ocrx_word' id='word_1_726' title='bbox 92 3068 146 3087; x_wconf 75' lang='grc' dir='ltr'>ἰσ</span> <span class='ocrx_word' id='word_1_727' title='bbox 222 3085 227 3087; x_wconf 90' lang='grc'>.</span> <span class='ocrx_word' id='word_1_728' title='bbox 303 3082 305 3085; x_wconf 94' lang='grc'><strong><em>-</em></strong></span> 
     </span>
    </p>
   </div>
   <div class='ocr_carea' id='block_1_90' title="bbox 11 3072 398 3170">
    <p class='ocr_par' dir='ltr' id='par_1_90' title="bbox 11 3072 398 3170">
     <span class='ocr_line' id='line_1_90' title="bbox 110 3076 305 3087; baseline 0.005 -3"><span class='ocrx_word' id='word_1_729' title='bbox 110 3076 123 3087; x_wconf 84' lang='lat'>,</span> <span class='ocrx_word' id='word_1_730' title='bbox 303 3082 305 3085; x_wconf 94' lang='lat'>.</span> 
     </span>
     <span class='ocr_line' id='line_1_91' title="bbox 11 3072 398 3170; baseline -0.013 -6"><span class='ocrx_word' id='word_1_731' title='bbox 11 3072 398 3170; x_wconf 45' lang='lat' dir='ltr'><strong>“an.</strong></span> 
     </span>
    </p>
   </div>
   <div class='ocr_carea' id='block_1_91' title="bbox 866 1669 1636 1706">
    <p class='ocr_par' dir='ltr' id='par_1_91' title="bbox 866 1669 1636 1706">
     <span class='ocr_line' id='line_1_92' title="bbox 866 1669 1636 1706; baseline 0.003 -9"><span class='ocrx_word' id='word_1_732' title='bbox 866 1669 1029 1704; x_wconf 77' lang='lat' dir='ltr'><strong>incert-optio</strong></span> <span class='ocrx_word' id='word_1_733' title='bbox 1045 1670 1147 1698; x_wconf 85' lang='lat' dir='ltr'><strong>Domini</strong></span> <span class='ocrx_word' id='word_1_734' title='bbox 1168 1677 1228 1703; x_wconf 87' lang='lat' dir='ltr'><strong>est;</strong></span> <span class='ocrx_word' id='word_1_735' title='bbox 1252 1672 1377 1706; x_wconf 84' lang='lat' dir='ltr'><strong>splendor</strong></span> <span class='ocrx_word' id='word_1_736' title='bbox 1396 1672 1458 1699; x_wconf 84' lang='lat' dir='ltr'><strong>solis</strong></span> <span class='ocrx_word' id='word_1_737' title='bbox 1477 1672 1520 1706; x_wconf 84' lang='lat' dir='ltr'><strong>qui</strong></span> <span class='ocrx_word' id='word_1_738' title='bbox 1539 1673 1636 1699; x_wconf 85' lang='lat' dir='ltr'><strong>sanctis</strong></span> 
     </span>
    </p>
   </div>
   <div class='ocr_carea' id='block_1_92' title="bbox 866 1715 1634 1753">
    <p class='ocr_par' dir='ltr' id='par_1_92' title="bbox 866 1715 1634 1753">
     <span class='ocr_line' id='line_1_93' title="bbox 866 1715 1634 1753; baseline 0.005 -13"><span class='ocrx_word' id='word_1_739' title='bbox 866 1715 1028 1748; x_wconf 87' lang='lat' dir='ltr'><strong>promittitur</strong></span> <span class='ocrx_word' id='word_1_740' title='bbox 1042 1715 1143 1743; x_wconf 86' lang='lat' dir='ltr'><strong>Domini</strong></span> <span class='ocrx_word' id='word_1_741' title='bbox 1158 1721 1214 1750; x_wconf 86' lang='lat' dir='ltr'><strong>est,</strong></span> <span class='ocrx_word' id='word_1_742' title='bbox 1234 1717 1303 1746; x_wconf 85' lang='lat' dir='ltr'><strong>sicut</strong></span> <span class='ocrx_word' id='word_1_743' title='bbox 1317 1717 1343 1744; x_wconf 90' lang='lat' dir='ltr'><strong>in</strong></span> <span class='ocrx_word' id='word_1_744' title='bbox 1356 1717 1498 1752; x_wconf 76' lang='lat' dir='ltr'><strong>Evangelia</strong></span> <span class='ocrx_word' id='word_1_745' title='bbox 1510 1718 1634 1753; x_wconf 87' lang='lat' dir='ltr'><strong>scriptum</strong></span> 
     </span>
    </p>
   </div>
   <div class='ocr_carea' id='block_1_93' title="bbox 865 1758 1637 1798">
    <p class='ocr_par' dir='ltr' id='par_1_93' title="bbox 865 1758 1637 1798">
     <span class='ocr_line' id='line_1_94' title="bbox 865 1758 1637 1798; baseline 0.005 -12"><span class='ocrx_word' id='word_1_746' title='bbox 865 1763 925 1786; x_wconf 78' lang='lat' dir='ltr'><strong>est:</strong></span> <span class='ocrx_word' id='word_1_747' title='bbox 947 1758 1017 1786; x_wconf 85' lang='lat' dir='ltr'><strong>Titnc</strong></span> <span class='ocrx_word' id='word_1_748' title='bbox 1035 1759 1098 1794; x_wconf 79' lang='lat' dir='ltr'><strong>iusti</strong></span> <span class='ocrx_word' id='word_1_749' title='bbox 1119 1759 1251 1796; x_wconf 76' lang='lat' dir='ltr'><strong>fulgebunt</strong></span> <span class='ocrx_word' id='word_1_750' title='bbox 1271 1761 1335 1789; x_wconf 80' lang='lat' dir='ltr'><strong>sicut</strong></span> <span class='ocrx_word' id='word_1_751' title='bbox 1354 1762 1394 1789; x_wconf 86' lang='lat' dir='ltr'><strong>sol</strong></span> <span class='ocrx_word' id='word_1_752' title='bbox 1413 1762 1439 1788; x_wconf 87' lang='lat' dir='ltr'><strong>in</strong></span> <span class='ocrx_word' id='word_1_753' title='bbox 1461 1770 1539 1798; x_wconf 78' lang='lat' dir='ltr'><strong>regno</strong></span> <span class='ocrx_word' id='word_1_754' title='bbox 1558 1764 1637 1797; x_wconf 79' lang='lat' dir='ltr'><strong>poln&#39;s</strong></span> 
     </span>
    </p>
   </div>
   <div class='ocr_carea' id='block_1_94' title="bbox 866 1805 1635 1843">
    <p class='ocr_par' dir='ltr' id='par_1_94' title="bbox 866 1805 1635 1843">
     <span class='ocr_line' id='line_1_95' title="bbox 866 1805 1635 1843; baseline 0.007 -13"><span class='ocrx_word' id='word_1_755' title='bbox 866 1812 953 1831; x_wconf 72' lang='lat' dir='ltr'><strong>eorum</strong></span> <span class='ocrx_word' id='word_1_756' title='bbox 967 1805 1071 1838; x_wconf 72' lang='lat' dir='ltr'><strong>(lauit.</strong></span> <span class='ocrx_word' id='word_1_757' title='bbox 1083 1805 1153 1839; x_wconf 81' lang='lat' dir='ltr'><strong>xtn).</strong></span> <span class='ocrx_word' id='word_1_758' title='bbox 1178 1806 1280 1834; x_wconf 90' lang='lat' dir='ltr'><strong>Domini</strong></span> <span class='ocrx_word' id='word_1_759' title='bbox 1298 1811 1361 1834; x_wconf 89' lang='lat' dir='ltr'><strong>sunt</strong></span> <span class='ocrx_word' id='word_1_760' title='bbox 1377 1807 1467 1843; x_wconf 64' lang='lat' dir='ltr'><strong>plures</strong></span> <span class='ocrx_word' id='word_1_761' title='bbox 1486 1813 1635 1835; x_wconf 85' lang='lat' dir='ltr'><strong>sanctorum</strong></span> 
     </span>
    </p>
   </div>
   <div class='ocr_carea' id='block_1_95' title="bbox 866 1843 1635 1881">
    <p class='ocr_par' dir='ltr' id='par_1_95' title="bbox 866 1843 1635 1881">
     <span class='ocr_line' id='line_1_96' title="bbox 866 1843 1635 1881; baseline 0.005 -6"><span class='ocrx_word' id='word_1_762' title='bbox 866 1849 892 1875; x_wconf 91' lang='lat' dir='ltr'><strong>in</strong></span> <span class='ocrx_word' id='word_1_763' title='bbox 904 1848 1056 1876; x_wconf 69' lang='lat' dir='ltr'><strong>celestibus</strong></span> <span class='ocrx_word' id='word_1_764' title='bbox 1068 1850 1236 1881; x_wconf 76' lang='lat' dir='ltr'><strong>mansiones;</strong></span> <span class='ocrx_word' id='word_1_765' title='bbox 1258 1850 1363 1877; x_wconf 89' lang='lat' dir='ltr'><strong>Domini</strong></span> <span class='ocrx_word' id='word_1_766' title='bbox 1381 1856 1423 1878; x_wconf 87' lang='lat' dir='ltr'><strong>est</strong></span> <span class='ocrx_word' id='word_1_767' title='bbox 1441 1843 1635 1880; x_wconf 48' lang='lat' dir='ltr'><strong>fructus‘trice-</strong></span> 
     </span>
    </p>
   </div>
   <div class='ocr_carea' id='block_1_96' title="bbox 864 1893 1635 1931">
    <p class='ocr_par' dir='ltr' id='par_1_96' title="bbox 864 1893 1635 1931">
     <span class='ocr_line' id='line_1_97' title="bbox 864 1893 1635 1931; baseline 0.006 -12"><span class='ocrx_word' id='word_1_768' title='bbox 864 1893 947 1920; x_wconf 82' lang='lat' dir='ltr'><strong>simus</strong></span> <span class='ocrx_word' id='word_1_769' title='bbox 966 1897 994 1920; x_wconf 86' lang='lat' dir='ltr'><strong>et</strong></span> <span class='ocrx_word' id='word_1_770' title='bbox 1011 1894 1188 1929; x_wconf 77' lang='lat' dir='ltr'><strong>sexagesimus</strong></span> <span class='ocrx_word' id='word_1_771' title='bbox 1201 1897 1280 1930; x_wconf 82' lang='lat' dir='ltr'><strong>atque</strong></span> <span class='ocrx_word' id='word_1_772' title='bbox 1292 1895 1461 1924; x_wconf 86' lang='lat' dir='ltr'><strong>centesimus.</strong></span> <span class='ocrx_word' id='word_1_773' title='bbox 1485 1896 1546 1924; x_wconf 65' lang='lat' dir='ltr'><strong>llaec</strong></span> <span class='ocrx_word' id='word_1_774' title='bbox 1563 1897 1635 1931; x_wconf 82' lang='lat' dir='ltr'><strong>engi-</strong></span> 
     </span>
    </p>
   </div>
   <div class='ocr_carea' id='block_1_97' title="bbox 865 1931 1635 1976">
    <p class='ocr_par' dir='ltr' id='par_1_97' title="bbox 865 1931 1635 1976">
     <span class='ocr_line' id='line_1_98' title="bbox 865 1931 1635 1976; baseline 0.004 -12"><span class='ocrx_word' id='word_1_775' title='bbox 865 1941 930 1969; x_wconf 86' lang='lat' dir='ltr'><strong>tant.</strong></span> <span class='ocrx_word' id='word_1_776' title='bbox 946 1942 973 1966; x_wconf 87' lang='lat' dir='ltr'><strong>et</strong></span> <span class='ocrx_word' id='word_1_777' title='bbox 985 1938 1080 1973; x_wconf 83' lang='lat' dir='ltr'><strong>quibus</strong></span> <span class='ocrx_word' id='word_1_778' title='bbox 1094 1939 1194 1974; x_wconf 75' lang='lat' dir='ltr'><strong>possint</strong></span> <span class='ocrx_word' id='word_1_779' title='bbox 1214 1939 1340 1973; x_wconf 82' lang='lat' dir='ltr'><strong>operibus</strong></span> <span class='ocrx_word' id='word_1_780' title='bbox 1357 1931 1573 1976; x_wconf 60' lang='grc' dir='ltr'>ιιιοιιιιιιεινΐιιιιιε</span> <span class='ocrx_word' id='word_1_781' title='bbox 1585 1941 1635 1968; x_wconf 85' lang='lat' dir='ltr'><strong>Do-</strong></span> 
     </span>
    </p>
   </div>
   <div class='ocr_carea' id='block_1_98' title="bbox 864 1981 1636 2018">
    <p class='ocr_par' dir='ltr' id='par_1_98' title="bbox 864 1981 1636 2018">
     <span class='ocr_line' id='line_1_99' title="bbox 864 1981 1636 2018; baseline 0.005 -9"><span class='ocrx_word' id='word_1_782' title='bbox 864 1983 927 2010; x_wconf 88' lang='lat' dir='ltr'><strong>mini</strong></span> <span class='ocrx_word' id='word_1_783' title='bbox 948 1988 1008 2010; x_wconf 87' lang='lat' dir='ltr'><strong>sunt</strong></span> <span class='ocrx_word' id='word_1_784' title='bbox 1024 1984 1152 2018; x_wconf 79' lang='lat' dir='ltr'><strong>cogitant.</strong></span> <span class='ocrx_word' id='word_1_785' title='bbox 1178 1981 1282 2012; x_wconf 82' lang='lat' dir='ltr'><strong>Domini</strong></span> <span class='ocrx_word' id='word_1_786' title='bbox 1300 1990 1342 2012; x_wconf 83' lang='lat' dir='ltr'><strong>est</strong></span> <span class='ocrx_word' id='word_1_787' title='bbox 1359 1986 1437 2012; x_wconf 86' lang='lat' dir='ltr'><strong>etiam</strong></span> <span class='ocrx_word' id='word_1_788' title='bbox 1458 1986 1499 2013; x_wconf 81' lang='lat' dir='ltr'><strong>les</strong></span> <span class='ocrx_word' id='word_1_789' title='bbox 1524 1985 1588 2013; x_wconf 83' lang='lat' dir='ltr'><strong>Novi</strong></span> <span class='ocrx_word' id='word_1_790' title='bbox 1608 1992 1636 2013; x_wconf 92' lang='lat' dir='ltr'><strong>et</strong></span> 
     </span>
    </p>
   </div>
   <div class='ocr_carea' id='block_1_99' title="bbox 865 2027 1635 2065">
    <p class='ocr_par' dir='ltr' id='par_1_99' title="bbox 865 2027 1635 2065">
     <span class='ocr_line' id='line_1_100' title="bbox 865 2027 1635 2065; baseline 0.005 -11"><span class='ocrx_word' id='word_1_791' title='bbox 865 2027 967 2055; x_wconf 81' lang='lat' dir='ltr'><strong>Veteris</strong></span> <span class='ocrx_word' id='word_1_792' title='bbox 974 2027 1148 2061; x_wconf 79' lang='lat' dir='ltr'><strong>Testatnenti,</strong></span> <span class='ocrx_word' id='word_1_793' title='bbox 1158 2028 1184 2055; x_wconf 92' lang='lat' dir='ltr'><strong>in</strong></span> <span class='ocrx_word' id='word_1_794' title='bbox 1194 2029 1290 2063; x_wconf 89' lang='lat' dir='ltr'><strong>quibus</strong></span> <span class='ocrx_word' id='word_1_795' title='bbox 1300 2030 1353 2057; x_wconf 85' lang='lat' dir='ltr'><strong>oris</strong></span> <span class='ocrx_word' id='word_1_796' title='bbox 1365 2031 1422 2064; x_wconf 79' lang='lat' dir='ltr'><strong>ejus</strong></span> <span class='ocrx_word' id='word_1_797' title='bbox 1432 2031 1533 2065; x_wconf 69' lang='lat' dir='ltr'><strong>eloquia</strong></span> <span class='ocrx_word' id='word_1_798' title='bbox 1546 2036 1635 2059; x_wconf 65' lang='lat' dir='ltr'><strong>saucia</strong></span> 
     </span>
    </p>
   </div>
   <div class='ocr_carea' id='block_1_100' title="bbox 864 2072 1636 2110">
    <p class='ocr_par' dir='ltr' id='par_1_100' title="bbox 864 2072 1636 2110">
     <span class='ocr_line' id='line_1_101' title="bbox 864 2072 1636 2110; baseline 0.006 -12"><span class='ocrx_word' id='word_1_799' title='bbox 864 2072 1007 2107; x_wconf 80' lang='lat' dir='ltr'><strong>refulgent;</strong></span> <span class='ocrx_word' id='word_1_800' title='bbox 1031 2081 1091 2107; x_wconf 69' lang='lat' dir='ltr'><strong>qua:</strong></span> <span class='ocrx_word' id='word_1_801' title='bbox 1112 2074 1134 2105; x_wconf 82' lang='lat' dir='ltr'><strong>si</strong></span> <span class='ocrx_word' id='word_1_802' title='bbox 1157 2082 1217 2108; x_wconf 68' lang='lat' dir='ltr'><strong>quae</strong></span> <span class='ocrx_word' id='word_1_803' title='bbox 1232 2075 1346 2110; x_wconf 88' lang='lat' dir='ltr'><strong>virgines</strong></span> <span class='ocrx_word' id='word_1_804' title='bbox 1364 2076 1423 2103; x_wconf 85' lang='lat' dir='ltr'><strong>sine</strong></span> <span class='ocrx_word' id='word_1_805' title='bbox 1442 2077 1636 2104; x_wconf 77' lang='lat' dir='ltr'><strong>intermissione</strong></span> 
     </span>
    </p>
   </div>
   <div class='ocr_carea' id='block_1_101' title="bbox 863 2114 1636 2156">
    <p class='ocr_par' dir='ltr' id='par_1_101' title="bbox 863 2114 1636 2156">
     <span class='ocr_line' id='line_1_102' title="bbox 863 2114 1636 2156; baseline 0.008 -13"><span class='ocrx_word' id='word_1_806' title='bbox 863 2114 1034 2150; x_wconf 73' lang='lat' dir='ltr'><strong>meditantur,</strong></span> <span class='ocrx_word' id='word_1_807' title='bbox 1045 2126 1103 2153; x_wconf 77' lang='lat' dir='ltr'><strong>qua:</strong></span> <span class='ocrx_word' id='word_1_808' title='bbox 1117 2119 1220 2146; x_wconf 89' lang='lat' dir='ltr'><strong>Domini</strong></span> <span class='ocrx_word' id='word_1_809' title='bbox 1233 2125 1295 2147; x_wconf 87' lang='lat' dir='ltr'><strong>sunt</strong></span> <span class='ocrx_word' id='word_1_810' title='bbox 1305 2121 1435 2155; x_wconf 84' lang='lat' dir='ltr'><strong>cogitant;</strong></span> <span class='ocrx_word' id='word_1_811' title='bbox 1453 2125 1480 2148; x_wconf 89' lang='lat' dir='ltr'><strong>et</strong></span> <span class='ocrx_word' id='word_1_812' title='bbox 1490 2122 1636 2156; x_wconf 76' lang='lat' dir='ltr'><strong>completur</strong></span> 
     </span>
    </p>
   </div>
   <div class='ocr_carea' id='block_1_102' title="bbox 863 2163 1636 2201">
    <p class='ocr_par' dir='ltr' id='par_1_102' title="bbox 863 2163 1636 2201">
     <span class='ocr_line' id='line_1_103' title="bbox 863 2163 1636 2201; baseline 0.005 -12"><span class='ocrx_word' id='word_1_813' title='bbox 863 2164 889 2190; x_wconf 90' lang='lat' dir='ltr'><strong>in</strong></span> <span class='ocrx_word' id='word_1_814' title='bbox 903 2164 942 2190; x_wconf 85' lang='lat' dir='ltr'><strong>eis</strong></span> <span class='ocrx_word' id='word_1_815' title='bbox 956 2163 1018 2190; x_wconf 90' lang='lat' dir='ltr'><strong>illud</strong></span> <span class='ocrx_word' id='word_1_816' title='bbox 1034 2164 1216 2198; x_wconf 85' lang='lat' dir='ltr'><strong>propheticum</strong></span> <span class='ocrx_word' id='word_1_817' title='bbox 1229 2173 1236 2191; x_wconf 89' lang='lat'>:</span> <span class='ocrx_word' id='word_1_818' title='bbox 1253 2164 1430 2193; x_wconf 77' lang='lat' dir='ltr'><strong>Fundamenta</strong></span> <span class='ocrx_word' id='word_1_819' title='bbox 1448 2172 1542 2194; x_wconf 66' lang='lat' dir='ltr'><strong>retenta</strong></span> <span class='ocrx_word' id='word_1_820' title='bbox 1561 2175 1636 2201; x_wconf 74' lang='lat' dir='ltr'><strong>super</strong></span> 
     </span>
    </p>
   </div>
   <div class='ocr_carea' id='block_1_103' title="bbox 862 2208 1636 2246">
    <p class='ocr_par' dir='ltr' id='par_1_103' title="bbox 862 2208 1636 2246">
     <span class='ocr_line' id='line_1_104' title="bbox 862 2208 1636 2246; baseline 0.006 -13"><span class='ocrx_word' id='word_1_821' title='bbox 862 2213 959 2242; x_wconf 76' lang='lat' dir='ltr'><strong>petram</strong></span> <span class='ocrx_word' id='word_1_822' title='bbox 969 2208 1076 2234; x_wconf 79' lang='lat' dir='ltr'><strong>solidam</strong></span> <span class='ocrx_word' id='word_1_823' title='bbox 1086 2216 1096 2234; x_wconf 91' lang='lat'><em>:</em></span> <span class='ocrx_word' id='word_1_824' title='bbox 1110 2213 1135 2246; x_wconf 67' lang='lat' dir='ltr'><strong>et</strong></span> <span class='ocrx_word' id='word_1_825' title='bbox 1148 2209 1270 2235; x_wconf 64' lang='lat' dir='ltr'><strong>mandata</strong></span> <span class='ocrx_word' id='word_1_826' title='bbox 1281 2208 1384 2236; x_wconf 79' lang='lat' dir='ltr'><strong>Domini</strong></span> <span class='ocrx_word' id='word_1_827' title='bbox 1399 2210 1425 2236; x_wconf 84' lang='lat' dir='ltr'><strong>in</strong></span> <span class='ocrx_word' id='word_1_828' title='bbox 1438 2211 1514 2237; x_wconf 72' lang='lat' dir='ltr'><strong>corde</strong></span> <span class='ocrx_word' id='word_1_829' title='bbox 1526 2211 1636 2237; x_wconf 72' lang='lat' dir='ltr'><strong>mulieris</strong></span> 
     </span>
    </p>
   </div>
   <div class='ocr_carea' id='block_1_104' title="bbox 862 2252 1635 2290">
    <p class='ocr_par' dir='ltr' id='par_1_104' title="bbox 862 2252 1635 2290">
     <span class='ocr_line' id='line_1_105' title="bbox 862 2252 1635 2290; baseline 0.006 -13"><span class='ocrx_word' id='word_1_830' title='bbox 862 2252 1073 2286; x_wconf 63' lang='lat' dir='ltr'><strong>sanclcwccles.</strong></span> <span class='ocrx_word' id='word_1_831' title='bbox 1085 2261 1158 2285; x_wconf 79' lang='lat' dir='ltr'><strong>sxvt.</strong></span> <span class='ocrx_word' id='word_1_832' title='bbox 1170 2253 1227 2288; x_wconf 70' lang='grc' dir='ltr'><strong>ει).</strong></span> <span class='ocrx_word' id='word_1_833' title='bbox 1243 2253 1383 2287; x_wconf 86' lang='lat' dir='ltr'><strong>Sequitur:</strong></span> <span class='ocrx_word' id='word_1_834' title='bbox 1396 2254 1528 2287; x_wconf 71' lang='lat' dir='ltr'><strong>Quomodo</strong></span> <span class='ocrx_word' id='word_1_835' title='bbox 1540 2256 1635 2290; x_wconf 78' lang='lat' dir='ltr'><strong>placeat</strong></span> 
     </span>
    </p>
   </div>
   <div class='ocr_carea' id='block_1_105' title="bbox 864 2297 1635 2333">
    <p class='ocr_par' dir='ltr' id='par_1_105' title="bbox 864 2297 1635 2333">
     <span class='ocr_line' id='line_1_106' title="bbox 864 2297 1635 2333; baseline 0.004 -9"><span class='ocrx_word' id='word_1_836' title='bbox 864 2297 927 2324; x_wconf 85' lang='lat' dir='ltr'><strong>Deo.</strong></span> <span class='ocrx_word' id='word_1_837' title='bbox 951 2298 1021 2329; x_wconf 78' lang='lat' dir='ltr'><strong>Deo,</strong></span> <span class='ocrx_word' id='word_1_838' title='bbox 1042 2298 1164 2333; x_wconf 75' lang='lat' dir='ltr'><strong>inquam,</strong></span> <span class='ocrx_word' id='word_1_839' title='bbox 1185 2306 1237 2325; x_wconf 90' lang='lat' dir='ltr'><strong>non</strong></span> <span class='ocrx_word' id='word_1_840' title='bbox 1254 2298 1425 2326; x_wconf 83' lang='lat' dir='ltr'><strong>hominibus:</strong></span> <span class='ocrx_word' id='word_1_841' title='bbox 1449 2299 1483 2327; x_wconf 84' lang='lat' dir='ltr'><strong>Ut</strong></span> <span class='ocrx_word' id='word_1_842' title='bbox 1499 2300 1531 2327; x_wconf 81' lang='lat' dir='ltr'><strong>sit</strong></span> <span class='ocrx_word' id='word_1_843' title='bbox 1550 2306 1635 2327; x_wconf 71' lang='lat' dir='ltr'><strong>suurn:</strong></span> 
     </span>
    </p>
   </div>
   <div class='ocr_carea' id='block_1_106' title="bbox 863 2343 1636 2378">
    <p class='ocr_par' dir='ltr' id='par_1_106' title="bbox 863 2343 1636 2378">
     <span class='ocr_line' id='line_1_107' title="bbox 863 2343 1636 2378; baseline 0.004 -10"><span class='ocrx_word' id='word_1_844' title='bbox 863 2351 967 2377; x_wconf 74' lang='lat' dir='ltr'><strong>corpore</strong></span> <span class='ocrx_word' id='word_1_845' title='bbox 980 2347 1004 2369; x_wconf 80' lang='lat' dir='ltr'><strong>et</strong></span> <span class='ocrx_word' id='word_1_846' title='bbox 1017 2343 1108 2373; x_wconf 80' lang='lat' dir='ltr'><strong>spiritu</strong></span> <span class='ocrx_word' id='word_1_847' title='bbox 1122 2343 1149 2378; x_wconf 92' lang='grc' dir='ltr'><strong>(Ι</strong></span> <span class='ocrx_word' id='word_1_848' title='bbox 1164 2343 1223 2371; x_wconf 85' lang='lat' dir='ltr'><strong>Cor.</strong></span> <span class='ocrx_word' id='word_1_849' title='bbox 1238 2351 1285 2375; x_wconf 87' lang='lat' dir='ltr'><strong>vn,</strong></span> <span class='ocrx_word' id='word_1_850' title='bbox 1298 2344 1355 2378; x_wconf 75' lang='grc' dir='ltr'><strong>δι).</strong></span> <span class='ocrx_word' id='word_1_851' title='bbox 1380 2344 1437 2371; x_wconf 86' lang='lat' dir='ltr'><strong>Non</strong></span> <span class='ocrx_word' id='word_1_852' title='bbox 1452 2345 1531 2376; x_wconf 78' lang='lat' dir='ltr'><strong>dixit,</strong></span> <span class='ocrx_word' id='word_1_853' title='bbox 1555 2349 1584 2371; x_wconf 92' lang='lat' dir='ltr'><strong>ut</strong></span> <span class='ocrx_word' id='word_1_854' title='bbox 1602 2346 1636 2370; x_wconf 80' lang='lat' dir='ltr'><strong>sit</strong></span> 
     </span>
    </p>
   </div>
   <div class='ocr_carea' id='block_1_107' title="bbox 863 2388 1635 2423">
    <p class='ocr_par' dir='ltr' id='par_1_107' title="bbox 863 2388 1635 2423">
     <span class='ocr_line' id='line_1_108' title="bbox 863 2388 1635 2423; baseline 0.004 -10"><span class='ocrx_word' id='word_1_855' title='bbox 863 2392 951 2414; x_wconf 80' lang='lat' dir='ltr'><strong>sancta</strong></span> <span class='ocrx_word' id='word_1_856' title='bbox 965 2388 1084 2414; x_wconf 88' lang='lat' dir='ltr'><strong>membro</strong></span> <span class='ocrx_word' id='word_1_857' title='bbox 1095 2394 1138 2415; x_wconf 86' lang='lat' dir='ltr'><strong>aut</strong></span> <span class='ocrx_word' id='word_1_858' title='bbox 1151 2396 1262 2423; x_wconf 78' lang='lat' dir='ltr'><strong>corpore</strong></span> <span class='ocrx_word' id='word_1_859' title='bbox 1273 2393 1391 2421; x_wconf 79' lang='lat' dir='ltr'><strong>tantum;</strong></span> <span class='ocrx_word' id='word_1_860' title='bbox 1401 2388 1459 2422; x_wconf 84' lang='lat' dir='ltr'><strong>sed,</strong></span> <span class='ocrx_word' id='word_1_861' title='bbox 1471 2393 1498 2415; x_wconf 80' lang='lat' dir='ltr'><strong>ut</strong></span> <span class='ocrx_word' id='word_1_862' title='bbox 1510 2390 1541 2416; x_wconf 81' lang='lat' dir='ltr'><strong>sit</strong></span> <span class='ocrx_word' id='word_1_863' title='bbox 1551 2398 1611 2416; x_wconf 73' lang='lat' dir='ltr'><strong>satis</strong></span> <span class='ocrx_word' id='word_1_864' title='bbox 1620 2399 1635 2415; x_wconf 89' lang='grc' dir='ltr'><strong>ιι</strong></span> 
     </span>
    </p>
   </div>
   <div class='ocr_carea' id='block_1_108' title="bbox 862 2431 1635 2468">
    <p class='ocr_par' dir='ltr' id='par_1_108' title="bbox 862 2431 1635 2468">
     <span class='ocr_line' id='line_1_109' title="bbox 862 2431 1635 2468; baseline 0.004 -11"><span class='ocrx_word' id='word_1_865' title='bbox 862 2439 966 2465; x_wconf 79' lang='lat' dir='ltr'><strong>corpore</strong></span> <span class='ocrx_word' id='word_1_866' title='bbox 978 2437 1001 2457; x_wconf 81' lang='lat' dir='ltr'><strong>ct</strong></span> <span class='ocrx_word' id='word_1_867' title='bbox 1015 2433 1116 2465; x_wconf 74' lang='lat' dir='ltr'><strong>spiritu.</strong></span> <span class='ocrx_word' id='word_1_868' title='bbox 1139 2431 1283 2459; x_wconf 76' lang='lat' dir='ltr'><strong>Metnbrum</strong></span> <span class='ocrx_word' id='word_1_869' title='bbox 1296 2432 1367 2459; x_wconf 89' lang='lat' dir='ltr'><strong>enim</strong></span> <span class='ocrx_word' id='word_1_870' title='bbox 1380 2439 1433 2460; x_wconf 86' lang='lat' dir='ltr'><strong>una</strong></span> <span class='ocrx_word' id='word_1_871' title='bbox 1444 2433 1563 2467; x_wconf 87' lang='lat' dir='ltr'><strong>corporis</strong></span> <span class='ocrx_word' id='word_1_872' title='bbox 1574 2440 1635 2468; x_wconf 81' lang='lat' dir='ltr'><strong>pars</strong></span> 
     </span>
    </p>
   </div>
   <div class='ocr_carea' id='block_1_109' title="bbox 862 2476 1633 2510">
    <p class='ocr_par' dir='ltr' id='par_1_109' title="bbox 862 2476 1633 2510">
     <span class='ocr_line' id='line_1_110' title="bbox 862 2476 1633 2510; baseline 0.004 -9"><span class='ocrx_word' id='word_1_873' title='bbox 862 2481 922 2501; x_wconf 80' lang='lat' dir='ltr'><strong>est:</strong></span> <span class='ocrx_word' id='word_1_874' title='bbox 936 2483 1029 2509; x_wconf 78' lang='lat' dir='ltr'><strong>corpus</strong></span> <span class='ocrx_word' id='word_1_875' title='bbox 1040 2483 1103 2502; x_wconf 77' lang='lat' dir='ltr'><strong>vero</strong></span> <span class='ocrx_word' id='word_1_876' title='bbox 1113 2476 1229 2503; x_wconf 89' lang='lat' dir='ltr'><strong>omnium</strong></span> <span class='ocrx_word' id='word_1_877' title='bbox 1240 2484 1368 2510; x_wconf 84' lang='lat' dir='ltr'><strong>compago</strong></span> <span class='ocrx_word' id='word_1_878' title='bbox 1387 2477 1564 2504; x_wconf 72' lang='lat' dir='ltr'><strong>utconlu-orum</strong></span> <span class='ocrx_word' id='word_1_879' title='bbox 1582 2483 1633 2504; x_wconf 88' lang='lat' dir='ltr'><strong>est.</strong></span> 
     </span>
    </p>
   </div>
   <div class='ocr_carea' id='block_1_110' title="bbox 860 2520 1634 2556">
    <p class='ocr_par' dir='ltr' id='par_1_110' title="bbox 860 2520 1634 2556">
     <span class='ocr_line' id='line_1_111' title="bbox 860 2520 1634 2556; baseline 0.003 -9"><span class='ocrx_word' id='word_1_880' title='bbox 860 2521 926 2547; x_wconf 88' lang='lat' dir='ltr'><strong>Cum</strong></span> <span class='ocrx_word' id='word_1_881' title='bbox 940 2528 1003 2555; x_wconf 88' lang='lat' dir='ltr'><strong>ergo</strong></span> <span class='ocrx_word' id='word_1_882' title='bbox 1015 2520 1078 2547; x_wconf 81' lang='lat' dir='ltr'><strong>dicit</strong></span> <span class='ocrx_word' id='word_1_883' title='bbox 1093 2529 1100 2547; x_wconf 88' lang='lat'><strong>:</strong></span> <span class='ocrx_word' id='word_1_884' title='bbox 1121 2527 1149 2548; x_wconf 88' lang='lat' dir='ltr'><strong>ut</strong></span> <span class='ocrx_word' id='word_1_885' title='bbox 1169 2522 1201 2548; x_wconf 86' lang='lat' dir='ltr'><strong>sit</strong></span> <span class='ocrx_word' id='word_1_886' title='bbox 1220 2526 1308 2548; x_wconf 79' lang='lat' dir='ltr'><strong>sancta</strong></span> <span class='ocrx_word' id='word_1_887' title='bbox 1326 2529 1446 2556; x_wconf 71' lang='lat' dir='ltr'><strong>corpore,</strong></span> <span class='ocrx_word' id='word_1_888' title='bbox 1466 2529 1499 2549; x_wconf 82' lang='lat' dir='ltr'><strong>ex</strong></span> <span class='ocrx_word' id='word_1_889' title='bbox 1514 2522 1634 2549; x_wconf 84' lang='lat' dir='ltr'><strong>omnibus</strong></span> 
     </span>
    </p>
   </div>
   <div class='ocr_carea' id='block_1_111' title="bbox 861 2564 1634 2599">
    <p class='ocr_par' dir='ltr' id='par_1_111' title="bbox 861 2564 1634 2599">
     <span class='ocr_line' id='line_1_112' title="bbox 861 2564 1634 2599; baseline 0 -6"><span class='ocrx_word' id='word_1_890' title='bbox 861 2566 986 2593; x_wconf 86' lang='lat' dir='ltr'><strong>membris</strong></span> <span class='ocrx_word' id='word_1_891' title='bbox 998 2573 1056 2592; x_wconf 79' lang='lat' dir='ltr'><strong>eam</strong></span> <span class='ocrx_word' id='word_1_892' title='bbox 1069 2566 1226 2593; x_wconf 76' lang='lat' dir='ltr'><strong>sanctiﬁcarl</strong></span> <span class='ocrx_word' id='word_1_893' title='bbox 1239 2564 1338 2593; x_wconf 73' lang='lat' dir='ltr'><strong>debere</strong></span> <span class='ocrx_word' id='word_1_894' title='bbox 1353 2570 1473 2594; x_wconf 84' lang='lat' dir='ltr'><strong>testatur.</strong></span> <span class='ocrx_word' id='word_1_895' title='bbox 1495 2567 1561 2599; x_wconf 83' lang='lat' dir='ltr'><strong>Quia</strong></span> <span class='ocrx_word' id='word_1_896' title='bbox 1581 2574 1634 2593; x_wconf 86' lang='lat' dir='ltr'><strong>non</strong></span> 
     </span>
    </p>
   </div>
   <div class='ocr_carea' id='block_1_112' title="bbox 861 2609 1635 2644">
    <p class='ocr_par' dir='ltr' id='par_1_112' title="bbox 861 2609 1635 2644">
     <span class='ocr_line' id='line_1_113' title="bbox 861 2609 1635 2644; baseline 0 -8"><span class='ocrx_word' id='word_1_897' title='bbox 861 2609 980 2644; x_wconf 82' lang='lat' dir='ltr'><strong>proderit</strong></span> <span class='ocrx_word' id='word_1_898' title='bbox 989 2614 1144 2638; x_wconf 63' lang='lat' dir='ltr'><strong>cancrorum</strong></span> <span class='ocrx_word' id='word_1_899' title='bbox 1159 2609 1334 2637; x_wconf 74' lang='lat' dir='ltr'><strong>sanctiﬁcatio</strong></span> <span class='ocrx_word' id='word_1_900' title='bbox 1348 2609 1543 2642; x_wconf 86' lang='lat' dir='ltr'><strong>membrorum,</strong></span> <span class='ocrx_word' id='word_1_901' title='bbox 1560 2610 1582 2636; x_wconf 82' lang='lat' dir='ltr'><strong>si</strong></span> <span class='ocrx_word' id='word_1_902' title='bbox 1595 2610 1635 2637; x_wconf 85' lang='lat' dir='ltr'><strong>iu-</strong></span> 
     </span>
    </p>
   </div>
   <div class='ocr_carea' id='block_1_113' title="bbox 860 2652 1633 2688">
    <p class='ocr_par' dir='ltr' id='par_1_113' title="bbox 860 2652 1633 2688">
     <span class='ocr_line' id='line_1_114' title="bbox 860 2652 1633 2688; baseline 0 -9"><span class='ocrx_word' id='word_1_903' title='bbox 860 2654 979 2680; x_wconf 76' lang='lat' dir='ltr'><strong>veniutur</strong></span> <span class='ocrx_word' id='word_1_904' title='bbox 990 2654 1032 2681; x_wconf 86' lang='lat' dir='ltr'><strong>vel</strong></span> <span class='ocrx_word' id='word_1_905' title='bbox 1047 2655 1072 2680; x_wconf 90' lang='lat' dir='ltr'><strong>in</strong></span> <span class='ocrx_word' id='word_1_906' title='bbox 1086 2660 1138 2680; x_wconf 89' lang='lat' dir='ltr'><strong>uno</strong></span> <span class='ocrx_word' id='word_1_907' title='bbox 1150 2654 1294 2688; x_wconf 80' lang='lat' dir='ltr'><strong>corruptio.</strong></span> <span class='ocrx_word' id='word_1_908' title='bbox 1313 2653 1345 2680; x_wconf 81' lang='lat' dir='ltr'><strong>Et</strong></span> <span class='ocrx_word' id='word_1_909' title='bbox 1353 2652 1407 2687; x_wconf 79' lang='lat' dir='ltr'><strong>jam</strong></span> <span class='ocrx_word' id='word_1_910' title='bbox 1420 2661 1472 2681; x_wconf 92' lang='lat' dir='ltr'><strong>non</strong></span> <span class='ocrx_word' id='word_1_911' title='bbox 1482 2654 1532 2680; x_wconf 89' lang='lat' dir='ltr'><strong>erit</strong></span> <span class='ocrx_word' id='word_1_912' title='bbox 1544 2658 1633 2681; x_wconf 75' lang='lat' dir='ltr'><strong>sancta</strong></span> 
     </span>
    </p>
   </div>
   <div class='ocr_carea' id='block_1_114' title="bbox 862 2697 1635 2733">
    <p class='ocr_par' dir='ltr' id='par_1_114' title="bbox 862 2697 1635 2733">
     <span class='ocr_line' id='line_1_115' title="bbox 862 2697 1635 2733; baseline 0.003 -9"><span class='ocrx_word' id='word_1_913' title='bbox 862 2705 982 2731; x_wconf 87' lang='lat' dir='ltr'><strong>corpore,</strong></span> <span class='ocrx_word' id='word_1_914' title='bbox 996 2697 1066 2731; x_wconf 85' lang='lat' dir='ltr'><strong>quod</strong></span> <span class='ocrx_word' id='word_1_915' title='bbox 1079 2704 1112 2724; x_wconf 81' lang='lat' dir='ltr'><strong>es</strong></span> <span class='ocrx_word' id='word_1_916' title='bbox 1124 2698 1247 2724; x_wconf 87' lang='lat' dir='ltr'><strong>omnibus</strong></span> <span class='ocrx_word' id='word_1_917' title='bbox 1259 2702 1363 2724; x_wconf 86' lang='lat' dir='ltr'><strong>constat</strong></span> <span class='ocrx_word' id='word_1_918' title='bbox 1378 2698 1516 2732; x_wconf 75' lang='lat' dir='ltr'><strong>membris,</strong></span> <span class='ocrx_word' id='word_1_919' title='bbox 1525 2707 1583 2733; x_wconf 72' lang='lat' dir='ltr'><strong>quae</strong></span> <span class='ocrx_word' id='word_1_920' title='bbox 1593 2699 1635 2726; x_wconf 66' lang='lat' dir='ltr'><strong>vel</strong></span> 
     </span>
    </p>
   </div>
   <div class='ocr_carea' id='block_1_115' title="bbox 862 2742 1380 2777">
    <p class='ocr_par' dir='ltr' id='par_1_115' title="bbox 862 2742 1380 2777">
     <span class='ocr_line' id='line_1_116' title="bbox 862 2742 1380 2777; baseline 0 -8"><span class='ocrx_word' id='word_1_921' title='bbox 862 2743 939 2770; x_wconf 89' lang='lat' dir='ltr'><strong>unius</strong></span> <span class='ocrx_word' id='word_1_922' title='bbox 952 2742 1030 2770; x_wconf 87' lang='lat' dir='ltr'><strong>fuerit</strong></span> <span class='ocrx_word' id='word_1_923' title='bbox 1043 2742 1256 2777; x_wconf 83' lang='lat' dir='ltr'><strong>coinquinatione</strong></span> <span class='ocrx_word' id='word_1_924' title='bbox 1268 2742 1380 2777; x_wconf 85' lang='lat' dir='ltr'><strong>polluta.</strong></span> 
     </span>
    </p>
   </div>
   <div class='ocr_carea' id='block_1_116' title="bbox 896 2786 1629 2822">
    <p class='ocr_par' dir='ltr' id='par_1_116' title="bbox 896 2786 1629 2822">
     <span class='ocr_line' id='line_1_117' title="bbox 896 2786 1629 2822; baseline -0.004 -6"><span class='ocrx_word' id='word_1_925' title='bbox 896 2789 922 2816; x_wconf 83' lang='lat'><strong>9.</strong></span> <span class='ocrx_word' id='word_1_926' title='bbox 942 2787 994 2816; x_wconf 87' lang='lat' dir='ltr'><strong>Sed</strong></span> <span class='ocrx_word' id='word_1_927' title='bbox 1012 2792 1041 2815; x_wconf 90' lang='lat' dir='ltr'><strong>ut</strong></span> <span class='ocrx_word' id='word_1_928' title='bbox 1053 2788 1124 2822; x_wconf 90' lang='lat' dir='ltr'><strong>quod</strong></span> <span class='ocrx_word' id='word_1_929' title='bbox 1136 2787 1197 2814; x_wconf 88' lang='lat' dir='ltr'><strong>dico</strong></span> <span class='ocrx_word' id='word_1_930' title='bbox 1210 2786 1376 2815; x_wconf 85' lang='lat' dir='ltr'><strong>manifestius</strong></span> <span class='ocrx_word' id='word_1_931' title='bbox 1395 2792 1423 2814; x_wconf 80' lang='lat' dir='ltr'><strong>at</strong></span> <span class='ocrx_word' id='word_1_932' title='bbox 1443 2787 1553 2814; x_wconf 83' lang='lat' dir='ltr'><strong>lucidius</strong></span> <span class='ocrx_word' id='word_1_933' title='bbox 1572 2789 1629 2821; x_wconf 61' lang='lat' dir='ltr'><strong>lia};</strong></span> 
     </span>
    </p>
   </div>
   <div class='ocr_carea' id='block_1_117' title="bbox 862 2825 1632 2869">
    <p class='ocr_par' dir='ltr' id='par_1_117' title="bbox 862 2825 1632 2869">
     <span class='ocr_line' id='line_1_118' title="bbox 862 2825 1632 2869; baseline -0.005 -6"><span class='ocrx_word' id='word_1_934' title='bbox 862 2840 930 2869; x_wconf 82' lang='lat' dir='ltr'><strong>esto,</strong></span> <span class='ocrx_word' id='word_1_935' title='bbox 951 2835 986 2863; x_wconf 89' lang='lat' dir='ltr'><strong>sit</strong></span> <span class='ocrx_word' id='word_1_936' title='bbox 1005 2839 1168 2868; x_wconf 72' lang='lat' dir='ltr'><strong>quaecunque</strong></span> <span class='ocrx_word' id='word_1_937' title='bbox 1189 2825 1306 2860; x_wconf 87' lang='lat' dir='ltr'><strong>omnium</strong></span> <span class='ocrx_word' id='word_1_938' title='bbox 1325 2832 1502 2860; x_wconf 83' lang='lat' dir='ltr'><strong>membrorum</strong></span> <span class='ocrx_word' id='word_1_939' title='bbox 1516 2834 1632 2859; x_wconf 84' lang='lat' dir='ltr'><strong>sanctili—</strong></span> 
     </span>
    </p>
   </div>
   <div class='ocr_carea' id='block_1_118' title="bbox 863 2878 1633 2914">
    <p class='ocr_par' dir='ltr' id='par_1_118' title="bbox 863 2878 1633 2914">
     <span class='ocr_line' id='line_1_119' title="bbox 863 2878 1633 2914; baseline -0.004 -5"><span class='ocrx_word' id='word_1_940' title='bbox 863 2883 964 2909; x_wconf 62' lang='lat' dir='ltr'><strong>cun-ur</strong></span> <span class='ocrx_word' id='word_1_941' title='bbox 978 2885 1101 2914; x_wconf 73' lang='lat' dir='ltr'><strong>purgata,</strong></span> <span class='ocrx_word' id='word_1_942' title='bbox 1125 2884 1149 2906; x_wconf 89' lang='lat' dir='ltr'><strong>ct</strong></span> <span class='ocrx_word' id='word_1_943' title='bbox 1164 2879 1250 2913; x_wconf 78' lang='lat' dir='ltr'><strong>lingua</strong></span> <span class='ocrx_word' id='word_1_944' title='bbox 1266 2878 1449 2907; x_wconf 70' lang='lat' dir='ltr'><strong>tnn&#39;ummodo</strong></span> <span class='ocrx_word' id='word_1_945' title='bbox 1461 2884 1547 2912; x_wconf 78' lang='lat' dir='ltr'><strong>pecch</strong></span> <span class='ocrx_word' id='word_1_946' title='bbox 1557 2898 1569 2909; x_wconf 45' lang='grc' dir='ltr'><strong>ι</strong></span> <span class='ocrx_word' id='word_1_947' title='bbox 1583 2888 1633 2913; x_wconf 76' lang='lat' dir='ltr'><strong>qua</strong></span> 
     </span>
    </p>
   </div>
  </div>
