3828 6386
458 457 521 507 87

1079 454 1409 509 AUC'I'URIS
1450 455 1751 509 ANONYW
1797 454 1993 508 Ι-ΣΧΙΙΟΙ

2100 455 2233 507 tTlO
2274 455 2363 507 AD
2400 456 2709 510 SPONSAM
2749 455 3035 511 CHRISTI.

3619 460 3683 510 88

457 567 778 620 Litt-istianas
814 565 1112 629 existimes,
1151 580 1271 632 qua:
1311 577 1420 633 aut~
1441 566 1632 620 fratres
1670 576 1761 620 aut
1800 580 2011 620 sorores
2041 576 2089 626 Α
2119 569 2328 630 cohibe,
2357 584 2407 622 et
2437 572 2515 622 ori
2546 580 2636 624 tuo
2665 572 2869 625 frenum
2902 573 3056 638 Legis
3095 574 3343 638 impone;
3382 584 3434 626 nt
3463 585 3606 636 tunc,
3631 575 3680 627 si

461 673 561 709 non
590 657 708 708 dico
735 655 989 716 oderunt,
1036 654 1130 708 sed
1163 671 1280 722 qua:
1321 657 1590 722 proximos
1620 667 1730 709 toto
1759 657 1919 710 corde
1962 667 2015 710 et

456 747 772 800 conscientia
801 760 980 797 coram
1009 745 1098 797 Dei
1130 745 1436 798 testimonio
1476 761 1580 798 non
1609 745 1861 808 dilimut;
1894 762 2011 799 cum

453 837 782 897 Christianis,
801 834 993 888 Christi
1012 835 1374 890 similitudine.
1398 836 1638 888 inimicos
1656 835 1814 888 etiam
1834 853 2013 890 amare

456 940 670 979 necesse
697 928 779 978 sit.
827 925 884 979 Si
914 937 1217 978 sanctorum
1249 928 1399 993 cupis
1429 927 1628 980 habere
1657 931 2008 989 consuttium,

453 1032 482 1068 a
508 1017 719 1069 malitia
743 1027 794 1068 et
821 1016 1069 1084 nequitia
1092 1016 1324 1083 cogitatu
1354 1024 1538 1082 pectus
1563 1016 1815 1071 emunda.
1844 1017 2012 1071 Nemo

456 1119 504 1160 te
530 1107 938 1172 circumveniat,
985 1118 1143 1159 nemo
1182 1114 1236 1159 te
1280 1106 1450 1158 fallaci
1483 1119 1732 1159 sermone
1769 1106 2008 1159 seducat.

452 1199 563 1251 Non
593 1196 693 1249 nisi
735 1208 947 1249 sanctos
972 1205 1026 1250 et
1047 1195 1219 1261 justas
1246 1203 1300 1247 et
1327 1193 1594 1262 simplices
1616 1204 1669 1249 et
1695 1196 2010 1249 innocentes

451 1298 502 1339 et
530 1299 686 1353 puros
710 1285 939 1338 ctelestis
968 1285 1083 1336 aula
1113 1284 1388 1351 suscipiet.
1437 1283 1648 1336 Nullum
1673 1286 1812 1350 apud
1843 1285 2005 1338 Deum

451 1376 605 1430 habet
635 1374 831 1427 malitia
860 1373 1054 1426 locum.
1086 1373 1168 1426 Ab
1188 1374 1332 1426 omni
1360 1373 1592 1440 nequitia
1625 1383 1676 1426 ιιι
1703 1372 1827 1425 dolo
1855 1387 2008 1425 mun-

451 1468 570 1519 itum
591 1479 708 1518 esse
733 1475 947 1517 necesse
970 1473 1072 1526 est,
1096 1465 1185 1531 qui
1211 1463 1352 1522 cui-it
1385 1477 1605 1530 regnare
1629 1478 1748 1515 cum
1769 1462 2002 1514 Christo.

449 1554 582 1607 Nihil
632 1563 733 1605 tam
783 1552 1130 1614 contrarium,
1180 1551 1310 1603 nihil
1347 1561 1449 1601 tam
1497 1551 1825 1603 exsecrabile
1872 1550 2000 1611 Di-o,

446 1660 598 1711 quam
628 1643 854 1708 aliquem
891 1643 1098 1702 odisse,
1145 1641 1375 1707 aliquem
1421 1641 1553 1692 velle
1597 1640 1828 1691 lt-dcre:
1875 1640 2002 1713 nihil

448 1749 549 1786 tam
582 1733 872 1800 probabile,
903 1745 1059 1797 quam
1089 1743 1274 1783 omnes
1303 1742 1507 1781 atnarc.
1554 1728 1707 1793 Quod
1738 1728 2000 1793 Propheta

444 1825 615 1876 sciens
655 1831 875 1874 testatur
903 1820 1126 1873 dicens:
1161 1819 1262 1884 Qui
1298 1819 1509 1885 diligitis
1540 1818 1835 1882 Dominum,
1867 1821 2001 1872 adite

444 1914 629 1964 tantum
656 1909 825 1976 (Psal.
858 1924 996 1974 scvt,
1030 1909 1140 1972 10).

513 2000 599 2052 15.
629 1997 757 2049 Vide
782 2011 846 2048 ne
877 1998 928 2049 in
959 1997 1134 2063 aliquo
1175 1995 1458 2047 humanam
1497 1992 1720 2061 gloriam
1758 1992 1946 2060 diligas
1981 2010 1998 2056 ;

444 2102 510 2140 ne
528 2096 580 2140 et
607 2095 691 2138 tua
711 2089 848 2138 inter
871 2085 989 2137 illos
1009 2083 1183 2151 portio
1202 2089 1562 2149 computetur,
1582 2080 1777 2147 quibus
1801 2081 1998 2135 dictum

441 2187 519 2228 est
541 2191 556 2229 :
583 2176 842 2240 Quomodo
867 2190 951 2226 vos
973 2173 1180 2239 potestis
1202 2172 1425 2232 credere,
1448 2171 1665 2239 gloriam
1695 2172 1758 2224 ab
1786 2171 1998 2224 invicem

441 2278 715 2336 querentes
736 2266 914 2336 (Joan.
940 2281 996 2332 ν,
1018 2265 1114 2333 Η)
1135 2267 1158 2317 ἲ
1181 2265 1244 2318 Et
1263 2265 1330 2318 de
1349 2264 1540 2333 quibus
1565 2278 1658 2329 per
1681 2263 1996 2328 Prophetam

439 2359 666 2411 dicitur:
701 2357 838 2424 Auge
863 2357 934 2408 eis
966 2354 1123 2419 mala,
1151 2369 1280 2422 auge
1307 2353 1442 2404 ntala
1470 2352 1705 2420 gloriosis
1736 2362 1901 2404 terrae.
1936 2352 1999 2405 Et

439 2449 561 2502 alibi
591 2467 603 2500 :
637 2447 1014 2516 Confundimini
1039 2462 1072 2498 a
1100 2444 1401 2513 gloriatione
1424 2451 1609 2507 vestra,
1640 2443 1702 2493 ab
1731 2442 1998 2510 opprobrio

439 2541 488 2590 in
517 2547 782 2597 conspectu
806 2535 900 2588 Dei
921 2533 1075 2604 (Iani.
1101 2533 1252 2600 ην).
1272 2532 1401 2584 Nolo
1420 2531 1563 2585 enim
1588 2531 1702 2584 illas
1723 2532 1997 2598 reSpicias,

437 2642 554 2695 qua:
579 2624 780 2688 saeculi,
809 2619 1127 2677 noo'Cbristi
1152 2631 1274 2675 sunt
1304 2620 1535 2689 virgines
1559 2636 1574 2676 :
1599 2635 1716 2688 qua:
1743 2621 1994 2687 propositi

437 2715 516 2768 sui
545 2726 598 2768 et
623 2714 963 2782 professionis
993 2714 1336 2766 immemores
1363 2709 1593 2778 gaudent
1619 2710 1670 2762 itt
1702 2710 1924 2768 delictis.
1945 2712 1996 2762 in

437 2804 625 2871 opibus
664 2803 1017 2866 delectantur,
1056 2811 1110 2854 et
1147 2814 1420 2868 corporea:
1462 2799 1750 2852 nobilitatis
1793 2800 1996 2866 origine

435 2893 781 2946 delectantur.
811 2890 939 2956 Qum
967 2891 1009 2943 si
1042 2889 1280 2957 profecto
1311 2888 1398 2942 Dei
1426 2887 1558 2942 filias
1582 2902 1640 2941 se
1665 2903 1784 2942 esse
1811 2889 1998 2943 crede-

436 2995 549 3036 rcnt
574 3023 587 3044 ,
626 2996 890 3050 nunquam
923 2992 1040 3050 post
1074 2980 1280 3034 divinos
1310 2981 1511 3031 natales
1540 2978 1869 3031 nobilitatem
1899 2980 1994 3031 ad-

436 3075 750 3125 mirarentur
783 3070 1089 3132 humanam,
1122 3083 1220 3122 nec
1240 3068 1596 3136 gloriarentur
1615 3067 1668 3121 itt
1698 3078 1847 3137 patre
1867 3083 1996 3136 quo-

437 3163 560 3217 libet
591 3162 883 3216 honorato:
913 3161 958 3214 si
988 3159 1194 3215 Patrem
1225 3159 1384 3212 Deum
1417 3172 1475 3212 se
1497 3157 1691 3211 habere
1711 3159 1990 3224 sentirent,

437 3254 759 3307 nobilitatem
781 3251 958 3304 carnis
986 3259 1087 3302 non
1119 3258 1376 3303 amarent.
1415 3247 1551 3312 Quid
1582 3247 1674 3300 tibi
1703 3248 1752 3300 in
1784 3246 1994 3317 generis

436 3343 703 3397 nobilitate
725 3339 877 3395 biand
891 3339 978 3392 .ris
1001 3347 1054 3392 ct
1078 3337 1417 3405 complaces?
1446 3337 1586 3389 Duos
1610 3336 1850 3390 homines
1871 3335 1995 3389 fecit

434 3432 500 3485 ab
526 3430 747 3485 exordio
785 3429 942 3492 Deus,
982 3442 1045 3482 ex
1091 3427 1283 3496 quibus
1324 3426 1485 3480 totius
1527 3425 1736 3494 generis
1780 3425 1992 3480 humani

434 3522 563 3575 silva
590 3520 861 3574 descendit
892 3536 904 3571 :
939 3517 1258 3572 mundanam
1287 3517 1618 3570 nobilitatem
1658 3532 1764 3569 non
1793 3525 1992 3570 natura:

433 3611 651 3680 aequitas
669 3607 1037 3678 pr.t-stitit,sed
1060 3606 1360 3675 cupiditatis
1376 3607 1614 3660 ambitio.
1629 3604 1787 3660 Certe
1806 3621 1993 3660 omnes

434 3718 525 3771 per
553 3700 711 3754 divini
745 3699 936 3752 lavacri
963 3698 1356 3766 generationem
1380 3695 1611 3763 .cqmles
1632 3694 1911 3751 efficimur.
1937 3708 1992 3751 et

434 3793 574 3846 nulla
605 3793 740 3844 inter
763 3804 856 3843 eos
895 3797 1067 3856 potest
1104 3802 1223 3842 esse
1264 3788 1533 3848 discretio,
1576 3800 1712 3854 quoa
1748 3787 1991 3843 nativitas

431 3880 656 3936 secunda
685 3879 983 3950 generavit;
1031 3892 1125 3946 per
1155 3891 1312 3945 quam
1343 3888 1448 3930 tam
1484 3877 1635 3930 dives
1668 3892 1826 3941 quam
1859 3890 1988 3944 pau-

435 3987 550 4037 per,
578 3981 683 4024 tam
715 3969 847 4037 liber
873 3982 1029 4035 quam
1060 3980 1268 4030 servus,
1293 3975 1399 4019 tam
1431 3965 1626 4018 nobilis
1655 3981 1812 4032 quam
1845 3966 1991 4032 igno-

433 4035 568 4128 bilis,
603 4061 689 4115 Dei
719 4035 947 4113 efficitur
974 4055 1170 4120 Filius;
1203 4065 1256 4110 et
1291 4065 1497 4110 terrena
1531 4054 1778 4109 nobilitas
1813 4055 1992 4121 splen-

429 4152 556 4205 dore
581 4150 812 4204 cmlestis
826 4147 1008 4218 gloria
1034 4146 1399 4207 adumbratur,
1419 4155 1474 4198 et
1494 4160 1663 4212 nusqu
1683 4160 1749 4197 im
1773 4144 1990 4197 omnino

425 4243 532 4308 jam
560 4251 868 4306 comparet:
909 4236 1033 4291 dum
1063 4235 1152 4303 qui
1187 4247 1332 4288 retro
1361 4237 1412 4288 in
1453 4234 1797 4287 stecularihus
1826 4234 1990 4286 It0no-

431 4331 575 4383 ribus
602 4328 831 4395 impares
859 4325 1088 4388 fuerant,
1118 4324 1349 4378 crelestis
1388 4332 1442 4375 et
1471 4323 1664 4376 divina!
1704 4321 1989 4375 nobilitatis

428 4418 595 4486 gloria
633 4415 906 4484 aequaliter
945 4414 1253 4466 vi'stiuntnr.
1300 4411 1484 4465 Nullus
1523 4412 1631 4478 jam
1677 4409 1986 4478 ignobilitati

430 4513 595 4576 locus,
625 4523 722 4563 nec
749 4508 980 4575 degener
1005 4506 1281 4572 quisquam
1307 4513 1421 4566 est,
1451 4518 1605 4568 quem
1633 4501 1823 4554 divinat
1852 4503 1983 4552 nati-

432 4602 608 4655 vitatis
631 4598 928 4652 sublimitas
958 4604 1130 4654 ornat,
1161 4593 1259 4646 nisi
1291 4591 1430 4662 apud
1454 4592 1594 4652 illos,
1627 4590 1716 4658 qui
1749 4605 1853 4642 non
1881 4603 1980 4656 pn-

428 4699 539 4742 tant
571 4688 814 4742 humanis
857 4685 1091 4739 cmlestia
1134 4681 1485 4750 praeponenda
1528 4693 1663 4734 :aut
1691 4681 1734 4733 si
1778 4688 1985 4747 putant,

428 4794 582 4847 quam
612 4791 799 4829 vanum
829 4784 931 4838 est,
957 4781 1013 4826 ttt
1039 4787 1096 4826 se
1127 4772 1231 4824 illis
1261 4774 1311 4823 itt
1354 4770 1646 4824 minoribus
1672 4768 1977 4849 prteferant.

426 4881 557 4935 quos
579 4867 676 4918 sibi
705 4865 756 4916 in
780 4864 1066 4928 majoribus
1097 4875 1248 4928 pares
1276 4860 1468 4915 sciunt.
1504 4869 1556 4911 et
1587 4859 1732 4923 quasi
1763 4856 1895 4908 infra
1921 4871 1982 4909 se

428 4960 625 5024 positos
652 4957 701 5009 in
731 4966 867 5008 terra
894 4954 1219 5014 existiment,
1249 4964 1384 5019 quos
1412 4951 1511 5001 sibi
1542 4950 1772 5014 aequales
1805 4948 1854 4999 in
1877 4961 1984 5000 τωο

426 5048 640 5099 lestibus
663 5044 922 5097 credunt?
960 5042 1034 5095 τιι
1060 5051 1233 5094 autem
1269 5053 1601 5107 qnzccunqne
1627 5036 1847 5095 Christi,
1877 5051 1979 5087 non

424 5136 598 5189 s:cculi
630 5135 779 5202 virgo
807 5149 886 5196 es,
909 5146 1119 5185 onmem
1152 5131 1428 5196 pra-sentis
1454 5129 1574 5180 vita:
1598 5126 1818 5195 gloriam
1840 5127 1978 5193 fuge,

422 5239 469 5276 ιι·
503 5240 619 5278 eam
649 5241 764 5290 qua:
787 5226 839 5277 in
863 5223 1038 5277 futuro
1066 5222 1388 5289 promittitur
1415 5219 1780 5285 consequaris.

416 5349 418 5351 ›
491 5313 574 5366 lli.
614 5311 1020 5368 Contentionom
1069 5310 1249 5371 Verba,
1294 5317 1350 5362 et
1391 5306 1747 5359 animositatis
1791 5321 1979 5359 causas

420 5404 584 5463 evita;
616 5402 995 5456 discordiarum
1024 5415 1233 5468 quoque
1253 5408 1306 5451 et
1335 5396 1502 5451 litium
1524 5397 1831 5449 oceasiones
1857 5397 1980 5449 sub-

422 5497 641 5559 terfuge.
683 5493 811 5546 Nam
850 5493 893 5546 si
932 5493 1078 5559 juxta
1115 5489 1353 5558 Apostoli
1388 5487 1684 5541 doctrinam
1717 5505 1729 5538 :
1764 5488 1978 5542 Servum

421 5582 626 5634 Domini
665 5585 863 5651 litigare
887 5601 986 5635 non
1014 5589 1207 5648 oportet
1240 5580 1304 5650 (ll
1340 5579 1473 5632 Tim.
1521 5593 1580 5644 tt,
1619 5579 1740 5646 ‘24);
1783 5590 1979 5644 quanto

420 5677 580 5742 magis
608 5677 695 5730 Dei
722 5677 1004 5730 ancillam?
1025 5673 1176 5740 cujus
1198 5686 1302 5740 quo
1326 5671 1677 5725 verecundior
1698 5683 1779 5724 est
1798 5687 1975 5735 sexus,

420 5768 618 5818 animus
648 5766 801 5821 debet
833 5780 948 5820 esse
978 5764 1289 5818 modestior.
1323 5761 1576 5829 Linguam
1609 5777 1635 5814 a
1667 5762 1975 5828 maliloquio

2119 659 2252 709 forte
2298 657 2551 724 loquaris,
2584 659 2794 722 quando
2830 672 3005 713 tacere
3045 671 3314 726 peccatum
3343 662 3431 725 sit,
3464 678 3592 716 cave
3617 678 3681 716 ne

2120 747 2245 813 quid
2294 748 2431 815 quod
2483 749 2534 801 itt
2582 751 3047 816 reprehensionem
3098 754 3270 804 veniat
3309 752 3477 804 dicas.
3526 753 3565 805 Ι,
3602 753 3680 819 pis

2114 840 2340 889 emissus
2386 847 2469 891 est
2507 853 2686 891 sermo
2725 842 2997 905 prolatus;
3042 854 3363 909 quapropter
3398 844 3489 896 diu
3519 854 3672 898 ante-

2111 940 2268 992 quam
2310 927 2608 992 proferatur
2635 928 2946 993 cogitandus
2986 938 3089 983 est.
3130 931 3287 985 Beata
3321 933 3514 1002 quippe
3544 935 3675 986 labia

2113 1024 2254 1076 sunt,
2301 1031 2421 1084 quae
2465 1032 2731 1085 nunquam
2775 1017 2916 1086 quod
2965 1033 3215 1073 revocare
3255 1022 3444 1074 iterum
3494 1023 3676 1090 velint,

2111 1103 2379 1156 emittunt.
2409 1105 2619 1158 Pudice
2651 1106 2845 1160 mentis
2874 1121 3052 1160 sermo
3082 1110 3241 1161 etiam
3263 1108 3417 1162 debet
3442 1126 3562 1165 esse
3585 1129 3678 1176 ptt-

2109 1193 2280 1256 dicus,
2324 1193 2413 1259 qui
2454 1193 2683 1247 aedificet
2724 1209 2937 1262 semper
2974 1201 3161 1263 magis,
3202 1213 3356 1264 quam
3394 1200 3678 1266 aliquando

2108 1282 2344 1335 destruat
2383 1283 2678 1346 audientes.
2719 1273 3009 1339 secundum
3054 1288 3193 1352 quod
3234 1291 3482 1353 prmi-epit
3532 1294 3672 1358 Apo-

2108 1371 2273 1423 Stolus
2296 1370 2479 1424 dicens
2512 1386 2527 1422 :
2572 1372 2747 1423 Omnis
2776 1389 2939 1425 sermo
2975 1376 3141 1426 malus
3175 1391 3240 1427 ea:
3264 1393 3351 1428 ore
3386 1387 3545 1429 vestro
3571 1395 3672 1430 non

2105 1458 2350 1525 procedat
2377 1474 2396 1512 :
2423 1460 2509 1512 sed
2534 1461 2579 1511 si
2607 1462 2718 1528 quis
2746 1461 2904 1512 bonus
2933 1464 3000 1514 ad
3028 1463 3418 1529 mdiﬁeationem
3441 1466 3580 1531 fidei,
3612 1480 3670 1522 ut

2104 1549 2185 1600 det
2212 1549 2424 1615 gratiam
2452 1551 2772 1602 audientibus
2807 1551 3018 1619 (Ephes.
3049 1567 3124 1614 tv,
3149 1553 3264 1617 ‘29).
3300 1554 3529 1608 Pretiosa
3554 1554 3666 1609 Deo

2105 1637 2280 1706 lingua
2317 1649 2419 1702 est,
2463 1655 2579 1706 qua:
2611 1656 2712 1692 non
2747 1641 2862 1693 sine
2899 1642 3093 1701 divinis
3134 1643 3289 1695 rebus
3329 1647 3474 1697 novit
3511 1619 3668 1698 ναίω

2102 1736 2446 1788 construere;
2493 1739 2548 1782 et
2588 1741 2830 1784 sanctum
2873 1745 2952 1785 os.
3001 1733 3138 1783 unde
3180 1735 3416 1788 ctefestia
3457 1717 3671 1799 semper

2102 1816 2309 1884 eloquia
2346 1817 2705 1882 proferuntur.
2745 1817 3061 1873 Absentiam
3101 1824 3488 1876 obtrectatores
3516 1823 3667 1889 qna-i

2035 1889 2080 1946 Β
2106 1904 2384 1970 malignos,
2428 1904 2719 1969 Sctipturze
2755 1908 3071 1960 auctoritate
3114 1908 3326 1962 deterre
3357 1927 3368 1960 :
3406 1912 3534 1978 .qnia
3560 1916 3667 1962 hoc

2019 3215 2068 3276 ο

2101 1992 2238 2048 inter
2266 1993 2485 2046 virtutes
2512 1994 2731 2060 perfecti
2764 1995 2990 2048 hominis
3032 1998 3294 2064 Propheta
3330 2013 3659 2052 commento-

2102 2090 2204 2146 rat,
2237 2084 2280 2136 si
2311 2093 2435 2137 ante
2478 2095 2821 2151 conspectum
2845 2086 2971 2152 justi
3020 2087 3280 2154 malignus
3322 2088 3411 2140 ad
3437 2088 3664 2141 nihilum

2100 2170 2412 2236 deducatur,
2441 2172 2529 2240 qui
2559 2182 2741 2226 contra
2774 2174 3070 2241 proximum
3098 2191 3201 2229 non
3242 2176 3506 2243 probanda
3537 2193 3667 2245 pro-

2103 2264 2307 2317 tulerit.
2341 2265 2454 2317 Non
2487 2264 2607 2317 licet
2636 2264 2728 2317 tibi
2749 2267 2967 2319 a'terius
2987 2267 3424 2334 vituperationem
3451 2269 3661 2333 patir-n-

2106 2363 2187 2407 ter
2215 2352 2429 2416 audire;
2461 2349 2582 2420 quia
2606 2367 2706 2406 nec
2734 2351 2802 2407 ab
2822 2353 2940 2407 aliis
2962 2362 3111 2422 optas
3134 2356 3296 2423 recipi
3325 2365 3463 2408 tuam
3487 2355 3664 2423 (Psal.

2101 2457 2277 2506 Lxxtv,
2311 2444 2386 2510 5).
2420 2441 2674 2507 lnjustum
2701 2441 2894 2510 quippe
2919 2451 2998 2495 est
3025 2443 3274 2513 quidquid
3304 2454 3485 2497 contra
3505 2443 3669 2497 Chr.-

2104 2534 2170 2585 sti
2205 2531 2547 2598 Evangelinm
2581 2533 2744 2590 venit,
2775 2534 2816 2584 si
2849 2524 3004 2584 alteri
3034 2532 3173 2599 quod
3202 2526 3294 2586 tibi
3323 2533 3390 2585 ab
3414 2533 3517 2585 alio
3548 2532 3664 2585 fieri

2101 2624 2384 2674 molestum
2405 2631 2503 2682 est,
2535 2621 2752 2686 patiaris
2781 2620 2984 2673 inferri.
3014 2622 3234 2688 Semper
3256 2623 3483 2689 linguam
3514 2629 3663 2674 tuam
3739 2643 3744 2646 ·

2099 2712 2168 2764 de
2197 2711 2346 2762 bonis
2382 2711 2521 2777 loqui
2559 2709 2837 2772 adsuesce,
2865 2720 2919 2764 et
2949 2710 3184 2764 auditum
3219 2720 3363 2762 tuum
3398 2711 3463 2761 ad
3496 2713 3664 2763 bono-

2101 2816 2215 2852 rum
2233 2801 2396 2864 tuagis
2419 2799 2650 2864 laudem,
2667 2815 2821 2874 quam
2847 2801 2909 2852 ad
2934 2802 3191 2854 malorum
3220 2799 3662 2868 vituperatiOnem

2099 2890 2465 2943 accommoda.
2522 2890 2651 2943 Vide
2696 2899 2753 2943 ut
2788 2893 2961 2943 omnia
3000 2905 3325 2959 quzrcunque
3369 2891 3662 2953 benefacis,

2103 2990 2314 3049 propter
2345 2981 2508 3034 Deum
2543 2980 2733 3044 facias;
2758 2984 2930 3035 sciens
2952 2982 3066 3048 ejus
3087 2983 3161 3035 rei
3192 2991 3391 3034 tantum
3420 2992 3472 3034 te
3499 2997 3528 3034 a
3556 2982 3666 3035 Dii-

2101 3072 2245 3123 mi-io
2274 3081 2605 3138 recepturam
2633 3086 2751 3126 esse
2780 3068 3099 3137 mercedem,
3126 3088 3281 3141 quam
3311 3072 3426 3140 ejus
3453 3074 3663 3126 timoris

2100 3171 2153 3216 et
2192 3163 2490 3215 dilectionis
2529 3177 2686 3215 causa
2733 3164 3036 3229 pet-feceris.
3093 3164 3284 3216 Sancta
3336 3163 3499 3230 magis
3537 3179 3664 3220 esse

2095 3265 2254 3321 quam
2280 3250 2444 3304 videri
2475 3252 2628 3305 stude
2656 3269 2667 3302 :
2698 3252 2818 3320 quia
2850 3252 2976 3304 nihil
3006 3253 3218 3318 prodest
3240 3251 3488 3305 :cstimari
3515 3266 3583 3322 qn
3623 3251 3662 3304 ιι

2097 3356 2200 3394 non
2240 3343 2309 3395 sit
2345 3360 2356 3393 :
2400 3352 2452 3396 et
2478 3343 2703 3410 duplicis
2733 3342 2930 3410 peccati
2973 3355 3145 3395 reatus
3185 3351 3287 3405 est,
3328 3356 3429 3394 noo
3461 3341 3664 3396 habete

2094 3421 2233 3501 quod
2257 3432 2510 3498 creditur,
2538 3440 2593 3485 et
2618 3432 2757 3500 quod
2783 3446 2885 3486 non
2918 3431 3110 3487 habeas
3137 3431 3403 3486 simulare.

2167 3525 2253 3578 l7.
2296 3523 2350 3577 In
2391 3524 2607 3591 jejuriiis
2656 3524 2823 3593 magis
2869 3539 3025 3592 quam
3057 3523 3109 3576 in
3149 3522 3318 3588 epulis
3362 3520 3449 3574 del
3483 3529 3657 3580 ctare.

2096 3612 2236 3666 illius
2262 3613 2434 3666 vidua
2471 3627 2696 3678 memor,
2737 3627 2856 3679 quae
2883 3603 2988 3665 non
3018 3611 3320 3666 discedebat
3356 3610 3423 3664 de
3453 3610 3662 3677 templo

2090 3701 2302 3770 jejuniis
2323 3711 2378 3756 et
2405 3701 2864 3757 obsecrationibus
2894 3702 2999 3756 Deo
3017 3702 3258 3756 serviens
3275 3699 3361 3754 die
3387 3714 3448 3751 at:
3472 3707 3661 3754 noete.

2099 3791 2160 3842 tt
2189 3790 2232 3842 si
2262 3789 2418 3843 vidua
2447 3792 2662 3859 quidem
2689 3792 2738 3844 in
2759 3790 2938 3844 Judsea
2960 3789 3079 3843 talis
3102 3799 3213 3842 erat
3237 3804 3252 3851 ;
3280 3788 3488 3855 qualem
3511 3804 3664 3842 nunc

2096 3877 2353 3947 virginem
2384 3879 2633 3933 convenit
2659 3893 2780 3932 esse
2811 3876 3030 3931 Christi.
3062 3873 3260 3931 Divina:
3283 3875 3449 3946 magis
3471 3877 3664 3930 lectio-

2093 3967 2176 4020 nis
2204 3968 2504 4020 convivium
2535 3968 2718 4034 dilige,
2757 3977 2810 4019 et
2846 3965 3172 4034 spiritalibus
3204 3977 3256 4019 te
3292 3967 3515 4019 saturari
3551 3965 3660 4016 da-

2079 4057 2248 4123 .pibua
2271 4056 2622 4123 concupisce;
2652 4067 2705 4108 et
2727 4057 2848 4109 illos
2871 4057 3046 4123 potius
3074 4071 3250 4122 quaere
3271 4054 3435 4114 cibos,
3459 4053 3662 4122 quibus

2090 4147 2265 4199 anima
2301 4147 2467 4213 magis
2495 4161 2654 4213 quam
2694 4147 2889 4212 corpd~~
2926 4146 3215 4199 rellciatur.
3245 4141 3435 4195 Carnis
3462 4151 3515 4195 ct
3539 4142 3656 4196 viui

2091 4237 2296 4300 species
2316 4235 2464 4301 quasi
2494 4233 2945 4288 calorimfomenta
2967 4243 3021 4287 et
3048 4233 3277 4286 libidinis
3307 4232 3658 4287 incitamenta

2091 4324 2234 4393 fuge.
2261 4332 2489 4387 et'tunc,
2519 4324 2563 4376 si
2600 4322 2760 4387 forte,
2801 4323 2926 4376 vino
2960 4322 3147 4390 exiguo
3176 4331 3344 4382 utere,
3374 4336 3495 4389 cum
3536 4330 3659 4375 sto-

2092 4417 2263 4471 niachi
2294 4417 2447 4470 dolor
2477 4427 2530 4470 et
2559 4417 2717 4469 nimia
2752 4416 2991 4483 corporis
3024 4414 3306 4480 compellat
3344 4412 3656 4466 infirmitas.

2094 4507 2418 4560 lracundiam
2452 4507 2629 4568 vince;
2657 4506 3045 4559 animositatem
3069 4504 3287 4564 cohibe;
3311 4511 3366 4554 et
3389 4502 3655 4571 quidquid

2092 4599 2217 4651 illttd
2239 4597 2494 4667 est,quod
2521 4606 2640 4665 post
2665 4595 2860 4650 factum
2889 4594 3245 4664 pmnitentiam
3275 4594 3483 4663 ingerit,
3501 4594 3660 4648 velut

2090 4690 2312 4755 proximi
2336 4688 2573 4741 criminis
2600 4685 3048 4739 abominatinnem
3081 4684 3308 4737 declina.
3339 4683 3480 4735 Satis
3511 4691 3663 4735 tran-

2087 4778 2302 4844 qnillam
2331 4785 2387 4829 et
2409 4777 2640 4842 quietam
2665 4774 2908 4828 convenit
2929 4788 3047 4826 esse
3065 4780 3310 4834 mentem,
3334 4781 3386 4824 et
3411 4771 3478 4823 ab
3497 4775 3657 4824 omni

2088 4867 2486 4934 perturbatione
2521 4866 2713 4919 luroris
2739 4866 2988 4925 alienam,
3022 4877 3141 4932 quze
3171 4862 3261 4916 Du-i
3285 4861 3656 4916 bab‘taculuzn

2086 4973 2204 5011 esse
2225 4957 2522 5019 desiderat;
2553 4956 2643 5022 qui
2673 4970 2764 5023 per
2792 4955 3108 5022 Prophetam
3138 4964 3362 5009 testatur
3387 4963 3441 5005 et
3469 4951 3601 5011 dicit
3639 4976 3654 5005 ;

2089 5047 2255 5114 Super
2278 5063 2424 5116 quem
2451 5048 2757 5112 requiescam
2788 5046 2967 5109 alium,
3003 5047 3103 5098 nisi
3139 5061 3289 5114 super
3316 5044 3553 5096 humilem
3599 5057 3662 5099 et

2085 5142 2330 5208 quietum,
2379 5149 2424 5192 et
2473 5147 2762 5190 trementem
2805 5137 2951 5189 verba
2993 5152 3103 5190 mea
3150 5120 3337 5204 (Isaia
3363 5150 3506 5194 var,
3546 5135 3608 5194 3i
3636 5132 3666 5186 ἲ

2086 5227 2331 5282 Omnium
2375 5242 2594 5295 operum
2651 5235 2706 5279 et
2739 5225 3112 5290 cogitationum
3153 5235 3360 5278 tuarum
3403 5224 3666 5289 specula-

2087 5329 2256 5370 torem
2279 5317 2443 5370 Dettm
2461 5315 2645 5379 crede,
2669 5323 2722 5369 et
2737 5329 2865 5367 cave
2888 5330 2952 5367 ne
2974 5315 3258 5382 quidquam
3282 5311 3420 5378 quod
3447 5311 3666 5368 divinis

2084 5401 2252 5454 oculis
2282 5400 2550 5468 indignum
2581 5401 2667 5460 sit,
2695 5408 2785 5450 aut
2806 5399 3062 5465 opereris,
3091 5405 3180 5448 aut
3205 5395 3424 5462 cogites.

2157 5490 2243 5542 18.
2281 5490 2413 5542 Cum
2441 5490 2734 5542 orationem
2761 5487 3030 5541 celebrare
3056 5485 3326 5537 desideras
3344 5524 3360 5546 ,
3389 5482 3546 5534 talem
3593 5492 3667 5535 te

2084 5580 2275 5634 exhibe
2296 5577 2445 5647 quasi
2464 5593 2581 5645 qua:
2603 5579 2676 5631 sis
2695 5592 2810 5630 cum
2828 5577 3052 5629 Domino
3076 5574 3333 5625 locutura.
3356 5570 3485 5624 Cum
3510 5573 3668 5636 psal-

2085 5686 2226 5724 tnutn
2257 5668 2407 5731 dicis,
2437 5669 2589 5732 cujus
2629 5666 2787 5719 verba
2825 5665 2956 5718 dicis
2993 5677 3250 5731 agnosce;
3294 5670 3348 5712 et
3390 5660 3442 5714 in
3491 5673 3665 5712 cum-

2083 5759 2365 5831 punctiottc
2389 5759 2553 5823 magis
2584 5749 2745 5809 animi
2777 5771 2931 5824 quam
2957 5754 3008 5806 in
3038 5752 3250 5806 linnttlx
3278 5751 3422 5806 vocis
3460 5746 3668 5803 dulce:
