3828 6368
557 403 653 457 107

1509 400 1566 456 S.
1609 397 1900 456 AIBROSI
1940 396 2479 467 HEDIOLANENSIS
2520 399 2818 457 EPISCOPI
3679 410 3759 463 l08

552 525 717 581 recto,
746 524 1031 569 occurrunt
1052 512 1109 567 S.
1137 511 1311 564 Basilii
1343 509 1510 579 Magni
1541 509 1780 563 lnstituta
1816 506 2103 561 monacho-
2131 508 2182 565 Α
2209 513 2339 571 test,
2383 507 2599 561 eosdem
2647 508 2983 563 Ambrosium
3028 506 3276 565 habuisse
3311 511 3457 567 feriis
3504 514 3759 571 Paschali-

551 617 698 666 rum,
738 619 856 673 quat
878 606 931 658 in
961 614 1087 657 tom.
1116 603 1155 656 ll
1186 616 1332 670 oper.
1362 601 1491 654 edit.
1537 598 1794 651 Parisien.
1835 612 1925 648 an.
1967 594 2101 649 1750

551 708 580 744 a
599 692 702 746 col.
724 694 827 747 327
857 694 996 747 edita
1022 702 1175 759 sunt,
1206 706 1427 761 qua!th
1465 687 1565 742 hoc
1598 688 1751 741 titulo
1778 687 2104 754 prmsignano

552 789 637 835 tur
668 781 720 835 in
756 782 938 835 codice
969 799 984 834 :
1021 799 1041 833 ι
1073 781 1314 835 lnstituta
1343 776 1721 831 monachorum
1758 776 1925 828 sancti
1961 775 2107 827 Basi-

553 867 636 923 lici
649 865 769 937 (sic)
786 869 1019 937 episcopi
1036 866 1396 922 Caesariensis
1410 865 1778 935 Cappadociae
1795 864 1846 917 in
1867 861 2101 917 Christo.

548 958 801 1027 Prologus
838 961 1006 1013 sancti
1036 958 1207 1013 Ruﬁni
1238 956 1585 1027 praesbyteri.
1616 973 1637 1007 ι
1670 954 1831 1008 Miror
1859 952 1927 1007 cl.
1968 951 2103 1007 Fon-

548 1049 820 1112 taniniutn,
856 1050 1093 1117 quamvis
1127 1048 1267 1102 hunc
1294 1048 1533 1102 codicem
1562 1044 1810 1109 vidisset,
1844 1044 1984 1097 haud
2026 1052 2106 1098 ta-

548 1153 668 1192 men
718 1137 1152 1193 animadvertisse
1203 1136 1450 1191 Ruﬁnum
1512 1145 1752 1188 sanctum
1810 1131 2101 1201 appellari;

544 1225 687 1292 quod
730 1208 945 1293 quidem
996 1224 1125 1279 aliis
1174 1233 1412 1279 notasset
1457 1223 1508 1277 in
1554 1224 1655 1277 ﬁne
1699 1235 1808 1277 sua:
1860 1221 2105 1276 Historia:

546 1318 926 1387 Aquileiensis,
970 1318 1120 1385 cujus
1167 1318 1220 1372 in
1253 1328 1519 1385 postremo
1555 1313 1885 1383 paragrapho
1927 1310 2105 1366 Ruﬁni

547 1407 727 1460 laudes
778 1407 1072 1469 recensuit,
1112 1417 1164 1460 et
1207 1407 1275 1460 de
1320 1407 1412 1459 illo
1456 1412 1514 1458 ut
1551 1406 1619 1458 de
1662 1410 1851 1457 sancto
1900 1402 2106 1457 monuit

544 1496 857 1564 scripturum
887 1497 1001 1551 fore
1028 1496 1357 1549 Ballandum.
1403 1495 1618 1549 Detnum
1660 1493 1752 1547 fol.
1790 1492 1894 1547 200
1936 1503 2102 1557 recto,

546 1600 740 1647 usttt,
778 1593 859 1637 est
900 1599 1107 1649 sermo,
1151 1584 1241 1653 qui
1290 1582 1635 1637 inscribitur:
1673 1600 1691 1633 ι
1742 1580 1885 1649 lncp.
1924 1596 2103 1635 sermo

543 1675 707 1727 sancti
736 1674 1011 1743 Augustini
1034 1673 1099 1727 de
1119 1673 1528 1728 resurrectione.
1549 1690 1567 1721 ι
1598 1670 1749 1726 Hunc
1770 1684 2099 1735 sermonem,

540 1763 629 1830 qui
655 1764 775 1816 olim
807 1764 945 1817 inter
972 1764 1032 1816 S.
1061 1763 1317 1830 Fulgentii
1347 1761 1541 1830 scripta
1574 1761 1968 1825 recensebatur,
2002 1762 2102 1813 Be-

2214 599 2327 669 lius.
2370 599 2517 652 Enim
2548 614 2675 654 vero
2701 601 2841 668 quod
2863 600 2991 654 dicit
3016 602 3183 669 primo
3196 617 3477 671 sermone,
3516 620 3612 660 eos
3639 607 3757 660 allo-

2205 689 2328 755 qtti,
2365 688 2455 753 qui
2499 688 2604 741 Deo
2647 688 2760 755 ipsa
2801 688 3093 742 devotionis
3133 691 3462 758 professione
3494 694 3604 762 jam
3643 710 3756 761 pro-

2209 777 2336 829 ximi
2360 776 2594 845 deputati
2625 788 2747 830 sunt
2771 779 2908 833 caelo
2935 780 3040 847 (ως
3071 789 3126 833 ct
3147 782 3341 836 clarius
3379 784 3431 836 in
3462 786 3640 850 tertio,
3668 786 3754 853 qui

2208 868 2416 935 pompis
2436 877 2489 921 et
2518 867 2700 923 mundi
2726 868 3084 925 voluntatibus
3120 872 3365 939 abiectis,
3408 872 3610 927 meliori
3639 888 3757 926 con-

2206 970 2363 1008 cursu
2392 956 2456 1009 ad
2486 958 2679 1011 ctelum
2706 959 2983 1013 transitum
3015 959 3282 1025 fecerant,
3309 962 3503 1031 quique
3526 967 3593 1017 ab
3618 961 3755 1016 omni

2206 1042 2341 1097 facie
2382 1047 2713 1115 contagionis
2740 1048 2969 1117 antiquae
3000 1050 3095 1119 per
3132 1054 3585 1118 regenerationem
3623 1054 3754 1107 salu-

2206 1133 2334 1186 taris
2361 1132 2557 1187 lavacri
2584 1137 2818 1204 purgati,
2846 1146 2897 1207 et
2924 1150 3018 1206 per
3041 1127 3355 1207 baptismum
3398 1142 3589 1197 mortui
3618 1153 3755 1198 usta-

2206 1222 2345 1277 libus
2366 1223 2568 1287 mundi,
2588 1225 2854 1279 nobilitatii
2868 1241 2962 1297 per
2979 1228 3201 1296 gratiam
3225 1231 3330 1284 nati
3355 1242 3478 1286 sunt
3498 1234 3634 1287 caelo
3658 1235 3753 1302 (c);

2206 1311 2258 1367 id
2287 1314 2498 1381 quidem
2527 1314 2825 1383 signiﬁcare
2854 1318 3079 1384 videtur,
3108 1320 3264 1375 verba
3291 1322 3355 1374 ad
3385 1321 3589 1390 plebem
3613 1322 3755 1390 ﬁeri,

2205 1417 2322 1470 quae
2378 1403 2486 1468 jam
2543 1403 2801 1472 baptisma
2839 1444 2855 1469 ,
2918 1405 2984 1461 ad
3038 1408 3175 1475 quod
3234 1410 3443 1464 nonnisi
3484 1411 3535 1465 itt
3590 1412 3757 1481 pervi-

2204 1491 2331 1557 gilio
2377 1491 2592 1545 Pascite
2641 1493 3049 1564 admittebatur,
3094 1508 3387 1565 receperat.
3449 1500 3560 1554 Ilue
3601 1500 3755 1555 etiam

2204 1580 2329 1634 addi
2368 1590 2568 1649 potest,
2602 1583 2711 1637 illic
2748 1582 2804 1638 S.
2831 1585 3101 1641 doctorem
3144 1588 3209 1641 de
3239 1588 3488 1643 ineﬁ‘abili
3522 1591 3757 1644 lucarna-

2207 1669 2367 1723 tionis
2396 1671 2647 1741 mysterio
2676 1672 2967 1729 clarissime
3000 1674 3141 1743 loqui
3186 1676 3286 1745 (ά),
3311 1678 3451 1745 quod
3488 1679 3758 1732 studiosis—

2204 1761 2339 1812 sime
2368 1769 2491 1833 tunc
2520 1761 2776 1826 temporis
2804 1760 3034 1815 nondum
3069 1763 3345 1832 baptizatis
3383 1764 3632 1821 celabant
3672 1783 3757 1819 an-

542 1852 784 1905 oedictini
835 1853 1068 1925 editores
1112 1866 1263 1920 oper.
1305 1851 1367 1905 S.
1401 1850 1678 1917 Augustini
1728 1848 2098 1916 bujusnostri
2131 1844 2175 1903 Β
2206 1850 2427 1911 tistites;
2470 1848 2732 1919 simulque
2760 1850 3009 1920 explicari
3056 1855 3256 1922 accepti
3291 1855 3400 1922 jam
3448 1860 3758 1912 sacramenti

540 1950 597 1995 et
630 1942 844 1997 alterius
871 1942 1071 1996 codicis
1098 1941 1410 1995 auctoritate
1449 1939 1616 1993 inuisi
1648 1938 1927 2007 Fulgentio
1953 1939 2102 2005 abju-

540 2032 812 2100 dicamut,
850 2042 906 2086 et
952 2032 1092 2086 inter
1128 2031 1384 2100 genuinos
1416 2030 1553 2085 fetus
1601 2030 1880 2098 Augustini
1918 2030 2100 2097 vulga-

540 2132 663 2176 runt
699 2131 827 2178 tom.
853 2121 918 2177 ν.
952 2130 1091 2189 part.
1122 2128 1168 2185 t,
1199 2121 1301 2173 col.
1346 2119 1503 2173 1024.
1533 2119 1641 2172 llic
1665 2132 1845 2171 sermo
1885 2133 2104 2173 mancus

538 2222 621 2268 est
655 2212 708 2266 in
736 2212 949 2275 codice,
975 2212 1062 2280 qui
1105 2210 1309 2265 duabus
1352 2209 1575 2279 integris
1620 2208 1845 2279 pagellis
1889 2210 2103 2267 mutilus

538 2311 651 2368 est,
690 2303 879 2373 quibus
918 2317 1021 2357 non
1069 2300 1227 2356 modo
1267 2300 1424 2370 hujus
1465 2302 1730 2354 sermonis
1777 2300 1958 2353 amisit
2003 2314 2101 2367 po-

535 2402 730 2447 strema
764 2393 926 2447 verba
944 2430 961 2456 ,
994 2405 1178 2445 verum
1203 2391 1367 2444 etiam
1396 2389 1617 2443 alterius
1645 2388 1885 2456 ejusdem
1911 2387 1966 2442 S.
1996 2391 2102 2442 Au-

536 2482 729 2551 gustini
774 2482 1063 2545 sermonis,
1093 2480 1182 2549 qui
1229 2479 1395 2533 nostri
1444 2476 1645 2532 codicis
1694 2486 1836 2531 esset
1886 2493 2099 2543 Lxstttt,

536 2584 753 2641 prorsus
777 2570 902 2625 fecit
923 2569 1219 2639 iacturam,
1242 2568 1397 2637 cujus
1426 2568 1610 2623 titulus
1644 2566 1817 2621 adhuc
1842 2568 1894 2621 in
1929 2568 2103 2624 iudice

538 2661 630 2715 fol.
660 2661 762 2715 129
800 2670 966 2721 recto,
990 2660 1067 2714 sic
1101 2659 1290 2728 legitur
1312 2671 1331 2710 :
1362 2674 1382 2709 t
1414 2658 1545 2713 ltem
1575 2656 1815 2711 eiusdem
1849 2657 1901 2711 in
1930 2659 2102 2726 capite

536 2750 657 2806 libri
684 2760 859 2805 seruio
887 2751 955 2804 de
980 2748 1244 2803 uersiculo
1286 2746 1475 2815 psalmi
1512 2745 1823 2801 undecimi:
1858 2745 1957 2810 Tu,
2002 2745 2103 2800 Do-

538 2840 691 2903 mine,
719 2839 943 2892 seruabis
969 2854 1083 2904 nos,
1112 2846 1160 2890 et
1186 2836 1437 2889 custodias
1466 2851 1559 2889 nos
1597 2850 1629 2887 α
1658 2835 1978 2904 generatione
2007 2837 2123 2889 ista.

538 2942 691 2995 usque
717 2928 767 2979 in
796 2934 1076 2979 aeternum.
1112 2944 1129 2977 ι

611 3016 696 3069 ιχ.
727 3016 1041 3085 Conjectura:
1064 3017 1125 3068 de
1146 3016 1590 3069 Ambrosianorum
1616 3030 1903 3093 sermonum
1930 3024 2098 3082 relate,

539 3116 585 3160 ιι
613 3115 829 3175 tempore
855 3112 956 3175 quo
997 3106 1155 3158 habiti
1195 3112 1332 3160 sun’.
1359 3132 1429 3146 -—-—
1457 3105 1561 3159 Sed
1608 3108 1771 3159 misso
1809 3107 1993 3161 codice
2034 3106 2098 3160 ad

2204 1938 2531 2005 baptismatis
2556 1938 2775 1993 effectus
2807 1941 2903 2007 (e):
2935 1948 3094 2008 atque
3127 1942 3397 1997 auditores
3427 1943 3661 2007 hortari,
3698 1960 3758 1999 ne

2201 2041 2321 2079 cum
2358 2026 2572 2091 smcttlo,
2599 2029 2684 2081 cui
2725 2029 2777 2080 in
2819 2030 2904 2082 die
2934 2030 3327 2098 redemptionis,
3360 2033 3411 2086 id
3452 2046 3534 2087 est
3565 2034 3759 2103 baptis-

2202 2116 2381 2180 matis,
2420 2130 2524 2184 quo
2553 2118 2847 2185 consignati
2893 2116 3101 2172 fuerant
3128 2119 3344 2187 Spiritui
3395 2132 3599 2187 sancto,
3650 2123 3761 2175 vale

2202 2203 2481 2269 dixerant,
2531 2202 2715 2257 ullam
2746 2205 2797 2259 in
2846 2218 3117 2273 posterum
3173 2210 3484 2263 societatem
3540 2211 3760 2275 inirent,

2204 2295 2323 2361 quia
2356 2303 2585 2348 veterem
2618 2295 2884 2351 hominem
2925 2296 3138 2365 spoliati
3167 2306 3221 2351 et
3254 2295 3466 2352 Christo
3497 2315 3762 2355 commot-

2208 2382 2314 2445 tui,
2361 2398 2427 2436 eo
2469 2384 2674 2437 scilicet
2711 2384 2797 2439 die
2840 2399 3032 2439 novum
3092 2386 3360 2441 hominem
3403 2388 3603 2456 induti,
3646 2408 3762 2445 cum

2206 2472 2319 2541 ipso
2342 2475 2643 2528 revixerant
2674 2475 2761 2546 (ι’).
2796 2476 2983 2531 Verum
3014 2478 3058 2531 si
3086 2479 3202 2547 quis
3238 2477 3289 2533 id
3319 2494 3422 2533 non
3462 2482 3592 2536 satis
3626 2484 3764 2537 clare

2204 2582 2269 2622 ex
2303 2568 2494 2635 prioris
2518 2570 2777 2624 sermonis
2803 2578 3053 2624 contextu
3093 2571 3264 2625 eviuci
3308 2584 3485 2642 putat,
3526 2589 3589 2629 eo
3626 2578 3763 2645 quod

2206 2660 2368 2713 relata
2410 2663 2572 2713 verba
2612 2660 2677 2713 ad
2707 2664 3116 2717 catechumenos
3145 2671 3199 2718 et
3236 2675 3595 2734 competentes
3622 2682 3763 2722 com-

2206 2750 2363 2805 mode
2393 2752 2578 2805 reterri
2618 2761 2843 2816 queant,
2871 2756 2918 2806 ei
2953 2767 3058 2808 non
3084 2754 3373 2822 obsistam;
3413 2766 3467 2811 et
3492 2758 3535 2811 si
3576 2760 3630 2811 in
3672 2758 3763 2810 hac

2205 2840 2467 2896 sententia
2500 2840 2732 2909 primum
2762 2858 3063 2899 sermonem
3106 2862 3166 2901 ac
3203 2848 3428 2902 alterum
3457 2849 3524 2903 ad
3564 2864 3764 2916 prace-

2204 2930 2419 2984 dehtettt
2469 2930 2974 3001 Quadrag’esimam;
3018 2951 3117 3003 qua
3167 2937 3475 3000 quotidiano
3518 2951 3765 2992 sermone

2204 3022 2616 3076 catechumenos
2658 3030 2714 3076 et
2760 3032 3122 3093 competentes
3162 3026 3387 3079 docebat
3426 3025 3764 3090 Ambrosius,

2206 3113 2479 3166 remittere
2521 3112 2698 3177 malit,
2740 3128 2844 3167 non
2892 3116 3209 3182 repugnabo.
3258 3114 3405 3169 Haud
3437 3130 3522 3169 me
3552 3116 3679 3170 latet
3708 3115 3766 3170 S.

539 3196 917 3250 Ambrosianus
960 3209 1233 3251 sermones
1273 3194 1603 3249 redeundum
1645 3203 1746 3249 est.
1781 3193 1921 3248 Fieri
1959 3194 2100 3247 enim
2130 3180 2177 3239 (ἶ
2207 3199 2545 3254 Ambrosium
2587 3202 2931 3269 baptizandus
2954 3180 3039 3255 adv
3064 3204 3395 3257 terrestrium
3423 3220 3601 3258 rerum
3642 3220 3766 3259 con-

539 3301 641 3340 nou
672 3294 840 3353 potest
880 3294 937 3337 ut
978 3287 1045 3341 ab
1073 3285 1178 3339 illis
1203 3284 1473 3351 recedam,
1518 3286 1825 3353 priusquam
1855 3286 1922 3338 de
1965 3294 2097 3338 tem-

540 3390 688 3441 pore,
716 3390 819 3442 quo
850 3375 1011 3427 habiti
1042 3382 1166 3429 sunt
1186 3414 1201 3440 ,
1232 3381 1579 3443 quastionem
1608 3374 1796 3429 saltem
1822 3376 2098 3442 attingam.

540 3464 703 3517 Porro
723 3464 831 3531 jam
864 3472 1081 3517 auctore
1116 3463 1352 3533 cognito,
1394 3478 1700 3518 sermonum
1737 3479 1946 3533 quoque
1973 3472 2101 3517 aetas

537 3566 803 3627 comperta
840 3562 941 3608 est.
972 3553 1324 3608 Nihilominus
1354 3554 1422 3608 de
1449 3570 1589 3608 anno
1614 3569 1722 3623 quo
1749 3555 1912 3608 habiti
1946 3566 2099 3617 sunt,

540 3648 669 3701 nihil
705 3649 835 3701 certi
882 3647 1092 3704 habeo:
1130 3657 1185 3702 et
1225 3650 1271 3702 si
1313 3648 1437 3717 quid
1484 3650 1832 3719 coniecturis,
1876 3665 2099 3718 quarum

540 3747 712 3791 tamen
733 3737 990 3805 judicium
1018 3737 1281 3807 integrum
1312 3740 1433 3793 volo
1464 3754 1583 3793 esse
1613 3754 1776 3807 penes
1812 3740 2065 3794 lectorem
2084 3779 2099 3803 ,

540 3829 691 3884 liceat
743 3829 1050 3900 indulgere,
1083 3828 1204 3886 illos
1244 3845 1385 3885 anno
1423 3830 1527 3885 589
1574 3830 1709 3885 haud
1757 3834 1924 3886 multo
1965 3834 2102 3886 anti-

537 3924 748 3989 quiores
784 3922 1032 3977 arbitror.
1061 3920 1190 3977 Cum
1234 3924 1376 3977 enim
1422 3922 1473 3975 in
1513 3921 1714 3976 ei-dem
1761 3924 1959 3979 mentio
1992 3934 2099 3979 tum

537 4012 878 4067 ecclesiastici
928 4024 1149 4079 cautus,
1206 4029 1327 4069 cum
1366 4014 1725 4084 psalmorum,
1778 4015 2098 4086 hymnorum

538 4098 598 4153 et
628 4100 951 4170 vigiliarum,
979 4117 1137 4172 quam
1180 4101 1511 4173 diaciplinam
1557 4104 1835 4161 Mediolani
1877 4106 1934 4161 S.
1966 4108 2097 4161 Am-

540 4191 743 4246 brosius
769 4208 911 4248 anno
937 4196 1042 4250 386
1076 4194 1286 4249 circiter
1315 4186 1644 4265 instituerat,
1676 4212 1775 4252 nec
1804 4198 1971 4254 semel
2002 4213 2100 4255 nec

535 4282 755 4337 obscure
799 4283 889 4337 ﬁat
927 4278 1050 4353 (a);
1088 4294 1212 4340 ante
1260 4285 1387 4340 illud
1434 4294 1641 4356 tempus
1684 4287 1782 4342 hos
1824 4303 2101 4345 sermones

536 4375 758 4441 scriptos
786 4374 967 4439 fuisse,
995 4376 1278 4431 dicendum
1303 4390 1407 4431 non
1433 4387 1534 4432 est.
1564 4377 1631 4432 Et
1658 4378 1774 4433 haec
1796 4381 2099 4449 conjectura

536 4461 658 4514 inde
692 4460 930 4517 fortassis
960 4465 1262 4519 conﬁrmari
1299 4475 1501 4533 potest,
1530 4467 1673 4537 quod
1710 4468 1765 4523 in
1798 4473 1956 4525 tertio
1984 4488 2090 4527 ser-

536 4564 693 4603 mone
719 4552 881 4604 multa
912 4550 1224 4617 habeantur,
1252 4568 1372 4623 quae
1400 4564 1456 4609 ut
1476 4556 1600 4611 alibi
1631 4570 1957 4625 praenotasse
1984 4578 2095 4617 me-

534 4639 696 4705 mini,
728 4640 1052 4698 difﬁcillimis
1090 4642 1309 4700 institue
1346 4647 1730 4715 persecutionis
1767 4653 2095 4720 temporibus

534 4733 767 4796 apprime
794 4735 1077 4789 convenire
1121 4735 1397 4803 videntur;
1438 4752 1559 4807 quae
1603 4739 1818 4809 quidem
1869 4741 2093 4798 Ariano-

541 4832 649 4870 rum
696 4818 948 4887 impunita
997 4824 1206 4876 vexatio
1250 4838 1556 4894 compressa
1600 4839 1683 4884 est
1729 4840 1854 4885 ante
1893 4847 2090 4889 annum

533 4907 636 4961 389
661 4923 764 4976 quo
799 4910 1190 4966 Valentinianus
1232 4913 1420 4969 Junior
1453 4932 1557 4971 una
1589 4933 1710 4973 cum
1752 4920 2089 4990 Theodosio,

531 5000 793 5054 exstincto
816 5001 1043 5056 Maximo
1063 5014 1307 5075 tyranno,
1336 5008 1693 5067 Mediolanum
1719 5026 1963 5068 reversus
1986 5025 2091 5070 est.

529 5087 682 5155 Quod
716 5100 889 5145 autem
930 5092 984 5145 hi
1025 5101 1135 5148 tres
1180 5110 1455 5153 sermones
1499 5100 1687 5155 eodem
1730 5117 1873 5159 anno
1924 5105 2087 5159 habiti

530 5175 668 5240 sint,
706 5194 771 5231 ex
810 5195 993 5235 eorum
1045 5198 1181 5238 uesu
1230 5186 1670 5259 colligationeque
1718 5202 1884 5260 patet.
1916 5195 2089 5260 Quoto

532 5276 655 5315 vero
682 5269 801 5319 anni
835 5272 1060 5337 tempori
1098 5272 1253 5328 iidem
1297 5276 1371 5329 illi
1411 5278 1715 5348 assignandi
1745 5287 1881 5352 sint,
1923 5289 2089 5340 mu‘lo
2118 5352 2127 5356 ,

530 5354 747 5409 minoris
777 5357 1099 5416 difﬁcultatis
1137 5379 1219 5418 res
1256 5376 1359 5421 est.
1414 5369 1648 5424 Dubitari
1672 5372 1818 5429 enim
1858 5390 1942 5428 v.s
1989 5388 2082 5445 po-

601 5491 956 5595 (ai$_ertn._l_.
980 5516 1007 5586 ς
1027 5517 1078 5581 5,
1102 5528 1158 5574 et
1182 5520 1356 5576 Serm.
1382 5524 1488 5595 3,5
1517 5526 1600 5581 tt.

531 5590 534 5592 τ
602 5586 675 5647 (ι)
705 5583 833 5653 ψἱῲ
869 5584 980 5653 sit.

599 5656 669 5724 (eg
698 5650 950 5724 serra},
974 5652 1035 5724 δέ,
1073 5656 1134 5719 4.
1166 5657 1198 5711 6
1219 5668 1272 5713 et
1297 5662 1379 5718 t0.

600 5718 678 5786 (ἀ)
713 5720 841 5775 Ibid.
867 5722 932 5791 εδ
959 5718 1068 5789 τῐξά
1088 5718 1143 5779 et.
1165 5728 1251 5781 to.

2204 3298 2458 3355 templum
2514 3292 2775 3358 prmciptte
2822 3291 3156 3356 adhortatum
3204 3292 3366 3347 fuisse
3409 3310 3421 3346 :
3470 3295 3562 3348 sed
3612 3308 3767 3364 aequo

2201 3380 2334 3443 seio,
2366 3380 2485 3433 illos
2515 3393 2633 3449 post
2657 3391 2957 3450 susceptum
3000 3383 3259 3452 baptisma
3290 3384 3341 3437 in
3374 3384 3557 3440 iisdem
3590 3400 3762 3440 morae

2201 3470 2341 3523 libus
2368 3472 2663 3538 praeceptis,
2681 3487 2797 3540 quae
2814 3487 2872 3526 se
2891 3473 3110 3528 docente
3136 3466 3242 3541 jam
3273 3474 3589 3539 didicerant,
3615 3476 3767 3530 novis

2200 3559 2546 3613 concionibus
2583 3560 2965 3619 conﬁrmasse.
3000 3561 3245 3617 Profecto
3282 3577 3586 3631 sermones,
3642 3568 3767 3633 qui-

2202 3650 2301 3701 bus
2345 3660 2592 3703 constant
2632 3651 2744 3706 libri
2787 3652 2849 3704 de
2887 3652 3036 3721 Fuga
3080 3655 3379 3711 sa'culi..ct
3416 3656 3477 3707 de
3513 3654 3677 3708 Iacob
3722 3664 3767 3708 rt

2210 3739 2327 3793 Vita
2375 3740 2551 3805 biata,
2581 3741 2666 3795 ubi
2710 3742 3039 3811 potissimum
3080 3743 3147 3799 dc
3185 3745 3338 3813 hujus
3360 3723 3556 3800 ‘muudi
3601 3746 3764 3803 rebus

2201 3832 2507 3909 abdicandis
2545 3833 2735 3902 agitur,
2767 3835 2831 3886 ad
2873 3848 3060 3889 recens
3103 3836 3392 3903 baptizatos
3416 3836 3597 3891 habuit
3637 3838 3766 3893 Am-

2203 3922 2428 3988 brosius,
2458 3934 2514 3976 ttt
2542 3924 2673 3976 scite
2689 3923 2883 3978 crudi‘i
2911 3924 3127 3978 Maurini
3157 3928 3521 3979 demonstrant
3548 3926 3654 3995 (g).

2272 4013 2339 4070 Χ.
2371 4012 2447 4068 De
2489 4017 2670 4067 horum
2705 4032 2988 4068 sermonum
3017 4018 3262 4070 doctrina.
3287 4046 3354 4055 —-
3383 4016 3497 4071 Non
3526 4027 3607 4072 est
3637 4034 3765 4073 vero

2201 4117 2317 4165 cur,
2341 4102 2430 4169 qui
2457 4118 2597 4157 nunc
2626 4104 2916 4171 prodi-unt,
2946 4118 3216 4157 sermones
3247 4104 3482 4169 laudem;
3513 4122 3634 4161 nam
3664 4110 3765 4177 ipsi

2203 4207 2281 4256 se,
2316 4201 2373 4245 ιιι
2408 4207 2659 4260 auguror,
2701 4193 2922 4247 eruditis
2948 4192 3151 4261 piisque
3178 4194 3460 4285 li-ctoribu:
3488 4188 3765 4251 commen-

2202 4282 2405 4336 dabunt
2452 4282 2599 4347 Quod
2628 4290 2802 4336 autem
2850 4282 2900 4335 in
2939 4298 3120 4336 eorum
3164 4282 3455 4351 praesertim
3501 4286 3673 4353 primo
3704 4302 3766 4340 ac
3810 4340 3811 4357 η

2202 4371 2437 4427 secundo
2465 4370 2777 4425 Ambrosius
2803 4371 3119 4441 evangelicis
3152 4372 3336 4426 verbis
3354 4374 3576 4440 doceat,
3608 4374 3767 4431 Cbri-
3810 4436 3811 4441 η

2203 4462 2493 4515 stiattorttm
2524 4476 2643 4519 esse
2684 4462 2858 4515 omnia
2901 4477 2993 4515 sua
3040 4463 3174 4517 bona
3218 4463 3540 4533 relinquere,
3570 4474 3627 4523 et
3667 4482 3768 4535 pro
3810 4464 3811 4513 ἶ

2200 4552 2308 4607 Chr
2328 4544 2411 4607 sto
2456 4553 2770 4621 pauperibus
2805 4553 3151 4621 distribuere,
3182 4562 3339 4621 atque
3382 4568 3501 4609 sese
3546 4570 3767 4623 prorsus
3810 4564 3811 4567 ‘

2201 4643 2394 4697 divinat
2436 4642 2779 4712 providentia:
2824 4644 3186 4709 committere;
3217 4659 3320 4698 non
3352 4646 3422 4699 ita
3463 4648 3649 4702 stricte
3682 4648 3767 4703 in-
3810 4700 3811 4727 ι

2201 4736 2541 4805 telligendum
2568 4744 2675 4799 est,
2704 4749 2764 4788 ac
2800 4736 2845 4789 si
2884 4745 3205 4804 praeceptum
3251 4737 3374 4793 illud
3402 4739 3603 4810 absque
3640 4740 3763 4795 dis-

2199 4826 2391 4894 pendio
2414 4837 2629 4880 aeterna:
2655 4825 2841 4879 salutis
2865 4841 2891 4878 a
2917 4828 3103 4896 quovis
3126 4827 3385 4894 praeteriri
3425 4842 3529 4880 non
3564 4829 3768 4893 possit;
3810 4870 3811 4875 η

2200 4917 2293 4970 sed
2328 4918 2395 4970 ab
2425 4931 2489 4971 eo
2518 4916 2783 4969 observari
2810 4925 2862 4970 et
2891 4916 3165 4985 aditnpleri
3203 4916 3329 4969 illud
3357 4916 3569 4986 quidem
3600 4932 3771 4986 opor-
3810 4906 3811 4969 Ῑ

2202 5005 2335 5071 tere,
2363 5007 2449 5076 qui
2481 5006 2545 5059 ad
2584 5021 2888 5075 supremum
2928 5006 3145 5075 gradum
3186 5004 3501 5075 evangelica
3546 5008 3767 5076 perfec-
3810 5018 3811 5069 1

2197 5099 2355 5153 tionis
2383 5100 2664 5166 pervenire
2683 5098 2987 5151 contendat.
3012 5097 3253 5151 Profecto
3278 5100 3473 5178 nullus,
3498 5098 3769 5167 quidquid
3810 5096 3811 5159 ξ

2198 5190 2503 5243 beterodosi
2555 5188 2804 5263 neoterici
2848 5187 3136 5253 blatereut,
3185 5172 3335 5256 hanc
3362 5178 3769 5242 distinctionem

2196 5279 2428 5347 antiquis
2458 5278 2707 5345 imam,et
2729 5278 2782 5330 in
2798 5276 3155 5332 Ambrosiauis
3169 5278 3379 5345 scriptis
3394 5276 3630 5344 reperiri,
3671 5276 3774 5332 ith

2200 5375 2425 5439 inﬁcias,
2458 5374 2544 5442 qui
2574 5373 2759 5427 saltem
2792 5370 2974 5440 legerit
3002 5386 3119 5439 cap.
3150 5369 3205 5425 ll
3233 5410 3247 5436 ,
3281 5369 3411 5425 lib.t
3439 5369 3505 5425 de
3531 5366 3771 5436 Oiﬁciis,

2272 5530 2346 5599 (ε)
2378 5529 2534 5595 lbid.,
2560 5527 2620 5665 ἐξ
2641 5527 2674 5581 9
2694 5535 2747 5581 et
2778 5526 2861 5579 lt).

2272 5602 2337 5665 [ft
2370 5596 2580 5664 Ibid.,§
2648 5595 2805 5649 modo
2829 5611 2859 5648 ε

2291 5595 2337 5666 Π
2370 5599 2524 5661 “NL.
2552 5595 2615 5665 ᾗῇ
2648 5595 2805 5649 modo
2829 5595 2975 5648 citat.

2291 5604 2337 5666 Π
2370 5604 2524 5661 "NL.
2552 5604 2615 5665 ᾗῇ
2648 5604 2805 5649 modo
2829 5604 2975 5648 citat.

2263 5604 2343 5738 ig)
2372 5667 2429 5721 In
2457 5666 2862 5723 admonitionib.
2892 5660 3123 5733 prmviis.
