3828 6382
514 421 611 476 127

511 622 667 688 tibi',
708 630 765 676 ut
790 637 894 676 non
924 622 1170 676 admittas
1200 621 1478 686 oll‘ensam,
1516 632 1572 676 ut
1604 624 1840 677 remittas
1882 625 2077 677 admis-

509 727 623 767 sam
702 720 759 765 ut
787 711 1189 765 honoriﬁcentia
1218 713 1505 780 praecedas
1534 711 1876 777 honorantes,
1909 722 1966 766 ut
1994 712 2074 765 di-

509 800 647 854 lectu
674 809 697 836 ⁸
721 803 1032 853 anteuenias
1058 800 1361 869 diligentes,
1393 809 1449 853 ut
1480 813 1576 868 pro
1604 800 1830 854 inimicis
1854 815 1995 862 ores,
2021 810 2078 855 ut

507 893 656 946 cihes
690 890 716 928 δ
755 892 1096 945 aduersarios
1126 932 1141 957 ,
1191 901 1246 944 ut
1292 906 1397 944 non
1444 892 1622 945 oderis
1649 903 2025 960 persequentes
2054 894 2074 922 ²

507 981 681 1049 (liam.
714 994 813 1043 xu,
840 980 875 1035 9
902 980 1087 1050 seqq.).
1120 980 1209 1034 Sic
1252 989 1305 1033 et
1332 981 1506 1033 omnis
1550 980 1719 1034 uirtus
1757 981 1923 1034 decus
1962 979 2077 1031 elli-

506 1069 667 1133 cltur,
706 1079 1109 1135 ornamentum,
1143 1068 1306 1131 lides,
1338 1068 1592 1136 perfectio
1614 1110 1630 1135 ,
1678 1066 2072 1129 misericordia,

506 1158 816 1228 martyrium
842 1197 859 1223 ,
889 1159 1115 1213 ﬂammis
1162 1173 1357 1227 corpus
1403 1167 1682 1221 exustum;
1723 1159 1802 1213 sic
1843 1158 1934 1211 lilii
1982 1157 2071 1212 Dei

506 1238 794 1313 efﬁcimur,
839 1262 960 1301 cum
1008 1248 1150 1302 Patri
1204 1248 1423 1303 caelesti
1476 1250 1724 1318 operibus
1777 1249 2073 1303 similamus

510 1346 533 1373 ε
558 1337 735 1405 (Rom.
763 1350 876 1391 vtn.
912 1336 999 1401 l6,
1028 1338 1153 1407 l7);
1181 1338 1259 1391 sic
1285 1338 1498 1392 Christo
1529 1338 1850 1392 hereditario
1890 1336 1917 1374 ιι
1960 1340 2073 1393 iure

504 1426 874 1493 coniungimur
893 1426 936 1490 ³,
965 1441 1087 1481 cum
1125 1426 1281 1480 bonis
1300 1467 1315 1492 ,
1357 1441 1421 1481 ac
1449 1428 1599 1480 malis
1628 1428 1764 1480 booa
1796 1424 2070 1495 largimur,

504 1528 623 1568 cum
649 1524 739 1568 aut
769 1515 1134 1583 obliuiscimur
1164 1516 1389 1570 iniuriae
1413 1526 1436 1553 ε
1454 1527 1543 1570 aut
1571 1532 1652 1571 cor
1666 1516 1733 1570 de
1760 1517 2072 1571 dimittimus

505 1615 823 1660 retentatam
856 1605 900 1673 ‘,
945 1621 1068 1660 cum
1110 1607 1464 1663 eminentiora
1509 1603 1703 1662 dilec'tu
1755 1623 1849 1676 pro
1890 1609 2074 1664 amicis

505 1709 611 1749 non
638 1696 810 1749 solum
856 1704 1035 1750 nostra
1061 1736 1075 1758 ,
1102 1697 1200 1751 sed
1231 1709 1283 1749 et
1314 1698 1671 1765 nosmetipsos
1703 1697 2070 1765 inpendimus;

504 1784 583 1837 sic
632 1794 817 1837 sancto
862 1784 1061 1851 Spiritu
1104 1786 1527 1849 abundabinms,
1569 1790 1719 1842 cuius
1761 1797 1816 1842 et
1860 1803 2071 1854 sumus,

1464 419 1522 478 S.
1564 418 1858 476 AMBROSl
1900 419 2442 476 MEDIOLANENSIS
2480 421 2780 545 EPISﬂI

507 544 567 588 ut
611 547 718 587 non
763 530 1000 586 inuideas
1042 531 1288 596 meliori,
1335 531 1635 586 inferiorem
1695 543 1753 587 ut
1800 531 2065 601 praei-ras
2097 538 2144 597 Α
2172 532 2354 586 ἀίεσειιε

3635 434 3740 489 5'38

2406 550 2415 583 :
2456 550 2474 583 ι
2514 532 2740 586 Nescit-is
2780 532 2930 585 cuius
2975 532 3192 600 spiritus
3224 534 3392 589 estis?
3419 534 3440 564 ⁸
3484 532 3635 604 (Luc.
3666 549 3749 591 Il.

2179 621 2291 688 55.)
2333 641 2352 673 ι
2382 623 2560 690 utique
2591 624 2607 651 "
2642 621 3099 675 mansuetudinis:
3128 622 3215 689 qui
3243 623 3309 674 ab
3339 613 3587 677 omnibus
3610 638 3752 675 com-

2180 712 2501 765 motionibus
2522 710 2726 765 alienus
2757 712 2846 775 sit,
2881 698 2973 778 qui
2995 712 3135 764 nulla
3166 714 3501 766 concutiatur
3529 714 3749 765 iniuria.

2175 803 2262 868 qui
2287 800 2354 854 ab
2376 803 2621 855 omnibus
2641 803 3127 870 perturbationibus
3157 813 3331 867 uacet,
3362 804 3450 871 qui
3480 802 3753 870 tranquil-

2178 891 2325 944 litate
2365 890 2643 953 subnixus,
2691 892 2852 955 mitis,
2906 892 3183 959 benignus,
3229 893 3385 959 lenis,
3441 892 3752 944 ctblatnltts

2175 981 2337 1043 est“;
2382 994 2539 1048 quem
2582 979 2738 1034 tertio
2776 980 2905 1033 uidit
2952 978 2969 1015 ί
3013 980 3301 1045 Helias“,
3338 981 3549 1034 dicente
3604 981 3751 1033 Scri-

2176 1067 2328 1121 btura
2361 1066 2384 1104 ιι
2411 1084 2425 1120 ;
2449 1086 2467 1118 ι
2508 1068 2667 1121 Exies
2688 1070 2916 1129 crastina
2947 1067 3051 1130 die,
3082 1079 3136 1121 et
3164 1069 3326 1123 stabis
3356 1079 3481 1125 ante
3509 1083 3743 1137 conslie-

2172 1168 2313 1211 ctum
2347 1158 2551 1212 Domini
2591 1156 2603 1195 ί
2640 1174 2654 1211 :
2692 1169 2745 1212 et
2776 1173 2900 1213 cccc
2938 1158 3189 1212 Dominus
3227 1160 3486 1226 transiet,
3524 1170 3582 1215 ct
3621 1175 3750 1216 ecce

2174 1248 2392 1314 spiritus
2412 1262 2651 1316 magnus,
2668 1258 2873 1329 potens,
2894 1249 3261 1303 eomminuens
3287 1260 3518 1316 montes,
3540 1261 3597 1304 et
3621 1266 3751 1304 cou-

2176 1352 2354 1395 terens
2401 1351 2577 1407 petras
2620 1340 2673 1394 iu
2712 1352 3000 1410 conspectu
3046 1340 3250 1394 Domini
3297 1358 3312 1393 :
3349 1350 3403 1395 et
3444 1342 3636 1395 nonin
3686 1357 3752 1396 eo

2175 1429 2365 1499 Spiritu
2397 1430 2650 1483 Dominus
2676 1471 2691 1494 ,
2718 1441 2768 1485 et
2792 1441 2908 1499 post
2943 1430 3188 1498 spiritum
3229 1430 3243 1481 i
3294 1442 3391 1485 teri
3406 1443 3659 1485 emotus:
3700 1441 3753 1484 et

2179 1534 2283 1572 non
2318 1520 2369 1571 in
2417 1527 2708 1572 terremotu
2763 1519 3016 1572 Dominus
3051 1519 3115 1583 ’°,
3145 1527 3199 1573 ct
3236 1529 3354 1586 post
3398 1528 3750 1572 terremotum

2143 1666 2149 1675 ,
2178 1607 2200 1646 κ
2225 1609 2360 1678 ignis
2391 1627 2405 1664 :
2433 1620 2488 1663 et
2514 1623 2616 1663 non
2642 1610 2691 1662 in
2720 1608 2838 1677 igne
2864 1608 2880 1645 ι
2906 1609 3189 1671 Dominus,
3219 1618 3413 1676 etpost
3443 1610 3619 1675 ignem
3650 1623 3753 1663 uos

2174 1713 2333 1754 aurae
2357 1701 2530 1753 tenuis
2561 1716 2575 1752 :
2605 1708 2658 1752 et
2685 1699 2737 1751 in
2766 1714 2830 1751 eo
2863 1700 3114 1752 Dominus
3144 1701 3182 1741 ¹ς¹
3214 1698 3301 1767 (Ill
3340 1699 3462 1764 lleg.
3491 1714 3603 1764 six,
3654 1700 3713 1753 11
3736 1740 3750 1762 ,

2179 1789 2285 1857 12).
2327 1808 2344 1840 ι
2379 1790 2483 1842 Sed
2517 1789 2616 1842 hoc
2647 1788 2785 1856 quod
2815 1804 2908 1856 per
2936 1798 3324 1842 sacramentum
3354 1790 3534 1842 llclias
3569 1790 3753 1843 uidere

504 1873 550 1925 si
593 1874 736 1926 onmi
768 1862 1195 1941 mansuetudine,
1227 1890 1361 1943 quae
1393 1876 1729 1946 benignitatis
1767 1886 1929 1942 sunt,
1972 1878 2070 1930 im-
2102 1889 2146 1946 Β
2175 1880 2404 1943 meruit,
2445 1890 2626 1947 aperte
2656 1879 2910 1948 pmpbeta
2942 1879 3119 1932 Eseias
3152 1889 3188 1915 ιη
3218 1879 3442 1932 Domino
3472 1878 3751 1933 renelanlc

417 1992 420 1995 τ
506 1962 767 2029 plcamus.

580 2050 639 2103 ν.
670 2050 793 2105 Inde
824 2029 1075 2105 Dominus
1111 2052 1358 2106 Christus
1394 2054 1677 2122 Apostolus
1714 2054 1777 2107 ad
1810 2056 2063 2111 ultionem

506 2140 824 2207 inhospitum
854 2141 875 2171 "
922 2141 1375 2196 Samaritanorum
1433 2154 1779 2211 properantes
1827 2149 2062 2211 monuit,

578 2228 838 2301 '__Conl_'e_r
857 2237 1107 2301 annotata
1147 2243 1302 2301 supra
1334 2244 1451 2301 pag.
1485 2230 1538 2293 ϐ,
1571 2240 1683 2285 not.
1713 2232 1740 2283 b
1770 2231 1906 2300 (Col.
1942 2234 2070 2299 lla,

508 2312 563 2356 n.
586 2294 663 2365 δ),
685 2294 743 2368 et
766 2296 851 2350 hic
873 2306 929 2350 ut
968 2296 1104 2350 infra
1126 2294 1349 2368 observa
1371 2294 1557 2351 dilectu
1602 2314 1697 2368 pro
1720 2294 1918 2354 delectu
1937 2294 2073 2356 seri;

508 2380 653 2430 ptum
684 2366 819 2417 bona
848 2375 903 2420 et
930 2374 1134 2419 vetusta
1167 2366 1417 2432 lectione,
1445 2375 1503 2422 ut
1521 2368 1588 2423 ad
1603 2366 1750 2423 hanc
1773 2385 1957 2425 vocem
1980 2371 2072 2427 ad-

510 2437 665 2487 vertit
697 2434 1065 2487 lt‘orcellinius.

577 2502 603 2540 δ
630 2504 704 2555 lla
733 2504 898 2555 codex
929 2516 1051 2555 cum
1093 2502 1323 2568 aspirata
1357 2501 1565 2557 duabus
1592 2504 1864 2559 vocalibus
1906 2508 2073 2562 inter-

509 2573 675 2636 posita
704 2614 717 2637 ,
763 2586 920 2640 quam
973 2570 1253 2625 lectionem
1281 2610 1296 2640 ,
1326 2585 1447 2624 cum
1481 2573 1535 2625 in
1565 2573 1754 2640 priscis
1797 2573 1955 2627 codd.
1986 2590 2075 2631 oc-

509 2649 707 2698 currat.
736 2639 1121 2694 sollicitandam
1154 2638 1293 2693 baud
1320 2638 1579 2693 arbitror.
1596 2640 1672 2695 De
1696 2641 1795 2695 hac
1822 2642 2077 2697 varietate

510 2714 749 2781 {summa
792 2712 991 2781 ρεξυιιει
1031 2707 1611 2781 (Ξὶεεςρηίξὲιιὲεψῑεῖε
1649 2710 1896 2781 antiquus
1934 2710 2075 2781 apud

511 2775 727 2841 Maium,
759 2786 798 2830 ι.
831 2777 895 2837 Il,
925 2792 1013 2846 pp.
1046 2776 1137 2841 52,
1165 2776 1255 2846 54,
1289 2775 1378 2836 8‘2,
1405 2778 1495 2839 84.
1527 2776 1615 2838 90,
1647 2777 1770 2831 102.

581 2860 602 2884 σε
626 2844 1047 2912 Similamuspro
1087 2844 1277 2899 similes
1314 2848 1532 2914 facimus
1570 2860 1663 2899 seu
1704 2846 2072 2913 adsimilanttts,

522 2915 860 2983 subintellige
888 2931 997 2968 nos.
1034 2914 1184 2981 Quod
1212 2916 1433 2967 verbum
1468 2930 1588 2969 cum
1613 2915 1921 2983 plerumque
1951 2930 2076 2969 con-

509 2994 741 3037 struatur
766 2998 885 3038 cum
915 2998 1040 3036 casu
1078 2983 1403 3047 accusandi,
1445 2984 1703 3037 malebant
1732 3024 1746 3044 ,
1792 2984 1954 3037 invito
1988 2998 2078 3038 co-

509 3055 625 3106 tltce
648 3093 664 3119 ,
692 3053 929 3107 srrihcrc
958 3052 1036 3106 vel
1085 3052 1432 3107 adsimilamus
1458 3096 1472 3118 ,
1522 3054 1603 3106 vel
1651 3052 1875 3105 caelestis
1906 3051 2078 3106 Patris

509 3138 664 3189 opera
716 3122 1033 3182 similamus;
1085 3130 1140 3174 at
1190 3122 1429 3186 inspecto
1477 3122 1847 3189 antiquissimo
1896 3120 2077 3175 Esdra:

512 3191 820 3258 interprete,
849 3192 937 3257 qui
975 3190 1060 3254 ιν,
1095 3206 1209 3254 vtn,
1241 3189 1333 3252 44,
1368 3192 1526 3244 habet
1574 3209 1588 3243 :
1633 3189 1863 3242 similasti
1902 3192 2079 3243 semini

511 3261 780 3328 agricolre,
837 3262 905 3313 dc
965 3260 1154 3312 dilecta
1215 3259 1589 3313 emendatione
1658 3258 1955 3323 haerebam,
2025 3270 2080 3313 et

511 3330 709 3383 codicis
741 3328 1017 3383 lectionem
1058 3328 1387 3382 retinendam
1432 3328 1699 3394 putabam.

578 3397 604 3435 ἀ
641 3397 775 3451 Cod.
801 3398 1103 3449 hereditario
1129 3397 1245 3450 sine
1268 3396 1621 3466 diphthongo,
1652 3411 1810 3464 quam
1837 3395 1996 3450 etiam
2025 3396 2076 3449 in

512 3467 742 3555 antiquis
788 3466 1712 3555 coddyni‘nviftan“prosodiahet‘ipsa
1756 3466 2073 3534 etymologia
2102 3495 2149 3555 ο

511 3534 741 3588 nominis
762 3576 776 3599 ,
828 3537 938 3587 lucc
982 3548 1081 3586 vox
1112 3536 1413 3602 frequenter
1441 3534 1681 3587 remittit.

585 3612 608 3641 ο
634 3603 687 3656 ltt
710 3604 830 3657 cod.
858 3603 1045 3655 iniuria
1074 3599 1271 3657 omissa
1295 3618 1353 3667 e;
1401 3602 1501 3655 nisi
1535 3600 1811 3669 legendum
1843 3599 1912 3652 sit
1941 3600 2071 3653 iniu-

502 3672 639 3723 ariam
664 3710 679 3736 ,
722 3673 790 3724 ab
812 3683 1135 3725 amanuense
1170 3670 1303 3723 elisa
1333 3686 1381 3721 nt
1411 3673 1464 3724 in
1496 3668 1619 3730 line,
1653 3672 1731 3722 vel
1763 3683 1858 3737 pro
1886 3683 1946 3723 ea
1977 3668 2066 3722 lit-

512 3750 639 3794 terre
665 3755 697 3791 a
724 3738 919 3808 lineola,
940 3737 1297 3808 superaddita,
1325 3753 1442 3808 quae
1471 3748 1649 3792 tamen
1671 3740 1758 3791 vix
1791 3738 1949 3791 modo
1974 3750 2067 3789 au-

512 3818 682 3877 paret,
712 3818 766 3862 ct
788 3822 855 3862 ne
877 3806 961 3861 vix
988 3805 1221 3877 quidem.

581 3916 596 3947 ¹
623 3914 947 3996 Frequenter
972 3916 1030 3996 in_
1064 3915 1175 3996 suis
1203 3915 1695 3996 scriptisadversus
1728 3917 1825 3996 hoc
1856 3917 2071 3983 pestile-

513 3999 628 4055 rum
658 3982 867 4055 vitium,
893 3982 1045 4055 quod;
1063 3984 1221 4055 etiam
1253 3982 1664 4055 in'religiosiora
1696 3982 1868 4037 corda
1887 4000 2073 4052 perva-

514 4054 612 4116 dit,
642 4053 903 4107 dcclatuat
929 4051 987 4107 S.
1020 4052 1367 4120 Attibrosius,
1401 4051 1460 4107 ei
1486 4055 1779 4120 prmsellitn
1812 4051 1903 4106 lib.
1940 4070 1988 4107 tv
2021 4056 2072 4106 in

516 4123 667 4183 Luc.,
699 4138 752 4175 n.
781 4122 873 4186 46,
895 4132 947 4175 et
970 4135 1060 4180 vn.
1090 4118 1181 4187 25,
1214 4130 1251 4173 t.
1286 4122 1358 4184 ll;
1389 4137 1450 4178 ac
1482 4118 1574 4177 lib.
1616 4124 1656 4176 ll
1687 4123 1755 4177 de
1778 4122 1961 4185 O.lic.,
1984 4125 2071 4187 50,

517 4192 639 4253 152,
672 4201 709 4243 t.
745 4190 837 4253 Ill;
870 4204 967 4243 nec
996 4203 1101 4242 non
1130 4190 1285 4258 epist.
1315 4192 1407 4256 9.9,
1443 4193 1528 4245 i7.

586 4264 605 4291 ²
625 4259 825 4313 Similia
850 4259 1110 4313 habentur
1132 4258 1183 4311 in
1208 4259 1337 4325 psal.
1362 4276 1577 4325 xxxvtn,
1600 4260 1694 4322 1ος
1718 4276 1895 4324 cxvtu,
1910 4275 2073 4313 serm.

520 4329 605 4391 t0,
646 4332 679 4383 5
715 4337 769 4398 et
804 4327 1112 4398 inserui.
1148 4327 1347 4398 15,}5
1390 4340 1443 4381 et
1480 4346 1664 4398 seqq.;
1709 4330 1757 4381 in
1800 4328 1928 4382 Luc.
1960 4345 2076 4394 vui,

519 4399 609 4459 94,
642 4407 679 4452 t.
715 4397 786 4467 ll;
827 4406 885 4467 et
913 4396 1002 4467 lib.
1035 4411 1050 4449 l
1083 4395 1147 4467 de
1176 4396 1328 4467 Ollic.
1360 4398 1448 4460 48,
1489 4395 1676 4451 Silet
1704 4413 1879 4467 seqq.,
1915 4409 1949 4451 t.
1990 4399 2075 4467 Ill.

590 4468 610 4497 ³
632 4466 837 4533 Quippe
866 4465 1175 4519 Ambrosius
1204 4466 1278 4520 ait
1306 4469 1462 4533 epist.
1495 4468 1583 4532 75,
1615 4469 1669 4528 5.
1702 4465 1831 4521 tom.
1864 4468 1958 4521 Ill:
1981 4466 2078 4521 Ca-

522 4536 643 4588 ritas
667 4536 881 4604 acquirit
907 4534 1243 4604 adoptionem,
1275 4537 1482 4604 adoptio
1512 4538 1870 4604 haereditatem.

591 4606 613 4633 ⁸
637 4602 945 4657 Ambrosius
982 4602 1073 4655 lib.
1105 4618 1120 4656 ι
1152 4602 1217 4659 de
1255 4602 1439 4667 orae,
1488 4607 1572 4670 ll,
1604 4607 1702 4669 '57,
1738 4615 1776 4657 t.
1812 4603 1910 4670 ιιι,
1945 4603 2075 4657 illud

524 4672 823 4741 expendens
863 4670 1045 4725 Matth.
1081 4688 1163 4726 xu
1186 4712 1202 4737 ,
1232 4673 1323 4733 21,
1358 4689 1536 4728 rursus
1569 4676 1642 4726 ait
1672 4690 1687 4726 :
1728 4672 1795 4726 Et
1823 4691 1979 4741 supra
2008 4676 2077 4726 ita

525 4754 595 4796 est
624 4743 883 4808 scriptum,
916 4741 997 4792 ubi
1027 4742 1301 4810 diligentias
1331 4744 1577 4808 inimicos,
1610 4752 1654 4795 et
1685 4744 1931 4795 orandum
1959 4742 2079 4795 dicit

526 4828 615 4879 pro
639 4809 1062 4879 calumniantibus
1085 4809 1129 4862 et
1160 4814 1563 4878 persequentibus
1590 4829 1697 4877 nos,
1718 4822 1766 4865 et
1792 4813 2079 4865 benedicere

527 4878 878 4932 maledicentes
927 4895 944 4932 :
990 4878 1083 4931 hoc
1114 4896 1207 4947 nos
1242 4880 1407 4947 facere
1447 4882 1712 4943 debemus,
1755 4882 1797 4933 si
1850 4882 2077 4933 uolumus

528 4950 733 5017 perfecti
774 4963 907 5011 esse,
935 4949 1061 5000 sicut
1102 4946 1254 5000 Pater
1301 4959 1466 5003 noster
1498 4954 1581 5018 qui
1624 4952 1675 5001 in
1705 4952 1827 5003 coelo
1875 4960 1967 5013 est,
1994 4951 2079 5018 qui

528 5034 676 5085 super
715 5018 865 5069 bonos
891 5024 938 5069 et
969 5018 1126 5069 malos
1163 5018 1317 5070 solent
1336 5020 1479 5086 jubet
1509 5018 1823 5072 radios'suos
1854 5021 2082 5086 fundere,
2114 5020 2163 5077 D

530 5099 569 5139 et
597 5088 765 5156 pluv.—'a
790 5096 834 5139 et
862 5102 971 5138 rore
993 5095 1150 5140 terras
1178 5089 1518 5140 uniuersorum
1538 5090 1642 5141 sine
1667 5089 1771 5140 ulla
1792 5089 2085 5141 discretione

530 5158 867 5225 pinguescere.
899 5157 1031 5208 Tum
1062 5156 1162 5208 alia
1195 5156 1245 5209 itt
1277 5156 1366 5208 lib.
1402 5160 1469 5211 de
1497 5157 1715 5224 Joseph.
1748 5168 1907 5225 patr.,
1942 5160 1992 5220 l,
2027 5159 2079 5221 3,

530 5238 568 5278 t.
602 5226 647 5285 l;
692 5226 748 5294 in,
775 5225 905 5291 psal.
939 5241 1136 5289 xxxv",
1170 5225 1257 5290 45,
1288 5233 1325 5277 ι.
1360 5226 1429 5289 ll;
1471 5236 1627 5290 atque
1662 5228 1713 5279 iu
1744 5243 1828 5293 ep.
1863 5226 1952 5293 65,
1991 5227 2084 5292 85,

534 5305 570 5347 t.
606 5295 693 5356 lll,
720 5302 772 5346 et
800 5294 918 5346 alibi
953 5296 1073 5347 huic
1096 5295 1211 5347 loco
1244 5294 1395 5349 valde
1422 5296 1611 5349 simil-a
1643 5305 1787 5348 sunt.
2064 5330 2069 5333 τ

601 5365 621 5393 ⁵
652 5365 749 5429 Qui
792 5362 1055 5433 Christum
1103 5366 1280 5432 utique
1322 5364 1373 5416 itt
1405 5364 1689 5433 hospitzinn
1722 5364 1960 5432 recipere
1990 5380 2083 5421 n0-

532 5435 759 5487 lueruut.
795 5431 919 5486 Luc.
954 5448 1025 5494 ιχ,
1057 5435 1142 5486 55.

600 5504 619 5531 ⁸
650 5504 721 5555 lta
753 5500 815 5554 ad
843 5503 1055 5555 verbum
1079 5502 1183 5554 h.l.
1209 5498 1392 5553 recitat
1415 5501 1718 5555 Ambrosius
1760 5502 1809 5556 in
1836 5501 1960 5553 Luc.
1985 5518 2074 5567 vn,

532 5572 620 5634 00.
653 5582 780 5625 tom.
818 5571 879 5634 ll,
910 5579 964 5625 et
985 5572 1071 5622 lib.
1100 5586 1113 5621 l
1144 5572 1209 5623 de
1239 5570 1455 5634 Pamit.,
1484 5572 1567 5633 ll},
1592 5573 1678 5631 88,
1708 5582 1836 5623 tom.
1864 5571 1944 5623 ill.
1974 5573 2079 5624 lltt-

530 5642 676 5709 josce
702 5640 990 5707 evangelici
1010 5639 1573 5709 tcstimoniispectahili
1599 5640 1913 5693 auctoritate
1939 5642 2074 5707 plebi

532 5706 641 5833 illae
671 5709 1125 5833 [DallSllEludlllelll
1150 5706 1481 5766 commendat
1509 5709 1818 5766 Ambrosius
1843 5706 2001 5765 etiam
2026 5711 2076 5765 in

544 5796 559 5833 t
608 5819 618 5831 .
654 5791 741 5833 cn.
773 5796 824 5833 tu
895 5795 1066 5833 ticam.

544 5791 618 5833 HJ.
654 5791 741 5835 Cll.-
773 5796 824 5834 lll
852 5791 1066 5834 Lucam.

2181 1973 2448 2039 cognouit.
2480 1989 2498 2021 ι
2533 1972 2703 2040 Super
2729 1988 2909 2041 quem,
2940 1972 3128 2040 inquit,
3158 1974 3511 2041 requiescam,
3537 1971 3640 2025 nisi
3665 1988 3751 2024 su-

2180 2076 2272 2127 per
2304 2062 2557 2113 humilem
2585 2105 2598 2127 ,
2632 2072 2685 2116 et
2721 2072 3094 2125 mansuetum,
3140 2072 3192 2115 et
3232 2070 3546 2113 trementem
3587 2061 3749 2113 uerba

2174 2164 2288 2204 mea
2322 2138 2405 2203 “?
2435 2148 2592 2217 (Isai.
2626 2166 2779 2216 mi,
2804 2151 2862 2218 9.)
2903 2169 2921 2200 ι
2968 2149 3056 2205 Sic
3084 2160 3138 2203 et
3163 2147 3420 2203 Samuhel
3448 2158 3474 2184 ιι
3519 2149 3632 2213 ille,
3666 2147 3753 2203 ille

2256 2236 2273 2274 ί
2308 2236 2362 2289 ln
2394 2238 2513 2291 cod.
2544 2239 2709 2301 videt;
2749 2246 2803 2291 at
2834 2238 2919 2290 hic
2942 2239 3106 2305 magis
3138 2237 3417 2291 sententia:
3450 2251 3751 2291 consonum

2179 2306 2459 2375 videbatur
2483 2307 2639 2359 lectio
2660 2352 2674 2372 ,
2698 2322 2854 2375 quam
2884 2321 3043 2358 ausus
3063 2321 3178 2359 sum
3206 2306 3480 2367 scribere;
3508 2320 3634 2358 nam
3666 2320 3749 2375 ea—

2177 2374 2297 2427 dem
2326 2391 2455 2429 sane
2486 2376 2674 2429 melior
2695 2373 2973 2443 {quamvis
2998 2375 3082 2427 illa
3107 2375 3244 2426 hattd
3270 2388 3485 2438 prorsus
3516 2373 3749 2425 absurda

2176 2445 2266 2513 sit.
2309 2445 2383 2497 Dc
2427 2446 2733 2513 promiscuo
2774 2460 2870 2497 usu
2910 2446 3047 2509 iprn
3084 2459 3113 2513 e
3150 2451 3205 2497 et
3236 2443 3751 2513 vicet/«(marcente

2177 2510 2318 2581 dicta
2342 2509 2504 2579 supra
2529 2513 2728 2581 pag.6,
2753 2522 2863 2581 not.
2890 2514 2941 2575 ο,
2962 2523 3015 2566 et
3038 2512 3121 2575 18,
3149 2523 3260 2564 not.
3282 2526 3312 2561 a
3334 2510 3470 2579 (Col.
3502 2510 3626 2572 115,
3646 2526 3701 2562 n.
3722 2509 3748 2547 *³

2176 2587 2223 2632 ct
2252 2578 2361 2649 ltuj.
2389 2597 2506 2649 pag.
2530 2578 2678 2649 inf“)
2705 2590 2761 2636 et
2784 2579 2939 2635 inira.

2248 2646 2533 2727 altanim-
2554 2646 2803 2727 aspirati:
2850 2649 2900 2701 in
2933 2647 3227 2718 principio,
3253 2655 3309 2700 ut
3348 2646 3745 2703 consumserit:

2179 2716 2411 2779 antiquis
2434 2716 2591 2772 codd.
2618 2716 2898 2781 reperitur.
2936 2716 2947 2718 ἡ
3112 2716 3117 2717 “
3591 2785 3601 2794 ,

2162 2824 2171 2830 .
2212 2850 2223 2852 _
2248 2779 2276 2852 ll
2307 2782 2379 2838 lla
2408 2785 2527 2838 cod.
2551 2786 2801 2839 scribtura
2829 2800 2922 2852 per
2951 2783 3118 2852 bloco
3149 2800 3211 2850 μ,
3235 2794 3290 2852 ut
3316 2797 3474 2852 supra
3500 2786 3747 2839 scribunt

2176 2850 2409 2921 vidimus
2433 2867 2553 2920 pag.
2582 2851 2639 2917 ὃ,
2664 2860 2773 2907 not.
2801 2854 2829 2904 ὸ
2858 2850 2993 2921 (Col.
3022 2853 3144 2921 Hi.
3163 2870 3215 2905 η.
3249 2850 3315 2920 ἲ).

2256 2918 2268 2953 ί
2304 2917 2435 2972 Cod.
2463 2917 2581 2986 post
2608 2929 2727 2974 ante
2761 2917 3079 2987 conspectum
3112 2917 3314 2973 Domini
3345 2920 3531 2973 addit:
3558 2930 3610 2973 et
3644 2936 3745 2972 non

2178 2987 2230 3039 in
2257 3001 2315 3038 eo
2348 2990 2531 3051 spiritu
2565 2988 2845 3052 Dominus;
2870 3005 2987 3055 qua).
3009 2988 3216 3056 quidem
3249 2990 3405 3042 verba
3428 2990 3706 3041 abundant
3731 3004 3746 3051 ς

2177 3065 2231 3109 et
2258 3056 2339 3109 hic
2368 3057 2592 3112 fortasse
2617 3060 2919 3112 inter-seruit
2953 3057 3201 3110 librarius
3228 3067 3431 3119 noster,
3473 3072 3538 3110 eo
3583 3058 3745 3109 dccc-

2180 3134 2296 3194 ptus
2311 3124 2449 3194 quod
2467 3136 2581 3193 post
2596 3125 2787 3179 similia
2802 3126 2962 3180 verba
2985 3127 3036 3178 in
3059 3136 3325 3192 conspectu
3343 3123 3546 3179 Domini
3559 3125 3748 3180 eadem

2180 3192 2311 3245 intra
2332 3192 2635 3247 recurrant.

2251 3261 2265 3309 i
2299 3260 2455 3324 Cod.,
2482 3262 2683 3327 spiritu,
2702 3260 2832 3315 elisa
2866 3277 2912 3311 nt
2948 3262 3001 3313 in
3031 3261 3154 3314 line.

2252 3328 2274 3434 ξ
2307 3329 2362 3451 in
2383 3330 2507 3451 δοιῇ.
2532 3341 2802 3410 terremotu
2824 3329 3017 3383 omissa
3050 3345 3099 3381 nt
3121 3338 3179 3385 ut
3204 3343 3387 3398 supra.

2349 3412 2380 3451 ο
2426 3438 2438 3450 .
2468 3414 2593 3451 tam.

2307 3398 2438 3453 Cod.
2468 3400 2593 3453 iani.

2250 3472 2290 3501 -ι
2307 3416 2726 3521 ῗιῖαὲέὲξίίὶητετ
2744 3464 2911 3517 codex
2943 3463 3242 3530 scribitpro
3270 3464 3449 3519 Esaias
3470 3467 3551 3521 vel
3582 3468 3749 3523 Isaias

2179 3532 2262 3585 vel
2288 3536 2462 3600 potius
2492 3532 2683 3586 lesuias
2704 3572 2719 3595 ,
2743 3532 2881 3600 quod
2912 3530 3106 3600 factum
3137 3532 3221 3583 vix
3244 3531 3481 3600 dicerem
3502 3550 3531 3584 a
3549 3537 3745 3589 Graeco

2175 3597 2403 3662 Ἡσιὶίαςς
2423 3616 2542 3655 nam
2561 3600 2730 3668 prisca
2743 3597 3118 3668 orthographia
3141 3599 3191 3650 ai
3210 3601 3356 3665 perei
3382 3598 3683 3666 lcgclntur,
3701 3615 3754 3656 ut

2174 3680 2352 3725 monet
2368 3665 2722 3738 Futttagallius
2743 3665 2873 3738 Inst.
2892 3665 3028 3733 Dipl.
3058 3666 3094 3738 l.
3112 3681 3127 3717 I
3146 3706 3160 3738 ρ
3182 3669 3279 3738 p._i
3303 3682 3409 3728 ;vr.
3433 3669 3527 3735 g9,
3554 3672 3750 3734 p.103.

2242 3746 2267 3773 η
2304 3740 2375 3789 Ita
2404 3734 2570 3791 cudei
2614 3736 2857 3792 Samuhel
2902 3750 3023 3790 cum
3052 3734 3084 3787 lt
3127 3736 3333 3790 duabus
3363 3734 3643 3793 vaealibus
3676 3740 3750 3793 in-

2179 3807 2454 3873 terposita.

2250 3920 2269 3949 τ
2298 3917 2405 3970 lloc
2436 3915 2747 3969 alﬁrmantis
2776 3915 3084 3970 adverbium
3134 3915 3602 3970 familiarissimum
3626 3919 3752 3972 Am-
3804 3930 3805 3935 ‘

2185 3985 2365 4039 brosio
2388 3986 2567 4049 fuisse,
2594 3986 2681 4051 qui
2706 3985 2941 4054 ejusdem
2960 3984 3039 4039 vel
3071 3985 3258 4038 leviter
3275 3986 3469 4052 scripta
3500 3986 3749 4053 volverit,

2185 4054 2393 4109 inﬁcias
2422 4055 2519 4110 ibit
2545 4069 2719 4108 nemo.

2249 4125 2271 4153 ⁸
2299 4124 2502 4189 lieapse
2528 4124 2694 4189 inquit
2717 4120 3026 4175 Ambrosius
3046 4121 3095 4173 in
3125 4120 3255 4186 psal.
3283 4122 3570 4187 xxxvt,22,
3601 4134 3641 4180 ι.
3672 4125 3745 4189 ll,

2180 4192 2267 4259 qui
2297 4201 2413 4243 sunt
2440 4192 2687 4243 mansueti
2714 4235 2726 4255 ,
2778 4192 2873 4242 nisi
2914 4206 3036 4254 quos
3073 4190 3242 4242 nullus
3271 4190 3504 4245 stimulus
3547 4190 3749 4248 (ﬂuen-

2182 4261 2328 4313 tionis
2355 4265 2593 4331 exagitat,
2627 4276 2725 4312 non
2766 4260 2840 4331 ira
2880 4261 3159 4331 perturbat,
3188 4274 3284 4310 non
3316 4261 3503 4312 sterilia
3525 4278 3746 4331 exaspe-

2181 4339 2282 4389 rat,
2314 4346 2413 4383 non
2444 4330 2604 4382 rabies
2626 4330 2936 4381 crudelitatis
2959 4330 3257 4396 inﬂammat.

2248 4401 2269 4431 ⁹
2296 4398 2497 4451 Passim
2523 4399 2572 4450 in
2603 4400 2711 4449 suis
2734 4399 2943 4463 scriptis
2972 4394 3303 4466 Ambrosium
3328 4394 3395 4447 de
3425 4396 3745 4466 Elim‘gestis

2181 4482 2300 4520 esse
2328 4468 2557 4535 locutum
2592 4466 2727 4519 idem
2754 4462 2864 4532 ipse
2889 4465 3199 4535 latetnrlib.
3225 4465 3291 4518 de
3316 4465 3422 4517 Elia
3455 4475 3510 4519 et
3539 4462 3745 4535 Jéjun.,

2179 4536 2233 4595 5,
2261 4535 2312 4589 5.
2348 4534 2577 4587 Plurima
2621 4536 2787 4594 enim,
2835 4534 3033 4596 inquit,
3060 4533 3121 4584 tle
3157 4532 3285 4603 lilia:
3313 4537 3461 4603 gestis
3492 4532 3745 4603 frequenti

2180 4606 2484 4657 diversorum
2504 4620 2729 4657 sermone
2753 4603 3065 4670 digessimus.
3092 4602 3168 4654 Ad
3190 4616 3346 4670 quem
3374 4602 3543 4655 locum
3575 4602 3747 4667 respi-

2181 4676 2383 4729 cientes
2431 4672 2755 4728 Benedictini
2797 4669 3025 4724 editores
3057 4670 3105 4720 in
3147 4669 3350 4737 puniat.
3392 4670 3457 4723 ad
3500 4673 3562 4725 Ill
3592 4684 3648 4728 et
3682 4674 3744 4727 IV

2184 4753 2312 4797 tom.
2353 4743 2485 4798 scite
2534 4748 2850 4795 annotarunl
2882 4754 2896 4791 :
2930 4739 2989 4791 Si
3023 4739 3222 4807 (“iidem
3264 4740 3394 4790 enim
3436 4742 3565 4793 nihil
3601 4744 3745 4796 aliud

2182 4815 2483 4888 vir_s_an_ctus
2506 4812 2589 4888 liis
2620 4811 2731 4875 (cit.
2760 4808 2952 4888 ver-liis)
2991 4807 3243 4888 significat
3270 4849 3285 4886 ,
3312 4809 3406 4860 nisi
3430 4810 3744 4888 frequentem
3804 4858 3805 4869 η

2184 4884 2235 4933 in
2258 4882 2396 4934 libris
2438 4883 2541 4933 suis
2570 4888 2820 4948 gestorum
2841 4875 2969 4929 Elim
2997 4877 3105 4948 ﬁeri
3135 4875 3452 4948 mentionem,
3485 4875 3569 4929 vix
3594 4880 3767 4948 quidc-

2183 4966 2333 5018 quam
2355 4952 2478 5011 erit,
2503 4945 2635 5015 quod
2666 4948 2717 4998 in
2742 4948 2832 4998 hac
2860 4957 3001 5013 parte
3028 4945 3249 5018 rideatur
3262 4946 3529 5018 amissum.

2263 5021 2304 5051 ¹⁰
2335 5014 2539 5072 Additis
2578 5027 2690 5081 post
2725 5024 3038 5082 conspectum
3071 5014 3270 5065 Domini
3300 5015 3474 5068 verbis
3506 5016 3559 5067 in
3579 5025 3744 5070 monte

2187 5088 2402 5142 Gnaeus
2432 5098 2603 5140 textus
2626 5086 2983 5138 Ambrosinus:
3015 5082 3229 5136 lectioni
3263 5086 3421 5136 lavet.

2262 5159 2299 5188 “
2333 5153 2583 5209 Similiter
2613 5156 2735 5223 lcgit
2762 5164 2861 5208 iet.
2881 5154 3014 5205 lren.
3051 5154 3332 5223 ittterp.iv.
3358 5150 3446 5216 20,
3478 5152 3584 5206 col.
3612 5153 3739 5216 255,

2185 5241 2408 5286 quocum
2450 5221 2704 5283 (ἔπνευς’.
2737 5234 2925 5291 ρτειξιει·
2953 5232 2998 5273 et
3024 5231 3141 5291 post
3164 5221 3325 5287 ignis;
3349 5233 3400 5272 at
3434 5234 3537 5273 tam
3562 5223 3616 5275 in
3648 5224 3741 5277 cit.

2188 5295 2311 5357 loc.,
2345 5309 2497 5360 quam
2518 5293 2579 5346 in
2608 5293 2772 5358 antiq.
2800 5300 2853 5345 et
2879 5305 3009 5343 nova
3045 5290 3191 5360 Vulg.
3221 5292 3533 5360 omittuntur
3558 5294 3740 5345 ultima

2187 5364 2344 5416 verba
2368 5359 2417 5414 et
2446 5363 2497 5413 in
2527 5380 2583 5415 eo
2627 5362 2869 5414 Dominus
2899 5375 2916 5412 :
2943 5375 3057 5427 qua:
3091 5359 3264 5411 forsan
3316 5359 3399 5412 hic
3446 5376 3549 5411 non
3582 5362 3741 5413 veluti
3804 5359 3805 5427 ξ

2184 5447 2246 5483 ex
2274 5446 2423 5485 sacro
2447 5430 2587 5485 lontc
2616 5429 2901 5487 manantia.
2935 5428 3025 5481 sed
3056 5438 3113 5480 ut
3133 5442 3244 5479 suae
3274 5431 3437 5496 magis
3459 5432 3741 5484 sententia:

2184 5500 2458 5563 inserviat,
2490 5500 2797 5553 Ambrosius
2828 5498 3093 5551 addidisse
3122 5497 3344 5548 vide‘ttr.
3804 5497 3805 5559 Ἰ

2255 5572 2294 5600 ¹¹
2328 5571 2508 5622 Itidem
2546 5568 2857 5622 Ambrosius
2889 5568 2979 5621 lll).
3015 5581 3064 5618 tv
3100 5565 3447 5630 llexaem.,8,
3477 5563 3541 5619 ιθ
3566 5578 3615 5619 et
3653 5568 3738 5623 75.

2186 5650 2311 5691 tom.
2359 5640 2396 5699 Ι,
2442 5654 2546 5691 uno
2590 5648 2816 5709 excepto
2857 5638 3075 5709 quietum
3101 5636 3572 5709 locontunsuetimt
3599 5651 3619 5697 ;
3649 5634 3737 5709 sed
3804 5640 3805 5709 l

2184 5710 2477 5761 habetcum
2505 5707 2620 5760 cod.
2650 5704 2957 5762 mansuetum
2987 5705 3037 5759 in
3066 5715 3201 5760 orat.
3221 5704 3287 5758 dc
3308 5705 3483 5760 Obitu.
3505 5704 3690 5760 Theod
3721 5743 3733 5768 ,

2185 5794 2236 5831 n.
2260 5779 2344 5843 53,
2380 5789 2503 5832 tum.
2544 5777 2602 5830 lV
2930 5804 2933 5807 λ
