3828 6378
516 420 608 477 131

1482 411 1531 469 S.
1576 409 1869 465 AMBROSI
1909 407 2444 464 MEDIOLANENSIS
2483 408 2786 465 EPISCOPI

3633 411 3655 461 1
3668 411 3738 463 52

521 552 539 582 s
580 530 636 585 Si
663 536 865 597 patrem
896 524 1121 579 familias
1153 521 1408 576 Belzeebu
1430 530 1454 557 ι
1484 530 1842 585 uocauerunt,
1872 524 2067 586 quanto
2096 522 2142 579 Α
2170 518 2438 573 cutionem
2472 521 2716 587 patimur,
2747 525 2801 571 et
2830 519 3150 573 sustinemus
3172 520 3189 549 ⁷
3214 537 3223 571 :
3255 519 3603 587 blasphemati
3635 519 3737 571 dc-

513 617 678 686 magis
706 614 1021 668 domesticos
1062 612 1217 665 eius‘
1258 608 1473 677 (Matth.
1500 624 1565 673 χ,
1603 607 1735 674 25)?
1780 626 1797 657 ι
1831 607 1899 660 Et
1934 624 1953 657 ι
2009 607 2065 661 Si

513 704 737 757 mundus
764 718 857 755 uos
884 702 1011 763 odit,
1043 702 1227 751 scitote
1252 697 1498 764 quoniam
1527 710 1611 748 me
1648 698 1793 763 prius
1824 694 1944 749 odio
1973 694 2066 748 ba-

519 794 631 846 buit
654 794 674 823 ²
707 791 882 857 (Joan.
916 804 999 853 xv,
1034 788 1146 853 l8).
1186 805 1203 835 ι
1236 786 1323 839 Sic
1350 794 1404 838 et
1432 783 1713 851 Apostolus
1742 784 1849 835 ait:
1879 800 1897 832 ι
1931 784 2065 851 Spe-

511 879 769 933 ctaculum
798 876 915 930 facti
946 889 1127 927 sumus
1158 873 1277 925 huic
1304 872 1517 934 mundo,
1558 881 1612 923 et
1641 872 1859 938 angelis.
1887 880 1939 925 et
1972 871 2066 923 bd’-

512 968 740 1021 minibus
762 966 781 994 ⁸
809 966 849 1033 (1
882 964 996 1017 Cor.
1032 978 1103 1025 iv,
1134 963 1215 1029 9);
1249 980 1266 1011 ι
1298 961 1424 1014 idest
1447 960 1705 1027 gentibus,
1736 969 1787 1012 et
1820 959 2065 1013 fratribus

511 1056 665 1118 ﬂetis,
693 1054 779 1122 qui
824 1054 921 1107 sub
945 1052 1157 1105 nomine
1203 1050 1471 1117 religionis
1504 1051 1840 1115 trasligurant
1869 1048 1894 1085 δ
1926 1062 1984 1102 se
2013 1052 2064 1101 in

510 1146 721 1214 angelus
746 1144 894 1197 lucis.
920 1142 1149 1209 Denique
1174 1147 1355 1207 aperte
1380 1138 1482 1191 hoc
1506 1152 1665 1203 supra
1692 1136 1928 1205 infraque
1947 1152 2066 1191 con-

512 1236 701 1302 plexus
730 1239 826 1285 est.
858 1248 876 1281 ε
905 1228 1041 1296 lam,
1066 1228 1257 1296 inquit,
1287 1226 1507 1281 saturati
1537 1226 1687 1303 estis,
1717 1226 1910 1279 diuites
1940 1225 2061 1279 facti

511 1323 666 1376 estis:
700 1320 814 1374 sine
838 1318 989 1372 nobis
1018 1318 1274 1385 regnatis:
1305 1325 1357 1369 et
1384 1314 1581 1368 utinam
1623 1316 1875 1382 regnetis,
1908 1325 1965 1369 ut
2008 1324 2064 1370 et

511 1424 611 1463 nos
638 1410 909 1463 uobiscum
937 1419 1320 1475 conregnemus
1346 1404 1368 1433 ‘
1397 1402 1578 1473 (Ibid.,
1606 1403 1686 1469 8).
1738 1422 1757 1454 ι
1794 1404 1859 1456 Et
1888 1404 2018 1457 infra
2045 1422 2059 1457 :

516 1516 536 1548 ι
571 1497 675 1551 Nos
704 1497 846 1549 stulti
880 1504 1093 1564 propter
1122 1494 1415 1556 Christum,
1447 1505 1544 1545 uos
1574 1502 1748 1545 autem
1780 1494 2060 1560 prudentes

510 1587 565 1641 in
588 1585 823 1639 Christo:
852 1600 950 1639 nos
977 1585 1189 1646 infirmi,
1220 1596 1317 1636 uos
1338 1591 1510 1635 autem
1556 1580 1719 1635 fortes
1739 1582 1777 1633 ⁸.
1811 1582 1982 1650 Usque
2006 1584 2056 1636 in

510 1675 647 1730 hanc
667 1676 849 1729 horam
881 1684 933 1729 et
960 1676 1240 1735 esurimus,
1271 1681 1323 1726 et
1352 1670 1477 1725 nudi
1511 1684 1711 1735 sumus,
1738 1680 1789 1724 et
1817 1673 2060 1725 culallza-
2108 1689 2113 1695 τ

507 1781 627 1822 mur
652 1778 699 1831 ε,
732 1776 784 1822 et
822 1767 1089 1821 instabiles
1133 1780 1311 1819 sumus
1337 1765 1357 1795 ⁸
1388 1763 1545 1833 (idest
1590 1779 1695 1817 non
1720 1764 2013 1819 resistimus
2037 1804 2051 1829 ,

2172 622 2486 676 praecatnur
2518 618 2575 658 ετ
2627 618 2887 675 tamquam
2942 618 3282 677 purgamenta
3335 610 3486 663 huius
3534 609 3737 662 mundi

2169 698 2290 752 facti
2320 712 2522 764 sumus,
2553 699 2785 752 omnium
2815 699 3133 765 perispsema
3162 702 3182 728 "
3203 700 3385 769 (lbid.,
3414 698 3501 763 10,
3525 700 3619 761 11,
3643 697 3734 759 i2,

2170 788 2283 856 13).
2317 808 2333 839 ι
2357 788 2495 842 Haec
2523 789 2809 855 apostolica
2832 788 3064 840 doctrina
3093 798 3192 849 est.
3216 787 3315 842 hoc
3342 787 3433 841 Dei
3450 797 3502 841 et
3524 787 3735 841 Christi

2168 879 2501 945 mysterium,
2536 875 2665 929 haec
2692 877 3025 929 conuersatio
3049 876 3309 938 caelestis,
3353 877 3482 929 haec
3514 874 3734 943 profes-

2165 965 2245 1021 sio
2266 966 2543 1033 Spiritalis;
2572 966 2671 1018 hoc
2692 966 2914 1018 mundus
2938 981 3039 1019 non
3064 968 3275 1033 recipit;
3298 966 3396 1019 hoc
3419 964 3726 1035 ypocrisis'

2167 1054 2387 1119 resiluit,
2444 1054 2650 1107 dicente
2691 1055 2940 1120 Apostolo
2988 1072 2999 1105 :
3043 1071 3062 1104 ι
3099 1054 3351 1109 Animalis
3393 1056 3551 1108 homo
3616 1070 3732 1107 non

2168 1145 2409 1211 percipit,
2441 1159 2575 1212 quae
2604 1154 2725 1197 sunt
2753 1145 2976 1211 Spiritus
3022 1145 3142 1199 Dei:
3186 1146 3401 1199 stultitia
3449 1146 3592 1200 enim
3643 1156 3730 1199 est

2164 1232 2237 1285 illi
2265 1235 2285 1263 ο
2309 1230 2352 1297 (ι
2378 1230 2497 1283 Cor.
2529 1247 2585 1295 ιι,
2618 1232 2724 1299 tt).
2770 1252 2786 1281 ι

2236 1321 2369 1373 VIII.
2397 1320 2624 1373 Fructus
2652 1330 2824 1373 autem
2854 1330 2973 1373 sunt
3003 1320 3245 1387 Spiitus,
3272 1335 3403 1389 quos
3435 1320 3730 1389 Apostolus

2170 1419 2467 1473 enumerat,
2497 1408 2676 1461 dicens
2706 1426 2718 1461 :
2741 1409 2992 1472 «Caritas,
3012 1408 3277 1476 gaudium,
3297 1424 3421 1476 pas,
3439 1409 3727 1477 patientia,

2166 1500 2402 1562 bonitas,
2435 1498 2799 1562 mansuetudo,
2818 1500 2966 1561 ﬁdes,
2987 1500 3171 1552 lenitus
3186 1498 3594 1563 R,rontinentia,
3632 1512 3728 1550 ca-

2162 1589 2312 1641 stitas
2337 1586 2527 1657 ‘°(Gal.
2548 1587 2705 1649 v.22,
2727 1588 2839 1655 25).
2871 1605 2886 1635 ι
2912 1586 2975 1639 Ει
3002 1586 3123 1639 illud
3142 1587 3207 1640 de
3232 1584 3371 1653 quoh
3392 1586 3582 1640 litteris
3608 1588 3728 1639 suis

2166 1675 2513 1743 Ephesiorum
2548 1676 2834 1728 Ecclesium
2875 1673 2885 1711 ί
2928 1674 3062 1729 idem
3094 1676 3375 1742 Apostolus
3404 1677 3612 1728 monuit
3637 1676 3680 1707 ¹¹
3711 1691 3726 1726 :

2165 1783 2181 1815 ι
2196 1766 2365 1817 Nolite
2376 1769 2687 1817 contristare
2702 1765 2954 1833 Spiritum
2971 1774 3205 1818 sanctum
3221 1764 3331 1827 Dei,
3348 1764 3397 1816 in
3412 1778 3515 1832 quo
3526 1764 3728 1832 signati

507 1858 590 1913 uel
619 1873 721 1911 non
748 1857 1076 1910 defendimus
1102 1854 1178 1922 ά),
1217 1865 1269 1909 et
1297 1854 1594 1907 laboramus
1624 1862 1904 1920 operantes
1941 1870 2054 1908 ma-
2089 1858 2129 1917 Β
2158 1852 2286 1905 estis
2316 1852 2367 1903 in
2396 1851 2479 1903 die
2506 1852 2887 1919 redemptionis
2907 1854 2945 1883 ¹¹
2976 1851 3190 1921 (Ephes.
3216 1867 3285 1914 iv,
3312 1852 3422 1918 50).
3463 1871 3480 1900 ι
3506 1851 3725 1905 Contri-

508 1946 664 2000 nibus
692 1944 884 1999 nOstris
910 1962 921 1995 :
961 1942 1349 2007 maledicimus,
1376 1950 1424 1993 et
1452 1938 1838 1993 benedicimus:
1872 1956 2059 2008 perse-

582 2124 608 2152 κ
633 2115 705 2169 ita
739 2115 881 2181 cod.,
914 2130 1068 2183 quam
1115 2117 1392 2172 lectionem
1437 2118 1636 2171 idcirco
1688 2116 1901 2175 retinui.
1934 2117 2053 2183 quia

509 2198 611 2237 non
643 2186 769 2237 satis
798 2186 1120 2249 exploratum
1152 2186 1279 2237 mihi
1320 2196 1419 2246 εει,
1454 2196 1625 2238 utrum
1653 2187 1680 2235 b
1717 2186 1796 2237 vel
1826 2190 1843 2236 ι
1869 2187 1935 2238 sit
1957 2184 2053 2236 ad-

510 2253 739 2305 dendum
784 2254 834 2302 in
866 2255 985 2303 line.
1020 2254 1282 2318 Siquidem
1313 2266 1520 2306 veteres
1548 2267 1676 2305 mss.
1709 2267 1893 2304 omnes
1919 2252 2057 2314 apud

508 2320 685 2373 Sabat.
731 2321 779 2371 in
837 2320 889 2373 h.
935 2320 985 2389 l.,
1018 2330 1191 2389 tegunt
1243 2321 1503 2373 Bcelaebul
1541 2336 1631 2388 per
1660 2322 1676 2371 ι
1704 2335 1845 2389 cum_
1874 2320 2059 2389 Graeco

509 2390 816 2459 βεελζεϐοὺλ.
862 2391 926 2439 At
951 2386 1296 2459 lliernnymus
1332 2391 1425 2442 lib.
1464 2386 1712 2459 de‘Nom.
1754 2386 1913 2459 llebr.
1948 2387 2059 2459 vnit

508 2457 561 2509 in
594 2458 693 2509 line
716 2459 869 2523 hujus
886 2458 1119 2509 vocabuli
1144 2456 1168 2507 ὁ
1195 2458 1419 2509 litteram
1442 2472 1561 2511 esse
1585 2456 1857 2523 legendam
1883 2470 1985 2508 non
2008 2457 2057 2517 l;

508 2540 678 2576 musca
700 2526 849 2584 enim,
878 2524 1009 2588 iniit,
1038 2526 1189 2576 zcbub
1208 2535 1427 2577 vocatur.

580 2592 607 2629 δ
651 2593 718 2645 Ita
750 2595 799 2644 in
831 2593 948 2645 cod.
994 2604 1130 2644 trans
1172 2594 1221 2644 in
1264 2597 1422 2647 verbo
1462 2593 1837 2659 transﬁguravit
1880 2591 2059 2658 abjicif.

508 2660 733 2713 litteram
763 2677 814 2723 η,
846 2661 1137 2727 cuiusmodi
1160 2664 1211 2713 in
1242 2664 1336 2714 hac
1365 2671 1418 2714 ct
1439 2662 1697 2714 similibus
1726 2662 1939 2715 vocibus
1969 2674 2057 2711 ve-

510 2737 648 2781 tusta
672 2729 911 2794 exempla
942 2744 1044 2781 non
1071 2729 1283 2782 desunt.

585 2808 606 2832 ο
639 2798 711 2850 Ita
742 2798 903 2849 codex
933 2810 1026 2862 pro
1070 2796 1458 2861 colaphisamur.
1503 2796 1726 2849 Litteras
1748 2813 1779 2847 u
1803 2804 1853 2849 et
1879 2810 1907 2846 o
1934 2802 2055 2857 apte

508 2876 688 2918 monet
737 2865 961 2932 Longus,
990 2881 1073 2933 pp.
1104 2864 1243 2918 22w
1266 2877 1318 2919 et
1372 2867 1531 2927 2222,
1584 2867 1742 2918 fuisse
1794 2864 2052 2915 interdum

510 2934 646 2999 apud
691 2933 900 2986 Latinos
950 2932 1218 2993 coiifusas.
1247 2935 1318 2986 ita
1345 2945 1399 2986 ut
1433 2936 1666 2998 legerent
1692 2949 1723 2983 u
1753 2934 1909 2985 etiam
1936 2946 2053 2983 cum

508 3002 879 3118 geriberento.
919 3000 975 3053 id
1009 3002 1321 3055 conﬁrmant
1364 3001 1670 3055 Valerianus
1718 3016 1807 3079 pp.
1838 3000 1975 3079 228d
2003 3010 2055 3078 et

543 3070 667 3118 290.
700 3072 1000 3118 Papirianus
1032 3084 1143 3118 naa.
1176 3069 1332 3118 2292.
1365 3082 1521 3118 atque
1568 3071 1635 3118 cl.
1670 3070 1853 3118 Maius.
1883 3082 1970 3118 aut
2005 3085 2052 3118 In

543 3070 667 3133 290,
700 3071 1000 3137 Papirianus
1032 3084 1143 3138 pag.
1176 3069 1332 3133 2292,
1365 3082 1521 3138 atque
1568 3071 1635 3123 cl.
1670 3069 1853 3132 Maius,
1883 3070 1971 3135 qui
2005 3070 2052 3120 in

511 3137 624 3191 huic
652 3152 734 3191 me
778 3137 1077 3191 annotanda
1130 3140 1329 3205 praeivit
1367 3139 1420 3192 in
1440 3137 1537 3191 Suo
1567 3138 1737 3191 indice
1775 3138 2055 3191 Frontonis

508 3206 934 3275 orthograpliico.
962 3206 1111 3271 Quod
1150 3221 1273 3259 vero
1301 3208 1487 3259 attinet
1526 3208 1587 3259 ad
1628 3206 1853 3275 litteram
1880 3208 2055 3275 [sane

508 3274 651 3327 illam
672 3272 1005 3340 'simpliciter
1035 3289 1138 3327 non
1163 3289 1256 3342 per
1294 3277 1361 3342 ph
1408 3274 1707 3328 scribebant
1749 3273 1938 3325 Latini.
1968 3272 2055 3325 Sic

506 3345 647 3395 enim
693 3343 1120 3409 diligentissimus
1168 3342 1331 3396 Maius
1378 3359 1499 3396 mox
1548 3342 1803 3403 laudatus,
1838 3350 1891 3394 et
1921 3357 2053 3394 nun-

506 3426 662 3478 quam
692 3411 819 3463 satis
845 3413 1131 3465 laudandus
1172 3412 1327 3464 habet
1368 3413 1433 3465 de
1472 3413 1547 3464 Re
1578 3411 1700 3479 pub.
1728 3426 1779 3472 ι,
1810 3410 1874 3477 2,
1906 3425 1955 3476 p.
1990 3412 2047 3475 7,

509 3494 564 3531 n.
597 3480 691 3546 (a).
719 3479 955 3530 Litteram
979 3479 1047 3546 ph
1070 3481 1186 3531 olim
1208 3496 1237 3531 a
1254 3480 1449 3531 Latinis
1478 3497 1575 3533 non
1602 3482 1752 3547 fuisse
1775 3479 2055 3530 adhibitam

508 3556 677 3599 monet
698 3564 786 3599 nos
809 3547 1000 3615 Cicero,
1026 3563 1101 3599 or.
1123 3548 1209 3601 48.
1233 3548 1365 3601 Tum
1399 3548 1681 3600 Martianus
1704 3548 1795 3599 lib.
1821 3562 1897 3611 ιιι,
1937 3562 2053 3609 cap.

508 3616 577 3670 de
604 3616 822 3682 Coniug.
850 3616 947 3667 ait:
972 3614 1061 3668 nec
1085 3616 1400 3679 fexcludeut,
1433 3632 1545 3668 cum
1564 3616 1788 3667 dicamus
1820 3614 2051 3681 triumfo,

508 3700 789 3749 quanquam
820 3700 848 3733 a
877 3683 1066 3736 (ἐναγεῖς
1087 3686 1265 3746 veniat,
1296 3694 1340 3737 et
1365 3701 1453 3751 per
1482 3699 1515 3752 p
1539 3692 1583 3735 et
1615 3684 1647 3737 h
1677 3686 1845 3749 potius
1871 3686 2057 3736 scriba—

509 3761 611 3804 tur.
638 3752 775 3805 Idem
795 3768 917 3805 vero
937 3752 1097 3804 Maius
1122 3753 1189 3804 ita
1210 3756 1365 3805 etiam
1393 3751 1569 3806 monet
1592 3754 1643 3805 in
1667 3751 1840 3806 indice
1865 3752 2058 3819 palaeo-

584 3920 601 3947 ¹
624 3918 696 3971 Ita
720 3916 772 3969 in
798 3916 959 3983 antiq.
986 3927 1035 3969 et
1058 3930 1188 3969 nova
1212 3915 1365 3984 Vulg.
1392 3929 1508 3969 eum
1536 3913 1743 3968 Grzeco.

581 3987 802 4052 ’Antiq.
848 3987 1019 4037 versio
1066 3986 1201 4051 apud
1247 3984 1406 4037 Sab.:
1450 3984 1508 4037 Si
1554 3988 1907 4052 mundus......
1939 3985 2057 4046 quia

510 4054 723 4123 priorem
742 4051 838 4116 me,
856 4053 1154 4123 etc._Vu‘g.,
1185 4055 1303 4119 quia
1331 4068 1413 4123 uie
1429 4054 1652 4123 priorem,
1668 4052 1817 4103 vobis.
1840 4051 2057 4123 Cypria-

510 4120 609 4174 iins
645 4121 796 4187 epist.
843 4121 906 4172 ad
947 4120 1241 4181 Fortunat.,
1275 4134 1325 4185 p.
1353 4120 1476 4181 268.
1501 4120 1738 4186 quoniam
1777 4136 1855 4171 me
1897 4122 2055 4187 primo

510 4189 656 4242 adiit.
688 4190 900 4243 Graecus
945 4202 1099 4240 vero:
1147 4192 1204 4239 Εἰ
1230 4190 1254 4242 ὁ
1285 4189 1536 4258 κόσμος...
1567 4191 1828 4257 γινώσχιτι
1862 4187 1941 4242 ὅτι
1970 4192 2055 4255 ἐμὲ

508 4266 704 4331 πρῷτον
731 4258 869 4331 burim
906 4260 1197 4331 ps_,ttiauucv.

580 4322 938 4379 'Ambrosiu's
962 4322 1054 4377 lib.
1094 4326 1159 4377 de
1210 4325 1316 4376 Elia
1348 4331 1399 4375 et
1433 4322 1626 4390 Jejun.,
1664 4326 1752 4388 2i,
1793 4325 1880 4389 '79,
1920 4334 1958 4378 t.
1995 4326 2050 4380 ιε

508 4388 658 4445 Facti
675 4410 863 4455 sumus,
887 4394 979 4456 ait,
1008 4394 1345 4460 spectaculum
1370 4388 1519 4460 hujus
1546 4396 1737 4455 mundi,
1765 4396 1890 4447 etin
1920 4395 2051 4461 psal.

508 4476 657 4520 XLIII.
680 4462 766 4523 33,
799 4470 837 4513 t.
870 4461 909 4513 ll
935 4479 949 4514 :
980 4472 1033 4513 ut
1062 4461 1394 4528 spectaculum
1441 4462 1597 4513 simus
1635 4463 1748 4513 huic
1781 4464 1965 4515 mundo
2009 4471 2055 4514 et

508 4530 701 4597 angelis
738 4540 784 4581 et
819 4529 1116 4582 hominibus.
1152 4529 1296 4596 Legit
1347 4543 1465 4581 cum
1498 4530 1685 4597 codice
1708 4532 1771 4582 ad
1812 4534 2050 4596 verbum,

508 4596 614 4649 uno
642 4598 837 4651 omisso
884 4597 1166 4649 hominibus
1203 4598 1254 4649 itt
1291 4597 1448 4663 epist.
1478 4596 1566 4663 65,
1613 4600 1696 4651 71.
1739 4600 1825 4653 Sic
1876 4602 2015 4653 enim
2039 4641 2051 4661 ,

508 4664 863 4732 Spectaculum
890 4666 1007 4734 {acti
1027 4680 1198 4717 sumus
1238 4665 1349 4717 huic
1383 4669 1589 4726 mundo,
1623 4678 1667 4718 et
1708 4669 1916 4731 angelis.
1950 4668 2052 4720 No-

508 4715 633 4786 sti-te
663 4736 868 4786 lectioni
890 4715 1202 4787 'concinunt
1228 4734 1439 4802 antiqua
1481 4715 1656 4788 versio
1682 4746 1733 4788 ct
1765 4715 1995 4801 ἀναξίως,
2024 4750 2053 4787 a
2087 4715 2141 4785 De

548 4816 611 4851 uo
637 4812 811 4853 tamen
842 4804 987 4854 abest
1011 4806 1141 4854 huic.

508 4816 611 4868 quo
637 4816 811 4853 tamen
842 4816 987 4855 anest
1011 4816 1141 4855 huic.

578 4870 598 4898 ⁸
627 4870 696 4921 lta
721 4874 931 4937 antiqua
962 4873 1133 4923 versio
1159 4870 1293 4937 apud
1318 4870 1525 4933 Sabat.,
1558 4886 1659 4923 uno
1682 4881 1905 4937 excepto
1936 4888 2051 4923 ron-

507 4952 786 5003 rcgnemus,
839 4957 932 5007 pro
971 4955 1072 5005 quo
1120 4940 1597 5007 liabet‘regnemus.
1655 4941 1843 4989 Verum
1896 4942 2055 4992 verbo

508 5004 859 5075 conregnemus
887 5004 1044 5060 utitur
1068 5010 1124 5061 S.
1148 5004 1447 5059 Hilarins‘tn
1478 5008 1608 5075 psal.
1636 5023 1693 5070 tt,
1721 5009 1806 5067 «12,
1836 5008 1938 5059 col.
1963 5010 2049 5070 49,

506 5083 558 5126 et
589 5089 755 5134 Lx,ac
781 5092 895 5136 va,
927 5079 1047 5128 coll.
1082 5078 1172 5128 1H
1191 5086 1241 5127 et
1272 5075 1392 5127 197.

579 5144 598 5172 ⁸
632 5144 703 5195 Ita
738 5144 787 5195 in
819 5156 987 5210 utraq.
1028 5145 1309 5209 Vulg.cnm
1333 5142 1536 5205 Graeco,
1570 5142 1661 5196 sed
1686 5143 1881 5196 addunt
1916 5142 1968 5195 in
1994 5142 2053 5195 li-

508 5224 611 5262 ne:
640 5227 721 5261 vos
742 5214 925 5266 nobiles
946 5214 1037 5263 nos
1061 5224 1226 5262 autem
1256 5211 1511 5275 ignobiles.

576 5278 596 5306 ⁸
626 5279 799 5333 Dill'er.
845 5281 1147 5332 AtuhrOsius
1180 5280 1229 5330 in
1256 5282 1382 5343 p-al.
1413 5293 1569 5329 cxvnt
1594 5293 1752 5330 serm.
1776 5279 1827 5340 8,
1854 5281 1907 5340 7,
1934 5279 2051 5345 f1“,

506 5346 718 5412 legens;
746 5364 897 5413 usque
932 5350 997 5397 ad
1027 5349 1153 5398 hanc
1179 5350 1348 5397 harant
1389 5356 1435 5397 et
1472 5354 1735 5407 esurimus,
1762 5358 1806 5397 et
1836 5350 2048 5409 sitimus,

507 5426 549 5464 et
578 5416 903 5477 nudisumus,
930 5427 973 5466 et
1002 5415 1223 5481 colaphis
1252 5417 1571 5477 vapulamus,
1616 5428 1660 5465 et
1692 5418 1943 5469 instabiles
1966 5433 2048 5467 su-

506 5482 832 5551 mussllabet
856 5484 1224 5548 colaphisamur
1244 5497 1359 5551 cum
1400 5483 1561 5548 antiq.
1596 5484 1745 5551 Vulg.
1780 5486 1914 5549 apud
1952 5486 2045 5537 Sa-

508 5549 1021 5657 léat.ea‘ltnbrosiastes
1043 5554 1092 5603 in
1117 5556 1167 5605 h.
1194 5552 1250 5613 l.,
1275 5550 1579 5617 quibuscum
1609 5549 1824 5606 Grtecus
1851 5556 2045 5623 uolupt-

548 5632 605 5657 ou
664 5632 716 5657 α-

524 5622 716 5669 ξοαευα.

585 5680 603 5710 ⁷
628 5681 698 5737 lta
718 5680 1091 5741 Ambrosiusin
1116 5688 1245 5749 psal.
1271 5703 1483 5755 xxxviii,
1514 5691 1572 5743 l0
1593 5706 1604 5750 ;
1626 5706 1804 5752 cxvui,
1830 5692 1863 5741 l.
1893 5691 2044 5743 molo

2166 1950 2331 1992 statur
2361 1949 2535 1992 autem
2553 1938 2778 2007 Spiritus
2806 1956 2834 1993 a
2866 1940 3143 1993 contrariis
3165 1940 3463 2003 desideriis,
3492 1940 3633 1995 idest
3658 1943 3728 1995 ab
3792 1934 3803 1955 ¹

2159 2116 2408 2179 graphice
2432 2115 2495 2167 ad
2520 2116 2831 2167 Ciceronem
2863 2114 3078 2182 ejusque
3124 2115 3482 2177 interpretem,
3514 2126 3649 2169 tom.
3689 2118 3726 2171 ll

2160 2183 2428 2235 Classiror.
2461 2186 2687 2241 Auctor.,
2720 2199 2769 2247 p.
2818 2184 2942 2244 388,
2971 2184 3072 2235 col.
3099 2184 3167 2234 ‘2:
3195 2184 3233 2233 F
3262 2199 3351 2249 pro
3378 2186 3445 2249 ph
3478 2185 3679 2249 passim
3710 2203 3726 2244 ,'

2158 2261 2201 2300 et
2230 2261 2377 2309 recte,
2409 2260 2461 2298 ut
2492 2260 2629 2315 puto.
2657 2250 2758 2299 (Zur
2773 2252 2902 2301 enim
2928 2266 3118 2315 semper
3142 2249 3308 2301 Latini
3329 2266 3419 2315 pro
3439 2267 3534 2301 sua
3562 2254 3725 2304 unica

2160 2267 2201 2300 et
2230 2267 2377 2309 reae,
2409 2267 2461 2298 ut
2492 2267 2629 2315 puto.
2657 2267 2902 2301 Lurentm
2928 2267 3118 2315 semper
3142 2267 3308 2301 mum
3329 2267 3419 2367 pro
3439 2267 3534 2301 sua
3562 2269 3724 2304 unica

2160 2318 2329 2370 littera
2356 2318 2521 2369 [duas
2565 2318 2927 2369 incommodius
2954 2319 3265 2382 scripsissent
3297 2332 3327 2383 p
3350 2318 3405 2368 t?
3448 2319 3724 2372 Czrtcrum

2156 2387 2319 2438 codex
2353 2395 2530 2437 noster
2560 2385 2703 2440 alilvi.
2733 2401 2847 2437 cum
2880 2386 2927 2435 ιιι
2958 2399 3083 2438 usus
3108 2386 3375 2443 reclamat,
3405 2399 3725 2441 constanter

2159 2456 2318 2507 utitur
2340 2455 2429 2521 ph.
2466 2454 2536 2506 De
2563 2456 2727 2506 littera
2757 2471 2783 2505 ι
2806 2454 2922 2506 vide
2947 2454 3198 2506 lsidorum
3229 2468 3267 2513 t,
3298 2455 3327 2507 ιι
3347 2464 3363 2517 ;
3386 2453 3633 2522 0rig.,et
3656 2457 3724 2509 de

2159 2524 2272 2591 ejus
2302 2538 2398 2573 usu
2426 2532 2627 2591 veteres
2656 2522 3042 2591 ortliugrnpltns
3065 2522 3200 2587 apud
3243 2522 3566 2591 Putschium.

2232 2588 2254 2625 ά
2279 2591 2370 2642 llic
2394 2597 2446 2642 et
2470 2590 2599 2641 infra
2626 2588 2999 2657 parenthesim,
3026 2599 3080 2642 ut
3108 2604 3287 2659 supra,
3312 2590 3597 2659 designare
3623 2607 3721 2644 auo

2165 2673 2254 2711 SUS
2284 2672 2415 2709 sum.
2583 2700 2591 2707 .
3535 2676 3539 2679 '

2233 2736 2255 2763 ε
2286 2726 2414 2779 Cnd.
2445 2734 2745 2779 constanter
2786 2741 2903 2795 cum
2930 2725 3289 2795 diphthongo,
3333 2734 3388 2780 et
3430 2727 3550 2781 vide
3595 2742 3720 2795 sup.

2159 2812 2274 2863 pas.
2300 2796 2389 2860 20,
2419 2803 2523 2847 not.
2560 2812 2589 2845 a
2625 2796 2742 2861 (col.
2774 2794 2891 2859 129,
2922 2812 2974 2846 tt.
3005 2794 3077 2857 h).

2237 2863 2253 2900 ί
2297 2865 2371 2917 Ita
2416 2863 2662 2917 scribitur
2704 2865 2751 2915 in
2784 2864 2924 2926 cod.,
2968 2866 3159 2916 omissa
3204 2864 3428 2931 aspirata
3480 2865 3531 2915 in
3574 2866 3718 2931 prin-

2167 2948 2323 2999 ClplO.

2236 3010 2257 3047 s
2290 3000 2420 3053 Cod.
2454 3000 2663 3051 luenitas
2689 3000 3166 3066 eumdiphthongo.
3188 2999 3279 3052 sed
3315 3013 3423 3052 an
3453 3001 3721 3067 expunxi-

2156 3084 2270 3122 mus
2294 3084 2414 3121 cum
2446 3068 2557 3135 ipse
2584 3068 2704 3119 cod.
2739 3068 2875 3121 haud
2903 3068 3041 3122 illam
3069 3068 3294 3121 retineat
3316 3069 3366 3121 in
3393 3070 3613 3123 vocibus
3643 3070 3717 3120 le-

2156 3142 2252 3197 uis,
2286 3138 2462 3197 lenior,
2491 3138 2689 3199 lenitas,
2718 3146 2823 3189 etc.

2228 3205 2252 3241 δ
2286 3208 2339 3257 In
2366 3205 2481 3257 cod.
2515 3204 2666 3271 quod,
2698 3205 2789 3256 sed
2834 3205 2867 3255 ά
2905 3218 3115 3271 prorsus
3152 3206 3400 3259 abundat.
3450 3207 3719 3260 ()hservat

2157 3273 2513 3340 Fumwgallius
2532 3270 2659 3325 Inst.
2689 3272 2826 3335 Dipl.
2848 3273 2887 3334 l,
2905 3270 2953 3324 c.
2972 3271 3024 3333 6,
3050 3271 3102 3333 9,
3120 3288 3171 3336 p.
3200 3275 3323 3337 I02,
3342 3284 3551 3329 veteres
3574 3276 3719 3330 haud

2157 3358 2277 3394 raro
2310 3343 2360 3393 in
2391 3340 2491 3393 line
2521 3342 2760 3393 voeahnli
2792 3342 3055 3395 addidisse
3092 3341 3315 3397 litteram
3345 3345 3406 3405 il,
3451 3345 3613 3409 idque
3668 3348 3719 3395 in

2162 3411 2223 3463 iis
2249 3410 2423 3463 verbis
2452 3411 2764 3475 prazsertim,
2794 3411 2941 3475 queis
2971 3409 3143 3461 littera
3168 3429 3195 3464 o
3217 3422 3352 3466 essm
3384 3410 3577 3465 finalis.
3615 3414 3717 3475 lia,

2161 3493 2223 3532 ex
2250 3494 2353 3544 gr.,
2384 3479 2680 3549 scribebant
2706 3481 2867 3541 estoil,
2900 3478 3067 3531 malod
3090 3517 3105 3542 ,
3146 3480 3343 3549 ceditod
3360 3520 3375 3545 ,
3428 3490 3532 3535 etc.
3561 3525 3577 3548 ,
3626 3497 3720 3549 pro

2161 3556 2285 3605 esto,
2320 3546 2475 3605 malo,
2497 3546 2677 3608 cedito,
2707 3558 2807 3599 etc.
3223 3547 3237 3564 '

2240 3613 2253 3651 ί
2282 3614 2410 3685 Cod.
2450 3614 2705 3677 Ecclesia,
2739 3615 2925 3667 lineola
2950 3622 3122 3685 tamen
3155 3616 3346 3670 litterae
3386 3632 3419 3667 a
3451 3631 3716 3685 supcrpoc

2161 3684 2262 3737 sita
2294 3683 2387 3736 fuit
2414 3697 2513 3753 pro
2542 3697 2610 3749 m,
2637 3696 2752 3750 qua:
2780 3698 2917 3752 :egre
2946 3684 3031 3736 vix
3056 3684 3259 3751 legitur.

2163 3915 2276 3984 cit.,
2298 3922 2338 3984 rt.
2370 3912 2436 3984 ll;
2471 3913 2558 3984 lib.
2595 3913 2700 3984 ide
2730 3912 2901 3981 Ofﬁc.,
2932 3913 3019 3979 48,
3044 3914 3169 3979 Ἡιιί,
3195 3925 3231 3968 t.
3263 3915 3353 3980 lli;
3381 3926 3434 3971 et
3462 3917 3555 3971 lib.
3575 3918 3720 3984 tl,de

2162 3983 2376 4043 I’uznit.,
2410 3983 2463 4045 1,
2496 3981 2545 4047 5,
2582 3983 2751 4048 ejusd.
2782 3984 2885 4035 vol.

2230 4052 2249 4081 ⁸
2273 4049 2551 4121 Consonat
2568 4051 2741 4103 versio
2765 4052 2927 4117 antiq.
2958 4051 3327 4121 apudSabat.,
3358 4066 3551 4121 prac'er
3574 4056 3714 4108 obse-

2157 4134 2356 4169 cramus
2382 4119 2495 4170 loco
2522 4120 2866 4183 deprecamur,
2901 4132 2995 4170 nec
3017 4119 3189 4173 dill’ert
3218 4119 3454 4175 (iuncus.
3492 4128 3555 4176 At
3590 4126 3720 4176 Am-

2160 4186 2367 4239 brosius
2391 4186 2441 4237 in
2474 4186 2604 4253 psal.
2636 4201 2819 4247 cxvnt,
2854 4189 2885 4257 Ι.
2928 4201 3001 4245 c.,
3030 4187 3221 4243 habet:
3269 4189 3715 4257 Blasphcmamur,

2159 4264 2205 4306 et
2241 4258 2551 4329 obsecramus
2570 4269 2589 4306 :
2612 4254 3195 4329 tanquamlustrameuta
3209 4258 3364 4329 huius
3391 4254 3566 4312 iuundi
3599 4261 3718 4329 {acti

2161 4341 2329 4376 sumus
2356 4325 2577 4394 omnium
2600 4334 2925 4391 purgamenta
2955 4340 3108 4394 usque
3130 4326 3315 4379 adhuc.

2232 4396 2249 4424 θ
2292 4398 2362 4445 tta
2386 4393 2439 4444 [ι.
2474 4394 2508 4445 l.
2537 4395 2599 4443 ad
2629 4393 2844 4444 verbum
2876 4393 3057 4446 recitat
3082 4393 3137 4447 S.
3166 4396 3471 4448 Ambrosius
3500 4396 3550 4448 in
3582 4398 3714 4451 Luc.

2161 4475 2251 4532 vlt,
2278 4460 2397 4519 148,
2426 4470 2463 4511 t.
2490 4460 2633 4532 et
2665 4461 2751 4532 lib.
2790 4477 2845 4513 ιιι
2882 4463 2961 4532 de,
2987 4464 3124 4529 Spir.
3150 4472 3342 4528 sanct.,
3398 4467 3479 4531 I7,
3512 4466 3640 4532 121,
3674 4477 3712 4520 ι.

2160 4528 2245 4587 ιν,
2271 4537 2463 4593 prrcter
2487 4528 2565 4579 illi
2592 4538 2661 4578 est
2691 4528 2805 4581 loco
2847 4538 2916 4579 est
2948 4528 3042 4581 illi.

2235 4597 2276 4639 ιο
2300 4596 2355 4667 5,
2384 4596 2587 4649 doctor.
2614 4597 2705 4648 lib.
2738 4600 2802 4667 de
2829 4597 3041 4660 Parad,
3066 4600 3150 4665 15,
3185 4600 3251 4654 61
3284 4620 3299 4655 :
3338 4598 3593 4667 Fructus,
3636 4603 3712 4657 in-

2162 4667 2297 4739 quit,
2317 4666 2535 4739 Spiritus
2567 4675 2636 4739 est
2665 4666 2867 4739 caritas,
2900 4668 3159 4739 gaudium,
3184 4684 3305 4735 pax,
3334 4666 3603 4739 patientia,
3629 4675 3713 4724 beo

2161 4736 2395 4799 uiguitas,
2419 4734 2678 4795 modestia,
2712 4735 3048 4801 continentia,
3080 4734 3298 4789 dileCtio.
3335 4734 3455 4791 illoc
3494 4740 3546 4792 in
3590 4734 3710 4795 loco

2154 4798 2308 4873 Rom.
2332 4802 2692 4873 edit._ca_stitas
2717 4817 2808 4867 pro
2824 4798 3193 4873 diliclio'legit.
3221 4806 3334 4858 Lib.
3363 4822 3489 4861 vero
3513 4810 3582 4861 de
3604 4812 3711 4861 Noe

2155 4880 2207 4921 et
2238 4872 2391 4931 Area,
2420 4870 2508 4928 29,
2542 4870 2660 4927 108,
2692 4874 2763 4942 sic
2789 4887 2809 4942 :_
2836 4868 3053 4942 Fructus
3076 4868 3238 4925 autem
3257 4877 3483 4938 spiritus,
3504 4880 3710 4942 caritas,

2156 4941 2424 5007 gaudium,
2457 4954 2575 5007 par,
2604 4940 2866 5003 patientia,
2900 4941 3113 4993 bonitas.
3148 4946 3209 4994 At
3254 4942 3305 4993 in
3348 4944 3477 5006 psal.
3516 4940 3710 5007 XXXVI,

2157 5008 2240 5071 I2,
2276 5005 2311 5057 τ.
2344 5008 2380 5056 ll
2408 5025 2419 5056 :
2454 5006 2668 5079 Fructus
2696 5019 2863 5079 autem
2882 5009 3086 5079 spiritus
3116 5016 3185 5061 est
3208 5005 3412 5075 caritas,
3442 5005 3708 5079 g'udium,

2155 5091 2275 5141 pax,
2307 5077 2564 5144 patientia,
2594 5077 2901 5143 benignitas,
2933 5076 3126 5129 bonitas
3150 5119 3163 5141 ,
3212 5080 3367 5144 ﬁdes,
3421 5076 3666 5133 modestia
3691 5122 3707 5144 ,

2157 5142 2727 5214 continentia.Detnnttt
2761 5145 2850 5214 lib.
2885 5159 2897 5194 t
2934 5146 2998 5196 dc
3025 5147 3163 5212 Spir.
3200 5142 3367 5200 Sancl.
3398 5149 3458 5210 6,
3498 5150 3603 5214 69,
3652 5142 3709 5204 ttl

2161 5211 2210 5281 in
2245 5212 2333 5263 lib.
2368 5212 2440 5262 de
2462 5212 2569 5263 Noe
2599 5228 2714 5277 sup.
2748 5213 2836 5262 cit.
2866 5211 3208 5281 prmterquam
3238 5216 3376 5280 quod
3409 5233 3506 5269 nux
3535 5211 3705 5278 primo

2162 5280 2275 5353 loco
2302 5283 2462 5353 ponit,
2490 5296 2642 5347 quam
2665 5292 2843 5353 tamen
2874 5296 3052 5353 vocem
3076 5280 3213 5351 ipost
3250 5285 3493 5353 gaudium
3522 5289 3705 5341 scribit

2158 5347 2207 5399 in
2231 5349 2349 5399 cod.
2385 5349 2516 5399 libro
2546 5363 2633 5409 stt,
2657 5348 2775 5410 1211,
2813 5349 2957 5399 LIV.

2228 5419 2265 5446 “
2291 5417 2442 5469 Conf.
2475 5418 2627 5483 epist.
2658 5419 2744 5473 7t,
2769 5424 2804 5467 t.
2840 5415 2921 5477 Ill,
2956 5418 3005 5469 in
3037 5433 3133 5484 qua
3166 5417 3381 5483 hujusce
3402 5424 3706 5486 apostolica:

2153 5486 2387 5561 epistolae
2417 5499 2673 5561 sumptam
2704 5485 3010 5538 Ambrosius
3036 5504 3062 5537 a
3090 5488 3286 5541 Irenaeo
3314 5485 3523 5557 rogatus
3540 5508 3703 5561 espo-

2153 5556 2247 5604 nit.
2281 5554 2381 5604 col.
2412 5555 2544 5605 1186
2573 5564 2624 5604 ct
2654 5568 2799 5618 seqq.

2225 5624 2263 5650 ”
2288 5623 2538 5673 Similiter
2563 5622 2883 5679 Ambrosius,
2908 5621 3118 5674 omissis
3144 5622 3192 5673 in
3218 5622 3319 5677 line
3347 5627 3394 5675 in
3413 5627 3494 5679 die
3515 5631 3702 5681 rident-

2153 5691 2357 5754 ptionis,
2396 5691 2551 5745 habet
2577 5690 2665 5743 lib.
2703 5706 2752 5743 ιιι
2780 5693 2843 5743 de
2875 5690 3011 5757 Spir.
3044 5692 3248 5760 Sanct.,
3274 5694 3327 5761 8,
3360 5697 3447 5763 $8,
3481 5705 3519 5750 ι.
3548 5698 3637 5754 IV.
