3828 6346
523 450 622 503 155

1466 437 1520 492 '5.
1559 433 1855 490 AMRROSI
1891 432 2433 489 MEDIOLANENSIS
2472 429 2769 489 EPISCOPI

3633 430 3717 486 156

519 569 702 610 eorum
729 568 829 606 uua
871 550 1029 613 fellis,
1074 557 1129 602 et
1163 547 1343 599 botrus
1368 543 1729 598 amaritudinis
1756 543 1988 610 ipsorum
2023 543 2060 593 '.
2094 549 2143 608 Α
2171 541 2378 593 uilicata
2429 548 2554 592 sunt
2597 547 2824 593 mortua.
2862 536 2950 592 Sic
2983 536 3119 605 apud
3151 537 3358 591 Eseiam
3390 538 3525 606 (Isa.
3550 555 3639 602 xc,
3664 542 3714 609 l)

521 644 599 697 Ira
644 643 968 694 dracbonum
1003 646 1029 674 ι
1075 635 1256 689 uinum
1294 648 1498 697 eorum,
1541 642 1594 684 et
1641 631 1788 684 furor
1829 629 2071 697 aspidum

520 731 826 786 insanabilis
867 730 908 780 ’.
942 725 1130 794 (Deut.
1186 736 1347 785 usu,
1377 721 1466 784 51,
1502 719 1592 783 32,
1617 718 1738 788 35).
1771 707 1835 771 Et
1859 717 2024 770 David
2057 733 2069 767 :

527 838 546 870 ι
581 821 924 887 Sepulchrum
971 824 1155 884 patens
1183 820 1268 865 est
1286 820 1466 879 guttur
1490 822 1695 870 eorum,
1737 807 1927 875 linguis
1962 807 2074 858 suis

519 908 702 962 dolose
715 907 954 974 agebant,
967 916 1191 972 quorum
1203 911 1263 952 os
1285 897 1648 952 maledictione
1660 892 2074 948 etamaritudiue

522 998 734 1065 plenum
765 1005 846 1048 est
872 993 892 1024 ³
925 991 1092 1061 (Psal.
1126 1002 1241 1054 xm,
1272 985 1664 1054 3).]ra,inquit,
1695 980 1902 1035 irabest
1931 981 2072 1033 intri-

518 1086 650 1149 dere
692 1084 917 1148 meliori,
965 1080 1104 1134 felici
1153 1078 1457 1137 detrahere,
1493 1089 1706 1143 gemere
1755 1072 2074 1141 profectibus

518 1175 776 1244 proximi;
805 1174 943 1227 unde
983 1169 1243 1238 Propheta
1273 1167 1350 1220 sic
1386 1165 1513 1218 dicit
1543 1176 1557 1216 :
1590 1181 1608 1214 ι
1641 1163 1892 1216 Peccator
1922 1162 2070 1214 uide-

519 1268 616 1326 bit,
647 1275 701 1319 et
730 1264 1010 1326 irascetur,
1041 1259 1286 1314 dentibus
1311 1257 1422 1310 suis
1451 1254 1678 1320 frendet,
1713 1262 1765 1307 ct
1794 1251 2072 1307 tabescet‘

521 1352 691 1420 (Psal.
721 1368 830 1414 cxi,
877 1349 987 1418 10).
1035 1347 1345 1415 Indignatio,
1389 1345 1578 1411 inquit,
1626 1342 1960 1409 indignatioc
1993 1349 2075 1394 est

517 1441 730 1510 indigne
758 1442 894 1494 ferre
919 1439 1220 1494 inferiorem
1247 1435 1508 1503 superiori
1537 1435 1678 1487 dono
1705 1434 1900 1502 gratiae
1920 1446 2076 1486 coae-

516 1530 691 1595 qnui.
719 1536 808 1581 aut
859 1528 1019 1594 gradu
1049 1525 1381 1578 t-harisrnatis
1409 1521 1660 1576 anteferri
1692 1523 1743 1583 5;
1783 1538 1902 1574 cum
1934 1525 2074 1588 Apo-

447 1610 456 1619 ’
517 1615 683 1667 stolus
713 1613 906 1666 Calatis
930 1611 954 1648 ἀ
987 1613 1126 1666 dicat
1151 1627 1164 1663 :
1195 1629 1213 1660 ι
1235 1611 1347 1664 Νοιι
1377 1621 1457 1664 est
1482 1625 1668 1664 seruus
1698 1624 1867 1677 neque
1899 1610 2030 1661 liber
2055 1625 2070 1664 :

521 1715 628 1755 non
681 1700 818 1754 inest
862 1700 1146 1763 masculus,
1177 1713 1349 1766 neque
1380 1700 1603 1760 femina;
1635 1697 1726 1752 sed
1764 1712 1950 1749 omits
1976 1711 2072 1750 uos

520 1801 684 1843 unum
711 1789 839 1841 estis
871 1790 921 1841 in
950 1786 1161 1842 Christo
1192 1788 1303 1840 Iesu
1327 1787 1348 1816 ⁸
1371 1785 1508 1856 (Gal.
1543 1801 1618 1849 Ill,
1645 1786 1757 1855 98).

2173 629 2392 682 uallium
2410 627 2556 680 fossa
2582 627 2856 694 replentur
2890 623 2939 692 τ,
2968 625 3226 680 montium
3253 625 3414 680 ardua
3445 626 3718 681 humilian-

2176 727 2286 781 tur;
2313 717 2390 771 sic
2415 731 2574 783 praua
2603 716 2919 784 diriguntur,
2942 723 2998 769 et
3021 729 3205 784 aspera
3233 715 3620 783 deplanantur:
3647 717 3718 770 sic

2173 807 2384 869 colliu-n
2422 807 2656 858 omnium
2692 820 2854 872 prona
2886 806 2937 857 in
2968 804 3284 872 aequalitate
3321 805 3506 859 librata
3535 805 3587 859 in
3612 807 3716 871 pla-

2173 896 2301 950 nitie
2346 905 2471 948 sunt
2516 894 2738 949 deducta
2782 908 3126 962 camporum:
3168 894 3246 948 sic
3285 896 3459 949 cacdri
3485 904 3510 942 ε
3539 896 3714 950 Libani

2175 985 2372 1037 tenuati
2401 992 2545 1043 sunt.
2577 983 2799 1050 uirgulta
2831 982 2856 1018 δ
2884 983 3251 1036 uitulaminum
3286 981 3301 1020 ί
3338 985 3583 1038 roborata
3610 985 3717 1052 pin-

2171 1081 2454 1139 guescunt;
2501 1073 2580 1126 sic
2630 1073 2839 1126 leonum
2886 1071 3098 1124 faeritas
3135 1071 3149 1120 l
3188 1072 3545 1126 mansuefacta
3601 1073 3714 1125 boul

2171 1162 2527 1228 coniungitur,
2562 1168 2617 1213 ct
2669 1161 2905 1214 carnium
2931 1160 3298 1228 pinguitudine
3327 1159 3553 1215 faStidita
3599 1174 3713 1214 cum

2174 1251 2311 1304 boue
2339 1251 2502 1318 paleis
2525 1251 2890 1324 uesciturasic
2935 1251 3086 1316 lupus
3138 1250 3284 1304 rabie
3329 1251 3564 1320 deposita
3598 1265 3712 1304 cum

2171 1341 2322 1407 agnis
2375 1354 2678 1403 camporum
2721 1329 2867 1406 prata
2907 1339 3243 1406 depascitur:
3279 1341 3357 1393 sic
3412 1353 3563 1392 ursus
3597 1336 3713 1393 eum

2173 1432 2358 1493 uitulo,
2404 1440 2459 1484 et
2509 1430 2709 1482 haedus
2759 1444 2879 1482 cum
2935 1429 3100 1497 pardo
3137 1430 3421 1482 Concordat
3451 1429 3612 1498 (Ibid.
3642 1446 3710 1494 xi,

2171 1521 2224 1584 6,
2253 1523 2342 1590 7):
2372 1521 2448 1573 sic
2491 1521 2715 1573 infantes
2761 1518 3000 1574 cavernis
3048 1520 3284 1588 aspidum
3336 1536 3520 1575 manus
3575 1523 3714 1591 inge-

2170 1619 2309 1672 runt,
2358 1625 2456 1664 nec
2493 1617 2684 1663 nocent
2719 1611 2738 1641 θ
2783 1627 2794 1661 :
2831 1609 2910 1663 sic
2959 1609 3170 1663 humani
3218 1615 3426 1679 generis
3482 1612 3712 1667 uarietas

2168 1699 2288 1766 quia
2311 1697 2376 1751 de
2397 1698 2534 1749 boue
2555 1697 2618 1748 ad
2644 1697 2806 1749 Deum
2825 1712 2927 1749 non
2949 1699 3173 1763 pertinet
3197 1699 3260 1764 ’°)
3277 1697 3298 1733 ¹¹
3324 1699 3373 1751 in
3391 1715 3550 1752 unum
3577 1701 3713 1753 redi—

2167 1795 2354 1855 gctur:
2387 1786 2464 1838 sic
2489 1785 2770 1839 diuersitas
2796 1785 3044 1839 natalium
3067 1787 3265 1841 unitate
3290 1791 3573 1844 conCorilat
3598 1804 3612 1842 :
3643 1792 3714 1844 sic

586 1877 653 1930 X.
701 1877 862 1931 Docet
912 1877 1248 1929 beatissimus
1279 1875 1473 1928 Paulus
1522 1876 1572 1927 in
1604 1875 1848 1929 omnibus
1902 1874 2064 1926 ferme
2091 1876 2139 1933 B
2167 1874 2494 1927 conditiones
2522 1880 2766 1929 aemulae
2793 1889 2945 1941 pares
2975 1874 3305 1939 efficiuntur;
3329 1877 3452 1931 dum
3483 1880 3712 1934 moriun-

517 1967 756 2035 epistulis
783 1976 806 2003 ε
830 1968 938 2020 suis
966 1969 1012 2028 ",
1034 1982 1098 2018 ex
1128 1967 1272 2018 omni
1315 1969 1545 2027 natione,
1577 1965 1848 2031 dignitate,
1877 1963 2066 2015 nobili-

516 2064 640 2119 tate,
665 2062 856 2118 aetate,
884 2054 968 2106 uel
999 2068 1124 2107 sexu
1158 2062 1477 2108 conuocatos
1519 2053 1581 2104 ad
1615 2053 1766 2104 tidem
1799 2067 1958 2104 unum
1988 2048 2064 2104 et-

513 2141 680 2196 fectus
731 2142 780 2195 in
819 2141 1061 2205 Christo;
1093 2141 1242 2194 cuius
1284 2140 1542 2208 passioais
1571 2149 1898 2194 sacramento
1921 2141 1941 2170 ⁸
1967 2139 2062 2193 de-

517 2234 824 2286 h'onestaius
853 2241 935 2285 est
971 2232 1148 2285 mundi
1180 2231 1527 2298 principatus,
1560 2229 1835 2297 deturpata
1876 2229 2065 2284 nobili-

516 2330 616 2385 tas,
665 2320 920 2374 celsitudo
965 2319 1191 2382 deiecta,
1248 2319 1477 2372 exaltata
1528 2317 1817 2380 humilitas,
1858 2317 2064 2370 eleuata

513 2409 814 2480 depraessa,
849 2409 1119 2479 puriﬁcata
1149 2409 1385 2472 sordida,
1423 2409 1648 2463 iacentia
1681 2418 1878 2471 erecta,
1909 2420 1963 2464 et
1981 2409 2060 2462 ui-

589 2547 618 2578 ι
645 2541 765 2618 [ξφα
794 2552 892 2592 vox
915 2537 983 2592 ita
1005 2551 1123 2592 cum
1146 2538 1370 2605 aspirata
1393 2537 1552 2592 etiam
1575 2537 1627 2591 in
1649 2539 1876 2606 antiquis
1906 2538 2063 2593 codd.

515 2616 794 2664 reperitur.

563 2623 868 2732 Ἕθὲἓιιᾶῗὶτα
893 2689 1013 2730 cum
1031 2674 1268 2744 emphasi
1297 2677 1502 2744 repetit.

588 2755 612 2783 ε
645 2746 719 2799 En
741 2747 905 2799 altera
933 2743 1178 2812 repetitio
1198 2758 1291 2812 per
1310 2741 1599 2810 emphasim
1625 2741 1778 2796 facta.
1805 2743 1948 2807 Quod
1974 2759 2066 2795 au-

513 2823 632 2879 tem,
682 2815 848 2881 inquit
891 2813 1057 2869 Maius
1097 2813 1164 2865 de
1205 2813 1280 2881 lle
1309 2813 1430 2879 pub.
1464 2829 1500 2873 ι,
1530 2813 1617 2874 67,
1668 2827 1720 2878 p.
1763 2813 1882 2872 123,
1921 2822 2067 2880 negat

514 2884 742 2936 Moserus
756 2880 1050 2948 repetitione
1072 2880 1295 2932 vocabuli
1323 2896 1466 2946 posse
1479 2881 1606 2948 signi
1609 2881 1750 2948 ﬁcari
1767 2881 2063 2948 emphasim,

513 2952 696 3003 mirum
724 2951 980 3072 milgz’est;
1006 2958 1055 3002 et
1078 2959 1206 3002 certe
1234 2951 1445 3016 refutari
1478 2947 1673 3000 videtur
1699 2951 1762 3001 ab
1784 2950 1892 3017 ipso
1913 2947 2058 3001 Cice-

513 3035 653 3072 rone.
687 3034 737 3072 ι).
879 3057 894 3072 .
1828 3067 1837 3072 .

512 3035 653 3080 rane.
687 3034 737 3080 p.
775 3022 894 3072 105.

581 3036 653 3080 ne.
687 3034 737 3086 p.
775 3034 894 3072 we.

581 3090 610 3124 α
636 3088 815 3140 Codex
844 3086 1094 3140 mendose
1121 3085 1396 3139 Corinthiis
1434 3085 1610 3139 habet.

582 3165 607 3193 ε
634 3156 710 3209 Ita
737 3156 855 3209 cod.
889 3171 986 3222 pro
1012 3155 1252 3223 epistolis.
1297 3155 1426 3209 Viae
1460 3170 1602 3222 ευρ..
1630 3168 1746 3224 pag.
1771 3155 1862 3218 ἓξ,
1896 3164 2002 3208 not.
2034 3156 2062 3208 b

513 3224 646 3293 (Col.
681 3225 802 3286 161,
824 3241 879 3274 n.
910 3229 958 3291 α)
981 3225 1069 3278 ubi
1097 3227 1438 3293 observatum
1486 3224 1692 3292 reliqui,
1717 3225 1917 3278 litteras
1945 3241 1974 3278 ο
2010 3235 2066 3278 et

511 3309 545 3346 u
565 3294 702 3359 apud
735 3300 942 3347 veteres
971 3295 1106 3346 inter
1131 3307 1191 3345 se
1221 3292 1410 3345 mutuis
1431 3294 1629 3344 vicibus
1657 3293 1818 3362 fungi.

585 3361 607 3399 ι
643 3363 696 3414 In
727 3363 910 3414 codice
935 3363 1156 3414 repletur
1189 3360 1465 3414 manifesto
1495 3362 1704 3414 mendo.

665 3379 696 3414 ﬂ
727 3375 910 3416 εοαιεθ
935 3375 1165 3430 repletur,
1189 3375 1465 3414 ηιειιιιθειο
1495 3375 1704 3414 menon.

580 3440 606 3477 ις
632 3402 701 3484 ii;
727 3402 1752 3499 235.2“;éJa'arttmga'zagaa';3;;2
1782 3431 1939 3486 lectio
1965 3447 2060 3488 an-
2087 3402 2132 3462 C

509 3499 768 3566 tiquorum
799 3498 954 3552 codd.
987 3500 1300 3551 auctoritate
1320 3512 1424 3550 non
1445 3507 1610 3553 caret.

577 3567 606 3604 δ
637 3568 690 3620 In
718 3568 835 3620 cod.
864 3567 1173 3636 virgultae...
1200 3570 1478 3631 roboratae,
1510 3568 1647 3634 quod
1674 3568 1881 3635 quidem
1912 3583 2065 3636 repe-

507 3636 658 3689 titum
684 3646 765 3690 est
808 3636 1086 3699 mendum;
1133 3649 1253 3689 nam
1293 3636 1507 3704 virgulta
1555 3647 1737 3689 neutra
1786 3653 1885 3691 vox
1939 3648 2060 3703 est,

507 3705 788 3772 ideoquein
803 3714 1024 3772 utraque
1050 3719 1178 3758 voce
1207 3720 1233 3756 e
1254 3705 1487 3758 abundat
1508 3705 1562 3759 in
1592 3709 1716 3759 llne.

465 3836 467 3838 ·
575 3816 593 3848 ¹
623 3814 735 3869 Non
765 3815 947 3869 iisdem
978 3814 1150 3868 verbis
1171 3814 1226 3868 h.
1250 3814 1286 3866 l.
1310 3823 1525 3882 usurpat
1547 3803 1891 3882 «Ambrosius;
1931 3829 2053 3867 nam

504 3882 596 3938 ιιι).
623 3885 690 3938 de
723 3886 829 3938 Elia
857 3895 908 3938 ct
933 3882 1131 3951 Jejun.,
1163 3883 1246 3945 M,
1275 3882 1361 3946 52,
1395 3881 1503 3944 ιιι,
1533 3886 1647 3936 sic:
1685 3881 1755 3936 Dc
1790 3886 1929 3934 vinea
1962 3884 2060 3936 So-

502 3955 664 4005 doma:
691 3955 856 4006 uiuum
895 3968 1090 4016 coruus,
1134 3963 1178 4005 et
1217 3954 1326 4007 vitis
1356 3968 1526 4003 eorum
1567 3953 1677 4003 vitis
1721 3951 2057 4004 (ἱρηίου-ἠως

501 4037 595 4074 uva
613 4037 784 4073 eorum
810 4038 904 4072 uva
926 4021 1079 4088 fellis,
1106 4022 1275 4073 botrus
1304 4021 1655 4072 amaritudinis
1671 4022 1720 4070 in
1743 4021 1881 4085 ipsis.

517 4150 520 4151 ν
571 4091 591 4121 ¹
625 4093 695 4142 Ita
722 4085 1031 4143 Ambrosius
1059 4088 1096 4140 1.
1122 4103 1195 4153 c.,
1222 4091 1265 4141 s't
1285 4103 1446 4157 ponas
1467 4091 1543 4141 ira
1572 4090 1655 4142 ubi
1684 4089 1847 4157 furor,
1875 4098 1928 4142 et
1949 4085 2062 4144 vice

507 4172 710 4279 ηἷεῗίςι
743 4226 806 4278 ad
837 4227 1053 4280 verbum
1085 4225 1238 4294 Vulg.
1280 4226 1444 4294 antiq.
1473 4235 1528 4280 ct
1568 4241 1698 4278 nova
1730 4241 1846 4280 cum
1880 4228 2053 4292 Augu-

495 4296 655 4359 stino,
683 4305 736 4349 et
753 4295 1111 4356 Cassiodorio,
1141 4295 1332 4361 quibus
1366 4296 1522 4346 tnudo
1541 4297 1848 4348 Ambrosius
1881 4306 2061 4348 noster

494 4366 814 4432 ailjuugilur.
866 4366 918 4416 In
967 4364 1328 4417 Ambrosiau-s
1366 4365 1574 4428 scriptis
1605 4364 1873 4430 hucusque
1903 4365 2058 4418 editis

498 4437 667 4500 prima
702 4443 902 4487 t.mtum
931 4433 1090 4486 verba
1127 4434 1546 4503 reperiebantur,
1590 4433 1792 4486 scilicet
1822 4448 1834 4483 :
1874 4433 2059 4503 S.pul-

491 4503 676 4623 Signia;
701 4515 872 4622 patrius
908 4512 980 4555 est
1022 4511 1193 4570 guttur
1236 4517 1431 4566 eorum,
1456 4502 1508 4554 in
1551 4504 1682 4569 psal.
1711 4502 2052 4557 cxvutserm.

572 4612 585 4623 .
684 4609 698 4623 .
725 4579 762 4621 ι.
834 4608 847 4621 .

500 4577 586 4668 1δῖ
607 4577 1020 4707 ﬁézf’alitilgltistinus
1045 4638 1240 4707 frendet
1267 4647 1312 4690 et
1341 4639 1550 4690 tabescet
1597 4646 1900 4692 constanter
1926 4639 2056 4691 scri-

493 4706 588 4770 bit,
616 4706 843 4776 quocum
872 4710 1023 4763 Itrev.
1052 4706 1314 4760 Moxarah.
1342 4707 1556 4761 Graecus
1585 4711 1772 4778 Βρύξει,
1803 4712 1882 4760 καὶ
1907 4713 2056 4765 τακᾱο

490 4797 716 4898 σιξαύἰιο
742 4846 1009 4910 respicere
1034 4844 1241 4898 videtur
1271 4845 1356 4898 illa
1389 4846 1658 4900 distinctio
1687 4845 1823 4896 inter
1854 4844 2050 4910 impro-

2169 1972 2254 2016 tur
2279 1977 2371 2029 per
2397 1961 2712 2029 baptismum
2745 1963 3234 2027 natalibusmundi,
3259 1974 3312 2019 et
3336 1968 3594 2020 nobilitati
3624 1984 3714 2036 per

2165 2053 2389 2121 gratiam
2418 2054 2565 2106 caelo
2599 2061 2882 2106 nascuntur
2904 2053 2965 2117 ",
2992 2053 3203 2109 dicente
3241 2055 3391 2108 Eseia
3423 2058 3673 2126 propheta
3700 2076 3712 2112 :

2170 2160 2189 2192 ε
2228 2142 2362 2196 Ecce
2382 2156 2520 2196 nunc
2541 2142 2837 2196 dominator
2859 2142 3108 2198 Dominus
3127 2144 3355 2199 Sabaoth
3377 2149 3710 2204 conturbabit

2165 2229 2423 2298 gloriosos
2453 2244 2571 2284 cum
2599 2232 2815 2293 uirtute,
2846 2240 2900 2284 et
2938 2233 3026 2300 qui
3055 2232 3267 2300 superbi
3295 2245 3418 2288 sunt
3442 2246 3713 2291 contume-

2165 2319 2233 2372 lia
2261 2326 2624 2381 conterentur,
2659 2327 2711 2372 et
2747 2318 3180 2384 humiliahuntur,
3217 2329 3269 2375 et
3298 2322 3489 2376 cadent
3517 2326 3712 2378 excefsi

2166 2409 2340 2479 gladio
2364 2409 2625 2463 .Libanus
2656 2424 2782 2464 uero
2810 2425 2929 2464 cum
2951 2410 3069 2464 altis
3096 2410 3248 2465 cadet
3269 2412 3310 2442 "
3340 2411 3512 2481 (Ibid.
3541 2430 3594 2480 κ,
3627 2417 3711 2478 33.

2244 2538 2368 2596 iAb
2405 2539 2781 2608 antiquissimis
2809 2555 2974 2609 usque
3011 2543 3330 2610 temporibus
3366 2542 3464 2598 hoc
3493 2547 3714 2600 vneabn.

2169 2609 2274 2662 lum
2303 2610 2572 2662 vitulameu
2603 2625 2698 2676 pro
2742 2611 2984 2675 plantatio
3011 2609 3235 2662 obtinuit
3277 2612 3411 2678 apud
3455 2628 3637 2667 sacros
3666 2627 3713 2670 et

2170 2679 2558 2751 ecclesiasticos
2575 2680 2886 2751 scriptores;
2899 2679 2976 2751 _de
2997 2679 3147 2751 cujus
3167 2681 3468 2751 origiuesic
3489 2683 3715 2751 loquitur

2169 2746 2231 2817 ξ.
2256 2747 2601 2817 Augustinus,
2622 2746 2710 2800 lib.
2743 2747 2864 2817 lldde
2898 2747 3073 2817 Doctr.
3102 2746 3313 2805 chr..’t.
3347 2750 3429 2812 ΙΙΙ,
3464 2767 3515 2817 p.
3546 2746 3586 2817 ι’,
3613 2755 3715 2806 col.

2167 2816 2252 2892 26.
2277 2815 2531 2895 Quoniam
2543 2816 2744 2895 μρσκος
2761 2814 2932 2895 Greece
2950 2816 3142 2895 vitulus
3153 2817 3354 2895 dicitur,
3375 2814 3715 2895 μοάχειξμοετα

2167 2883 2372 2952 quidam
2409 2900 2508 2934 non
2536 2883 2882 2938 intellexerunt
2911 2900 3015 2938 esse
3041 2883 3406 2952 plantationes,
3451 2883 3715 2940 et'vi'tula-

2169 2957 2310 3004 mina
2337 2953 2644 3024 interpretati
2687 2963 2835 3017 sunt;
2863 2955 2948 3024 qui
2989 2971 3130 3007 error
3157 2964 3257 3006 tam
3297 2958 3479 3009 multos
3524 2958 3718 3010 cadica

2167 3022 2559 3088 praeoccupavit,
2589 3030 2644 3073 ut
2669 3023 2749 3075 vix
2776 3022 3053 3075 inveniatur
3089 3024 3235 3076 aliter
3261 3025 3502 3087 scriptum
3525 3040 3543 3077 :
3574 3035 3620 3078 et
3645 3035 3719 3077 tao

2169 3105 2277 3142 men
2302 3091 2548 3142 sententia
2581 3092 2987 3157 manifestissima
3016 3102 3109 3153 est,
3138 3094 3254 3158 quia
3292 3096 3516 3148 clarescit
3544 3110 3718 3148 conse—

2165 3158 2426 3221 quentibus
2450 3158 2611 3210 verbis
2631 3174 2650 3211 :
2679 3162 2890 3224 namque
2905 3159 3215 3213 adulterinus
3236 3161 3587 3227 plantationes
3612 3179 3714 3216 non

2166 3227 2597 3303 dabuntqradices
2610 3229 2742 3280 altas
2767 3229 3001 3303 (Sap._iv,
3027 3229 3103 3303 ὅ),
3122 3231 3485 3303 conuenientius
3513 3232 3718 3303 dicitur,

2166 3311 2314 3366 quam
2339 3295 2664 3366 vitulamina,
2697 3311 2807 3362 qui:
2844 3295 3133 3363 pedibusin
3166 3307 3298 3349 terra
3323 3301 3644 3366 gradiuntur,
3664 3295 3719 3354 ἐι

2165 3379 2267 3416 non
2287 3363 2478 3416 herent
2507 3365 2776 3416 radicibus.

2243 3435 2256 3482 l
2295 3433 2364 3504 Ita
2393 3433 2558 3504 codex
2583 3448 2702 3487 cum
2731 3433 3054 3502 diphthongo
3075 3435 3301 3504 fuerim,
3332 3450 3487 3504 quam
3537 3437 3718 3492 lectio-

2168 3517 2288 3556 nem
2321 3501 2455 3555 haud
2489 3517 2609 3554 raro
2631 3503 2788 3566 prisci
2816 3501 3066 3555 exhibent
3092 3503 3250 3556 Codd.

2236 3569 2263 3606 ¹ί
2291 3571 2436 3640 Hanc
2465 3569 2815 3640 parenthesim
2844 3570 3214 3640 designaudam
3235 3569 3486 3639 judicavi,
3520 3585 3576 3628 ut
3610 3575 3718 3628 cla-

2164 3640 2274 3693 rior
2301 3638 2385 3693 hic
2414 3639 2560 3692 locus
2590 3638 2856 3701 evaderet.

2233 3816 2254 3845 ⁶
2289 3813 2708 3869 Ambrosiuslib.
2736 3785 2769 3868 lt
2791 3815 2856 3868 de
2884 3813 3248 3884 Spir.isanct.,
3269 3815 3319 3879 8,
3346 3816 3432 3883 79,
3463 3815 3534 3870 ita
3561 3835 3574 3872 :
3607 3832 3718 3872 om-

2163 3898 2252 3936 nes
2276 3900 2360 3936 vos
2387 3900 2542 3935 unum
2571 3886 2686 3936 estis
2715 3885 2767 3937 in
2789 3884 2985 3937 Christo
3009 3883 3153 3938 Jesu.

2231 3955 2248 3982 ⁷
2279 3956 2357 4006 Ad
2382 3953 2536 4006 llam.
2565 3970 2617 4018 ι,
2641 3953 2766 4017 12;Ι
2790 3953 2854 4005 ad
2876 3955 2994 4006 Cor.
3021 3969 3073 4018 ι,
3097 3955 3189 4018 17;
3214 3952 3280 4007 ad
3300 3953 3416 4008 Gal.
3441 3952 3477 4005 Ι.
3502 3966 3554 4007 c.
3579 3964 3632 4006 ct
3653 3954 3717 4008 ad

2162 4021 2436 4169 cf):
2452 4023 2638 4169 ialtcm
2666 4090 2718 4167 in.
2737 4090 2869 4169 psal.
2887 4105 3044 4144 cxvnt
3069 4088 3341 4169 serius”,
3365 4089 3421 4155 3,
3445 4097 3482 4141 t.
3509 4087 3600 4154 ll.,
3628 4091 3718 4145 ubi

2083 4211 2089 4218 ,
2161 4159 2352 4215 similis
2379 4159 2605 4211 clm-utio
2637 4160 2880 4211 recurrit.

2234 4231 2254 4260 ⁹
2277 4229 2398 4280 llzcc
2424 4229 2606 4280 eadem
2637 4226 2781 4279 Isaite
2803 4225 2960 4278 verba
2992 4231 3207 4292 usurpat
3233 4238 3438 4290 quoque
3487 4227 3718 4279 Ambro-

2163 4296 2274 4352 sius
2295 4298 2383 4348 lib.
2412 4311 2443 4347 v
2467 4296 2808 4357 Hexaemen.,
2831 4295 2886 4356 2,
2910 4295 2971 4358 6;
2998 4295 3087 4347 lib.
3107 4293 3220 4347 nde
3237 4293 3501 4359 Interpell.
3529 4295 3719 4359 David,

2162 4370 2187 4422 1
2221 4366 2274 4430 4,
2299 4376 2339 4419 t.
2367 4367 2414 4429 l;
2437 4368 2488 4418 in
2524 4367 2652 4432 psal.
2681 4379 2839 4418 cxvm
2867 4379 3027 4417 serm.
3063 4366 3114 4426 6,
3157 4363 3247 4432 17;
3277 4365 3418 4432 et_in
3453 4363 3581 4432 huc.
3626 4381 3717 4429 vn,

2161 4435 2454 4512 bii-etatis,
2482 4430 2583 4512 till
2604 4451 2618 4497 ;
2642 4444 2797 4502 atque
2825 4435 2913 4487 lib.
2943 4450 2958 4486 ι
2991 4433 3055 4488 de
3077 4431 3297 4495 Pmnin,
3333 4430 3420 4494 15,
3451 4431 3520 4484 65
3545 4445 3601 4486 et
3627 4437 3715 4489 67.

2638 4520 2819 4624 docto;
2841 4571 2903 4622 ad
2934 4567 3321 4649 illud‘Apostoli
3352 4568 3368 4621 1
3399 4541 3616 4635 Coms,
3641 4573 3676 4628 9
3703 4591 3717 4628 :

2160 4638 3082 4786 ξνῗςθιξὲἔειῗιῖιῗξῗῖἱξἕξᾞῖξῗεθεέἷ
3113 4708 3132 4759 ι
3146 4706 3194 4786 ι,
3219 4715 3271 4786 et
3297 4705 3357 4786 ι,
3375 4705 3548 4786 ξιηρι
3567 4707 3670 4786 _lib.
3699 4725 3716 4764 ι

2157 4775 2225 4830 de
2247 4775 2395 4844 Spir.“
2427 4785 2624 4839 sanct.,
2654 4780 2714 4839 ti,
2733 4776 2799 4829 76
2826 4775 2882 4830 et
2903 4791 3076 4843 scqq.,
3108 4775 3192 4826 ubi
3221 4778 3420 4829 similes
3452 4775 3720 4833 dictiones

2161 4854 2218 4898 ct
2251 4843 2527 4899 sententia:
2556 4854 2696 4897 sunt.
2731 4846 2802 4897 Ita
2853 4859 2977 4897 vero
3013 4846 3097 4896 ιίὴ.
3142 4843 3206 4896 dc
3253 4845 3390 4912 Fuga
3435 4861 3589 4904 επις..
3625 4849 3716 4912 11,

491 4914 613 4982 bum
639 4925 692 4967 et
715 4909 970 4976 invidum,
999 4929 1098 4982 qua
1126 4914 1288 4966 utitttr
1312 4915 1371 4968 S.
1395 4915 1578 4968 doctor
1599 4914 1692 4968 lib.
1722 4929 1755 4965 ll
1783 4914 1848 4966 de
1869 4909 2044 4974 Oflic.,
2074 4915 2129 4976 Ι)
2151 4914 2240 4976 51,
2278 4923 2317 4966 t.
2349 4916 2363 4966 I
2390 4932 2404 4968 :
2438 4914 2672 4967 Mortuus
2704 4912 2901 4982 quidem
2929 4914 3172 4982 semelest
3196 4909 3572 4982 {sed—maritus-
3596 4909 3717 4968 sim“;

491 4980 559 5035 50
582 5024 594 5044 ,
621 4984 729 5051 1ὅῖ
749 5023 769 5051 ,
800 4993 840 5037 t.
887 4984 972 5035 Ill.
1004 4980 1151 5044 Filii,
1183 4983 1373 5049 inquit,
1397 4985 1551 5051 fugite
1581 4984 1850 5050 improbos,
1882 4993 2046 5034 cavete

491 5049 702 5104 invidos.
737 5050 876 5103 Inter
915 5052 1195 5117 improbum
1232 5063 1278 5104 et
1314 5049 1539 5104 invidum
1574 5049 1667 5102 hoc
1694 5056 1925 5115 interest,
1951 5053 2047 5103 im-

491 5121 674 5183 probus
704 5136 795 5172 suo
828 5119 1103 5189 delectatur
1131 5121 1282 5185 bona,
1320 5122 1519 5173 invidus
1549 5129 1807 5189 torquetur
1830 5120 1995 5173 alieno
2027 5136 2044 5172 :

490 5189 577 5240 ille
603 5190 765 5258 diligit
783 5192 944 5246 mala;
971 5189 1047 5239 hic
1070 5188 1199 5240 bona
1219 5188 1324 5241 odlt
1346 5204 1364 5252 ;
1386 5200 1438 5240 ut
1470 5193 1617 5257 probe
1658 5190 1962 5241 tolerabilior
1980 5191 2044 5241 sit

489 5257 574 5325 qui
599 5257 817 5309 sibi’vult
849 5260 997 5318 bene,
1025 5273 1174 5325 quam
1199 5273 1282 5323 qui
1313 5260 1441 5310 male
1455 5260 1697 5310 omnibus.
1732 5258 1795 5309 Et
1813 5272 1940 5311 sane
1963 5259 2043 5310 in-

489 5324 768 5378 videntiam
807 5338 861 5379 ut
903 5324 1180 5394 quamdam
1219 5328 1380 5394 probe
1407 5329 1744 5381 insanabilem
1772 5328 2040 5394 mgritudi-

489 5409 610 5465 nem
656 5395 795 5465 haud
821 5395 1175 5456 tolerandam,
1206 5396 1297 5465 sed
1345 5396 1636 5465 fugiettdattt
1667 5399 1863 5465 suadet
1913 5400 2038 5449 Aln-

491 5461 718 5534 hrosius.
745 5463 832 5515 Sic
859 5465 998 5517 enim
1021 5465 1176 5531 epist.
1203 5464 1292 5527 29,
1327 5461 1424 5519 Πῖ
1442 5473 1478 5518 ι.
1507 5465 1570 5517 Ill
1606 5483 1616 5516 :
1648 5463 1831 5518 Terras
1852 5465 2033 5534 fugito,

490 5531 541 5600 in
572 5533 749 5596 quibus
783 5534 972 5585 invidia
999 5542 1093 5596 est,
1123 5534 1204 5585 ubi
1230 5536 1458 5600 ambitio,
1481 5535 1561 5586 ubi
1583 5536 1845 5586 contentio.
1874 5531 2038 5586 Porro

492 5597 574 5652 his
616 5609 719 5652 tam
750 5600 1047 5654 detestabili
1094 5610 1243 5670 peste
1281 5597 1453 5656 terris'
1481 5606 1740 5670 corruptis
1768 5603 1908 5656 nulla
1938 5618 2034 5669 pax

487 5677 601 5730 est,
648 5670 788 5747 nulla
828 5681 1038 5736 cantas,
1081 5672 1254 5726 nullus
1297 5673 1595 5741 ordo;quia
1629 5686 1712 5726 res
1753 5672 1887 5725 nulla
1917 5672 2036 5740 jure

489 5747 837 5804 componitur.

2153 4984 2330 5044 cuique
2374 4985 2460 5049 qui
2489 4981 2764 5049 baptizatur
2789 4983 2841 5035 in
2871 4993 3030 5034 morte
3055 4981 3275 5044 Christi;
3314 4990 3368 5032 ut
3397 4985 3720 5046 consepelia-

2152 5067 2265 5121 mur
2294 5069 2404 5104 cum
2424 5069 2502 5114 eo,
2529 5063 2572 5103 et
2595 5068 2914 5121 resurgamus
2945 5065 3057 5117 cum
3080 5065 3177 5121 eo,“
3197 5061 3241 5099 et
3275 5050 3326 5102 in
3354 5052 3574 5121 novitate
3603 5054 3719 5106 vital

2152 5120 2292 5173 illius
2321 5123 2649 5174 ambulemus.
2685 5119 2809 5172 Vide
2836 5120 2991 5172 etiam
3033 5119 3218 5190 sislib.
3251 5133 3306 5172 ιιι
3338 5119 3404 5172 de
3443 5122 3718 5190 Sacr-arm,

2154 5192 2179 5244 1
2209 5199 2262 5242 ct
2289 5205 2426 5257 seq.,
2460 5190 2594 5255 apud
2627 5189 2959 5257 Ambrosium
2993 5197 3030 5238 t.
3058 5188 3118 5239 III
3150 5202 3298 5253 oper.

2226 5261 2268 5290 ¹¹
2305 5254 2462 5311 Favet
2486 5254 2604 5312 huic
2632 5259 2840 5312 lectioni
2868 5255 3100 5316 GracuS,
3120 5258 3205 5323 qui
3230 5255 3438 5323 quidem
3461 5254 3584 5309 loco
3613 5257 3720 5313 Do.

2152 5329 2317 5380 minus
2337 5330 2589 5390 uirtutum,
2615 5329 2738 5381 utin
2756 5326 2918 5392 antiq.
2945 5324 3095 5392 Vulg.
3127 5324 3474 5393 Iegiturrapud
3498 5325 3716 5392 Sabat.,

2138 5411 2191 5450 et
2222 5412 2314 5464 pro
2345 5396 2589 5448 Dominus
2631 5401 2933 5448 exercituum
2960 5391 3121 5464 veluti
3153 5391 3285 5464 nova
3315 5391 3468 5464 Vulg.
3517 5391 3712 5462 refert,

2139 5461 2409 5518 nobiscum
2440 5466 2616 5527 habet,
2646 5466 2934 5521 ὁΔετπότης
2968 5462 3151 5536 ttdpio;
3182 5462 3421 5536 σαϐαὼθς
3450 5461 3583 5536 item
3619 5461 3717 5533 pro

2137 5536 2255 5587 elati
2287 5537 2705 5595 comminueutur,
2735 5537 2812 5585 vel
2849 5530 3251 5585 excelsi'statura
3289 5530 3634 5599 succidantur,
3668 5537 3715 5588 οἱ

2136 5605 2316 5672 ὑψηλοὶ
2338 5612 2397 5675 τῇ
2427 5604 2570 5677 ᾕϐρει
2593 5599 3247 5677 συντριϐἠνσογτςαιηεᾷεειεὶ
3275 5601 3510 5677 superbia
3531 5614 3714 5677 ευιιιςτ
3753 5665 3758 5670 _

2137 5664 2339 5730 rentur;
2373 5664 2566 5743 i‘eliq'ua
2596 5664 2738 5743 vero;
2763 5676 2841 5724 καὶ
2870 5673 2911 5722 οἱ
2939 5671 3116 5743 ridiclei
3151 5664 3632 5743 ταπεινὼθήᾳᾳντᾳι,
3652 5670 3712 5743 ill

2137 5750 2235 5806 est,
2269 5751 2312 5793 et
2345 5742 2520 5794 excelsi
2550 5741 2962 5794 humiliabunlur.
2993 5740 3253 5794 Caeterum
3286 5753 3405 5794 cum
3432 5740 3529 5793 hos
3559 5741 3713 5794 Isaia:
