3828 6356
580 351 679 406 147

1804 344 1867 410 Q.
1909 339 2176 398 AURELll
2213 338 2558 397 SYMMACHI
3661 343 3743 399 148

575 457 639 509 de
670 454 861 523 priore.
895 454 1026 509 Audi
1052 466 1235 509 versus
1259 451 1324 506 ad
1352 451 1631 506 Baulorum
1656 449 1925 505 historiam
1956 452 2117 519 perti-
2148 449 2200 507 Λ
2326 447 2537 523 @tatis,
2576 446 2776 523 Ruﬁne,
2797 455 2928 523 tute,
2956 448 3040 523 cui
3068 448 3331 523 prospera,
3361 448 3536 523 cuique

578 554 783 599 nentes.

714 633 765 685 11
772 650 831 686 uc
856 632 978 685 deus
1002 632 1200 685 Alcides
1228 630 1528 699 stabilienda
1554 638 1779 699 armenta
1807 630 1982 699 coegit,

779 702 941 759 Eruta
974 700 1230 770 tergemini
1255 701 1317 751 de
1342 700 1448 752 lare
1473 697 1725 770 (ξεινὶρηὶεζ

716 772 842 823 Inde
866 786 1034 823 recens
1049 765 1183 823 vietos
1211 778 1449 835 corrupta
1477 766 1658 819 Boalia
1687 765 1876 818 Baulos

783 839 1083 906 Nuncupat,
1111 839 1303 890 occulto
1332 837 1548 889 nominis
1556 836 1779 906 _indicio.

714 910 786 961 Ab
815 911 929 959 diuo
952 900 1020 958 ad
1044 900 1274 974 proceres
1299 906 1526 957 dominos
1550 900 1777 954 Fortuna
1797 903 2049 963 cucurrit;

781 974 945 1028 Fama
974 977 1069 1027 loci
1098 977 1329 1027 obscuros
1360 989 1420 1025 ne
1445 980 1695 1040 pateretur
1722 975 1885 1023 heros.

714 1046 861 1099 Hanc
886 1044 1145 1098 celebrauit
1174 1059 1323 1109 opum
1353 1042 1477 1109 felix
1502 1040 1795 1093 Hortensius
1824 1042 2012 1100 aulam,

782 1113 964 1166 Contra
990 1113 1279 1180 Arpinatem
1297 1113 1380 1179 qui
1407 1111 1535 1180 stetit
1552 1110 1781 1180 eloquio.

719 1184 818 1235 llic
842 1182 1013 1234 consul
1049 1178 1242 1233 clarum
1268 1179 1505 1246 produxit
1528 1178 1818 1245 Aryndinus
1846 1191 2022 1239 atrum,

784 1252 980 1317 Quique
1001 1250 1135 1303 dedit
1164 1245 1292 1316 leges
1318 1246 1506 1314 Orﬁtus
1528 1245 1730 1317 rEnead
1751 1262 1795 1296 s.

714 1312 822 1372 uo;
851 1312 979 1371 inter
1000 1312 1235 1387 juvenale
1262 1312 1430 1387 decus,
1459 1316 1547 1369 sed
1574 1314 1760 1387 honore
1789 1312 1952 1387 senili,

782 1387 867 1439 Bis
892 1383 1013 1438 seno
1034 1386 1211 1449 telsus,
1242 1386 1563 1453 Symmache,
1597 1383 1729 1451 fasce
1747 1384 1903 1433 fluis.

715 1458 817 1509 Sed
853 1466 897 1508 te
920 1454 1198 1507 Baulorum
1227 1452 1438 1506 necdum
1465 1455 1595 1504 lenta
1631 1452 1734 1502 otia
1757 1458 1983 1515 quierunt
2002 1490 2015 1511 ,

780 1524 915 1578 Cura
942 1524 1115 1575 habeat
1136 1525 1369 1592 jut-enem
1397 1520 1594 1589 publica
1619 1518 1924 1588 pervigilem.

575 1656 793 1723 Nempe,
814 1654 1043 1718 derides,
1066 1651 1204 1721 quod
1227 1651 1293 1706 de
1314 1667 1397 1704 me
1418 1651 1589 1720 aliqua
1608 1649 1752 1719 justo
1772 1648 2123 1717 indulgentius

579 1743 891 1810 praedicavi?
916 1744 1006 1795 Est
1031 1744 1141 1794 tunc
1164 1756 1282 1795 vera
1303 1748 1357 1795 et
1377 1739 1529 1808 digna
1557 1738 1915 1818 reprehensio.
1939 1736 2121 1791 Omnis

576 1836 762 1903 quippe
807 1834 1090 1889 ostentatio
1135 1818 1239 1886 non
1288 1838 1433 1885 caret
1477 1829 1777 1898 suspicione
1827 1826 2116 1881 mendacii:

576 1930 693 1994 quia
721 1926 967 1995 quid-guid
994 1926 1296 1985 assumitur,
1329 1922 1593 1990 proprium
1621 1936 1727 1974 non
1754 1929 1980 1987 putatur.
2024 1918 2122 1971 Dc-

580 2019 698 2069 hinc
724 2018 858 2083 quod
885 2014 1129 2082 jactantia
1156 2028 1313 2067 avara
1343 2012 1513 2067 laudis
1541 2011 1757 2065 multum
1788 2010 2029 2076 decoquit
2058 2007 2121 2061 de

579 2111 796 2174 pudore.
846 2106 1059 2160 Possem
1099 2105 1276 2157 dicere
1312 2102 1380 2172 (si
1410 2102 1525 2170 quis
1568 2099 1838 2168 irrepserit
1874 2107 2122 2152 externus

578 2196 805 2262 auditor)
838 2208 981 2247 meos
1016 2207 1133 2246 esse
1170 2191 1455 2246 versiculos
1490 2206 1501 2242 ε
1539 2189 1803 2244 efﬁcerem
1830 2188 2030 2256 utique,
2070 2196 2124 2238 ut

579 2284 906 2339 veiecundiae
936 2286 1187 2351 ignoscat,
1218 2282 1262 2335 si
1290 2279 1522 2335 essetab
1550 2279 1719 2333 altero
1750 2276 1978 2347 proiecta
2012 2277 2120 2327 Iau-

579 2375 737 2427 datio.
771 2372 875 2427 Sed
910 2371 1065 2425 video
1104 2370 1410 2438 opusculum
1454 2383 1557 2421 non
1593 2382 1711 2421 esse
1744 2364 2120 2433 pteuitendum.

584 2466 652 2517 lta
696 2480 783 2517 res
837 2476 1052 2530 crepera
1093 2470 1252 2529 atque
1298 2453 1491 2526 anceps
1542 2457 1756 2511 dubium
1803 2468 1887 2507 me
1933 2454 2121 2511 habet,

581 2553 908 2607 verecundia:
934 2549 1380 2621 praemetuendum
1409 2550 1479 2603 sit
1500 2547 1802 2607 discrimen,
1831 2558 1897 2597 an
1925 2543 2122 2611 glorim.

579 2645 693 2697 'l'ibi
725 2645 899 2714 igitur,
926 2644 1015 2711 qui
1044 2642 1318 2711 prudentia
1348 2640 1554 2693 caeteris
1580 2638 1818 2698 antistes,
1844 2632 2126 2700 eptaliouis

583 2738 734 2803 hujus
764 2736 947 2803 delego
978 2732 1319 2802 provinciam.
1362 2729 1497 2797 Quid
1538 2728 1675 2781 facto
1720 2740 1841 2780 usus
1891 2727 1977 2777 tiet
2016 2724 2126 2789 ipse

581 2824 793 2876 videris.
822 2823 925 2891 Ego
959 2831 1012 2876 et
1049 2820 1279 2874 infantia:
1303 2826 1356 2875 et
1379 2813 1740 2885 imprudentiae
1771 2826 1898 2865 mea:
1927 2819 2122 2877 patrem

582 2913 845 2969 conscium
876 2927 977 2965 non
1007 2909 1340 2977 impudenter
1370 2905 1525 2974 elegi.
1563 2902 1706 2957 Vale.

1194 3016 1402 3072 EPIST.
1444 3015 1503 3069 ll.

1102 3124 1269 3163 PATER
1306 3120 1597 3161 SYMMACHO.

660 3224 764 3275 lloc
806 3229 886 3274 cst
928 3232 1137 3280 munus,
1182 3230 1285 3284 quo
1325 3228 1383 3268 se
1422 3229 1525 3267 non
1568 3212 1675 3266 sola
1724 3210 1885 3280 possit
1926 3210 2123 3277 jactare

587 3310 900 3378 Campania;
926 3307 1017 3359 sed
1051 3315 1301 3374 praeterea
1328 3304 1509 3356 Romae
1535 3312 1624 3355 aut
1648 3301 1865 3355 Athenis
1893 3302 1941 3353 iu
1974 3300 2121 3353 Grre-

587 3416 702 3454 cum
744 3398 989 3467 loquendi
1030 3397 1281 3449 honorem
1324 3394 1621 3463 huiusmodi
1665 3393 1837 3462 lingua
1871 3392 2119 3446 vertatur.

588 3491 719 3559 Quid
746 3491 881 3544 enim
909 3487 1215 3542 concinuius
1240 3486 1459 3553 epistola
1492 3493 1597 3547 tua,
1643 3497 1799 3551 quam
1840 3497 2006 3549 nuper
2041 3496 2126 3533 ac-

589 3580 738 3647 cepi?
787 3577 919 3644 Quid
972 3590 1216 3632 versuum
1266 3573 1586 3627 admixtione
1629 3572 1939 3639 jucundius?
1996 3571 2128 3624 Vere

589 3670 755 3722 dicam
787 3669 907 3731 tibi,
944 3671 1093 3734 plura
1141 3668 1315 3735 legere
1352 3663 1649 3718 volentibus
1674 3662 1918 3715 celeriter
1950 3668 2127 3716 termi-

590 3768 708 3815 nata
737 3767 835 3810 est.
882 3758 1031 3822 Quod
1064 3758 1258 3808 utinam
1290 3766 1474 3806 sensus
1506 3750 1696 3817 aliquis
1724 3766 1905 3804 coram
1945 3754 2129 3816 super-

590 3849 692 3900 sit!
742 3862 959 3915 quorum
1013 3845 1329 3913 imaginibus
1378 3842 1683 3910 praescripta
1732 3841 1968 3895 videmus
2021 3844 2133 3908 epi-

591 3946 897 4002 grammata.
915 3936 1088 3989 Facile
1104 3935 1384 3988 laudabunt
1403 3934 1532 3988 tales
1549 3946 1881 3988 successores
1899 3933 2129 3985 laborum

592 4040 827 4086 suorum,
856 4023 942 4090 qui
984 4024 1199 4094 pictura:
1230 4024 1450 4075 nitorem
1482 4020 1860 4088 pulchriorihus
1896 4022 2135 4073 versibus

595 4115 843 4168 illuminat
861 4114 955 4165 int.
975 4114 1037 4165 Et
1058 4102 1154 4180 ego
1176 4112 1577 4180 igiturgratulor
1601 4125 1704 4163 non
1732 4110 1895 4177 ntagis
1918 4110 2130 4172 osueis,

595 4218 645 4258 et
694 4205 1013 4271 peloridibus
1056 4204 1334 4265 abdomen,
1372 4217 1528 4269 quam
1572 4210 1751 4269 pectus
1794 4202 2002 4266 elotiufo
2044 4200 2132 4252 tibi

596 4308 713 4347 esse
741 4293 1005 4345 satiatum.
1040 4292 1099 4344 Et
1128 4291 1373 4359 quoniam
1407 4291 1657 4358 pudorem
1692 4304 1865 4343 meum
1898 4289 2008 4355 ipse
2043 4302 2131 4339 or-

596 4384 786 4437 diendo
807 4382 1038 4444 solvisti,
1067 4396 1094 4433 a
1122 4381 1269 4434 nobis
1295 4395 1500 4450 quoque
1520 4382 1695 4447 accipe
1723 4380 1976 4433 bonorum
2012 4388 2134 4430 mta-

600 4559 735 4627 quod
777 4572 946 4625 agam,
998 4565 1069 4622 et,
1116 4558 1157 4610 si
1188 4558 1315 4610 nihil
1358 4573 1527 4625 agam,
1567 4558 1708 4611 subit
1754 4572 1836 4609 me
1883 4558 2137 4623 majorum

600 4667 833 4704 meorum
864 4642 1056 4702 misera
1088 4649 1381 4702 recordatio
1406 4666 1418 4699 :
1443 4648 1616 4701 inveni
1638 4648 1773 4715 quod
1799 4648 1900 4699 illis
1929 4648 2135 4709 libe‘lis,

599 4756 729 4808 quos
750 4756 913 4807 nuper
938 4741 1276 4804 dictaveram,
1308 4720 1568 4808 possimus
1609 4738 1859 4806 adjicere.
1896 4738 2009 4792 Scis
2038 4738 2141 4791 Te-

602 4833 849 4895 rentium,
882 4846 978 4882 non
1003 4831 1271 4895 Comitum,
1296 4830 1384 4883 sed
1417 4831 1692 4883 Reatinum
1716 4831 1859 4882 illum
1891 4829 2140 4883 Romana:

600 4921 906 4974 eruditionis
951 4930 1237 4988 parentem,
1281 4920 1647 4974 hebdomadon
1686 4920 1849 4972 libros
1879 4922 2139 4986 epigram-

604 5021 797 5064 matum
829 5010 1120 5077 adjectione
1148 5000 1427 5063 condiisse.
1460 5011 1585 5064 Illud
1608 5024 1723 5075 nos,
1749 5011 1791 5062 si
1816 5011 1920 5062 fors
1946 5010 2139 5075 tulerit,

602 5115 852 5152 conamur
895 5099 1102 5153 imitari.
1142 5102 1241 5153 Sed
1271 5117 1385 5165 quze
1426 5101 1588 5166 prima
1634 5101 1895 5167 compegi,
1938 5100 2143 5153 interim

607 5202 766 5255 pauca
795 5188 931 5253 misi,
967 5189 1256 5243 obteStatus
1285 5198 1333 5240 te
1357 5203 1449 5255 per
1480 5189 1665 5252 Deum,
1692 5190 1808 5241 utsi
1833 5189 1959 5256 quid
1985 5189 2036 5242 in
2061 5190 2147 5241 his

606 5276 918 5345 displicebit,
952 5278 1219 5331 emendes.
1248 5277 1399 5342 Quod
1432 5278 1554 5331 mihi
1583 5278 1882 5346 pudendum
1911 5295 2014 5333 non
2044 5289 2145 5331 est.

611 5368 733 5420 Nam
764 5367 808 5417 si
831 5366 950 5433 quid
982 5383 1045 5421 ex
1078 5379 1128 5420 te
1157 5366 1428 5435 placuerit,
1456 5383 1569 5422 mea
1611 5368 1724 5422 laus
1764 5380 1866 5433 est,
1898 5383 1997 5423 nec
2042 5368 2149 5420 vito

612 5458 951 5517 consortium,
982 5456 1032 5509 in
1059 5472 1164 5525 quo
1193 5456 1347 5510 talem
1371 5471 1472 5509 non
1501 5455 1755 5511 erubesco
1779 5471 2075 5511 censorem.

1136 5565 1356 5619 Aradios
1385 5566 1625 5621 Ruﬁnus.

714 5655 955 5727 Princeps
979 5658 1193 5727 ingenio,
1229 5662 1446 5727 fortnna'
1470 5675 1667 5711 munere
1696 5660 1945 5727 primum,

2326 518 2606 569 Tristitiam
2646 516 2851 568 tumidis
2878 519 3104 584 wquabat
3145 519 3308 583 gloria
3338 518 3499 568 rebus.

2327 584 2471 637 Unus
2499 601 2641 637 amor
2668 585 2875 647 cunctis,
2910 596 2957 635 et
2987 586 3274 646 prtesidium
3305 588 3631 651 trepidorum.

2325 652 2645 731 Principibus
2672 670 2883 731 quorum
2911 654 3108 731 uiguisti
3139 664 3356 731 tempore
3375 693 3389 716 ,
3419 656 3592 706 doctus

2323 723 2419 774 Aut
2448 721 2665 775 calcaria
2690 726 2819 790 ferre
2848 721 3010 784 bonis,
3032 731 3116 772 aut
3148 722 3289 789 frena
3322 727 3569 791 tyrannis.

2725 810 2961 863 Valerius
2990 810 3263 864 Proculus.

2321 899 2447 969 Cum
2472 901 2646 968 primis
2675 915 2798 968 quos
2828 916 2926 952 non
2956 902 3175 952 oneravit
3197 900 3356 968 gloria
3382 908 3580 969 patrum

2323 968 2576 1037 Ponentur
2605 969 2896 1031 Proculum,
2927 970 3035 1019 rita:
3058 982 3347 1037 morumque
3368 968 3561 1034 decore.

2326 1036 2481 1107 [laud
2504 1054 2721 1103 unquam
2750 1038 3009 1107 indignum
3040 1036 3331 1106 magnarum
3359 1038 3743 1107 Peplicolarum.

2325 1106 2429 1174 Olli
2450 1122 2641 1173 semper
2668 1122 2809 1156 amor
2836 1106 2957 1165 ueri,
2988 1114 3034 1156 et
3055 1109 3351 1171 constantia,
3381 1106 3590 1174 sintp’ex

2324 1173 2614 1244 Qalicolum
2638 1174 2822 1236 cultus,
2850 1190 2947 1225 non
2969 1174 3113 1244 illum
3138 1192 3369 1240 spernere
3397 1193 3562 1244 posses
3582 1192 3600 1229 :

2326 1242 2389 1299 Et
2420 1259 2702 1310 quanquam
2722 1242 3014 1304 rctierendus
3041 1243 3155 1306 erit,
3170 1260 3268 1296 non
3289 1242 3466 1299 deinde
3488 1246 3683 1301 timebis.

2748 1331 2961 1384 Anicius
2983 1330 3240 1384 Julianus.

2326 1417 2481 1491 Qujus
2510 1434 2648 1491 opes,
2680 1429 2766 1470 aut
2799 1420 3052 1491 nobilitas,
3086 1432 3170 1472 aut
3200 1431 3341 1473 tanta
3371 1431 3605 1491 potestas,

2325 1486 2530 1557 cedenti
2561 1489 2639 1538 cui
2666 1505 2762 1539 non
2791 1489 3026 1557 pra’luxit
3053 1491 3253 1543 Anicius
3279 1494 3447 1543 unus?

2326 1558 2449 1625 dicer
2476 1555 2537 1606 ab
2567 1555 2798 1625 ingenio,
2816 1560 3104 1625 cunctisque
3125 1563 3475 1613 accommodus
3496 1560 3645 1614 idem.

2325 1623 2425 1695 l_l_ic
2441 1634 2485 1676 et
2500 1623 2645 1677 carus
2659 1634 2763 1676 erat
2785 1623 3047 1693 conferre;
3064 1631 3245 1693 jut'are
3267 1640 3474 1695 paratus
3498 1646 3516 1681 :

2328 1692 2464 1744 Nam
2493 1695 2647 1760 dives,
2680 1705 2781 1746 tum
2810 1692 2966 1746 celsus
2993 1692 3284 1759 honoribus,
3314 1706 3528 1749 attamen
3556 1698 3655 1752 illis

2327 1759 2602 1827 Crandior,
2632 1759 2867 1815 wternam
2888 1765 3161 1831 complebat
3190 1766 3387 1821 nomine
3410 1764 3638 1820 Romam.

2694 1852 2968 1904 Petronius
3000 1852 3304 1905 Probianus.

2326 1939 2485 2012 .laclet
2512 1957 2562 1993 se
2590 1940 2817 2012 Fortuna
2843 1944 2973 1997 aliis.
3008 1959 3126 2009 quos
3146 1944 3322 2012 judice
3350 1947 3491 1998 nullo

2328 2010 2512 2061 Lucem
2540 2012 2605 2062 at!
2635 2011 2923 2063 Romuleam
2948 2029 3039 2065 sua
3064 2010 3170 2064 sola
3193 2014 3391 2065 licentia
3412 2017 3560 2067 vexit.

2331 2079 2418 2149 Ie,
2451 2078 2722 2144 Probiane,
2757 2081 2936 2146 pudor,
2970 2092 3015 2132 te
3042 2084 3164 2148 felix
3190 2084 3377 2148 gratia,
3406 2094 3547 2149 teque

2328 2146 2463 2198 Itala
2480 2150 2780 2217 simplicitas
2805 2165 3018 2213 marum,
3043 2146 3092 2201 et
3113 2146 3315 2202 solertia
3334 2146 3488 2217 jut-it'.

2330 2216 2576 2289 Quocirca
2597 2218 2825 2268 assiduus
2848 2220 3084 2289 Augustis
3112 2230 3255 2269 notus
3280 2216 3537 2289 etihospes

2330 2283 2549 2337 Prwmia
2576 2301 2867 2353 magnorum
2894 2283 3105 2338 retulisri
3128 2289 3305 2355 dignus
3329 2283 3595 2343 honorum.

2874 2374 3119 2428 Verinus.

2336 2463 2603 2525 Virtutem,
2641 2463 2838 2522 l'erme.
2863 2475 2997 2516 tuam
3027 2466 3139 2531 plus
3162 2465 3313 2516 mirer
3332 2466 3383 2518 in
3404 2467 3578 2529 armis,

2335 2532 2469 2584 Eoos
2498 2534 2602 2583 dum
2634 2534 2891 2585 Armenios
2914 2549 3027 2583 cum
3056 2533 3192 2584 cwde
3215 2537 3489 2587 domares?

2331 2603 2405 2671 in
2434 2603 2591 2671 magis
2618 2601 2896 2671 elotiuiutn,
2931 2616 3125 2652 morum
3152 2602 3357 2670 uitwque
3380 2602 3634 2671 leporem?

2332 2668 2395 2740 Et
2429 2670 2548 2740 (nisi
2571 2670 2620 2719 in
2651 2670 2819 2736 o/[iciis
2841 2710 2852 2731 ,
2876 2671 3065 2736 quaties
3094 2670 3175 2720 tibi
3208 2668 3407 2738 publica
3427 2668 3570 2740 cura)

2334 2738 2480 2801 Quod
2503 2741 2653 2788 vitam
2675 2740 2900 2789 innocuis
2932 2740 3131 2789 tenuisti
3158 2741 3299 2790 latius
3321 2743 3370 2789 in
3396 2756 3469 2790 ar.
3488 2741 3547 2791 is.

2332 2805 2549 2857 Nullum
2567 2811 2698 2858 ultra
2721 2820 2789 2858 est
2808 2809 3001 2859 virtutis
3016 2822 3141 2875 Opus
3156 2824 3173 2859 :
3192 2824 3304 2859 nam
3325 2810 3366 2860 si
3386 2823 3527 2873 esset,
3546 2806 3756 2860 haberes.

2297 2954 2571 3021 Octoginta
2622 2956 2864 3023 personis
2904 2955 3080 3007 nescio
3116 2970 3181 3006 an
3220 2954 3365 3007 solus
3390 2968 3678 3008 occurram.
3711 2954 3761 3008 Et

2230 3045 2349 3097 ideo
2385 3044 2437 3097 in
2476 3058 2715 3097 socerum
2746 3055 2903 3111 atque
2930 3044 3241 3095 avunculum
3272 3052 3480 3095 nostros
3512 3044 3600 3097 t.bi
3627 3043 3763 3096 dele-

2148 3123 2189 3181 C
2220 3147 2404 3200 gamus
2444 3133 2837 3200 «epigrammata.
2870 3130 2996 3183 Nam
3030 3142 3083 3185 et
3123 3130 3373 3185 Vaironis
3414 3132 3531 3185 libri
3560 3130 3766 3185 diversis

2228 3230 2477 3282 notantur
2498 3222 2819 3276 anetoribus.

2846 3311 3050 3365 EPIST.
3091 3312 3174 3364 Ill.

2747 3415 3045 3453 SYIIACHES
3083 3415 3253 3451 PATRL

2299 3512 2511 3566 Summa
2542 3512 2740 3563 afﬁcior
2774 3512 2963 3578 gratia,
2990 3510 3128 3575 quod
3175 3509 3538 3564 animadverto
3580 3509 3769 3563 litteras

2233 3616 2375 3655 meas
2420 3601 2514 3654 tibi
2562 3601 2831 3653 iusubidas
2882 3615 2983 3651 non
3030 3598 3112 3650 vid
3150 3598 3229 3651 ri:
3261 3608 3311 3650 et
3362 3600 3413 3651 in
3456 3600 3599 3667 gravi
3646 3600 3771 3651 dono

2235 3693 2403 3745 habeo
2446 3692 2579 3743 hanc
2622 3691 2758 3758 apud
2791 3704 2881 3742 vos
2920 3704 3040 3742 esse
3068 3689 3133 3740 de
3162 3690 3355 3741 nostris
3382 3689 3619 3757 epistolis
3659 3704 3771 3742 cen-

2235 3789 2455 3839 sionem.
2509 3784 2731 3837 Laudari
2782 3784 2974 3850 quippe
3024 3782 3089 3834 ab
3131 3765 3498 3836 laudato‘viro
3549 3797 3661 3836 rara
3703 3772 3801 3833 esti

2237 3890 2440 3930 merces
2464 3874 2687 3942 ingenii.
2724 3872 2913 3925 Verum
2949 3881 3004 3924 ut
3035 3874 3132 3926 hoc
3164 3873 3290 3925 mibi
3330 3872 3525 3925 laetitiae
3556 3872 3669 3935 fuit,
3712 3871 3773 3922 ita

2239 3967 2366 4019 illud
2407 3963 2706 4018 ludiﬁcandi
2746 3963 2911 4030 gratia
2952 3963 3137 4030 Opinor
3165 3962 3455 4030 adjectum,
3487 3963 3533 4015 si
3564 3961 3686 4030 quid
3733 3962 3776 4013 in

2238 4060 2339 4108 tuis
2360 4056 2598 4109 versibus
2624 4053 2936 4117 sorduisset,
2964 4053 3013 4105 id
3048 4062 3101 4104 ut
3137 4053 3239 4105 mei
3266 4052 3385 4121 styli
3411 4067 3537 4106 cura
3565 4053 3775 4105 limaret.

2240 4148 2327 4200 Nae
2355 4161 2452 4215 ego
2485 4159 2599 4199 sum
2628 4145 2820 4199 stultus
2847 4159 2907 4197 ac
2937 4144 3111 4207 nihili,
3153 4145 3195 4197 si
3238 4158 3296 4196 os
3324 4137 3632 4198 sublinitum
3662 4143 3775 4196 n.ibi

2241 4253 2359 4293 esse
2391 4253 2494 4291 non
2532 4239 2718 4290 sentio.
2756 4236 2887 4304 Quid
2918 4235 3056 4288 enim
3085 4235 3274 4303 corrigi
3305 4234 3383 4288 vel
3424 4250 3452 4286 a
3481 4249 3566 4287 me
3595 4245 3776 4303 potest,

2241 4330 2318 4383 vel
2359 4329 2409 4381 in
2442 4328 2600 4381 telas
2634 4329 2754 4381 est?
2794 4327 2937 4380 Unus
2979 4334 3131 4377 :etate
3177 4334 3354 4376 nostra
3394 4332 3657 4377 monetam
3695 4322 3781 4378 La-

599 4412 1038 4444 ""’"""°""'°"’
1067 4412 1094 4433 "
1122 4412 1693 4450 ""”‘°“""‘*"°“""*"
1723 4412 1976 4433 ”“""”“"
2012 4412 2134 4430 ω’
2186 4466 2189 4467 ,
2243 4421 2381 4471 tialis
2429 4418 2621 4484 eloquii
2666 4418 2905 4470 Tulliana
2952 4417 3138 4469 incude
3186 4415 3403 4469 tinxisti.
3436 4412 3695 4483 Quidquid
3738 4412 3781 4464 in

599 4474 664 4524 tis
707 4486 836 4523 mete
878 4480 1084 4522 exarata
1128 4485 1291 4537 nuper
1329 4470 1689 4539 elogia._Nam
1728 4470 1848 4537 quia
1887 4470 2011 4523 nihil
2056 4482 2135 4520 est
2168 4465 2215 4521 υ
2252 4508 2413 4539 “nam
2445 4508 2671 4539 humum
2743 4506 2877 4539 mm,
2926 4519 3155 4539 Amm“
3193 4520 3350 4539 "wn
3423 4506 3473 4539 ιη
3518 4505 3781 4539 “nam”

2252 4508 2417 4574 poetis
2445 4508 2695 4574 lepidum,
2742 4506 2878 4574 apud
2925 4519 3157 4560 Oratores
3192 4520 3371 4573 grave,
3423 4506 3474 4557 in
3516 4505 3782 4559 annalibus

2247 4600 2420 4664 ﬁdele,
2465 4600 2600 4652 inter
2628 4599 2999 4667 grammaticos
3025 4599 3283 4651 eruditum
3319 4597 3434 4663 luit,
3464 4598 3609 4652 solus
3652 4598 3783 4649 bau-

2245 4690 2378 4752 sisti,
2402 4690 2571 4755 justus
2595 4688 2764 4741 hmres
2790 4698 3022 4740 veterum
3051 4688 3359 4743 litterarum.
3387 4687 3460 4741 Ne
3483 4689 3611 4742 mihi
3636 4688 3783 4741 verba

2248 4780 2475 4833 dederis.
2506 4779 2633 4833 Novi
2656 4793 2752 4843 ego
2778 4778 2898 4845 quid
2932 4779 3106 4832 valeat
3132 4779 3315 4846 adagio
3340 4797 3354 4832 :
3383 4792 3472 4831 sus
3498 4779 3784 4831 Mtacuvsu.

2252 4868 2497 4934 Apprime
2527 4868 2688 4920 ealles
2717 4868 2915 4935 epicam
2962 4867 3313 4933 disciplinam,
3364 4881 3467 4917 non
3501 4867 3674 4920 minus
3709 4880 3784 4933 pe-

2247 4961 2475 5013 deStrem
2506 4959 2689 5011 lituum
2732 4958 2919 5010 ductus
2950 4958 3154 5010 inﬂare.
3186 4959 3301 5010 Aiu‘
3331 4957 3582 5010 tandem?
3609 4954 3782 5009 orandi

2249 5064 2394 5117 :cque
2424 5061 2640 5114 magnus
2679 5057 2729 5100 et
2775 5047 3018 5105 canendi.
3061 5062 3189 5100 meae
3218 5048 3266 5100 n‘
3294 5056 3342 5102 te
3372 5048 3489 5114 opis
3534 5047 3787 5114 indignam

2252 5138 2547 5190 mentiare?
2577 5136 2720 5187 llaud
2754 5150 2957 5199 aequum
2992 5136 3155 5188 lacis:
3190 5144 3356 5203 uc‘que
3388 5150 3473 5189 mc
3499 5136 3650 5201 juvat
3675 5136 3786 5187 falsa

2248 5224 2483 5293 jactatio.
2508 5224 2710 5289 Interea
2734 5224 2777 5275 si
2805 5223 2953 5274 nobis
2982 5238 3170 5277 vat-uas
3200 5239 3353 5277 aures
3382 5225 3603 5276 utendas
3643 5224 3786 5283 dalis.

2252 5317 2422 5369 dicam
2451 5313 2573 5382 quid
2615 5314 2801 5367 diebus
2831 5313 3184 5379 superimibus
3225 5315 3505 5381 egerimus.
3550 5316 3686 5368 Baiis
3716 5329 3801 5367 re“

2256 5404 2410 5455 motis
2434 5400 2645 5454 arbitris
2664 5400 2883 5453 otiabar.
2912 5400 2985 5452 Eo
3013 5410 3285 5468 postquam
3309 5415 3488 5452 rumor
3507 5400 3699 5455 allatus
3723 5408 3801 5453 est

2255 5503 2405 5544 terra:
2436 5490 2569 5541 ﬁlios
2599 5488 2885 5541 convenire
2912 5504 2924 5551 ;
2966 5488 3157 5555 oppido
3184 5487 3438 5551 cavimus,
3478 5503 3545 5543 ne
3574 5492 3791 5543 sobriam

2255 5579 2585 5631 solitudinem
2631 5586 2861 5629 nostrain
2906 5576 3155 5629 sodalitas
3196 5576 3398 5642 plebeia
3446 5575 3697 5632 fuscaret.
3731 5577 3801 5628 Act

2255 5670 2422 5736 primo
2469 5667 2758 5733 Neapolim,
2809 5666 2995 5721 dehinc
3040 5664 3183 5720 brevi
3219 5663 3491 5723 ittteivallo
3542 5666 3801 5721 BCHC'tCil"
