3828 6340
100 313 160 366 ιιθ

1232 282 1695 344 EI’ISTOLARUM
1738 280 1930 335 LIBER
1974 280 2011 334 l.

3123 260 3222 315 150

98 434 171 474 tum
190 431 255 469 me
280 413 456 477 recepi.
484 409 560 462 lbi
594 418 803 459 summo
830 402 968 456 cultu
1008 398 1237 452 omnium
1280 396 1565 463 plausuque
1596 394 1641 451 Α
1671 399 1723 442 et
1752 388 2035 456 spiraculis
2061 384 2286 454 regionis
2313 383 2451 437 illius
2478 382 2714 435 mstivam
2734 378 3065 445 fragrantiam
3088 383 3222 426 tem-

99 520 321 574 sosreptus,
349 511 487 555 tanto
518 500 722 550 honori:
760 491 1082 550 celebrabar,
1104 498 1161 541 ut
1187 488 1294 554 jam
1322 496 1567 551 gravarer

99 601 249 653 «illiciis.
272 593 521 650 Sedulitas
552 588 719 646 enim,
749 598 865 651 qua:
896 596 996 633 non
1039 584 1571 642 compensatur,one-

98 704 178 743 ros:
202 694 282 739 est.
314 684 372 736 Et
396 679 519 734 urbs
546 692 669 732 cum
698 674 920 729 maxima
953 671 1040 733 sil,
1062 665 1251 732 Singuli
1294 663 1407 729 ejus
1432 660 1570 727 opti-

100 791 219 833 mates
241 773 327 825 visi
350 780 464 825 sunt
494 768 625 821 mihi
653 765 782 818 urbe
808 761 1031 828 majores
1056 800 1072 822 ,
1110 764 1348 810 amantes
1374 752 1573 815 littera-

99 884 194 928 runi,
222 873 505 927 morumque
535 854 825 908 mirabiles.
865 850 1029 903 Deum
1057 860 1242 913 magna
1269 856 1388 912 pars
1418 853 1573 892 vene-

99 968 218 1009 ratur.
239 953 476 1004 Privatam
510 945 783 1014 pecuniam
809 955 901 1009 pro
937 936 1163 991 civitatis
1189 943 1376 987 orr-atu
1404 938 1576 983 certa-

102 1052 160 1097 tim
182 1046 385 1110 fat‘gtnt.
418 1037 543 1090 Nam
576 1044 846 1103 postquam
878 1037 1017 1080 terra
1046 1025 1239 1085 movit,
1284 1020 1410 1073 nihil
1443 1030 1575 1083 reue

100 1138 169 1189 illis
191 1105 349 1196 reliqui
373 1128 559 1181 factum
588 1132 691 1187 est,
723 1118 815 1175 sed
846 1117 1019 1171 fracttr.
1042 1127 1170 1181 opes
1198 1112 1447 1163 infractos
1469 1105 1581 1157 ani-

101 1241 178 1279 nios
202 1226 505 1289 repererunt.
554 1214 656 1266 Pro
689 1227 745 1265 se
785 1209 1005 1278 quisque
1033 1217 1247 1273 operam
1289 1199 1410 1253 boni
1450 1195 1580 1250 civis

102 1287 275 1369 allectat.
315 1311 417 1363 Nox
458 1306 560 1359 diei
586 1304 713 1371 jung
737 1309 819 1353 tur
860 1297 921 1349 ad
952 1296 1208 1349 laborem.
1252 1289 1402 1345 Unde
1431 1287 1580 1339 nobis

102 1418 253 1461 summa
271 1414 384 1454 cura
414 1396 508 1449 fuit
551 1394 698 1447 abire
726 1390 870 1442 ocius
894 1400 1048 1454 quam
1088 1382 1325 1435 volebam
1353 1396 1364 1428 :
1400 1392 1464 1429 ne
1494 1382 1584 1426 aut

102 1502 191 1554 milii
214 1500 289 1552 diu
312 1495 462 1549 dediti
494 1492 561 1544 ab
588 1502 749 1556 opere.
775 1483 1099 1542 desiderem,
1130 1485 1220 1528 aut
1241 1487 1333 1527 eos
1358 1481 1584 1533 occupa-

106 1594 155 1643 tio
188 1590 416 1657 geminata
469 1579 816 1635 distenderet.
874 1575 1051 1640 itaque
1112 1566 1362 1621 Baianum
1410 1561 1585 1629 sinum

106 1696 235 1735 rursus
260 1677 461 1730 accessi.
490 1673 621 1726 Nam
654 1668 794 1721 Baia:
824 1666 875 1719 id
911 1661 1160 1728 temporis
1187 1659 1295 1725 jam
1334 1653 1583 1707 silebant.

1671 492 1875 545 perare.
1909 474 2012 530 Sed
2054 490 2138 527 res
2169 471 2443 525 familiaris
2473 470 2711 524 inclinat.
2742 468 2815 520 Ea
2852 465 3003 517 nobis
3032 476 3223 529 usque-

1672 581 1875 634 quaque
1912 563 2123 617 viscnda
2168 571 2268 627 est,
2304 576 2406 614 non
2448 570 2503 612 ut
2532 566 2825 628 quaestuum
2857 567 3062 606 summa
3086 552 3225 602 dite-

1673 666 1805 718 scat,
1834 652 1924 707 sed
1951 663 2003 704 ut
2033 666 2151 720 spes
2180 649 2291 721 agri
2315 648 2622 702 voluntariis
2644 645 2935 714 dispendiis
2957 642 3221 696 fulciatur.

1674 745 1909 812 Namque
1952 745 2036 797 hic
2066 758 2191 796 usus
2219 741 2361 797 venit
2391 742 2443 795 in
2489 750 2722 794 nostram
2752 745 2989 799 atatem,
3014 741 3074 787 ut
3111 747 3221 796 rus,

1675 836 1811 902 quod
1852 833 2055 886 solebat
2093 834 2255 896 alere,
2286 845 2423 886 nunc
2462 831 2653 883 alatur.
2691 827 2883 879 Verum
2918 824 3034 875 hac
3064 823 3225 874 missa

1679 924 1833 986 facio,
1860 938 1925 976 ne
1956 921 2205 974 salutatio
2246 922 2296 973 in
2326 921 2596 989 querelam
2634 931 2807 978 versa,
2840 916 3041 966 minuat
3064 909 3227 963 ofﬁcii

1676 1015 2015 1081 voluptatem.
2051 1012 2179 1065 Date
2218 1025 2429 1077 operam
2480 1009 2631 1061 bona:
2665 1008 2779 1059 vale
2804 1004 2971 1063 udiui,
3008 1009 3065 1055 et
3096 1000 3231 1052 allo-

1678 1106 1800 1166 (μιῐο
1829 1104 2080 1160 crebriori
2101 1120 2113 1158 :
2134 1103 2271 1173 quod
2291 1116 2407 1156 cum
2436 1096 2881 1169 petimus,sedulo
2902 1093 3231 1166 pollicemur.

1682 1193 1827 1247 Vale.

2289 1260 2501 1315 EPIST.
2547 1259 2631 1313 Vl.

2199 1363 2504 1405 SYMMACHUS
2541 1362 2713 1401 PATRI.

1756 1466 1941 1519 Solent
1970 1464 2295 1532 impatientes
2326 1461 2594 1513 dilationis
2626 1472 2766 1521 esse,
2799 1456 2887 1524 qui
2926 1462 3140 1521 sperant
3178 1453 3237 1506 in

1688 1570 1745 1609 se
1780 1556 1975 1623 aliquid
2025 1553 2260 1607 muneris
2300 1538 2837 1604 conhrenduthc
2878 1560 3062 1599 vero:
3090 1544 3240 1597 vobis

1690 1660 1873 1700 recens
1919 1655 2090 1697 ortum
2141 1644 2393 1705 tidemus,
2426 1649 2483 1693 ut
2522 1654 2733 1692 suarum
2782 1654 2958 1691 rerum
3006 1633 3241 1689 muniﬁci

111 1772 293 1821 llincrus
330 1778 536 1816 munere
576 1755 908 1813 salutationis
940 1750 1201 1819 impertio,
1241 1747 1412 1812 doque
1456 1759 1585 1793 nuu~
1620 1734 1662 1793 Β
1696 1752 1892 1790 moram
1919 1750 2019 1787 non
2048 1731 2510 1798 lerantlargiendi.
2536 1730 2685 1783 Nunc
2711 1744 2877 1795 nuper
2904 1728 2970 1779 ad
2994 1739 3092 1779 vos
3116 1741 3261 1790 pra»

111 1866 217 1922 tium,
242 1870 440 1925 propere
469 1866 587 1912 nos,
621 1851 733 1902 Deo
761 1848 991 1908 volente,
1012 1856 1129 1895 eSse
1152 1837 1435 1892 redituros.
1464 1834 1589 1885 Fors

111 1949 386 2013 fuatltujusrc
407 1941 675 2011 promissi.
708 1938 889 1989 \‘etra
914 1942 1087 1985 tamen
1116 1925 1436 1994 indulgentia
1464 1924 1592 1975 afla-

111 2050 189 2089 tuui
213 2049 329 2103 sa-pe
354 2033 564 2096 tribuat,
591 2027 740 2097 quasi
771 2024 967 2077 diutius
994 2017 1270 2073 abfuturis.
1304 2013 1446 2066 Vale.

656 2137 869 2194 EPIST.
899 2134 982 2189 IV.

560 2261 862 2302 ετιωιλειιυε
896 2255 1068 2295 ΡΑΤΜ.

161 2372 358 2426 Studium
385 2367 591 2435 quidem
636 2360 898 2427 Menippei
929 2352 1179 2409 Varronis
1213 2346 1455 2407 imitaris,
1502 2342 1593 2395 sed

112 2468 233 2521 vincis
256 2466 518 2532 ingenium.
565 2458 692 2511 Nam
725 2470 840 2522 qua:
872 2454 921 2505 in
972 2459 1233 2502 nostrates
1278 2443 1417 2497 viros
1462 2450 1597 2490 nunc

111 2571 235 2623 nuper
253 2554 415 2607 condis
436 2555 836 2617 epigrammata,
866 2550 990 2608 puto
1026 2531 1389 2589 hebdomadon
1414 2527 1598 2595 elogiis

112 2646 361 2713 prauitere;
390 2638 523 2707 quod
556 2637 670 2689 lucc
701 2646 851 2700 :rq-e
889 2627 1081 2689 sobria,
1115 2639 1210 2678 nec
1240 2633 1413 2675 tamen
1447 2630 1597 2669 casea

110 2746 216 2788 sunt.
241 2736 313 2787 Illa
341 2733 473 2784 bono
499 2728 716 2780 metallo
746 2737 893 2785 cusa,
928 2731 1079 2771 toruo
1108 2715 1242 2780 exigi
1277 2710 1596 2763 nescierunt.

114 2826 399 2878 Etduriorem
429 2817 728 2877 materiem,
752 2812 855 2865 nisi
879 2810 1046 2869 fallor,
1079 2802 1351 2858 adniteris.
1381 2800 1468 2852 Ille
1495 2798 1599 2866 Py-

111 2913 437 2981 thagoramqni
458 2910 659 2962 animas
684 2907 736 2958 iu
766 2900 1113 2955 aeternitatem
1137 2893 1332 2963 primus
1348 2905 1524 2943 θςςθτυ
1552 2898 1601 2951 t;

113 2980 452 3065 illeil‘latonem,
484 2998 571 3067 qui
601 2997 735 3048 deos
762 3006 879 3046 esse
907 2987 1195 3057 persuasit;
1237 2984 1321 3036 ille
1352 2980 1601 3033 Aristote-

114 3096 201 3151 lem,
236 3095 307 3159 qui
349 3100 583 3143 naturam
614 3088 748 3139 bene
782 3078 1026 3149 loquendi
1056 3078 1108 3130 in
1151 3084 1319 3127 artem
1363 3070 1599 3137 redegit;
1632 3079 1677 3141 ρ

116 3184 175 3233 ille
210 3198 461 3250 pauperem
505 3178 747 3236 Curium,
800 3172 889 3227 sed
939 3168 1184 3223 divitibus
1234 3166 1603 3231 imperantem;

114 3273 174 3324 ii‘e
192 3288 372 3325 serenis
403 3271 656 3329 Catones,
688 3275 899 3334 gentem
924 3261 1158 3322 Fabiam,
1192 3259 1378 3309 decora
1407 3254 1608 3320 Scipio-

114 3377 221 3417 num.
256 3373 508 3427 totumque
548 3358 693 3411 illum
743 3350 1113 3418 triumphalem
1164 3354 1400 3397 senatum
1452 3354 1607 3407 parca

113 3452 227 3502 laude
259 3450 575 3518 perstrinxit.
618 3447 697 3499 Tu
738 3444 945 3496 ruinam
989 3438 1241 3507 proxima:
1279 3432 1449 3485 :rtatis
1487 3430 1608 3483 illii-

112 3546 257 3593 mizas.
285 3543 493 3595 Dtﬂicile
526 3542 665 3591 factu
689 3544 771 3589 est
800 3544 856 3585 ut
886 3532 1054 3585 honor
1080 3526 1312 3595 angustis
1341 3523 1501 3576 rebus
1530 3522 1612 3572 ad-

111 3630 242 3684 datur.
271 3632 342 3686 lle
371 3644 586 3699 quoque
613 3627 769 3694 jubes
798 3609 1036 3676 versibus
1073 3617 1174 3671 tuis
1212 3611 1460 3668 nonnulla
1491 3610 1613 3663 sub-

112 3732 295 3773 nectere.
324 3721 467 3773 Haud
500 3721 575 3773 ita
609 3716 829 3769 Flaccus
860 3723 977 3765 tuus
1008 3706 1254 3777 przccepit
1284 3705 1333 3755 in
1359 3703 1462 3755 illis
1493 3716 1617 3769 poco

114 3810 199 3863 tice
214 3811 319 3862 artis
338 3810 549 3871 edictis,
568 3821 791 3874 qunrttnt
811 3803 912 3855 hoc
924 3798 1134 3862 memini
1153 3810 1268 3849 esse
1283 3791 1614 3860 principium,

113 3915 161 3953 oe
182 3902 366 3951 humano
394 3898 553 3966 capiti
581 3894 747 3946 cervix
775 3893 957 3958 equina
977 3889 1242 3956 jungatur.
1269 3882 1403 3937 Male
1435 3881 1615 3947 i‘ante

113 3991 179 4041 tibi
195 3993 494 4044 contumacia
522 3985 700 4055 negati
726 3967 907 4045 ofﬁcii,
936 3992 1092 4046 quam
1115 3974 1241 4028 mihi
1266 3968 1616 4039 imprudentia

114 4081 302 4141 promissi
328 4080 503 4145 operis
532 4064 863 4141 diSplicereI
901 4067 1054 4121 Plura
1085 4064 1150 4117 de
1192 4062 1293 4115 hoc
1330 4073 1506 4113 coram
1539 4056 1617 4110 lo-

117 4186 303 4239 quemur,
326 4171 538 4242 quando
572 4172 713 4221 hanc
755 4162 1028 4232 epistolam
1073 4158 1220 4225 sequi
1265 4166 1508 4224 paramus
1534 4158 1623 4202 aut

118 4238 454 4330 rawquifTu
500 4268 685 4324 empta
726 4266 935 4321 perage,
970 4258 1022 4302 et
1063 4258 1170 4300 tam
1198 4243 1405 4297 solertis
1429 4238 1620 4305 eloquii

116 4362 197 4401 «to
216 4327 491 4402 muniﬁcus.
530 4348 650 4412 Ego
681 4341 775 4395 tibi
804 4348 863 4392 ut
888 4340 1076 4407 lingua:
1105 4332 1354 4400 obsequia
1379 4327 1621 4396 nego,ita

116 4442 268 4494 mium
292 4437 668 4495 commodabo.
696 4430 844 4484 Vale.

698 4538 913 4593 EPIST.
939 4536 995 4591 V'.

584 4644 899 4689 SYIIIIACBl-B
927 4641 1100 4681 PATM.

166 4744 227 4802 lie
268 4748 546 4819 quidquam
600 4738 982 4797 taciturnitatis
1040 4732 1385 4793 incessimur,
1439 4728 1627 4795 quibus

122 4851 277 4892 summa
308 4842 477 4893 cautio
514 4846 603 4891 est
635 4831 800 4887 officii
834 4826 1205 4897 prosequendi,
1253 4821 1361 4875 fere
1403 4829 1459 4873 ut
1489 4820 1627 4871 nulla

122 4925 237 4979 fuerit
254 4931 395 4983 statio
417 4941 497 4983 tot
521 4929 793 4984 locorum,
826 4921 879 4972 in
908 4932 1008 4986 qua
1037 4916 1191 4982 hujus
1217 4912 1448 4967 muneris
1473 4911 1630 4963 terius

124 5021 345 5085 eaet-imas.
373 5021 477 5074 Sed
512 5034 652 5072 sane
675 5016 827 5083 juvat
856 5009 1083 5062 animum
1114 5007 1193 5074 pia
1221 5001 1481 5058 sermonis
1510 5017 1634 5054 exa-

128 5106 219 5159 ctio.
241 5108 392 5162 Dulcis
412 5118 496 5162 est
521 5107 676 5160 enim
708 5099 951 5171 querela,
979 5110 1094 5163 qua:
1116 5095 1346 5148 nascitur
1374 5106 1437 5144 ex
1464 5092 1636 5143 indul-

130 5198 275 5259 μὴ.
317 5201 413 5253 Vos
435 5196 601 5252 modo
636 5193 800 5245 facile
830 5176 1081 5242 noveritis
1109 5183 1242 5236 hanc
1261 5181 1635 5250 expostulatio-

136 5292 373 5358 Μηδεὶς
398 5304 518 5343 esse
546 5282 865 5350 religiosam
889 5291 1043 5345 quam
1062 5274 1277 5341 justam.
1305 5273 1508 5326 interea
1536 5270 1639 5322 loci

138 5370 490 5433 that-stanti
522 5373 848 5431 secessione
892 5366 1103 5427 siluisti,
1145 5365 1293 5429 cujus
1336 5362 1460 5413 mihi
1504 5360 1640 5411 fama

138 5461 483 5524 “indicium.
521 5470 706 5532 Quam
752 5458 953 5512 vellem
990 5452 1188 5508 deliciis
1217 5453 1406 5505 vestris
1445 5452 1639 5517 impro-

144 5552 487 5630 hobrepcre
512 5562 526 5613 Ξ
552 5557 716 5613 Licet
743 5545 1057 5614 Campaniae
1086 5556 1284 5597 amoena
1310 5543 1638 5609 praanEteant,

146 5644 235 5703 Si
258 5656 409 5706 tamen
433 5660 558 5706 ease
589 5633 1067 5703 accommodatius
1106 5633 1303 5703 agitare
1347 5629 1636 5694 vobiscum,

250 6332 549 6340 I-f—f—f—f

1692 1830 1832 1883 dium
1876 1829 1989 1892 le,e
2025 1827 2186 1887 venit,
2221 1825 2371 1893 cujus
2404 1837 2488 1876 me
2526 1821 2647 1889 jure
2690 1819 2949 1873 donastis.
3000 1817 3247 1869 Cucurnt

1692 1928 1921 1987 qurestus
1947 1926 2122 1970 vester
2150 1915 2201 1967 in
2230 1928 2403 1966 meum
2427 1910 2783 1973 commodum,
2810 1916 2865 1960 et
2888 1906 3105 1959 meliore
3122 1915 3246 1955 voto

1694 2009 1952 2060 fortunam
1978 2005 2105 2057 estis
2137 2000 2490 2056 imitati.Nam
2515 1997 2655 2065 quod
2683 2013 2747 2048 ex
2770 1995 3075 2062 propinquae
3098 1993 3248 2045 bon‘s

1694 2114 1811 2153 cum
1846 2096 2087 2151 maestitia
2131 2078 2495 2161 sutnpseratis,
2544 2103 2663 2142 cum
2714 2086 2893 2139 laetitia
2942 2082 3246 2137 tradidistis.

1694 2191 1851 2257 Quid,
1878 2190 2013 2257 quod
2038 2190 2171 2241 hanc
2198 2184 2568 2239 liberalitatem
2598 2178 2905 2234 cumulastis
2924 2174 3251 2243 amplissimo

1698 2278 2049 2332 testimonio?
2104 2274 2275 2343 Cujus
2332 2290 2429 2341 ego
2493 2272 2954 2325 honestamentum
3016 2271 3253 2330 prtopto

1698 2366 2019 2420 muneribus.
2061 2365 2190 2418 Nam
2228 2364 2316 2432 qui
2349 2362 2539 2429 Opibus
2570 2359 2853 2413 illaudatus
2891 2360 3124 2423 juvatur,
3155 2368 3254 2406 ne-

1698 2460 1981 2510 cessarium
2010 2456 2176 2522 magis
2206 2453 2426 2515 donum,
2460 2464 2616 2517 quam
2644 2449 2844 2516 justum
2877 2445 3150 2513 pnemium
3178 2444 3257 2494 vi-

1698 2548 1850 2601 detur
1872 2546 2109 2615 adipisci.
2141 2544 2301 2613 igitur
2326 2540 2526 2611 judicio
2554 2548 2726 2591 vestro
2756 2551 2875 2604 ago,
2904 2544 3062 2600 atque
3089 2533 3259 2586 habeo

1697 2638 1909 2704 gratias,
1945 2648 2152 2704 quanta:
2192 2640 2314 2686 sunt
2355 2630 2631 2689 maximae,
2662 2625 2802 2695 quod
2839 2623 2967 2677 mihi
3000 2622 3256 2675 honorem

1702 2738 1980 2791 utrumque
2016 2723 2246 2787 fecistis;
2287 2730 2338 2773 et
2367 2720 2493 2773 deos
2526 2731 2736 2785 precor,
2776 2722 2835 2767 ut
2860 2714 2995 2766 datis
3022 2713 3074 2763 in
3112 2726 3257 2763 com-

1702 2832 1861 2871 mune
1887 2830 2071 2869 omnes
2097 2815 2308 2881 longum
2352 2810 2607 2869 fruamur,
2636 2808 2845 2874 sintque
2874 2819 2937 2857 ex
2968 2801 3121 2855 nobis
3142 2800 3260 2867 qui-

1702 2910 1797 2963 bus
1816 2909 2061 2961 Ostiense
2080 2905 2332 2973 praedium
2357 2910 2542 2955 nostro
2564 2898 2783 2969 judicio,
2798 2905 2975 2950 vestro
2996 2892 3261 2947 tradamus

1705 2996 1971 3065 exemplo.
2007 2994 2154 3048 Vale.

1886 3065 1897 3079 ’
2300 3058 2510 3113 EPIST.
2556 3055 2657 3108 ιιι,

2237 3162 2537 3200 εγλιιιλειιῑε
2570 3157 2745 3196 PAULI.

1785 3265 1925 3317 Bono
1952 3262 2127 3315 animo
2152 3272 2351 3322 sumus,
2386 3270 2502 3310 cum
2534 3255 2691 3317 viam,
2717 3249 2957 3317 promissi
2982 3262 3263 3309 memores,
3300 3272 3303 3273 ν

1713 3354 2019 3407 inchoastis.
2064 3352 2212 3404 Nunc
2252 3358 2534 3416 properato
2586 3358 2717 3411 opus
2758 3351 2858 3401 est,
2892 3350 2947 3391 ut
2988 3340 3112 3390 dum
3142 3338 3266 3389 anni

1715 3456 1922 3513 tempus
1966 3444 2123 3503 calet,
2175 3438 2411 3494 autunmi
2462 3436 2596 3489 bona
2627 3434 2833 3501 'raptim
2886 3430 3139 3482 fruamur.
3176 3428 3268 3480 llis

1714 3534 1906 3601 quippe
1937 3531 2208 3585 mensibus
2248 3524 2529 3595 Campania
2580 3523 2708 3575 nitet
2745 3520 2855 3586 agri
2896 3520 3056 3570 ubere
3085 3527 3147 3582 et,
3176 3532 3266 3569 ar-

1715 3620 1854 3675 busti
1888 3622 2106 3672 honore.
2152 3618 2288 3669 Baias
2317 3615 2483 3668 imbre
2513 3626 2656 3675 raro,
2691 3610 2802 3661 sole
2833 3608 3041 3659 modico
3070 3615 3270 3673 tempe-

1715 3720 1930 3770 rantur;
1976 3723 2170 3762 mensa:
2201 3706 2266 3758 ab
2296 3703 2520 3758 edilibus
2550 3700 2778 3767 copiosa:
2820 3706 2963 3759 sunt,
2995 3697 3183 3765 quibus
3214 3706 3269 3746 tu

1718 3801 2003 3853 amicorum
2033 3808 2270 3851 catervas
2301 3792 2545 3847 minaris.
2579 3789 2680 3842 Sed
2712 3786 2840 3839 mihi
2872 3787 3111 3838 honesta:
3139 3786 3271 3835 mul-

1718 3894 1953 3947 titudinis
1995 3890 2134 3943 nulla
2175 3888 2355 3940 vitatio
2401 3895 2504 3938 est.
2550 3882 2617 3935 Et
2663 3881 2707 3934 si
2751 3880 2831 3933 bis
2878 3888 3024 3931 tanto
3072 3880 3271 3945 plures,
3360 3928 3363 3931 .

1720 3998 1873 4053 quam
1904 3982 2111 4042 scribis,
2142 3978 2425 4039 adfuerint,
2462 3977 2651 4027 bonam
2684 3972 2881 4039 frugem
2914 3969 3125 4023 feceris.
3156 3967 3271 4020 Son

1721 4076 1906 4134 deerit,
1928 4087 2030 4147 quo
2059 4069 2245 4122 famem
2271 4066 2483 4132 pellant.
2516 4063 2643 4115 Nam
2674 4060 2951 4114 comitibus
2974 4050 3162 4111 vestris
3187 4070 3271 4109 ut-

1722 4173 1844 4231 pote
1896 4161 2109 4223 sobriis,
2156 4154 2425 4211 caaduudze
2454 4154 2650 4220 sagina:
2694 4165 2818 4205 cura
2866 4149 3126 4217 posterior
3170 4158 3274 4200 est.

1723 4253 2005 4319 Quousque
2037 4240 2247 4315 longum
2284 4244 2503 4311 loquor?
2532 4244 2678 4296 Mitto
2710 4242 2891 4301 verba,
2934 4254 3048 4293 rem
3078 4238 3274 4304 ﬂagito.

1726 4342 2065 4395 Occasionem
2096 4340 2331 4405 arripere
2360 4332 2637 4400 prudentis
2670 4341 2769 4383 est.
2796 4329 2850 4382 Si
2878 4329 2999 4394 quid
3025 4328 3278 4381 dilatione

1650 4426 1703 4485 D
1727 4432 1928 4487 itineris
1955 4431 2227 4496 adimitur,
2256 4442 2401 4481 mora
2432 4424 2523 4480 otii
2546 4422 2775 4490 repende
2800 4436 2882 4474 ur.
2908 4420 3053 4473 \‘ale.

2327 4557 2534 4613 EPIST.
2554 4558 2688 4611 Vlll.

2246 4688 2545 4727 SYMMACHUS
2585 4686 2779 4728 ΡΑΤΒΙ..

1800 4808 2114 4864 Jamdudum
2139 4805 2297 4859 vestri
2322 4803 2538 4870 cupiunt
2569 4803 2795 4857 Lucrina
2822 4803 3072 4860 tacita.et
3089 4801 3281 4869 liquida

1737 4900 1949 4964 Baiana,
1979 4908 2031 4951 et
2063 4896 2263 4979 Puteoli
2291 4895 2461 4948 adhuc
2492 4892 2753 4958 celebres,
2784 4900 2839 4943 et
2866 4890 3011 4943 Bauli
3041 4905 3283 4957 magnum

1737 4994 1975 5047 silentes.
2006 4992 2109 5043 Vos
2136 4991 2272 5057 apud
2303 4992 2497 5041 Curam
2525 4986 2795 5049 rusticam,
2818 4985 2897 5037 vel
2922 4984 3059 5051 apud
3082 4983 3287 5034 steriles

1742 5080 1979 5136 Formias
2006 5078 2279 5131 desitletis.
2316 5075 2550 5127 Tandem
2591 5075 2634 5126 si
2662 5088 2835 5141 operae
2861 5082 2962 5134 est,
2987 5068 3290 5123 contendite

1742 5174 1899 5235 viam,
1941 5181 1993 5224 et
2032 5168 2250 5222 meliora
2293 5177 2556 5220 terrarum
2600 5164 3024 5241 animadvertite,
3065 5160 3154 5215 ubi
3186 5163 3292 5211 alte

1745 5264 1911 5319 turbis
1934 5262 2239 5330 quiescitur,
2257 5260 2344 5312 ubi
2369 5256 2605 5311 fruendis
2629 5254 2770 5310 feriis
2796 5255 2969 5308 nullus
2987 5262 3066 5309 est
3086 5254 3287 5307 modus.

2163 5412 2260 5465 Ubi
2283 5410 2515 5477 corniger
2544 5409 2725 5476 Lyaeus

2162 5482 2332 5548 (Iperit
2362 5495 2574 5548 superna
2603 5478 2713 5548 tite,

2172 5546 2428 5601 Vulcanus
2456 5546 2681 5599 montosis

2170 5620 2391 5674 Medium
2417 5617 2581 5685 coquit
2610 5616 2856 5669 cavernis.
