3882 6364
516 495 604 549 tsi
1773 490 1833 555 ρ.
1878 484 2059 541 Attat:

2187 484 2529 540 SYSIMACIII
3678 491 3723 543 Il

2113 603 2163 659 Λ

930 610 1080 661 Tum!
1103 613 1219 679 jam
1242 608 1380 678 pisce
1404 609 1560 659 multo

928 678 1163 731 Thetiset
1195 678 1323 729 Buia
1352 694 1545 731 sarcres
1570 692 1589 729 ε

924 751 1062 801 (Lall!
1088 750 1246 806 unda,
1277 750 1424 815 [viget
1444 750 1628 809 cribra,

921 818 1091 872 Simul
1119 820 1315 868 innatat
1338 816 1486 868 citare
1496 818 1536 867 is

921 889 1273 939 Amathusium
1298 887 1547 943 renidens,

922 957 1063 1010 Salis
1089 958 1301 1019 arbitra,
1335 965 1381 1005 et
1405 956 1603 1022 vaporis

924 1026 1044 1080 Flos
1072 1028 1297 1079 siderum
1330 1024 1513 1077 Dione.

500 1157 631 1210 Num
664 1157 813 1211 vobis
839 1156 1026 1211 videor
1050 1157 1199 1226 quasi
1230 1157 1411 1211 multa:
1441 1155 1665 1209 luxuria:
1685 1154 1885 1213 ebrius.
1917 1166 2075 1205 men—

498 1251 563 1303 tis
604 1249 853 1317 insipenc,
886 1260 1041 1316 atque
1076 1250 1210 1303 adeo
1257 1251 1307 1303 in
1356 1259 1537 1317 poetas
1583 1262 1779 1302 nomen
1822 1245 2076 1299 dedisse?

498 1339 639 1392 Ntbil
689 1354 867 1393 moror
916 1340 1050 1393 hanc
1097 1340 1488 1393 literaturam:
1534 1338 1634 1393 loci
1690 1338 1885 1406 potius,
1913 1350 2071 1404 quam

498 1428 687 1496 ingenii
736 1429 838 1483 mei
883 1444 1074 1483 munus
1123 1428 1360 1484 exercui.
1420 1430 1524 1485 Sed
1571 1430 1615 1481 si
1662 1426 1935 1482 inritantia
1991 1424 2073 1477 lo-

497 1536 650 1589 quor,
698 1522 918 1589 gradum
966 1522 1154 1587 tollite,
1213 1531 1267 1575 ut
1315 1531 1368 1575 et
1404 1536 1497 1575 vos
1535 1521 1653 1575 sitis
1696 1518 1801 1573 laeti
1833 1529 2078 1587 praesen-

498 1613 649 1674 tium,
676 1623 727 1663 et
754 1612 906 1666 nobis
936 1612 1195 1681 potiundi,
1222 1627 1340 1681 quas
1367 1610 1631 1677 volumus,
1656 1609 1865 1665 fortuna
1888 1619 2076 1661 succe-

497 1706 606 1755 dat.
641 1701 789 1757 Vale.

1113 1771 1331 1827 EI'IST.
1373 1770 1463 1825 IX.

1017 1898 1326 1937 Βϊιιιιλαιυδ
1364 1898 1513 1936 ΡΑΤΜ
1525 1921 1538 1934 .

564 1994 619 2047 In
650 2002 793 2048 metu
831 1994 1043 2059 fuimus,
1075 2008 1142 2047 ne
1175 2009 1271 2048 vos
1315 1994 1486 2049 imber
1530 1992 1814 2048 inhiberet.
1847 1989 1953 2046 Sed
1980 2005 2071 2044 ve-

498 2100 615 2138 rum
654 2094 736 2138 est
764 2085 919 2150 illud,
941 2083 1082 2152 quod
1129 2094 1284 2153 poeta
1328 2093 1510 2137 noster
1532 2080 1789 2151 Scriptum
1821 2081 2072 2147 reliquit;

496 2177 597 2229 iter
626 2175 817 2230 durum
855 2177 1048 2231 vicisse
1088 2178 1362 2245 pietatem.
1392 2176 1567 2240 Quare
1592 2174 1881 2227 adventum
1911 2171 2074 2224 vestri

496 2262 715 2323 iniliem
770 2269 1013 2333 placitam
1057 2270 1448 2337 prastolamur.
1496 2266 1575 2319 Dii
1627 2265 1785 2318 modo
1828 2274 2075 2317 auctores

493 2360 617 2421 sint,
649 2368 706 2412 ut
738 2375 858 2428 qua:
896 2360 1073 2413 animo
1118 2357 1422 2423 destinatis,
1471 2356 1631 2411 nullis
1677 2354 2075 2411 causationibus

492 2453 577 2504 ob-
592 2461 885 2520 trepantur.
913 2450 1061 2504 V'ale.

1116 2518 1332 2575 EPIST.
1378 2518 1445 2573 X.

1022 2646 1334 2688 εῐιιιιλςιιιτε
1360 2648 1532 2687 PATRI.

561 2743 827 2797 Hunccine
858 2743 984 2796 mihi
1015 2758 1133 2798 esse
1176 2744 1468 2808 fortunam,
1514 2751 1573 2796 nt
1600 2756 1813 2810 quoquo
1858 2754 2072 2795 versum

492 2833 675 2899 pedem
705 2834 927 2902 gradum
952 2850 1035 2899 nte
1074 2835 1375 2903 contulero,
1408 2833 1846 2889 exrcdilicaudum
1875 2831 2072 2900 aliquid

494 2922 577 2974 cfl’.
602 2925 792 2975 ratur?
840 2924 981 2975 velut
1021 2939 1105 2977 me
1146 2939 1288 2977 nunc
1316 2924 1552 2991 Capuani
1591 2922 1824 2990 prmtorii
1868 2922 2072 2973 instan—

490 3015 626 3066 ratio
674 3015 724 3065 in
775 3028 967 3081 graves
1008 3014 1149 3081 cogit
1197 3028 1460 3080 expensas
1492 3029 1504 3064 :
1534 3014 1685 3079 cujus
1716 3026 1839 3078 pars
1878 3010 2073 3073 fati~cit

491 3102 719 3166 incuria,
757 3118 877 3171 pars
906 3104 1187 3174 negligenti
1235 3103 1433 3155 dudum
1486 3103 1758 3156 celt-ri'ate
1806 3110 2067 3167 reparata,

491 3193 795 3247 indecorum
824 3205 876 3247 et
926 3194 1249 3247 imbecillum
1283 3201 1502 3264 praestat
1548 3191 1929 3245 habitaculum.
1978 3190 2072 3243 His

490 3300 521 3336 n
548 3287 591 3337 si
638 3293 915 3353 properata
947 3299 1072 3337 cura
1130 3284 1458 3345 subvenerit,
1502 3293 1590 3335 aut
1621 3283 1855 3350 pecunia:
1887 3296 2066 3349 pos'ea
2098 3315 2144 3377 ο

489 3376 822 3445 dispendium
854 3378 1233 3443 cumulabitur,
1289 3386 1379 3429 aut
1422 3377 1611 3431 ruinm.
1660 3375 1790 3426 Nam
1829 3373 2067 3441 QUlaqnls

492 3472 604 3520 Iace
652 3482 813 3534 opera
865 3467 1199 3533 intermittit,
1248 3469 1465 3521 amittit.
1511 3468 1686 3534 Quare
1730 3468 1940 3519 animus
1988 3473 2071 3517 est

488 3560 692 3614 amoliri
717 3561 907 3613 mdium
941 3570 1291 3615 senectutem.
1319 3559 1395 3611 lta
1424 3558 1727 3612 desiderato
1754 3570 1808 3609 et
1835 3556 2069 3622 cvpetito

488 3653 595 3705 otio
645 3652 710 3703 ad
759 3653 1025 3719 negotium
1070 3652 1435 3707 concessimus
1481 3661 1873 3717 sum,tuosum.
1932 3648 2067 3713 Quid

492 3761 663 3798 terum
692 3759 960 3813 geramus,
995 3743 1242 3797 audistis.
1277 3742 1456 3796 Facite
1492 3742 1591 3795 vici
1625 3742 1723 3793 sim
1756 3749 1949 3793 vestrae
1983 3752 2067 3790 sa-

490 3837 610 3888 lutis
634 3846 788 3901 atque
811 3846 1019 3887 actuum
1046 3847 1301 3903 prostiera
1325 3836 1658 3886 noverimus:
1681 3839 1731 3883 ut
1754 3829 1853 3882 hoc
1866 3829 2067 3898 pauxil-

493 3929 597 3976 lum
630 3936 857 3987 tempus.
884 3924 1023 3991 quod
1074 3926 1124 3978 in
1166 3924 1454 3992 Campania
1484 3936 1731 3991 paramus
1760 3908 2064 3984 absumere.

490 4028 603 4069 sue
630 4014 828 4069 olleusa
859 4013 1018 4069 vestri
1049 4013 1241 4069 silentii
1271 4012 1645 4083 transigamus.
1682 4010 1833 4063 \‘ale.

1099 4164 1318 4221 EPIST.
1360 4164 1450 4221 XI.

1015 4292 1327 4333 ειίιιιλειιυε
1356 4291 1532 4331 ΡΑΪΠΙ.

557 4416 687 4467 Cum
715 4416 822 4483 jam
857 4414 977 4467 tiliae
1009 4421 1205 4467 nostra:
1232 4410 1345 4465 dies
1370 4410 1563 4464 natalis
1592 4418 1885 4477 appe'eret.
1920 4424 2070 4488 com-

490 4507 704 4559 modum
734 4505 971 4567 aderant,
1006 4519 1125 4573 quas
1166 4502 1372 4557 muneri
1405 4502 1689 4556 miseratis.
1726 4501 1797 4555 Ea
1829 4503 1983 4555 nobis
2015 4503 2067 4555 in

488 4611 769 4650 commune
807 4611 963 4665 quam
995 4610 1114 4649 cara
1143 4604 1198 4649 et
1226 4593 1410 4664 gravia
1436 4593 1602 4647 luere.
1632 4592 1761 4646 Nam
1784 4594 1828 4647 si
1862 4594 1987 4663 quid
2015 4595 2065 4647 in

2103 1953 2151 2015 B

3715 490 3781 543 πει

2792 600 3001 657 EPST.
3046 601 3161 655 .\'ll.

2720 710 3023 751 εςιιιιΑειιυε
3061 712 3232 751 ΡΑτιιι.

2252 804 2546 859 Censorum
2571 804 2717 860 natio
2741 803 2838 858 fuit
2858 816 3097 874 spectare
3118 822 3303 877 opera,
3324 822 3443 877 quae
3467 807 3768 862 locassent.

2181 895 2292 949 Iloe
2316 910 2403 949 me
2439 897 2711 963 negotium
2740 912 2933 951 curare
2955 899 3188 953 voluisti.
3236 900 3347 953 Mos
3374 911 3556 970 gestus
3596 904 3775 967 impe-

2180 988 2338 1048 ratis;
2370 988 2453 1041 vel
2504 989 2643 1057 quod
2696 989 2789 1043 tibi
2837 988 2982 1043 dicto
3028 991 3249 1046 audiens
3294 1007 3415 1046 esse
3462 992 3643 1057 debui,
3678 995 3772 1043 vel

2179 1077 2322 1142 quod
2348 1076 2525 1130 studio
2552 1092 2672 1131 meo
2701 1091 2997 1146 congruere
3027 1080 3331 1134 mandatum
3374 1096 3563 1134 munus
3602 1095 3778 1149 agno-

2177 1166 2249 1219 vi.
2286 1165 2433 1220 Habe
2456 1167 2616 1236 igitur
2644 1176 2900 1237 quantum
2932 1169 2986 1222 in
3026 1169 3226 1223 adibus
3268 1180 3444 1224 nostra
3473 1184 3597 1223 cura
3644 1186 3775 1239 pro.

2180 1257 2429 1311 moverit.
2460 1258 2628 1312 Scalis
2668 1268 2956 1327 suppactm
2982 1270 3064 1315 est
3106 1260 3273 1313 honor
3302 1262 3583 1313 marmoris
3612 1276 3629 1313 :
3679 1274 3777 1314 su-

2181 1350 2392 1416 periora
2420 1350 2699 1403 conclavia
2724 1352 2921 1403 crustis
2949 1359 3291 1421 teguntur.ea
3314 1351 3491 1420 operis
3520 1352 3773 1412 levitate.

2178 1447 2234 1490 ut
2256 1451 2518 1508 cumpago
2540 1439 2768 1494 solidum
2796 1440 3099 1495 mentiatur.
3129 1441 3418 1495 Columnas
3446 1441 3615 1495 nihilo
3644 1455 3774 1493 am-

2178 1527 2321 1596 plius
2348 1539 2617 1584 mercatus
2648 1546 2729 1598 es,
2757 1545 2915 1600 quam
2946 1531 2991 1585 si
3022 1532 3116 1586 tibi
3162 1532 3369 1586 muneri
3396 1532 3772 1601 contigissent.

2179 1618 2283 1672 Eas
2306 1618 2529 1691 bithyno
2562 1622 2738 1690 lapide
2763 1636 2949 1684 casas,
2971 1622 3015 1677 si
3055 1610 3189 1677 bene
3216 1622 3385 1677 oculis
3410 1630 3548 1685 utor,
3577 1622 3774 1675 existi-

2178 1722 2285 1761 mo.
2339 1708 2610 1764 Hactenus
2660 1719 2763 1774 est,
2808 1710 2948 1779 quod
2992 1709 3131 1767 scire
3176 1711 3445 1765 debueris.
3500 1710 3775 1777 Deinceps

2177 1805 2391 1853 tantum
2422 1800 2735 1868 adjiciemus
2767 1802 3059 1870 cognitioni
3099 1811 3219 1868 tute,
3251 1813 3502 1871 quantum
3531 1802 3773 1857 aediﬁca-

2182 1889 2313 1942 tioni
2340 1888 2632 1944 viderimus
2657 1890 2937 1945 accedere.
2964 1890 3119 1958 Vale.

2752 2021 2983 2078 'EPIS‘I‘.
3028 2021 3145 2077 XIII

2674 2146 2980 2188 SYISIACHL'S
3019 2147 3257 2188 Αυεοῐιιο.

2251 2241 2401 2298 Solet
2435 2242 2655 2299 facunda
2696 2260 2816 2301 esse
2847 2246 3051 2313 laetitia,
3078 2257 3133 2301 et
3172 2246 3441 2314 angustias
3473 2246 3639 2301 clausi
3673 2261 3772 2315 pe—

2179 2326 2343 2387 ctoris
2356 2346 2635 2401 aspernata
2651 2337 2863 2405 gestire.
2889 2336 3028 2401 Tibi,
3045 2337 3234 2399 amice.
3253 2335 3514 2389 scribendi
3533 2336 3768 2389 oblivio—

2186 2439 2309 2478 nem
2344 2426 2546 2494 peperit
2572 2441 2659 2481 res
2685 2428 2939 2481 secunda.
2966 2427 3020 2481 Id
3050 2426 3176 2479 mihi
3208 2426 3486 2479 imitationi
3508 2439 3630 2480 esse
3653 2440 3768 2479 non

2184 2517 2378 2583 potuit,
2412 2532 2568 2585 quem
2601 2518 2799 2571 domini
2841 2518 3008 2572 nostri
3036 2517 3273 2571 Gratiani
3310 2518 3545 2572 caelestis
3588 2518 3773 2570 oratio

2185 2605 2340 2659 boum
2371 2607 2481 2675 spei
2506 2618 2559 2662 et
2584 2608 2868 2662 hilaritatis
2898 2609 3151 2676 implevit.
3185 2608 3336 2661 Ultro
3374 2609 3529 2676 igitur
3557 2606 3771 2675 alloqui

2182 2695 2422 2751 desidem
2455 2713 2557 2751 non
2595 2700 2830 2766 peperci,
2860 2698 3043 2761 officii,
3070 2698 3155 2752 vel
3198 2697 3374 2765 gaudii
3404 2698 3505 2751 mei
3540 2697 3711 2763 gratia
3750 2714 3767 2749 :

2180 2802 2405 2853 quorum
2430 2789 2656 2842 alterum
2685 2788 3012 2843 familiaritas
3043 2799 3243 2853 nostra,
3277 2790 3501 2841 alterum
3530 2786 3771 2841 felicitas

2180 2878 2392 2945 publica
2441 2881 2779 2948 suggerebat.
2846 2879 2993 2933 Nunc
3040 2880 3084 2932 si
3140 2892 3315 2943 operte
3364 2888 3466 2941 est,
3502 2877 3770 2932 utendum

2179 2967 2310 3021 mihi
2362 2970 2623 3037 tantisper
2676 2970 2911 3022 animum
2958 2968 3039 3022 fac
3068 2968 3329 3023 remittas.
3375 2966 3644 3021 Primores
3673 2981 3770 3021 ca-

2180 3058 2349 3112 lendte
2382 3060 2649 3113 Ianuariis
2690 3059 3025 3127 appetebant.
3069 3059 3339 3126 Frequens
3380 3066 3595 3112 senatus
3645 3072 3770 3111 ma-

2180 3148 2405 3203 turrime
2435 3149 2485 3201 in
2518 3149 2719 3203 curiam
2746 3162 3088 3215 veneramus,
3116 3149 3416 3217 priusquam
3444 3146 3772 3199 manifestus

2178 3239 2291 3295 dies
2312 3255 2588 3306 creperum
2617 3242 2788 3294 noctis
2817 3241 3157 3295 absolveret:
3182 3238 3315 3292 forte
3352 3252 3533 3291 rumor
3555 3222 3767 3292 allatus

2175 3341 2255 3385 est
2294 3345 2599 3385 sermonem
2645 3330 2930 3384 desiderati
2984 3330 3233 3399 principis
3274 3330 3433 3382 multa
3480 3338 3637 3383 nocte
3663 3344 3769 3384 ve-

2177 3419 2343 3479 nisstu
2395 3429 2447 3471 et
2501 3430 2614 3472 erat
2662 3433 2866 3472 verum.
2912 3418 3042 3471 Nam
3095 3418 3400 3471 tabellarius
3451 3416 3764 3486 vigiliarum

2179 3508 2351 3562 fessus
2399 3508 2663 3563 adstabat.
2712 3508 2953 3563 Nondum
3001 3509 3137 3563 etelo
3179 3506 3391 3561 albente
3421 3506 3770 3564 concurritur

2173 3599 2462 3652 luminibus
2490 3599 2749 3662 accensis,
2776 3598 2897 3653 nevi
2926 3600 3108 3651 saeculi
3133 3596 3233 3650 fata
3258 3596 3599 3663 recipiantur.
3616 3596 3765 3663 Quid

2172 3690 2371 3741 multa?
2395 3691 2587 3752 lucem,
2604 3702 2761 3755 quam
2792 3688 2964 3742 adhuc
2984 3686 3409 3755 opperiebamur,
3437 3687 3766 3757 accipimus.

2174 3779 2266 3832 Dic
2296 3778 2447 3841 mibi,
2475 3778 2681 3847 inquies
2702 3780 2848 3848 (nam
2878 3778 2927 3831 id
2955 3785 3169 3844 praestat
3187 3777 3413 3845 audire),
3437 3778 3560 3845 quid
3584 3779 3769 3833 nostri

2176 3878 2351 3936 patres
2382 3883 2541 3935 super
2562 3882 2621 3921 ea
2648 3867 2891 3921 oratione
2905 3867 3217 3921 senserunt?
3241 3866 3432 3919 lterum
3456 3864 3549 3919 tibi
3568 3876 3770 3920 natura

2176 3959 2529 4025 respondeat,
2561 3957 2752 4023 quibus
2785 3956 3050 4027 sull'ragiis
3081 3965 3331 4025 exaptata
3364 3957 3531 4024 pietas
3562 3956 3767 4009 audia-

2176 4056 2277 4101 tur.
2304 4047 2557 4101 Novimus
2581 4045 2715 4100 bona
2742 4056 2921 4101 nostra
2942 4048 3243 4115 wmplecti.
3266 4046 3320 4100 Si
3350 4045 3544 4107 credis,
3561 4048 3767 4100 ctiam-

2174 4158 2298 4197 num
2344 4142 2487 4197 illius
2514 4143 2687 4213 gaudii
2732 4144 2834 4197 mei
2875 4143 3159 4213 quamdam
3200 4142 3372 4209 patior
3410 4141 3770 4198 cruditatem.

2173 4232 2351 4287 Bonus
2380 4232 2573 4295 Nerva,
2601 4234 2861 4303 Trajanus
2888 4244 3157 4299 strenuus,
3198 4234 3461 4287 Antonius
3503 4236 3643 4301 pius,
3680 4237 3772 4289 in-

2174 4337 2372 4377 nocens
2402 4323 2607 4395 Marcus
2639 4324 2810 4391 plenis
2838 4324 3001 4379 ofllcii
3043 4324 3368 4390 temporibus
3411 4324 3576 4391 adjuti
3604 4339 3768 4397 sunt,

2172 4427 2291 4482 quin
2342 4422 2463 4465 tunc
2514 4427 2689 4466 mores
2716 4414 2848 4466 alios
2886 4414 3214 4469 nesciebant.
3250 4415 3346 4469 Hic
3393 4416 3445 4469 in
3485 4414 3643 4470 laude
3674 4432 3771 4473 est

2176 4514 2358 4555 natura
2394 4504 2649 4572 principis
2673 4521 2688 4567 ;
2718 4504 2789 4557 ibi
2815 4505 3002 4573 prisca:
3024 4520 3216 4560 munus
3242 4496 3433 4561 aristis.
3461 4504 3567 4559 Cur
3597 4520 3771 4561 verse

2174 4591 2363 4645 ordine
2393 4592 2490 4644 ista
2515 4594 2834 4660 Optimarum
2884 4596 3077 4649 artium
3126 4604 3371 4663 putemus
3400 4594 3670 4662 exempla,
3708 4610 3775 4652 et

488 4690 736 4751 absentes
784 4664 917 4739 bene
957 4687 1224 4750 consulas,
1272 4687 1510 4753 impenso
1551 4685 1753 4752 majore
1783 4684 2058 4751 gaudetur.
2097 4664 2150 4727 Ῑ)
2181 4681 2265 4734 illa
2298 4681 2364 4735 de
2394 4686 2590 4735 szecu'o
2621 4684 2797 4749 priore
2828 4683 3085 4753 vestigia?
3122 4684 3285 4739 Vetus
3314 4684 3543 4738 ofﬁcium
3592 4698 3772 4742 suum

492 4781 633 4831 Illico
662 4776 892 4846 ampiexi
943 4777 1168 4843 litteras,
1214 4791 1333 4847 qua:
1379 4778 1839 4848 prosequebantur
1861 4778 2061 4844 oblata,

490 4874 537 4923 in
562 4869 961 4938 exspectatione
988 4882 1106 4922 esse
1133 4869 1412 4937 coepimus,
1450 4883 1607 4937 quam
1640 4884 1763 4921 mox
1787 4868 1935 4921 vobis
1976 4882 2061 4921 ca-

491 4961 806 5028 pessendum
849 4962 945 5012 iter
985 4960 1167 5028 Appia:
1196 4960 1519 5013 scriberctis.
1559 4957 1698 5011 Nihil
1732 4958 1919 5012 horum
1966 4974 2080 5029 ρηο-

488 5054 609 5113 gina
642 5051 935 5104 nuntiabat.
968 5048 1257 5104 Percontor
1283 5050 1635 5113 tabellarium,
1666 5065 1791 5103 num
1814 5061 2062 5105 constan-

491 5148 615 5195 tiam
652 5142 849 5195 decreti
882 5156 1055 5196 rerum
1082 5140 1257 5194 subita
1281 5140 1601 5193 turbassent.
1635 5139 1723 5193 Ait
1742 5142 2061 5194 sententiam

491 5234 615 5289 mbil
643 5211 963 5298 clautlicaie,
994 5234 1086 5287 sed
1125 5234 1312 5302 placita
1338 5231 1557 5296 differri,
1596 5232 1770 5288 donec
1798 5232 2065 5287 concutio

492 5327 771 5380 l-‘ormuna
809 5326 968 5379 multa
1015 5327 1182 5393 fruge,
1226 5334 1281 5380 et
1312 5325 1430 5379 aliis
1476 5326 1576 5378 hoc
1602 5339 1768 5393 genus
1808 5326 1859 5379 in
1910 5340 2063 5379 usuin

494 5417 806 5471 necessariis
833 5418 1141 5472 instruatur.
1194 5417 1338 5471 Tunc
1363 5416 1490 5471 mihi
1526 5420 1737 5471 animus
1764 5418 1831 5472 ab
1854 5418 2066 5487 mgritu-

491 5513 613 5562 dine
642 5508 966 5578 remigravit.
993 5509 1071 5563 Do
1103 5509 1282 5573 tidem,
1315 5508 1442 5563 nihil
1466 5508 1649 5562 humili
1682 5525 1901 5575 mensa,
1932 5510 2065 5565 nihil

494 5600 743 5661 servitiis,
772 5610 860 5653 aut
892 5601 1067 5669 pecori
1090 5599 1416 5654 defuturum.
1461 5598 1538 5654 Ne
1561 5600 1688 5654 ntilti
1720 5602 1787 5655 sit
1808 5602 1931 5657 dicti
1964 5601 2064 5655 btt-

491 5694 575 5757 jus
602 5692 821 5761 posthac
853 5694 1084 5760 negatio,
1116 5707 1182 5744 cn
1218 5692 1369 5744 vobis
1412 5691 1753 5761 chirographi
1785 5694 1950 5747 instar
1980 5695 2068 5747 lito

497 5795 652 5836 teras.
676 5784 1027 5853 Sponsionem
1070 5782 1285 5853 stipulat
1314 5782 1542 5836 all‘ectio.
1576 5782 1754 5853 Neque
1795 5785 1936 5841 enim
1970 5800 2061 5857 pa-

495 5887 591 5930 tiar
617 5874 810 5943 decipi,
840 5890 971 5944 quos
996 5883 1119 5944 Opto
1138 5872 1443 5943 complecti.
1480 5874 1622 5930 \‘alc.

2171 4774 2379 4828 fortuna
2413 4783 2645 4834 tueatur.
2678 4787 2731 4829 et
2762 4778 2855 4831 bas
2894 4778 3071 4831 saltim
3123 4776 3359 4831 Romano
3398 4776 3598 4831 nomini
3626 4779 3774 4837 velit

2170 4882 2387 4922 servare
2426 4867 2662 4922 delicias.
2705 4869 2860 4923 Nullo
2890 4869 3090 4923 fascino
3120 4868 3341 4923 felicitas
3372 4868 3577 4937 publica
3608 4883 3773 4923 mor-

2172 4956 2380 5012 deatur.
2416 4958 2622 5013 Audisti
2666 4958 2868 5023 omnia,
2915 4960 3009 5015 sed
3041 4970 3403 5015 summotenus
3437 4976 3532 5016 ore
3568 4960 3767 5017 libata.

2176 5047 2512 5103 Monnmenta
2540 5048 2705 5101 curia:
2747 5059 2940 5103 nostra:
2992 5050 3200 5118 plenius
3231 5062 3401 5105 tecum
3438 5051 3768 5118 loquentur.

2177 5137 2272 5193 Ubi
2311 5152 2433 5191 cum
2475 5137 2622 5206 plura
2655 5140 2910 5207 rescripta
2957 5143 3255 5206 repereris;
3296 5138 3522 5202 aestima,
3550 5151 3772 5207 quanto

2168 5229 2418 5283 uberiora
2445 5231 2599 5285 unius
2634 5243 2784 5284 meus
2813 5230 3099 5300 optaverit,
3127 5244 3282 5299 quam
3306 5229 3519 5299 plausus
3546 5228 3766 5287 allude-

2168 5323 2257 5376 rit.
2285 5320 2433 5378 Vale.

2762 5389 2978 5446 EPIST.
3022 5389 3158 5445 XIV.

2666 5498 2975 5539 SYIIACIUS
3006 5499 3247 5539 AUSONIO.

2238 5598 2384 5653 Petis
2412 5611 2439 5648 a
2473 5611 2557 5650 me
2582 5596 2787 5651 litteras
2814 5595 3103 5664 longiores.
3149 5595 3242 5649 Est
3289 5594 3387 5647 hoc
3424 5591 3475 5646 in
3506 5606 3605 5647 nos
3630 5598 3763 5652 reti

2170 5695 2369 5748 amoris
2399 5692 2670 5746 indicium.
2720 5689 2827 5745 Sed
2862 5704 2961 5759 ego
2989 5689 3077 5758 qui
3126 5702 3243 5742 sum
3276 5684 3571 5754 paupertini
3602 5686 3768 5756 iugi»

2174 5787 2244 5840 nii
2277 5785 2377 5839 mei
2411 5783 2536 5836 mibi
2562 5780 2830 5845 conscius,
2864 5780 3137 5835 Laconica!
3166 5780 3305 5833 malo
3326 5778 3538 5833 studere
3565 5778 3765 5833 brevi-

2179 5877 2294 5943 tati,
2322 5889 2477 5945 quam
2512 5874 2799 5942 tnultijugis
2825 5860 3032 5941 paginis
3068 5871 3303 5928 infantia:
3329 5874 3549 5929 maciem
3582 5871 3777 5934 publi-
