3828 6336
64 444 136 498 lS'i
1228 421 1595 480 EPISTULA“

1738 418 1932 474 LIBER
1973 417 2014 470 1.
3133 407 3232 462 154

61 573 168 611 me.
190 552 276 606 Sec
301 551 476 602 mirum
507 549 547 600 si
579 546 795 616 eloquii
830 543 988 598 nosui
1023 555 1151 594 vena
1194 547 1407 593 tenuata
1447 545 1566 597 est;
1596 540 1647 596 Α
1676 533 1811 602 apud
1837 542 1908 594 te,
1942 533 2012 583 mi
2041 529 2275 590 domine,
2297 525 2497 581 silenda
2521 538 2622 577 non
2647 522 2868 587 credidi,
2888 521 3099 589 etquod
3127 536 3232 589 prae

59 659 179 712 quam
200 625 370 694 dudum
401 651 562 704 neque
587 613 756 688 ullius
788 633 1039 703 poematis
1077 630 1171 691 tui,
1206 641 1380 696 neque
1403 626 1564 694 pede-
1673 626 1743 679 tui
1773 639 1957 678 amore
1977 622 2107 674 nihil
2140 621 2310 674 habeo
2340 619 2586 685 pensi;et
2611 615 2752 684 quod
2780 614 3035 674 vicissim,
3055 613 3234 680 quanti

63 739 206 789 atrium
233 732 531 784 voluminum
562 701 809 781 lectione
838 724 1034 792 juvisti.
1073 721 1221 775 Unde
1255 721 1413 789 igitur
1454 732 1568 772 ser-
1669 731 1698 768 a
1732 726 1781 768 te
1816 714 1958 777 liam,
2014 727 2283 779 nunquam
2323 725 2408 764 me
2438 707 2675 776 poenitet.
2720 704 2868 772 Quod
2895 703 3126 756 Palladio
3162 701 3238 753 fa-

62 828 196 882 monis
225 824 313 878 mei
352 823 542 889 largam
576 818 764 887 poscis
806 830 1038 875 usuram,
1069 813 1153 880 qui
1197 811 1323 864 nihil
1356 810 1570 863 litterati
1671 817 1813 860 ctum
1841 806 1980 869 volo,
2018 818 2086 857 ne
2132 805 2330 856 lateant
2374 805 2593 855 honesta
2635 798 2866 865 prolatu.
2891 795 3028 848 Cura
3059 801 3114 844 ut
3149 807 3232 843 va-

64 919 218 974 ίοιιοής
241 886 528 970 credidisti?
577 886 787 965 Volunt
833 920 950 964 tuus
987 907 1198 961 Mosella
1248 918 1341 972 per
1383 914 1574 955 manus
1674 898 1818 959 leas;
1865 894 2194 961 etquoniam
2225 892 2317 945 tibi
2366 891 2586 944 facultas
2613 886 2879 943 scribendi
2906 891 3101 951 prmsto
3137 889 3239 948 est,

63 1013 267 1076 sinusque
287 1007 574 1066 multorum,
595 1003 798 1055 divinis
823 1015 853 1054 a
877 1012 926 1054 te
941 997 1173 1053 versibus
1196 1005 1572 1049 consecratus:
1673 986 1865 1040 adhibe
1888 985 2241 1039 voluntatem.
2290 982 2440 1037 Vale.

65 1102 136 1150 sed
163 1107 338 1177 tantum
364 1105 537 1147 nostra
576 1107 677 1146 ora
711 1089 1036 1158 prmlabitur.
1066 1085 1175 1140 Cur
1203 1100 1287 1138 me
1325 1084 1476 1136 istius
1510 1081 1578 1135 li—
2268 1091 2484 1148 ΕΡιδΤ,
2524 1090 2663 1145 xv],

65 1189 179 1251 belli,
200 1170 376 1255 quaeso,
405 1196 675 1239 exsortem
707 1196 831 1236 esse
861 1177 1104 1232 voluisti?
1134 1187 1223 1228 aut
1248 1189 1450 1226 amusos
1483 1170 1575 1224 tibi
2110 1182 2124 1192 ν

64 1283 257 1343 videbar,
281 1281 358 1342 qui
404 1276 700 1344 dijudicare
741 1287 849 1326 non
889 1285 1126 1340 possem;
1159 1277 1250 1320 aut
1291 1275 1438 1320 certe
1461 1277 1576 1315 ma-

68 1374 221 1439 lignus,
241 1370 316 1438 qui
344 1369 551 1421 laudare
572 1365 860 1420 nescirem.
905 1364 1080 1430 Itaque
1103 1360 1184 1413 vel
1217 1357 1426 1426 ingenio
1460 1369 1579 1407 meo

70 1462 324 1528 plurimum,
349 1459 426 1513 vel
451 1458 718 1516 moribus,
747 1455 1032 1524 derogasti.
1057 1453 1166 1520 Ego
1193 1460 1370 1504 tamen
1394 1457 1580 1502 contra

75 1553 350 1604 interdictum
378 1560 520 1601 tuum
553 1563 682 1602 mox
725 1547 793 1600 ad
824 1547 961 1599 illius
1003 1543 1182 1611 aperis
1221 1555 1412 1595 arcana
1457 1553 1581 1606 per-

75 1643 184 1696 veni.
213 1641 360 1694 Velim
391 1635 782 1704 reticere,quid
814 1635 1031 1688 sentiam
1058 1651 1069 1686 :
1094 1632 1248 1685 velim
1279 1631 1344 1685 de
1374 1638 1423 1682 te
1438 1628 1584 1696 justo

74 1735 239 1786 silentio
259 1731 522 1792 vindicari,
554 1729 654 1783 sed
697 1725 981 1782 admiratio
1015 1723 1330 1792 scriptorum
1368 1734 1583 1774 sensum

76 1826 225 1892 frangit
251 1822 458 1890 injuria.
495 1820 630 1875 Novi
665 1819 805 1872 enim
839 1819 993 1870 ismm
1027 1815 1259 1876 fluvium,
1282 1827 1402 1866 cum
1431 1821 1587 1864 aeter-

75 1929 224 1965 norum
251 1915 531 1979 principum
557 1911 674 1979 jam
715 1908 920 1978 pridem
960 1906 1108 1973 signa
1144 1905 1449 1966 comitarer,
1495 1915 1586 1968 pa-
1619 1893 1664 1951 Β

74 2020 160 2058 rem
190 2003 358 2066 multis,
391 2003 652 2070 imparem
694 1999 957 2053 maximis.
992 1997 1137 2050 Nunc
1161 1993 1451 2062 improviso
1480 1991 1589 2043 cla-

74 2110 218 2146 rurum
246 2110 325 2147 ver
353 2109 472 2144 uum
503 2092 770 2160 dignitate
801 2089 1049 2156 Egyptio
1072 2088 1277 2140 Melone
1310 2084 1587 2151 majorem,

77 2187 348 2255 frigidiorem
374 2184 631 2254 Scythico
655 2182 842 2244 Tanai,
877 2179 1258 2245 clarioremque
1282 2176 1382 2229 hoc
1409 2183 1591 2227 nostro

80 2280 272 2345 populari
307 2278 503 2331 Fucino
545 2274 849 2329 reddidisti.
893 2271 1230 2340 Nequaquam
1264 2269 1354 2322 tibi
1401 2266 1590 2322 crede-

81 2382 187 2428 rem,
207 2368 262 2419 de
284 2367 500 2419 Mosella:
525 2376 651 2420 ortu
682 2379 742 2416 ac
771 2372 949 2417 meatu
978 2375 1162 2430 magna
1192 2360 1448 2424 narranti,
1492 2357 1590 2410 nisi

79 2467 196 2509 certo
218 2458 387 2511 scirem
418 2455 558 2523 quod
583 2469 685 2509 nec
727 2454 780 2506 in
817 2465 1058 2522 poemate
1107 2452 1399 2505 mentiaris.
1447 2449 1595 2504 Unde

80 2545 147 2597 illa
174 2546 468 2598 amnicorum
499 2543 730 2612 piscium
753 2540 994 2595 examina
1026 2540 1298 2605 reperisti?
1325 2553 1480 2606 quam
1504 2553 1597 2591 no-

79 2638 268 2691 minibus
294 2637 446 2703 varia,
475 2646 585 2689 tam
609 2635 902 2698 coloribus,
925 2643 984 2687 ut
1011 2631 1369 2701 magnitudine
1399 2629 1600 2682 distan-

81 2726 154 2790 tia,
179 2725 244 2777 sic
270 2740 469 2791 sapore;
500 2739 625 2793 quae.
652 2724 934 2794 pigmentis
974 2724 1126 2776 istius
1162 2720 1412 2775 carminis
1441 2734 1599 2787 supra

80 2825 244 2869 natura
273 2816 395 2868 dnuo
429 2817 644 2870 fucasti.
681 2814 840 2882 Atqui
873 2815 924 2867 in
956 2813 1057 2866 tuis
1093 2811 1293 2865 mensis
1322 2826 1463 2879 saepe
1482 2824 1602 2863 ver-

83 2914 218 2968 satus,
244 2920 347 2957 cum
377 2905 628 2972 pleraque
649 2906 772 2968 alia,
798 2918 915 2973 qua:
942 2912 1062 2956 tunc
1086 2901 1136 2955 in
1158 2901 1405 2969 praetorio
1425 2909 1597 2965 erant,

83 2996 173 3047 esui
198 2996 374 3064 objecta
405 2996 673 3058 mirarer;
722 3007 988 3060 nunquam
1040 2993 1139 3045 hoc
1170 3006 1334 3061 genus
1380 2990 1602 3059 piscium

89 3085 379 3150 deprehendi.
412 3083 637 3150 Quando
668 3082 719 3134 hi
755 3083 922 3149 pisces
953 3082 1002 3133 in
1033 3080 1166 3133 libro
1198 3079 1292 3133 tibi
1321 3079 1425 3131 nati
1459 3086 1601 3140 sunt,

87 3176 158 3242 qui
184 3178 222 3230 in
249 3177 443 3232 ferculis
473 3193 580 3231 non
626 3175 875 3229 fuerunt?
902 3173 1078 3226 .Iocari
1124 3186 1208 3224 me
1239 3183 1411 3239 putas,
1444 3178 1603 3237 atque

89 3280 216 3334 agere
240 3269 423 3336 nugas?
452 3268 527 3320 lta
577 3282 666 3320 me
710 3266 811 3318 diis
843 3264 1164 3333 probabilem
1207 3264 1491 3330 prmstem!
1549 3267 1607 3314 ut

88 3369 167 3422 ego
193 3364 316 3408 tuum
341 3370 550 3409 carmen
584 3356 737 3408 libris
790 3354 1018 3407 Maronis
1065 3352 1311 3421 adjungo.
1363 3352 1465 3407 Sed
1502 3352 1611 3419 jam

87 3443 284 3496 desinam
313 3446 407 3498 mei
438 3444 642 3497 oblitus
672 3442 893 3505 doloris,
923 3443 1182 3495 inhmrere
1211 3439 1457 3494 laudibus
1487 3440 1610 3503 tuis,

90 3549 145 3587 ne
171 3535 255 3589 hoc
273 3552 467 3606 quoque
503 3537 569 3589 ad
595 3535 822 3604 gloriam
848 3543 987 3587 tuam
1010 3532 1244 3598 accedat,
1275 3532 1413 3601 quod
1438 3543 1488 3585 te
1517 3533 1616 3584 mi-

2174 1217 2479 1258 SYIIACBUS
2516 1215 2755 1256 AUSONIO.

1750 1317 1902 1383 Saepe
1927 1317 2286 1370 unanimitatis
2315 1323 2416 1368 tum
2461 1326 2710 1368 sermone
2746 1309 3054 1375 convenior,
3086 1318 3145 1362 ut
3182 1308 3250 1363 de

1682 1407 1916 1474 acceptis
1969 1405 2185 1470 litteris,
2227 1421 2356 1474 quas
2382 1403 2447 1457 ad
2490 1418 2576 1458 me
2601 1417 2729 1459 cura
2771 1401 3114 1470 propensiore
3149 1402 3248 1449 mi-

1687 1499 1824 1561 sisti,
1865 1496 1948 1551 vrl
1979 1496 2243 1560 scribam;
2283 1494 2474 1563 quibus
2521 1507 2637 1560 ego,
2693 1499 2751 1544 ut
2773 1504 2994 1559 qumque
3031 1488 3255 1543 redditae

1685 1598 1830 1654 sunt,
1859 1597 2092 1642 actutum
2148 1590 2260 1656 pari
2311 1585 2565 1654 religione
2591 1581 2839 1650 respoadi
2878 1596 2895 1634 :
2937 1580 3055 1646 quia
3084 1593 3252 1645 neque

1686 1680 2060 1748 rescriptorum
2088 1677 2244 1740 ratio,
2289 1690 2461 1744 neque
2487 1673 2686 1727 amoris
2710 1670 3018 1726 vicissitudo
3047 1669 3254 1722 sinebat

1686 1771 1881 1824 diutius
1909 1769 2171 1822 desidere.
2197 1766 2347 1820 Nunc
2368 1778 2580 1833 quoque
2602 1776 2760 1830 agere
2783 1776 2865 1814 me
2886 1769 3043 1827 atque
3064 1759 3257 1812 habere

1688 1862 1882 1930 gratias
1907 1866 2192 1928 protestor,
2223 1856 2360 1924 quod
2392 1868 2642 1923 prospera
2675 1852 2975 1905 nuntiorum
3002 1849 3140 1902 clam
3173 1862 3259 1900 me

1690 1965 1808 2004 esse
1840 1964 1943 2001 non
1974 1947 2191 2016 pateris.
2224 1945 2346 1998 “me
2376 1953 2428 1997 et
2453 1943 2554 1996 alia
2583 1940 2845 2007 prioribus
2866 1951 3078 2007 quoque
3115 1937 3259 1989 litte-

1691 2041 1765 2096 ris
1802 2049 1974 2094 tecum
2000 2038 2202 2092 fueram
2230 2036 2545 2090 collocutus.
2573 2032 2678 2085 Sed
2706 2031 2752 2085 si
2784 2042 2834 2084 te
2863 2028 3118 2083 tabellarii
3151 2042 3262 2080 ser-

1692 2131 1865 2184 monis
1919 2129 2022 2182 mei
2075 2134 2377 2194 compotem
2413 2122 2804 2182 reddiderunt,
2850 2128 3101 2186 congesta
3157 2132 3262 2170 non

1692 2229 1933 2276 onerant.
1963 2219 2100 2273 Man
2122 2217 2316 2286 quippe
2342 2231 2496 2268 aures
2522 2223 2638 2266 tuas
2668 2209 2918 2266 iterando
2942 2208 3259 2268 obtundere,

1693 2327 1851 2382 quam
1885 2308 2127 2364 fraudare
2169 2306 2458 2362 reticendo.
2512 2304 2714 2358 Fratris
2765 2302 2867 2355 mei
2899 2298 3139 2368 llesperii
3173 2298 3266 2349 ho-

1696 2416 1826 2458 nore
1851 2400 2080 2464 exsulto,
2105 2397 2465 2452 taciturnitate
2496 2392 2870 2449 convulneror.
2921 2391 3053 2444 Nam
3097 2388 3138 2442 si
3185 2403 3270 2442 me

1696 2494 1778 2546 sui
1804 2501 2068 2544 amantem
2099 2505 2194 2543 usu
2220 2503 2403 2542 rerum
2437 2485 2696 2554 probavit,
2719 2483 2930 2550 scriptis
2959 2480 3150 2533 famam
3181 2479 3271 2531 de-

1700 2587 1807 2638 cuit
1837 2582 2150 2653 pmvenire,
2179 2593 2296 2649 quae
2322 2577 2410 2630 diu
2444 2577 2642 2629 incerta
2670 2574 2863 2626 fluxam
2895 2570 3046 2622 fidem
3070 2567 3272 2638 gaudiis

1700 2677 2003 2731 exhibebat.
2046 2675 2165 2740 Ipse
2205 2671 2362 2738 igitur
2398 2667 2614 2721 nuntius
2661 2662 2959 2717 communis
2992 2662 3113 2714 boni
3156 2673 3273 2714 esse

1703 2768 1982 2832 debuerat,
2015 2776 2072 2819 ut
2092 2763 2329 2832 epistola:
2357 2759 2582 2814 assertio
2628 2755 2760 2810 nihil
2805 2755 3128 2819 relinqueret
3156 2753 3272 2819 opi-

1705 2859 1878 2912 nionis
1906 2857 2172 2924 ambiguo.
2207 2853 2310 2906 Sed
2330 2852 2481 2914 dicis,
2514 2864 2633 2905 eum
2663 2848 2863 2916 pudore
2902 2846 3272 2915 prrestricmm,

1707 2963 2050 3006 successuum
2082 2961 2298 3000 suorum
2321 2945 2517 2996 vitasse
2539 2941 2868 3010 jactantiam.
2899 2937 3274 3006 Quisquamne,

1710 3056 1830 3096 cum
1886 3039 1951 3092 de
1995 3052 2053 3091 se
2086 3037 2222 3104 apud
2260 3035 2489 3101 seipsum
2521 3031 2770 3099 loquitur,
2801 3027 3100 3082 erubescit?
3146 3025 3278 3090 Qu'd

1708 3128 1848 3197 quod
1877 3142 1993 3181 eam
2041 3140 2151 3178 rem
2176 3124 2303 3176 mihi
2328 3122 2625 3190 supersedit
2665 3121 2928 3188 ingerere,
2961 3131 3118 3186 quam
3141 3116 3282 3182 juste

1633 3248 1679 3311 ρ
1711 3220 1773 3273 ad
1807 3231 2089 3287 utrumque
2113 3223 2332 3293 noverat
2373 3211 2672 3283 pertinere?
2703 3210 2901 3275 Veram
2941 3224 3060 3278 ego,
3109 3215 3167 3260 ut
3195 3221 3283 3260 rc-

1719 3314 1906 3382 ligiose
1933 3311 2032 3364 ista
2083 3320 2400 3378 conqueror,
2434 3307 2503 3359 ita
2529 3304 2753 3359 libenter
2781 3303 2966 3357 omitto
3001 3319 3015 3355 :
3047 3301 3166 3370 quia
3192 3314 3285 3353 nec

1715 3405 1883 3459 amori
1939 3403 1989 3455 in
2029 3414 2125 3454 vos
2177 3413 2294 3452 meo
2344 3397 2593 3449 convenit
2643 3395 2821 3454 silere,
2869 3393 3004 3462 quod
3055 3391 3286 3454 doleam,

1717 3508 1814 3547 nec
1867 3491 2112 3546 amicitia:
2167 3487 2363 3541 inrussi
2413 3485 2617 3540 doloris
2671 3485 2900 3538 transire
2957 3496 3285 3537 mensuram.

131 3586 462 3606 ""1"1—'
506 3586 802 3604 --ο-κ-ηέη
879 3586 884 3587 ν
1059 3586 1064 3587 ,
1233 3586 1244 3598 Ι
1293 3586 1303 3601 1

90 3640 233 3679 ramur
251 3629 443 3683 oﬂ'ensi.
475 3630 716 3696 Spargas
749 3627 873 3680 licet
892 3625 1256 3693 volumina,et
1283 3639 1367 3678 me
1407 3638 1617 3689 semper
1720 3586 1868 3641 γωδ

91 3667 225 3679 “”“”“⁸
252 3667 443 3683 υ¹¹υ¹ου
475 3667 609 3696 υγ-ι
657 3667 716 3681 uo
750 3667 873 3680 --νν-
901 3667 1156 3679 -υ...........
1205 3667 1256 3678 ν-
1284 3667 1367 3678 ,ην
1407 3667 1515 3678 ,νὼ
1543 3667 1608 3677 η,-

91 3721 284 3782 excipias
307 3738 319 3772 :
345 3720 580 3773 fruemur
610 3671 792 3772 toamen
825 3725 917 3770 tuo
943 3730 1121 3784 opere,
1153 3667 1246 3769 ged
1277 3709 1498 3768 aliorum
1524 3667 1618 3768 be-
2287 3668 2496 3725 ENST-
2543 3667 2704 3721 xv"-

90 3806 320 3875 trignitate.
353 3809 497 3865 Vale.
909 3872 946 3875 __
985 3872 996 3875 _

2217 3793 2523 3838 SYMMACHUS
2560 3795 2797 3835 ΑυεοΝιο.

650 3875 866 3931 EPIS'I‘.
907 3872 1021 3929 XV.

547 3980 859 4021 SYIIACIL'S
887 3979 1123 4019 AUSONIO.

1791 3898 2127 3954 Ambrosium
2165 3897 2232 3952 de
2292 3897 2642 3952 summatibus
2695 3893 3032 3960 provincialis
3082 3892 3178 3946 fori
3229 3893 3293 3945 al

1722 3988 1964 4043 dominos
2007 3998 2061 4042 et
2100 3988 2365 4056 principes
2419 3995 2627 4039 nostros
2657 3983 2850 4038 Siciliae.
2899 3996 3179 4036 commune
3226 3985 3297 4056 le-

149 4076 269 4131 Pene
304 4090 582 4142 evenerat,
633 4086 689 4130 ut
724 4088 894 4130 tecum
934 4077 1204 4131 succincta
1243 4072 1502 4130 brevitate
1545 4071 1622 4123 lo-
1722 4081 1886 4148 gavit,
1911 4079 2070 4131 variis
2102 4079 2416 4130 instructum
2446 4075 2728 4136 mandatis,
2759 4090 2874 4144 que
2914 4088 3158 4140 spectare
3187 4049 3296 4127 visa

92 4183 354 4233 queremur,
380 4177 636 4241 quonam
669 4168 889 4223 deerant
937 4167 1092 4238 digna
1119 4175 1413 4222 memoratu
1444 4183 1458 4218 :
1488 4171 1541 4219 et
1573 4164 1621 4215 in
1725 4179 1848 4223 sunt
1879 4170 2073 4222 bonum
2107 4169 2395 4236 publicum.
2449 4168 2583 4221 linic
2611 4168 2654 4220 si
2684 4166 2857 4220 fautor
2889 4166 3177 4220 accesseris
3209 4165 3292 4218 fu-

97 4256 265 4312 defectu
308 4277 481 4315 rerum
529 4259 668 4314 nihil
697 4274 833 4328 opus
862 4269 942 4313 est
990 4258 1264 4326 indulgere
1290 4255 1485 4311 verbis.
1517 4254 1621 4309 Sed
1726 4268 1900 4314 turum
1937 4274 2077 4320 reor,
2108 4266 2168 4312 ut
2197 4258 2267 4311 illi
2296 4271 2393 4325 pro
2435 4257 2612 4309 labore
2661 4255 2860 4310 fructus
2913 4255 3300 4309 accommodet.

97 4354 361 4416 tempestive
392 4351 620 4407 Palladii
662 4349 889 4406 rhetoris
921 4351 1084 4405 nostri
1122 4350 1438 4403 declamatio
1479 4351 1627 4401 auxit
1727 4351 1916 4414 Quaeso
1946 4348 2104 4416 igitur
2137 4349 2218 4402 vel
2243 4346 2521 4414 legationis
2568 4347 2778 4410 merito,
2803 4346 2883 4399 vel
2924 4360 3042 4398 meo
3087 4344 3301 4404 nomine

100 4441 317 4507 paginam.
375 4441 450 4497 Ea
518 4439 841 4509 com'placita
914 4440 1260 4495 summatibus
1308 4430 1634 4499 litterarum,
1728 4439 1779 4492 in
1807 4438 2061 4506 Optimum
2107 4437 2275 4490 virum
2332 4437 2466 4489 bene
2512 4437 2791 4499 consulas,
2836 4435 2923 4502 qui
2969 4433 3097 4486 satis
3140 4435 3300 4488 animi

101 4527 202 4582 clam
231 4541 276 4587 te
298 4549 414 4589 esse
437 4549 554 4588 non
591 4531 794 4586 debuit.
831 4530 1008 4600 Itaque
1046 4546 1164 4584 curn
1202 4540 1255 4585 et
1277 4545 1399 4584 meo
1427 4527 1627 4591 officio,
1730 4531 2184 4592 confirmatusest,
2215 4528 2463 4594 suffragio
2488 4536 2576 4579 tuo
2599 4540 2968 4580 successuram
2992 4525 3302 4579 facilitatem

106 4629 228 4674 eum
249 4624 415 4679 studio
445 4625 572 4678 talis
595 4623 781 4677 relatio
804 4623 1132 4687 conveniret,
1159 4620 1250 4675 vix
1277 4620 1452 4674 soluto
1471 4623 1636 4682 εωω,
1670 4607 1718 4664 υ
1745 4623 2089 4693 petitionibus
2118 4620 2509 4691 promovendis.
2545 4618 2692 4672 Vale.

110 4712 284 4768 modum
341 4714 690 4769 eventilatam
729 4711 1013 4764 auditionis
1060 4724 1191 4763 mea;
1240 4708 1396 4762 fidem
1435 4708 1638 4775 judicio

112 4802 269 4858 Mente
286 4806 504 4860 dictavi.
537 4804 700 4858 Movit
738 4817 905 4857 novus
944 4801 1183 4856 Atlieumi
1217 4749 1406 4868 hospes
1429 4749 1639 4852 Itali-ar;
2306 4753 2515 4808 EPIST'
2558 4749 2740 4806 xvm'

119 4894 366 4959 concilium,
396 4895 686 4949 divisioois
710 4904 844 4957 arte,
875 4893 1236 4948 inventiOnum
1267 4888 1435 4959 copia,
1461 4889 1638 4958 gr.lvi-
2233 4879 2537 4920 ενηλεαυε
2575 4876 2814 4916 W503”-

116 4991 193 5037 tlte
209 5000 466 5054 sensuum,
503 4987 627 5041 luce
676 4985 984 5039 verborum.
1025 4984 1284 5052 Opinione
1323 4972 1436 5036 me'a
1477 4980 1636 5033 dico:
1726 5020 1729 5023 .
1815 4983 1926 5052 Ego
1950 4983 2046 5037 etsi
2071 4981 2336 5036 continuis
2366 4963 2557 5034 litteris
2581 4978 2835 5031 honorem
2865 4985 3008 5028 tuum
3039 4975 3310 5032 celebrare

119 5080 196 5127 “ﬂ
215 5082 394 5146 probus
415 5091 502 5135 est
529 5080 772 5133 oratione
793 5091 950 5147 quam
981 5075 1237 5128 moribus.
1267 5074 1414 5128 Tunc
1435 5081 1642 5126 nostra-
1747 5092 1986 5146 possem;
2021 5092 2123 5130 mm
2156 5075 2284 5128 satis
2322 5074 2447 5129 mihi
2481 5073 2688 5126 viderer
2717 5083 2970 5135 proquam
3002 5084 3086 5123 res
3132 5080 3312 5137 post"-

123 5172 295 5235 ιθενίτίς
315 5174 400 5244 qui
428 5175 576 5228 inter
595 5186 652 5226 se
680 5172 905 5225 aliarum
936 5184 1113 5223 rerum
1137 5181 1279 5234 δεῦρο
1305 5165 1644 5229 ἀίεεεηιῖυηί,
1754 5171 1859 5233 lat,
1895 5170 2033 5234 fungi
2066 5168 2301 5220 debitum
2335 5181 2506 5219 meum
2538 5180 2550 5216 :
2582 5171 2782 5216 tantum
2809 5161 2988 5225 abest,
3017 5170 3070 5212 ut
3097 5175 3310 5228 cperam

126 5268 380 5322 mrdem
412 5267 736 5322 sententiam
769 5279 935 5332 super
971 5261 1128 5331 hujus
1157 5260 1315 5314 laude
1343 5269 1647 5312 tenuerunt.
1753 5259 2079 5314 assiduitatis
2104 5257 2439 5322 exprobrem.
2471 5255 2574 5310 Sed
2607 5265 2659 5306 ut
2689 5253 2788 5306 hoc
2827 5265 2958 5303 mere
2986 5250 3314 5304 verecundize

128 5349 253 5407 Crdo
277 5360 448 5426 plane,
479 5371 580 5413 nec
611 5356 739 5410 fides
760 5370 910 5409 cassa
933 5363 1034 5419 est,
1058 5353 1329 5406 rhetorum
1370 5351 1508 5404 hanc
1533 5361 1653 5403 esse
1756 5351 2035 5417 competit;
2067 5349 2135 5401 ita
2165 5359 2267 5401 tua)
2308 5345 2645 5400 humanitatis
2675 5353 2784 5402 est,
2819 5341 3046 5394 studium
3074 5350 3311 5393 nostrum

132 5448 390 5515 Furiam.
445 5453 580 5505 Nam
621 5449 835 5518 plenum
894 5445 1108 5515 ingenio
1163 5453 1346 5512 pectus
1395 5441 1650 5518 noscitur.
1760 5445 1870 5511 pari
1897 5443 2059 5510 gratia
2083 5441 2362 5494 sustinere.
2389 5434 2757 5490 Animadverte
2781 5447 2884 5501 quo
2911 5433 3309 5485 tendatsumma

133 5528 208 5586 Nec
228 5541 354 5594 solus
376 5541 574 5604 vultus,
599 5550 686 5593 aut
714 5537 886 5599 colos,
915 5539 1103 5590 asserit
1127 5545 1370 5602 posteros
1397 5534 1450 5585 in
1481 5515 1649 5585 hono-
1754 5506 2060 5584 verborum.
2093 5529 2408 5582 Jamdudum
2460 5525 2584 5578 nihil
2632 5525 2844 5584 tribuis,
2887 5521 3024 5590 quod
3058 5506 3312 5595 legamus.

134 5635 509 5693 rtPlplrtmtum.
536 5631 809 5685 Certiores
833 5627 994 5679 habet
1019 5637 1208 5679 natura
1239 5622 1495 5677 vindicias
1515 5623 1650 5675 bene
1755 5623 1943 5676 Totum
1977 5636 2088 5682 me,
2126 5621 2329 5685 inquies
2349 5659 2362 5683 ,
2393 5612 2737 5682 emancipavit
2781 5612 2880 5665 sibi
2908 5628 3030 5664 cura
3062 5613 3313 5678 praetorii,

133 5719 355 5783 saliendi,
383 5738 444 5777 ac
474 5724 607 5779 bene
632 5719 912 5792 loquendi.
933 5717 1257 5785 Gignuntur,
1281 5729 1386 5768 non
1410 5713 1650 5766 scribun-
1757 5712 1954 5765 Verum
1982 5720 2081 5765 est.
2115 5707 2303 5761 P0tiris
2331 5705 2521 5759 merito
2548 5715 2752 5755 summa
2777 5701 2994 5770 judicia.
3020 5701 3122 5754 Sed
3154 5701 3312 5757 maxi:

138 5813 198 5860 ιιπ
217 5811 452 5871 heredes.
479 5816 621 5883 Quod
647 5815 739 5870 alii
766 5812 1054 5874 docentur,
1082 5807 1169 5861 hic
1195 5816 1348 5861 natus
1379 5812 1482 5862 est.
1515 5803 1650 5859 'llazc
1757 5817 1870 5857 mas
1918 5800 2107 5870 ingenii
2163 5799 2236 5852 tui
2284 5796 2420 5853 vires
2464 5792 2674 5854 fortuna
2724 5806 2912 5862 magna
2958 5805 3062 5846 non
3107 5800 3313 5845 onerat.
