3828 6396
492 292 592 347 I55

1716 293 1778 358 Q.
1825 292 2095 347 AURELlf
2136 291 2482 346 SYMMACIII

3612 292 3717 347 156

492 402 715 455 Proinde
745 401 825 453 his
854 402 1012 455 etiam
1048 402 1202 465 rebus
1246 400 1489 465 intende,
1523 414 1640 468 quae
1685 398 1751 451 ita
1782 400 2050 467 occupatis
2080 400 2124 457 Α
2155 398 2370 452 morbus
2412 399 2680 465 exhausit,
2716 400 2902 457 itiones
2931 402 3112 472 longas
3140 414 3193 457 et
3233 407 3527 457 mmdunes
3552 419 3717 471 aspe-

492 493 617 544 nhil
647 492 896 544 molestia:
923 492 1172 556 afferunt,
1199 500 1255 544 ut
1278 491 1417 558 ipsas
1444 490 1711 545 molestias
1739 490 2047 557 plerumque

494 586 747 635 soleutur.
782 582 925 635 Vale.

1077 652 1287 705 EPIST.
1328 651 1466 703 XIX.

974 755 1278 794 SYMNACBUS
1316 754 1555 794 Αυεοκιο.

567 850 664 914 Qui
693 865 783 902 sua
816 850 999 902 fiducia
1023 852 1356 912 deseruntur,
1380 851 1625 917 epistolas
1650 865 1790 904 meas
1818 850 1867 901 in
1896 863 2046 902 usum

496 941 967 994 c-nntm-ndationis
997 942 1276 1007 accipiunt.
1318 941 1371 993 Id
1421 956 1555 993 ntiuc
1600 941 1751 991 aliter
1782 948 1879 991 est.
1922 938 2048 990 Nam

498 1030 641 1081 fratri
672 1044 787 1080 tneo
819 1029 987 1081 Potito
1018 1028 1113 1081 huc
1134 1031 1433 1082 Conditioue
1465 1031 1664 1081 litteras
1694 1029 1842 1087 dedi,
1880 1036 1933 1077 ut
1960 1041 2048 1077 eas

500 1124 609 1187 ipse
638 1120 989 1173 conuucudet.
1030 1120 1122 1172 Est
1151 1120 1289 1172 eiiim
1332 1120 1497 1172 nihilo
1542 1120 1712 1172 secius
1756 1127 1910 1181 atque
1951 1130 2051 1182 ego

498 1227 611 1263 sum
648 1213 711 1261 de
756 1210 1101 1261 summatibus
1140 1210 1426 1262 amicorum
1470 1203 1711 1262 tuorum:
1745 1207 1829 1273 qui
1869 1205 1955 1256 ubi
2000 1214 2049 1256 te

498 1307 791 1359 cornpotcm
835 1295 1015 1349 fecerit
1063 1299 1351 1361 praesentia!
1381 1313 1517 1360 suae,
1551 1312 1735 1349 vereor
1778 1312 1842 1346 ne
1890 1309 2051 1345 excu-

500 1385 632 1437 satio
663 1401 772 1437 mea
810 1368 1126 1451 igimst-euda
1166 1402 1265 1438 non
1296 1386 1382 1440 sil.
1414 1386 1515 1439 Sed
1544 1387 1586 1438 si
1618 1385 1741 1435 mihi
1779 1381 2048 1448 placabili—

501 1487 579 1527 tas
611 1490 692 1526 tua
729 1478 1053 1541 experiundo
1080 1478 1237 1537 probe
1265 1476 1473 1544 cognita
1506 1483 1583 1527 est
1606 1519 1617 1537 ,
1653 1474 1879 1525 futurum
1910 1486 2046 1529 reor,

500 1581 600 1616 non
645 1576 696 1614 ut
732 1581 842 1625 me,
876 1566 960 1630 qui
989 1564 1154 1617 resi-di
1179 1603 1193 1627 ,
1240 1565 1521 1618 collatione
1548 1564 1765 1615 alterius
1796 1561 2050 1614 venientis

498 1655 765 1717 int-essas,
794 1654 881 1707 sed
926 1663 978 1706 ut
1011 1655 1151 1707 illum
1194 1654 1357 1723 magis
1388 1670 1482 1723 pro
1520 1666 1737 1721 utroque
1772 1652 2045 1719 suscipias.

501 1744 642 1798 Vtile.

1087 1814 1297 1866 EPIST.
1342 1814 1453 1866 XX.

986 1916 1283 1954 SHIMACIIL'S
1327 1915 1564 1953 AUSONIO.

567 2012 789 2066 Ahundo
822 2014 1032 2081 gaudia,
1056 2028 1172 2065 cum
1202 2021 1249 2065 te
1272 2012 1540 2065 consulem
1574 2026 1738 2063 novus
1766 2026 1934 2063 annus
1957 2026 2052 2061 cz-

498 2104 674 2167 cipiat.
712 2103 811 2153 μοι]
846 2117 982 2154 nunc
1024 2111 1323 2153 transcurso
1352 2112 1429 2154 est
1474 2115 1626 2168 opus.
1676 2100 1883 2154 Plenius
1911 2104 2051 2152 enim

497 2194 739 2246 secundis
778 2192 961 2245 litteris
1004 2194 1337 2246 cootestahor
1367 2191 1662 2259 hujusmodi
1691 2192 1756 2244 de
1797 2200 1845 2245 te
1876 2201 2044 2260 gratu-

498 2284 763 2337 lationem.
798 2285 945 2337 Alius
983 2285 1033 2337 in
1080 2285 1356 2352 prteseutia
1391 2284 1518 2337 mihi
1566 2297 1741 2335 sermo
1768 2282 2053 2333 sumendus

499 2384 597 2424 est.
636 2373 909 2424 I‘atroinus
935 2388 983 2425 c.
1015 2388 1062 2425 v.
1087 2374 1261 2430 accitu
1296 2382 1382 2425 tuo
1412 2374 1507 2425 iter
1538 2372 1798 2423 adornatis
1820 2413 1833 2434 ,
1864 2372 1911 2423 in
1942 2387 1998 2423 re
2023 2390 2049 2420 ιι

499 2478 643 2514 suam
678 2464 786 2517 fore
816 2466 1165 2527 exiStimavit,
1212 2465 1256 2517 si
1290 2481 1406 2517 meo
1439 2464 1737 2516 testimonio
1779 2464 2049 2535 niteretur.

503 2552 633 2605 Iluic
664 2569 759 2621 ego
790 2554 918 2607 nihil
951 2570 1041 2623 per
1075 2570 1156 2607 me
1186 2568 1518 2606 accessurum
1557 2552 1726 2619 putavi
1755 2568 1765 2602 :
1799 2559 1852 2602 et
1879 2562 2051 2603 tamen

500 2643 685 2695 tit‘BSSf‘.
718 2644 881 2705 nolui,
910 2659 948 2697 Si
968 2644 1293 2710 icusjudicio
1319 2659 1441 2712 erga
1469 2644 1611 2694 illum
1637 2652 1723 2695 tuo
1753 2642 1876 2693 nihil
1900 2642 2050 2708 adJici

501 2746 655 2799 posse
687 2734 727 2784 si
765 2734 1078 2795 scriberent;
1110 2735 1444 2787 decessurum
1490 2742 1663 2785 tamen
1706 2732 1902 2800 aliquid
1936 2746 2054 2783 meo

499 2820 690 2887 officio,
722 2822 763 2873 si
797 2833 1043 2875 tacerem.
1085 2826 1252 2876 Unum
1283 2834 1363 2876 est
1394 2824 1566 2887 igitur,
1600 2820 1737 2888 quod
1767 2831 1969 2871 oratum
2004 2828 2054 2872 te

500 2923 653 2981 atque
684 2928 957 2966 exoratum
985 2917 1125 2973 volo,
1153 2924 1206 2966 ut
1237 2915 1375 2966 ineat
1398 2914 1616 2982 gratiam
1651 2914 1876 2978 suSCepti
1910 2912 2054 2963 labo-

500 3005 603 3069 ris,
639 3014 827 3072 pra-ter
852 3020 971 3057 eum
1009 3004 1265 3075 fructum,
1298 3003 1381 3071 qui
1425 3003 1494 3055 illi
1523 3018 1583 3055 ex
1610 3012 1707 3054 tuo
1738 3013 2048 3069 coinpectu,

510 3105 599 3148 tuo
627 3110 914 3163 congressu
968 3106 1055 3147 tuo
1082 3096 1302 3159 honore,
1336 3095 1627 3162 proveniet.
1658 3093 1803 3147 Vale.

1084 3226 1294 3280 EPIST.
1338 3226 1475 3280 XXI.

986 3354 1287 3392 SUIMACIICS
1326 3354 1559 3393 AlISONIO.

578 3465 718 3518 Bene
766 3480 825 3518 ac
869 3469 1132 3535 sapienter
1179 3468 1401 3535 majores
1450 3468 1645 3530 nostri,
1695 3476 1751 3520 ut
1798 3476 1920 3545 sunt
1958 3467 2055 3518 alia

508 3557 677 3609 aetatis
708 3556 867 3619 illius,
900 3560 1039 3609 :edes
1064 3558 1257 3611 Ilooori
1278 3568 1436 3625 atque
1458 3558 1647 3610 Virtuti
1677 3559 1893 3626 gernclla
1928 3556 2058 3610 facie

506 3647 722 3714 junctitn
751 3646 1017 3709 locarunt;
1050 3649 1350 3709 commenti,
1378 3648 1516 3715 quod
1543 3650 1591 3701 iu
1629 3658 1679 3701 te
1704 3648 1961 3707 videmus,
1988 3646 2056 3699 ibi

508 3753 625 3791 esse
670 3737 881 3805 praemia
915 3738 1125 3792 honoris
1146 3779 1159 3800 ,
1192 3738 1276 3791 ubi
1307 3748 1429 3791 sunt
1472 3742 1655 3792 merita
1687 3739 1907 3791 virtutis.
1954 3737 2057 3791 Sed

506 3829 645 3881 enim
675 3838 885 3893 propter
915 3844 1003 3881 eas
1028 3826 1395 3881 Catntenarum
1424 3830 1607 3893 religio
1634 3843 1782 3880 sacro
1816 3830 1941 3879 lonti
1969 3827 2060 3879 ad-

506 3918 757 3977 vertitur;
789 3918 906 3984 quia
953 3918 1053 3971 iter
1077 3918 1139 3969 ad
1170 3918 1520 3983 C3p8:50ﬂd05
1555 3922 1888 3984 magistratus
1918 3932 2059 3984 stepe

508 4006 696 4061 litteris
722 4016 1078 4073 promovetur.
1112 4007 1231 4061 llzec
1260 4022 1533 4074 parentum
1564 4010 1795 4061 instituta
1820 4005 2058 4061 consula-

509 4106 592 4148 tus
617 4098 690 4149 tui
719 4108 1028 4163 argumenta
1057 4110 1176 4152 sunt
1204 4115 1217 4150 :
1247 4100 1331 4151 cui
1358 4114 1559 4153 morum
1582 4100 1807 4167 gravitas
1832 4109 1885 4153 et
1905 4098 2058 4151 disci-

511 4187 766 4252 plinarum
798 4198 1029 4240 vetustas
1049 4226 1064 4250 ,
1094 4188 1293 4240 curulis
1322 4190 1464 4243 sellae
1495 4190 1695 4257 insigne
1720 4198 2052 4257 pepererunt.

510 4276 651 4333 Multi
682 4279 898 4343 posthac
925 4278 1224 4333 adnitentur
1258 4294 1399 4333 arzes
1430 4281 1591 4333 bonas
1615 4320 1628 4343 ,
1657 4291 1709 4332 et
1738 4281 1914 4335 laudes
1942 4296 2061 4349 ger-

511 4380 691 4421 manas
718 4378 770 4417 et
799 4382 971 4420 meras
1013 4368 1233 4422 litteras.
1265 4371 1353 4421 Sin
1387 4371 1687 4437 ignoramus
1725 4370 1963 4433 Magnum
1994 4371 2056 4422 il-

2151 502 2256 553 ras,
2282 496 2388 539 tum
2411 489 2742 543 acoessiones
2762 490 3031 558 frigorum,
3053 504 3105 546 et
3126 495 3461 547 decessiones
3477 493 3715 556 dierum,

2148 594 2369 647 qumque
2396 580 2494 632 alia
2523 590 2643 634 sunt
2678 574 2826 634 none
2855 592 3146 649 opportuna
3181 586 3355 637 vitavi.
3391 586 3441 637 Si
3468 598 3579 637 sum
3614 583 3715 636 tibi

2148 679 2415 736 Spectatus
2445 686 2507 723 ex
2538 671 2741 734 animo,
2774 685 2953 738 quaeso
2986 680 3040 724 ut
3064 689 3243 736 aequas
3269 676 3340 727 sis
3366 674 3516 735 mihi.
3547 684 3719 741 atque

2152 759 2245 811 has
2273 759 2613 828 allegationcs
2650 761 2767 813 boni
2812 762 3075 815 consulas.
3107 762 3236 816 Fors
3281 762 3417 825 fuat,
3459 779 3521 816 an
3564 762 3717 816 obti-

2152 864 2368 901 neamus
2390 850 2524 916 apud
2549 861 2599 903 te
2618 859 2843 905 veterem
2863 853 3081 923 gratiam
3105 871 3117 905 :
3145 869 3280 907 nunc
3298 842 3435 923 quod
3456 853 3581 907 satis
3601 860 3716 916 est,

2153 940 2441 1004 eluctemur
2466 940 2739 994 offensam.

2716 1054 2927 1109 EPIST.
2972 1055 3135 1108 XXII.

2635 1174 2935 1215 ειῐιιιυιοιιυε
2972 1177 3207 1216 Αιιεοδῖιο.

2224 1269 2435 1324 Gaudeo
2463 1286 2545 1325 me
2573 1272 2661 1325 tibi
2692 1273 2851 1340 pluris
2872 1290 3010 1337 esse,
3035 1290 3189 1343 quam
3214 1286 3434 1329 cancros
3458 1291 3472 1328 :
3498 1276 3722 1343 quando

2154 1359 2223 1412 ita
2253 1361 2513 1413 animatus
2544 1376 2599 1414 es
2622 1402 2635 1423 ,
2669 1371 2721 1414 ut
2754 1373 2941 1429 Sponte
2979 1364 3029 1416 in
3071 1380 3178 1418 rem
3231 1380 3399 1417 meam
3429 1368 3680 1417 causulas
3702 1408 3715 1425 .

2154 1464 2249 1502 nec
2283 1452 2573 1516 opp-riaris
2605 1454 2913 1518 petitiones,
2946 1454 3037 1508 sed
3069 1457 3233 1508 solam
3266 1457 3547 1510 voluntatis
3578 1465 3721 1510 mea!

2154 1540 2344 1592 famam
2391 1544 2655 1609 sequaris.
2717 1546 2907 1604 Accepi
2957 1548 3255 1600 evectioncs
3310 1556 3567 1614 quatuor,
3618 1548 3720 1601 im-

2157 1646 2311 1682 mane
2352 1642 2602 1698 quantum
2648 1634 2951 1688 commodas
2993 1636 3044 1688 in
3090 1651 3344 1689 excursus
3374 1645 3423 1687 et
3470 1651 3719 1690 rectirsus

2086 1745 2128 1801 Β
2157 1736 2414 1772 mearum.
2450 1720 2526 1772 Dii
2556 1731 2604 1773 te
2633 1739 2727 1787 pro
2758 1734 2896 1775 tanta
2921 1725 3084 1791 gratia
3113 1735 3454 1779 munerentur
3478 1744 3489 1777 :
3516 1736 3569 1780 et.
3593 1729 3721 1792 quia

2157 1809 2404 1878 perfevtis
2436 1820 2591 1877 atque
2623 1812 2773 1889 elutis
2814 1813 2863 1866 in
2893 1806 3160 1867 enniulum
3203 1815 3355 1867 bonis
3396 1815 3522 1867 nihil
3558 1816 3720 1880 adjici

2152 1911 2350 1969 potest.
2387 1903 2546 1957 velint
2592 1913 2699 1957 tuta
2741 1901 3065 1973 manere,'ct
3107 1909 3343 1977 prepria,
3388 1923 3505 1978 qua:
3543 1907 3719 1963 dedc-

2156 2000 2297 2045 runt.
2334 1990 2482 2046 Vale.

2710 2062 2923 2116 EPIST.
2972 2062 3156 2119 XXIII.

2647 2191 2947 2230 ειωιλςιιυε
2986 2193 3227 2233 Αυεοειιο.

2235 2301 2360 2355 Post
2390 2304 2598 2370 longum
2635 2306 2899 2360 silentium
2938 2317 3079 2360 tuum
3112 2325 3213 2363 non
3247 2311 3419 2363 minus
3447 2306 3725 2366 desidera-

2159 2390 2274 2444 bam
2305 2409 2460 2459 quam
2490 2396 2761 2462 sperabam
2811 2398 3007 2449 litteras
3063 2398 3342 2465 longiores.
3370 2400 3603 2469 Namque
3626 2406 3712 2458 his

2155 2485 2353 2535 vicibus
2382 2484 2604 2537 humana
2630 2486 2917 2549 variantur,
2946 2498 2998 2539 ιιι
3024 2488 3243 2542 defectui
3273 2491 3519 2544 succedat
3548 2495 3713 2546 uber-

2156 2581 2254 2624 tas.
2290 2574 2360 2625 Ea
2391 2589 2473 2625 me
2497 2575 2673 2641 opinio
2698 2576 2885 2628 frustra
2921 2576 3105 2630 habuit
3135 2595 3146 2629 :
3176 2578 3435 2645 siquidem
3464 2581 3637 2635 brevis
3671 2583 3724 2637 in

2157 2678 2343 2715 manus
2385 2679 2527 2717 meas
2574 2667 2757 2733 pagina
2806 2680 2990 2720 recens
3020 2682 3047 2718 a
3090 2678 3139 2721 te
3180 2667 3409 2736 profecta
3462 2671 3723 2738 pervenit.

2158 2752 2284 2804 Erat
2329 2753 2538 2817 quidem
2588 2754 2677 2805 illa
2728 2756 2915 2808 Atticis
2953 2757 3148 2809 Solibus
3189 2772 3398 2823 aspersa
3445 2770 3494 2813 et
3537 2760 3723 2831 thymo

2156 2840 2347 2901 odora;
2380 2841 2471 2893 sed
2508 2845 2733 2908 paic'or,
2764 2860 2881 2911 qua:
2912 2846 3075 2910 magis
3104 2846 3365 2900 fastidium
3392 2848 3723 2917 detergeret,

2160 2947 2315 2999 quam
2343 2930 2528 2984 famem
2565 2934 2847 3003 frangeret.
2879 2935 3050 3001 Quid?
3076 2937 3118 2988 si
3150 2951 3245 3005 ego
3270 2952 3447 2991 C(Bttas
3468 2938 3723 3008 dapsiles,

2160 3030 2212 3073 et
2235 3022 2427 3074 Saliare
2466 3024 2793 3091 convivium,
2824 3034 2929 3077 tum
2966 3027 3361 3090 viscerationes,
3388 3037 3542 3095 atque
3584 3044 3717 3097 epu-

2086 3084 2131 3147 C
2164 3109 2267 3162 lum
2303 3110 2649 3176 postulassent
2678 3128 2691 3166 :
2727 3123 2779 3164 tu
2822 3114 2944 3165 mihi
2980 3128 3189 3166 mensas
3217 3116 3503 3176 secundas,
3536 3127 3591 3170 et
3620 3117 3725 3170 sei-

2162 3209 2389 3252 tamenta
2414 3198 2618 3267 exigua:
2644 3199 2808 3253 lancis
2829 3203 3153 3269 api‘oneres?
3183 3201 3284 3256 Fac
3304 3204 3472 3255 veniat
3500 3205 3549 3257 in
3575 3220 3726 3257 men-

2162 3302 2305 3355 tem,
2355 3294 2477 3360 quid
2529 3290 2710 3345 Grmea
2759 3308 2917 3359 super
2968 3294 3066 3346 hoc
3114 3294 3249 3347 ditat
3300 3296 3487 3348 oratiu.
3544 3295 3725 3349 Paivil

2160 3382 2511 3445 nutrimentis,
2556 3383 2754 3448 inquit,
2797 3398 3080 3447 quanquam
3116 3400 3144 3433 a
3184 3396 3340 3435 morte
3377 3386 3722 3452 defendimur,

2160 3470 2288 3522 nihil
2317 3482 2480 3523 tamen
2503 3472 2567 3523 ad
2591 3471 2843 3524 robustam
2867 3470 3203 3523 mletudincm
3229 3489 3595 3539 promerentur.
3623 3474 3726 3526 Pu—

2162 3568 2308 3614 tasne
2359 3578 2441 3615 me
2497 3563 2565 3615 de
2613 3564 3042 3627 occupationibus
3094 3564 3194 3615 tuis
3240 3579 3355 3618 esse
3409 3566 3727 3618 taciturum?

2163 3650 2405 3713 Quiestor
2432 3664 2510 3713 es,
2541 3653 2753 3704 memini
2784 3670 2794 3701 :
2822 3652 3026 3704 consilii
3054 3652 3241 3719 regalis
3266 3654 3546 3722 particeps,
3570 3656 3683 3708 scio
3709 3673 3723 3711 :

2162 3738 2295 3789 adde
2330 3738 2431 3790 huc
2458 3739 2557 3790 alia
2592 3740 2732 3791 mille
2766 3756 2959 3793 rerum.
3004 3741 3280 3809 Nunquam
3312 3746 3512 3805 evenit,
3550 3755 3606 3797 ut
3636 3745 3724 3797 in-

2160 3826 2371 3893 genium
2407 3834 2547 3878 tuum
2593 3826 2741 3880 labor
2780 3827 3013 3889 deterat,
3064 3829 3438 3898 benignitatem
3474 3846 3597 3884 cura
3629 3831 3721 3884 ﬂe-

2161 3924 2299 3979 ttat,
2348 3915 2640 3967 faetmdiam
2673 3931 2798 3969 usus
2848 3917 3146 3972 exhauriat.
3184 3919 3237 3970 Si
3283 3918 3467 3971 diurna
3514 3920 3723 3987 negotia

2164 4016 2428 4068 nunquam
2457 4001 2747 4070 distingues
2775 4003 2979 4070 quiete;
3005 4013 3150 4057 certe
3192 4004 3502 4059 antelucano
3532 4022 3724 4061 1-0ltllIO

2162 4092 2337 4143 nullus
2368 4090 2680 4159 indulseris,
2732 4102 2789 4146 ut
2816 4093 2969 4147 detur
3009 4094 3217 4163 alittund
3269 4106 3470 4162 tempus
3510 4095 3721 4150 officiis.

2169 4182 2248 4234 An
2280 4182 2369 4233 tibi
2403 4196 2584 4253 parum
2624 4183 2848 4251 exempli
2881 4183 3084 4237 videtur
3114 4184 3161 4235 in
3192 4186 3395 4237 comico
3420 4226 3432 4244 .
3469 4201 3582 4236 (um
3612 4186 3720 4237 ait:

2166 4274 2328 4336 Quam
2360 4274 2569 4337 vellent,
2613 4273 2763 4326 etiam
2802 4284 2949 4326 noctu
2991 4276 3165 4329 amicis
3207 4291 3407 4342 Operam
3449 4291 3553 4327 mos
3595 4285 3724 4328 esset

2164 4366 2310 4415 duri!
2340 4363 2442 4417 Sed
2469 4381 2561 4417 cur
2589 4380 2685 4431 ego
2709 4366 2901 4417 diutius
2922 4365 3180 4417 sermonis
3210 4380 3404 4431 pauper
3425 4364 3726 4432 obgannio"

512 4456 640 4515 tum.
669 4459 815 4523 cujus
846 4473 1000 4523 supra
1034 4469 1206 4513 votqu
1236 4433 1444 4513 fortuna
1472 4460 1641 4524 fluxit,
1675 4461 1935 4529 Stagiritte
1962 4476 2057 4514 suo
2088 4433 2143 4491 ί)
2168 4454 2414 4506 Imitand-
2458 4462 2539 4507 ρει
2584 4454 2708 4507 mihi
2755 4454 2972 4523 epistola
3019 4469 3232 4516 recons,
3285 4464 3338 4506 ut
3382 4462 3570 4507 caetera
3601 4470 3723 4507 mo-

514 4548 731 4600 nihilum
757 4549 1120 4603 commodasse
1142 4589 1156 4613 ,
1182 4552 1280 4603 nisi
1308 4551 1498 4616 Quinto
1532 4551 1699 4603 Ennio
1724 4568 1787 4603 ex
1807 4552 2060 4605 Aitolicis

513 4638 773 4691 manubiis
802 4641 1000 4703 captiva
1035 4639 1271 4708 chlamys
1302 4648 1499 4692 tantum
1543 4640 1743 4692 muneri
1775 4640 1893 4693 data
1936 4641 2059 4701 I-‘ul-

515 4730 659 4779 vium
688 4726 970 4780 decolorat.
1002 4729 1279 4782 Enimvero
1310 4744 1477 4797 neque
1523 4729 1753 4783 Panaetio
1791 4731 2063 4783 Africano-

515 4830 633 4868 rum
679 4815 968 4879 seeundus,
1018 4831 1187 4884 neque
1222 4817 1396 4884 Opillo
1440 4818 1690 4881 Rutilius,
1739 4821 1823 4873 vel
1868 4822 2062 4889 (lyncas

522 4908 773 4975 Pyrrhus,
801 4918 890 4960 aut
921 4909 1218 4962 Metrodoro
1246 4926 1340 4962 suo
1373 4911 1695 4965 Mithridates
1722 4912 1968 4965 Ponticus
1996 4916 2064 4966 li-

517 5002 771 5055 bera’ium
818 5000 1210 5086 disciplinarum
1261 5006 1423 5068 pretia
1470 5004 1759 5057 solverunt.
1814 5008 1878 5057 At
1929 5020 2065 5058 nunc

518 5092 903 5144 eruditissimus
926 5092 1229 5157 imperator,
1261 5102 1313 5143 et
1333 5106 1488 5155 apum
1514 5094 1685 5161 largus
1707 5103 1759 5147 et
1787 5098 2064 5157 honorum,

518 5179 663 5247 quasi
695 5193 788 5244 pro
818 5192 971 5231 usura
1004 5180 1092 5232 tibi
1120 5183 1331 5246 prmmia
1362 5181 1639 5245 detulerit,
1673 5184 1741 5235 ita
1771 5199 1927 5251 super
1954 5200 2066 5238 sor-

521 5278 624 5321 tem
658 5267 857 5321 fenoris
892 5269 1080 5321 reddit.
1114 5272 1166 5322 In
1198 5269 1295 5324 hac
1326 5280 1469 5325 tanta
1492 5274 1665 5326 hetitia
1696 5290 1807 5328 mea
1832 5317 1846 5340 ,
1880 5278 2067 5343 quibus

524 5358 699 5413 verbis
723 5359 917 5411 diluam
936 5399 953 5423 ,
986 5359 1123 5428 quod
1153 5359 1338 5414 adesse
1370 5378 1472 5415 non
1515 5366 1759 5430 possunt?
1786 5364 1949 5419 Nimis
1977 5381 2069 5421 ve-

524 5462 664 5511 reor,
712 5462 777 5499 ne
823 5448 959 5500 male
1004 5448 1380 5517 interpretatus
1426 5453 1813 5507 excusationem
1863 5471 2066 5520 meam,

522 5548 769 5605 quantum
802 5538 892 5591 tibi
917 5542 1149 5607 gratuler
1174 5555 1358 5609 parum
1393 5542 1599 5598 credas.
1629 5543 1813 5611 Optavi
1852 5546 1918 5599 ad
1948 5561 2073 5600 oeu-

524 5629 602 5681 los
630 5637 745 5683 tuos
784 5629 971 5699 raptim
1002 5631 1181 5686 venire
1208 5650 1220 5686 :
1253 5632 1343 5687 sed
1371 5632 1547 5691 fessus
1576 5634 1794 5701 virium,
1827 5651 1954 5705 quas
1985 5638 2069 5693 diu

2166 4560 2279 4598 rum
2321 4552 2527 4597 tuorum
2563 4546 2735 4598 :forte
2774 4554 3056 4613 occupatus
3100 4558 3309 4597 recusas
3356 4545 3558 4597 litteras
3606 4545 3726 4599 Ion-

2166 4636 2356 4701 gimes.
2394 4635 2446 4687 ld
2474 4636 2542 4689 ita
2566 4651 2685 4690 esse
2722 4644 2864 4689 recte
2889 4636 3148 4702 conjecto.
3190 4634 3350 4688 Video
3379 4636 3537 4700 enim,
3562 4650 3724 4705 quam

2169 4725 2302 4777 nolis
2333 4728 2494 4779 mu'ta
2521 4727 2694 4794 legere
2714 4768 2727 4792 ,
2759 4727 2840 4779 cui
2870 4725 2958 4778 vix
2989 4734 3071 4780 est
3109 4728 3273 4780 otium
3307 4742 3468 4795 pauca
3500 4726 3724 4782 dictare.

2174 4815 2317 4867 Vale.
3148 4838 3151 4841 ·

2730 4884 2942 4939 EPIST.
2975 4882 3163 4946 XXIV.

2659 5011 2963 5051 SYMMACHUS
3001 5010 3234 5050 AUSONIO.

2237 5106 2291 5162 Si
2321 5118 2370 5160 te
2399 5121 2546 5160 amor
2577 5108 2733 5161 habet
2759 5108 3011 5161 naturalis
3042 5108 3277 5161 historiae
3319 5122 3473 5176 quam
3523 5100 3722 5166 Plinius

2169 5197 2487 5261 elaboravit,
2519 5212 2583 5251 en
2614 5198 2704 5251 tibi
2733 5198 2965 5262 libellos.
2996 5214 3218 5267 quorum
3251 5206 3607 5266 prmseutanea
3637 5217 3723 5254 co-

2172 5288 2253 5353 pia
2286 5287 2380 5339 fuit
2406 5304 2418 5336 :
2446 5287 2496 5339 in
2527 5288 2665 5355 quis,
2700 5296 2755 5340 ut
2780 5288 3009 5342 arbitror
3030 5289 3297 5358 epulentae
3323 5288 3601 5342 eruditioni
3627 5300 3728 5345 tua:

2173 5375 2439 5442 negligens
2486 5378 2726 5430 veritatis
2772 5378 3019 5432 librarius
3066 5377 3382 5445 diSpIicebit.
3444 5378 3546 5432 Sed
3595 5381 3726 5435 tnihi

2174 5464 2339 5517 fraudi
2364 5480 2466 5519 non
2494 5468 2593 5519 erit
2621 5466 3007 5522 emendationis
3038 5468 3257 5522 incuria.
3283 5467 3434 5521 Malui
3462 5468 3602 5523 enim
3630 5472 3724 5523 tibi

2174 5553 2381 5651 probari
2413 5554 2512 5607 mei
2546 5558 2779 5614 muneris
2808 5557 3113 5623 celeritate,
3163 5572 3317 5627 quam
3355 5558 3509 5615 alieni
3548 5563 3724 5628 operis

2175 5642 2435 5700 examine.
2472 5642 2615 5699 \‘alc.
