3828 6342
114 318 189 370 157
1247 288 1630 350 EPISTULARI

1754 285 1949 340 LIBER
1991 285 2030 337 l.
3152 266 3249 320 I58

626 411 840 469 EPIST.
871 408 1036 464 XXV.

536 536 839 576 SYISIACIII'S
878 530 1111 571 AL'SONIO.

162 641 249 695 Etsi
277 638 571 707 plerumque
602 647 729 683 vera
758 619 837 684 est
868 628 999 693 apud
1029 632 1273 691 parentes
1304 618 1605 687 praedicatio
1672 664 1685 683 ,

111 736 317 791 filiorum,
359 727 530 777 nescio
556 736 662 789 quo
692 730 864 772 tamen
895 725 1045 781 pacto
1076 712 1447 765 detrimentum
1490 719 1602 757 me-

111 825 173 873 nti
201 819 266 873 sui
308 818 510 882 patitur,
552 814 679 864 dum
721 821 1058 876 personarmn
1109 812 1346 869 SpCCIztI't:
1385 798 1604 865 gratiam

111 914 337 980 iudicatur.
384 906 572 970 Quer
618 903 775 969 igitur
824 898 1049 949 incertus
1095 892 1285 951 animi,
1321 905 1434 956 qua:
1480 887 1603 938 mihi

112 1015 217 1053 mine
241 998 548 1066 potissimum
579 1006 740 1057 super
769 989 882 1039 viro
908 987 1008 1036 bon
1048 983 1196 1035 rabili
1227 979 1496 1033 Tlial.tss'o
1517 991 1607 1042 ge-

114 1107 210 1145 uero
229 1100 306 1141 tuo
334 1088 481 1137 verba
525 1080 779 1135 sumenda
812 1078 934 1129 sint.
979 1073 1036 1127 Si
1081 1086 1232 1139 parce
1264 1086 1462 1122 morum
1496 1067 1607 1130 ejus

115 1186 258 1234 decora
284 1177 519 1242 attingam
540 1212 553 1231 ,
597 1171 775 1223 livcttti
816 1168 1001 1218 similis
1027 1161 1325 1215 mszimabor
1357 1176 1369 1210 :
1401 1157 1441 1209 si
1471 1157 1608 1222 justc

117 1283 364 1338 praequm,
395 1279 486 1317 ero
514 1262 786 1329 proximus
819 1255 1122 1310 llandienti.
1162 1252 1409 1306 liuitabor
1453 1250 1607 1315 ig‘tur

118 1356 360 1414 Sallustiani
402 1350 693 1407 testimonii
747 1348 1162 1414 castigationem.
1217 1340 1387 1392 llabes
1440 1340 1608 1388 virum

120 1453 280 1513 ilignum
319 1455 391 1507 te,
428 1454 479 1496 et
511 1458 607 1510 per
642 1454 692 1492 te
734 1438 928 1491 familia
968 1433 1263 1491 couSuIari;
1311 1445 1462 1497 quem
1507 1427 1610 1480 ΐοι-

122 1552 207 1591 tona
232 1537 395 1588 honori
430 1536 590 1599 patris
628 1530 880 1597 majorem
919 1526 1187 1579 beneficiis
1232 1523 1341 1577 Suis
1381 1519 1607 1587 reperit,

122 1625 361 1681 eitundazio
406 1623 567 1676 animi
616 1630 670 1674 et
716 1617 963 1671 sanctitas
1010 1613 1294 1667 honoribus
1323 1610 1612 1678 inquipara-

125 1718 189 1769 tit.
210 1716 336 1769 Vale.

612 1794 829 1849 EPIST.
871 1790 1051 1846 XXVI.

551 1924 855 1963 SYHMACDCS
895 1918 1130 1957 AtSON‘lO.

178 2026 280 2078 litor
304 2026 427 2089 apud
460 2031 507 2073 te
539 2020 745 2078 fiducia,
772 2032 924 2084 quam
955 2014 1163 2067 dedisti.
1201 2009 1401 2063 Dudum
1431 2022 1619 2076 parcus

126 2130 170 2168 es
204 2116 459 2167 litterarum
480 2154 491 2171 .
541 2109 631 2162 sed
665 2124 768 2161 non
812 2105 1053 2157 imitabor
1082 2101 1378 2166 exemplum
1411 2118 1421 2148 :
1456 2096 1621 2163 utqui

128 2208 338 2269 novetim,
362 2206 465 2256 viro
492 2204 542 2254 in
568 2202 782 2268 Specula
808 2199 1064 2250 bonorum
1094 2196 1284 2255 locato,
1312 2201 1363 2245 et
1392 2191 1508 2244 ideo
1538 2203 1624 2240 \‘a-

128 2298 185 2347 tia
211 2305 255 2347 et
277 2307 444 2358 magna
473 2290 678 2345 curanti
699 2330 712 2350 ,
739 2302 842 2340 non
873 2297 975 2337 tam
1005 2284 1228 2336 studium
1258 2282 1441 2334 deesse
1470 2293 1623 2346 quam

129 2383 310 2445 coriam.
341 2380 406 2434 Ea
434 2381 623 2449 quippe
668 2387 849 2429 natura
877 2384 958 2428 cst
984 2389 1153 2426 rerum
1176 2411 1188 2432 ,
1226 2380 1280 2423 ut
1299 2385 1413 2436 qua:
1438 2378 1626 2434 praeter

130 2474 390 2525 industriam
421 2472 772 2539 negliguntur,
802 2463 1115 2533 ignoscenda
1140 2462 1396 2515 dicantur.
1425 2459 1531 2525 Ego
1555 2467 1629 2511 ta-

132 2578 227 2614 men
248 2577 471 2624 seenrns,
500 2570 558 2611 ut
585 2560 755 2621 soleo,
787 2556 980 2608 amoris
1008 2554 1103 2617 tui,
1136 2552 1370 2604 solemne
1395 2548 1628 2601 ofticium

132 2666 214 2701 una
236 2665 409 2701 renuo:
442 2650 491 2700 in
522 2661 727 2700 summa
756 2645 922 2713 gratia
947 2654 997 2696 ct
1028 2642 1226 2692 honore
1255 2639 1515 2705 positurus
1540 2674 1554 2698 ,
1585 2635 1627 2687 si

132 2739 334 2790 [inilliari
361 2752 488 2799 meo,
519 2737 606 2803 qui
639 2737 733 2787 llas
763 2734 853 2786 ιω
886 2733 1080 2785 litteras
1105 2732 1277 2791 dabit,
1308 2730 1501 2780 fructus
1530 2725 1629 2778 ali—

132 2828 222 2893 quis
248 2842 333 2895 pro
358 2837 485 2878 tanta
513 2825 563 2877 in
596 2838 693 2876 nos
723 2823 997 2874 sedulitate
1022 2819 1369 2885 responderit.
1396 2815 1541 2879 Vale.

630 2952 843 3006 EPIST.
885 2948 1089 3003 XXVII.

565 3075 869 3116 SYlnlACﬂCS
910 3073 1140 3111 AI'SUNIO.

185 3176 297 3241 Quid
334 3192 473 3243 agam
493 3178 628 3229 scire
648 3174 899 3239 postulas.
919 3171 1173 3239 Opperior
1202 3169 1251 3221 iu
1275 3169 1385 3222 dies
1410 3168 1632 3231 litteras,

136 3266 280 3331 quales
309 3280 433 3317 ηιμ-(ξ
457 3266 579 3317 mihi
606 3263 826 3315 facultas
851 3270 932 3311 tua
960 3258 1232 3325 promittit,
1263 3274 1410 3308 amor
1431 3271 1638 3321 semper

136 3352 346 3404 exhibuit.
376 3353 497 3405 Sum
531 3366 658 3403 vero
689 3348 1020 3416 przcsentinin
1053 3346 1199 3396 lil‘llIS
1224 3384 1236 3405 ,
1267 3356 1319 3395 ut
1351 3343 1435 3410 qui
1476 3345 1636 3395 sciam

135 3441 381 3494 insidiatori
421 3458 534 3495 meo
584 3440 713 3493 nihil
765 3438 862 3491 luci
914 3437 1176 3494 rel‘ctum,
1222 3446 1376 3501 atque
1428 3434 1638 3499 insuper

134 3532 235 3593 tibi,
258 3534 331 3585 cui
357 3534 541 3585 laetum
573 3547 784 3599 semper
814 3532 965 3590 volo,
1002 3529 1237 3581 meritam
1272 3526 1501 3590 polliceri
1533 3526 1639 3575 for-

134 3630 295 3672 tunam.
323 3622 451 3688 Ergo
476 3620 686 3687 quando
722 3634 803 3671 res
838 3618 904 3669 ita
936 3618 1080 3676 tulit,
1114 3624 1166 3666 ut
1214 3615 1430 3665 sollicita
1476 3621 1641 3664 muta-

134 3720 275 3761 tentur
314 3729 325 3759 :
361 3726 407 3775 (ιι
432 3711 520 3761 tati
575 3712 838 3761 sermonis
886 3708 956 3758 tui
1009 3707 1230 3757 fructum
1284 3704 1509 3756 feramus
1553 3705 1639 3769 qui

132 3798 319 3850 mimum
362 3801 484 3851 mihi
532 3806 831 3864 exaugeat,
880 3808 1032 3862 atque
1083 3795 1305 3855 indicet,
1354 3810 1445 3857 pro
1496 3803 1637 3845 tanta

136 3897 247 3941 retro
286 3889 667 3953 familiaritate,
710 3890 811 3941 mei
858 3898 908 3940 te
943 3886 1134 3955 Oppido
1163 3901 1281 3938 esse
1320 3889 1638 3950 Cupientem.

134 3973 252 4033 Vale.

624 4065 841 4121 EPIST.
882 4065 1111 4119 XXVIII.

574 4190 878 4228 sruuacnus
916 4172 1153 4227 AUSOSIO.

186 4285 312 4340 Facis
340 4306 433 4356 pro
464 4297 643 4341 mutua
674 4286 941 4352 diligentia
984 4294 1033 4338 et
1064 4287 1371 4351 attiquitate
1400 4285 1643 4338 amicitia:

135 4386 307 4436 nostra,
333 4376 473 4443 quod
506 4377 760 4427 honorem
796 4384 939 4426 tuum
974 4376 1109 4427 vires
1138 4389 1279 4427 ineas
1309 4390 1425 4429 esse
1456 4376 1645 4427 confir—

136 4477 235 4517 mas.
259 4464 507 4518 Canvetiit
537 4464 735 4517 dictum
766 4477 885 4516 curn
916 4464 1014 4516 lide
1047 4480 1247 4514 morum
1278 4475 1512 4524 tuorum,
1548 4479 1643 4517 nec

134 4566 315 4617 ulmeam
362 4566 411 4608 te
454 4555 771 4608 dissimilem
820 4555 1027 4617 script-is
1075 4553 1264 4604 talibus
1310 4553 1422 4605 dies
1461 4568 1644 4620 argue-

136 4640 216 4691 rit:
243 4652 429 4695 tantum
470 4646 684 4698 fortuna
729 4642 971 4694 munifica
1006 4655 1370 4706 prosperorum
1394 4640 1644 4693 secundet

134 4742 289 4795 aptata.
326 4733 562 4801 Longum
610 4730 681 4784 de
722 4733 805 4784 his
853 4732 991 4798 loqui
1028 4732 1200 4783 cautio
1236 4740 1339 4789 est.
1386 4744 1451 4782 ne
1492 4730 1641 4783 blan-

135 4818 242 4871 ditia
295 4824 555 4890 longiores
624 4826 967 4884 corrumpant
1035 4818 1139 4868 veri
1196 4818 1523 4885 dignitatem.
1588 4818 1643 4871 Si

134 4912 225 4973 quid
250 4912 307 4963 de
334 4929 413 4965 me
444 4916 584 4965 scito
624 4926 761 4977 Opus
790 4910 975 4970 fuerit,
1004 4906 1164 4960 frater
1189 4923 1335 4961 meus
1360 4908 1607 4961 Claudius
1627 4950 1643 4974 ,

135 5001 334 5053 etcnltui
378 5012 469 5055 tuo
512 5001 764 5062 deditus,
806 5009 861 5053 et
906 4998 1057 5051 studii
1100 4999 1199 5052 mei
1244 5013 1433 5066 gnarus
1478 5012 1638 5065 expe-

134 5084 232 5140 diet.
256 5090 393 5145 Vale.

653 5154 875 5209 EPIST.
917 5153 1100 5206 XXIX.

579 5256 895 5301 SVMﬁACIIUS
936 5258 1163 5296 AL'SONIO.

208 5354 297 5412 iihil
323 5374 500 5413 moror
543 5369 815 5412 caeteros.
850 5351 1034 5417 vulgus
1076 5352 1324 5418 ignoble,
1360 5352 1445 5418 qui
1488 5350 1653 5417 philo-

136 5447 325 5505 erliatn
371 5453 508 5505 [astu
554 5460 608 5503 et
649 5446 849 5500 habitu
882 5443 1210 5495 mentiuntur.
1245 5444 1446 5497 Paucos
1490 5445 1569 5511 (et
1600 5443 1649 5494 in

140 5536 199 5585 lui
226 5537 466 5605 pra'cipue
510 5537 855 5591 familiarem
903 5544 1067 5581 meum
1112 5531 1440 5595 Barachum)
1480 5540 1651 5582 nostra

141 5633 232 5679 alia
258 5629 319 5682 tul
339 5637 376 5693 t,
408 5642 641 5698 quorum
674 5634 945 5694 germana
976 5620 1220 5685 sapientia
1250 5621 1313 5674 ad
1343 5627 1670 5681 vetustatem

1628 400 1677 457 Α
1707 405 1959 463 vergeret.
1991 393 2156 451 Tunc,
2190 387 2422 455 inquies,
2450 384 2644 438 audeas
2668 382 2732 435 de
2756 376 3081 451 philosophis
3107 376 3248 440 judi-

1705 486 1857 537 care?
1888 483 2032 535 Lit-et
2058 480 2254 532 alienas
2282 486 2522 543 Spectare
2553 474 2790 525 virtutes.
2824 471 2948 522 Nam
2976 477 3027 520 et
3058 466 3251 517 Phidiae

1704 575 2002 643 Olympium
2032 571 2243 632 Jovem,
2288 577 2340 621 et
2369 567 2583 619 Mtronis
2617 563 2855 616 buculam
2878 606 2889 623 ,
2923 571 2975 613 et
3004 558 3249 625 Polycleti

1704 663 2071 730 Canephoras,
2104 660 2249 713 rudis
2292 658 2406 723 ejus
2446 658 2574 707 artis
2604 654 2873 705 hominum
2905 666 3024 717 pars
3068 662 3250 715 magna

1708 754 1893 807 mirata
1939 761 2038 804 est.
2100 746 2420 815 Intelligendi
2467 755 2647 795 natura
2696 734 3045 805 indulgentius
3090 745 3251 804 patet.

1706 844 1913 911 Alioqui
1945 842 2190 912 prmclara
2223 854 2395 891 rerum
2429 836 2606 904 paucis
2650 835 3014 897 probarentur,
3056 831 3097 881 si
3132 828 3254 879 boni

1707 940 1959 1005 cujusque
2014 946 2232 992 SCIIHIS,
2286 930 2443 980 etiam
2494 929 2555 976 ad
2607 926 2832 989 impares
2883 936 2984 973 non
3034 918 3252 969 veniret.

1708 1028 1947 1080 Concede
1994 1023 2145 1087 igitur
2177 1019 2301 1071 mihi
2350 1019 2416 1069 de
2462 1013 2692 1067 Baracho
2735 1012 2879 1065 testis
2916 1010 3174 1067 oftieium,
3204 1016 3255 1058 et

1710 1117 1989 1169 amicitiam
2022 1115 2113 1164 viri
2151 1108 2420 1177 prudentis
2448 1105 2762 1171 amplectere
2788 1120 2799 1152 ε
2832 1100 2981 1168 cujus
3008 1097 3253 1161 t'XlllONl'

1711 1212 1781 1259 tio
1810 1206 1949 1257 brevi
1978 1203 2157 1261 fat-iet,
2192 1212 2243 1251 ut
2268 1199 2392 1253 mihi
2424 1198 2488 1249 de
2511 1196 2774 1249 omnibus.
2804 1208 2917 1259 qua:
2948 1190 3079 1250 scio,
3111 1200 3257 1253 a‘quc
3330 1192 3339 1203 '

1712 1297 1859 1349 faci'e
1889 1293 2098 1351 Crt'tlus;
2131 1306 2247 1341 cum
2293 1287 2499 1348 videas,
2537 1300 2634 1337 nec
2666 1286 2715 1335 in
2760 1283 2839 1334 his
2883 1283 3066 1332 falsum
3107 1290 3254 1336 csse,

1711 1401 1825 1455 qua:
1858 1382 2054 1436 nescio.
2094 1381 2236 1434 Vale.

2276 1446 2484 1499 Iil‘lST.
2527 1443 2663 1495 XXX
2678 1483 2690 1493 .

2196 1554 2497 1592 διιιιιιιιειιυδ
2539 1550 2772 1589 AUSHMO.

1786 1658 1861 1710 En
1895 1658 1985 1709 tibi
2019 1656 2269 1708 rusticum
2308 1654 2391 1705 vix
2428 1652 2639 1703 urbanis
2671 1648 2890 1715 negotiis
2921 1647 3024 1697 abst
3051 1644 3211 1703 Iulum
3245 1659 3258 1694 :

1641 1736 1689 1798 Β
1716 1750 1797 1803 cui
1832 1750 1950 1799 volo
1979 1761 2073 1812 pro
2103 1742 2531 1798 nostraatuicitia
2565 1754 2751 1791 morari
2778 1753 2826 1788 ιιι
2854 1736 3057 1799 culpam
3089 1731 3261 1783 remit-

1721 1850 1819 1891 tas.
1854 1839 2027 1904 Neque
2057 1837 2194 1888 enim
2229 1833 2419 1884 laboris
2452 1831 2569 1896 fuga
2598 1828 2811 1878 imlu‘sit
2838 1823 3017 1889 quieti.
3050 1818 3265 1871 Dillicilu

1719 1941 1799 1982 est
1844 1930 1962 1979 hinc
2009 1926 2182 1987 ab're,
2223 1937 2341 1975 (‘UIII
2373 1918 2623 1971 venenis:
2666 1916 2798 1965 adeo
2843 1914 2885 1963 si
2926 1908 3185 1967 contetml
3226 1907 3266 1957 ri

1723 2017 2044 2082 majcStaIem
2078 2012 2218 2064 urbis
2262 2018 2455 2061 nostra:
2486 2006 2635 2063 velis,
2668 2004 2802 2068 jule
2832 2001 2981 2050 citius
3014 1995 3269 2048 videbitur

1723 2108 2025 2160 revertisse.
2058 2101 2159 2155 Sed
2189 2101 2253 2152 de
2285 2100 2381 2150 hoc
2411 2112 2511 2147 non
2546 2096 2742 2153 laboio,
2770 2087 2980 2157 quando
3011 2091 3079 2138 ita
3110 2098 3167 2136 es
3196 2087 3272 2134 iu-

1725 2196 1879 2263 genio
1926 2192 2166 2260 placabili
2202 2192 2338 2242 inter
2368 2188 2563 2249 reliqua
2596 2184 2875 2237 virtutum.
2912 2190 2965 2229 ut
2998 2178 3117 2229 boni
3149 2189 3273 2225 con-

1726 2289 1866 2341 sulas
1896 2295 2069 2338 errata
2102 2283 2314 2335 leviora.
2349 2276 2477 2327 Illud
2509 2287 2662 2325 orare
2694 2269 2980 2336 impensius
3009 2263 3274 2323 convenit,

1729 2385 1867 2429 tanta
1899 2384 1955 2426 ut
1994 2375 2169 2425 animo
2214 2378 2303 2420 tuo
2350 2364 2613 2419 scribendi
2654 2374 2777 2415 cura
2826 2359 2923 2422 sit,
2968 2361 3164 2420 quanto
3196 2365 3276 2403 me

1730 2480 1911 2519 amore
1940 2461 2187 2529 dignaris.
2223 2456 2373 2507 Vale.

2283 2544 2491 2598 EI‘IST.
2534 2538 2723 2593 XXXI.

2220 2650 2483 2688 SYMHACIII
2498 2648 2524 2684 S
2558 2641 2796 2681 AI'SONIO.

1800 2755 1994 2808 Merum
2033 2752 2276 2819 gaulinm
2319 2744 2444 2798 mihi
2476 2740 2785 2795 eruditionis
2827 2747 2928 2789 ture
2967 2734 3155 2801 scripta
3190 2732 3281 2783 tri-

1734 2846 1988 2917 buerunt,
2026 2856 2142 2906 qum
2173 2840 2358 2904 Capua:
2399 2836 2599 2887 locatus
2624 2828 2821 2896 accepi.
2860 2827 2983 2878 Erat
3012 2826 3204 2891 quippe
3237 2822 3284 2871 iu

1736 2912 2010 2986 his'obliza
2040 2930 2284 2983 Tulliano
2314 2924 2470 2978 melle
2500 2921 2787 2987 festivitas,
2820 2928 2870 2969 et
2900 2914 3157 2969 setmonis
3188 2912 3286 2964 mni

1739 3038 1841 3075 non
1875 3033 1975 3073 tam
2004 3036 2121 3072 vera
2150 3031 2302 3082 quam
2337 3012 2523 3065 blanda
2562 3008 2807 3062 laudatio.
2832 3005 2965 3070 Quid
2996 3005 3152 3069 igitur
3176 3016 3285 3052 ma-

1738 3116 1814 3183 gis
1855 3114 2033 3174 mirer,
2069 3107 2337 3162 sententia»:
2378 3105 2606 3157 incertus
2645 3098 2925 3159 addubito,
2976 3103 3283 3147 ornamenta

1738 3204 1847 3257 niis
1871 3217 1936 3255 an
1965 3200 2187 3267 pectoris
2212 3197 2305 3248 tui.
2335 3194 2536 3259 Quippe
2568 3192 2634 3242 ita
2669 3188 2906 3241 facundia
2940 3185 3157 3236 antistas
3186 3198 3286 3235 cat-

1739 3291 1895 3352 tcris,
1943 3298 1995 3339 ut
2028 3287 2095 3339 sit
2128 3282 2349 3335 formido
2381 3278 2669 3333 rescribere
2704 3294 2714 3326 :
2750 3277 2818 3326 ita
2858 3274 3081 3338 benigne
3112 3280 3287 3323 nestra

1739 3378 2071 3445 contprobas,
2104 3385 2156 3425 ut
2183 3373 2340 3425 libeat
2362 3385 2463 3422 non
2497 3379 2689 3421 tacere.
2718 3366 2773 3420 Si
2808 3365 2949 3433 plura
2982 3364 3046 3415 de
3077 3373 3125 3415 te
3158 3378 3289 3425 Drm-

1740 3471 1930 3530 dieem,
1960 3466 2178 3519 videbor
2206 3469 2441 3515 mutuum
2480 3459 2696 3511 scabere
2718 3500 2730 3521 ,
2777 3466 2828 3509 et
2859 3455 3023 3521 magis
3063 3453 3292 3503 imitator

1743 3559 1815 3611 tui
1856 3556 2102 3621 alloquii,
2135 3568 2289 3620 quam
2323 3550 2589 3617 probator.
2637 3546 2801 3600 Simul
2835 3544 2969 3611 quod
3012 3544 3122 3606 ipse
3163 3542 3289 3591 nilil

1741 3646 2037 3701 ost~ntandi
2072 3643 2233 3712 gratia
2278 3640 2435 3702 facis,
2466 3637 2751 3691 verendum
2782 3645 2881 3696 esr,
2907 3630 3127 3698 genuina
3160 3631 3210 3681 in
3245 3640 3293 3679 tu

1744 3740 1877 3790 bona
1909 3746 2154 3801 tampiatn
2187 3732 2427 3784 aﬁecmta
2459 3728 2690 3780 laudare.
2728 3725 2894 3778 Unum
2938 3722 3034 3772 hoc
3065 3730 3233 3770 tamen
3266 3733 3292 3769 a

1743 3826 1896 3879 nobis
1942 3822 2227 3876 indubitata
2270 3819 2491 3871 veritate
2538 3828 2827 3880 cognosce,
2876 3809 3136 3861 neminem
3179 3822 3294 3859 esse

1744 3914 2074 3971 mortalium,
2106 3922 2260 3976 quem
2306 3922 2412 3973 pra:
2445 3916 2495 3959 te
2527 3904 2737 3976 diligant
2773 3918 2785 3951 :
2819 3899 2891 3950 sic
2937 3896 3178 3949 vadatum
3212 3912 3295 3948 me

1746 4002 2037 4055 honorabili
2062 4012 2238 4049 amore
2270 3994 2503 4048 tenuisti.
2533 3993 2634 4045 Sed
2659 3992 2710 4042 in
2733 4005 2795 4041 eo
2820 3987 2943 4041 mihi
2971 3985 3297 4039 verecundus

1746 4093 1907 4145 nimio
1953 4094 2067 4159 p'us
2098 4088 2318 4144 videris.
2356 4084 2493 4151 quod
2538 4080 2693 4133 libelli
2744 4078 2816 4129 tui
2858 4076 3032 4143 arguis
3067 4076 3297 4140 prodito-

1745 4200 1872 4237 rem.
1906 4182 2031 4235 Nam
2075 4179 2279 4232 facilius
2332 4186 2411 4228 est
2455 4173 2699 4226 ardentes
2732 4169 2929 4223 favilla~
2956 4182 3047 4219 ore
3073 4163 3297 4229 compri-

1746 4290 1919 4334 mere,
1948 4285 2101 4339 quam
2137 4267 2389 4320 luculenti
2416 4265 2592 4329 oneris
2618 4274 2829 4315 servare
2853 4266 3134 4311 secretum.
3165 4253 3295 4305 Cum

1748 4362 1913 4415 semel
1943 4376 1969 4413 a
1998 4370 2045 4412 te
2072 4371 2285 4412 carmen
2316 4355 2607 4422 profectum
2637 4359 2739 4411 est,
2768 4350 2851 4416 jus
2876 4362 3033 4400 omne
3058 4344 3294 4412 posuisd.

1749 4457 1927 4512 Oratio
1952 4455 2205 4520 publicata
2222 4490 2240 4513 ,
2268 4464 2352 4504 res
2378 4448 2539 4501 libera
2563 4453 2659 4499 est.
2686 4446 2765 4496 An
2791 4443 2990 4495 vereris
3010 4440 3179 4493 remuli
3210 4453 3299 4489 vc-

1750 4561 1880 4601 nena
1914 4543 2124 4597 lectoris
2149 4581 2164 4605 ,
2211 4555 2277 4593 ne
2320 4538 2525 4591 libellus
2559 4546 2678 4589 tuus
2705 4534 2950 4586 admorsu
2982 4530 3095 4582 duri
3128 4528 3298 4579 dentis

1751 4633 1966 4686 uratur?
1994 4632 2108 4682 Tibi
2136 4629 2223 4681 uni
2252 4626 2378 4679 nihil
2407 4625 2471 4677 ad
2504 4624 2603 4676 hoc
2634 4622 2865 4674 locorum
2896 4618 3061 4684 gratia
3098 4614 3297 4682 pra-sti.

1752 4724 1841 4783 tit,
1874 4728 1962 4771 aut
1990 4716 2215 4783 dempsit
2242 4714 2458 4768 invidia.
2505 4710 2723 4777 lugratis
2769 4722 2938 4761 screvo
2966 4707 3149 4771 cuique
3178 4718 3296 4769 pro-

1751 4815 1923 4880 boque
1954 4808 2231 4861 laudabilis
2258 4821 2336 4858 es.
2379 4804 2609 4857 Proinde
2644 4814 2820 4854 cassas
2861 4796 3051 4850 dehinc
3092 4794 3300 4847 seclude

1748 4900 2083 4957 formidines,
2116 4906 2168 4948 et
2189 4895 2397 4959 indulge
2419 4893 2578 4960 stylo,
2611 4898 2668 4941 ut
2694 4901 2833 4953 saepe
2859 4884 3117 4950 prodaris.
3144 4882 3298 4935 Certe

1746 4990 1952 5058 aliquod
1980 4986 2350 5039 didascalicum
2381 4997 2473 5034 seu
2520 4980 2897 5047 protrepticum
2942 4984 3123 5028 nostro
3166 4988 3298 5033 qun-

1749 5095 1849 5147 que
1881 5078 2075 5130 nontini
2105 5088 2316 5128 carmen
2348 5070 2607 5135 adiudica.
2645 5067 2746 5120 Fac
2776 5066 3066 5131 periculum
3104 5061 3298 5113 silentii

1750 5171 1880 5232 mei,
1912 5167 2047 5235 quod
2095 5165 2192 5217 etsi
2229 5163 2320 5214 tibi
2365 5162 2616 5215 exhibere
2645 5166 2795 5222 opto,
2831 5166 3001 5205 tamen
3042 5152 3298 5216 spondere

1753 5274 1853 5312 non
1878 5257 2065 5309 audeo.
2098 5255 2222 5306 Novi
2255 5267 2350 5319 ego
2391 5266 2506 5318 quae
2548 5249 2612 5300 sit
2644 5247 2855 5319 prurigo
2884 5238 3156 5296 emittendi
3177 5252 3300 5304 op"-

1753 5349 1855 5411 ris,
1889 5345 2025 5413 quod
2078 5343 2336 5409 probaris.
2370 5340 2495 5390 Nam
2527 5336 2751 5405 quodam
2798 5340 2946 5399 pacto
2994 5318 3296 5381 societatem

1755 5439 1921 5491 laudis
1947 5436 2176 5493 allectat,
2199 5433 2285 5499 qui
2312 5431 2481 5481 aliena
2504 5430 2642 5481 bene
2664 5414 2799 5476 dicta
2825 5423 3022 5489 primus
3042 5414 3298 5469 enuntiat.

1759 5529 1827 5581 Ea
1862 5534 2074 5594 propter
2105 5524 2155 5576 in
2184 5521 2455 5575 tonimdiis
2499 5524 2813 5571 summatem
2844 5510 3051 5578 quidem
3082 5504 3297 5576 gloriam

1759 5620 2041 5683 scriptores
2072 5614 2340 5666 tulerunt:
2377 5598 2564 5663 Roscio
2610 5617 2783 5661 tamen
2828 5610 2983 5669 atque
3026 5593 3287 5653 Authiviu,
