3828 6404
463 415 563 471 I59

1687 412 1746 478 ρ.
1791 410 2061 467 suntut
2101 409 2451 466 SYMMACIII

3571 408 3686 463 ιω

462 527 770 593 (ueterisque
808 525 1073 579 actoribus
1103 524 1237 578 fama
1278 539 1385 577 non
1409 522 1593 576 defuit.
1629 525 1767 591 Ergo
1798 524 1887 576 tali
1919 538 2010 575 ne-
2038 525 2084 581 Α
2113 541 2321 587 moneo,
2356 534 2411 575 ut
2436 539 2550 576 cum
2586 539 2791 575 causam
2813 525 2922 591 ejus
2956 522 3198 574 adventus
3221 521 3684 592 agnoveris,juvcs

465 621 605 686 gotio
647 618 888 681 expende
935 619 1096 668 otium
1148 625 1324 679 tuum,
1374 626 1427 669 et
1467 617 1615 670 noris
1659 617 2016 670 voluminibus

467 709 659 777 icjunia
709 722 885 760 uOS'ra
939 720 1192 760 sustenta.
1247 708 1399 772 Quod
1461 709 1503 761 si
1546 709 1815 775 jactamize
1864 709 2018 777 fugax

469 800 732 864 garrulum
775 798 998 850 iudicem
1047 800 1404 865 pertimescis,
1444 809 1630 865 praesta
1675 800 1831 852 etiam
1863 800 2022 852 silen-

470 890 599 942 tium
625 889 770 953 mihi,
805 899 860 942 ut
885 900 994 942 tuto
1016 889 1261 943 simulem
1288 905 1406 943 esse
1427 900 1627 953 nostra,
1654 905 1771 959 qua:
1795 890 2023 958 scripse-

470 983 562 1036 ris.
594 980 746 1035 Vale.

1022 1050 1233 1104 EPIST.
1271 1049 1483 1104 XXXII.

953 1153 1204 1193 AUSONIUS
1239 1153 1538 1193 SYMMACIIO.

544 1248 698 1301 Modo
735 1248 988 1314 intelligo,
1034 1264 1184 1313 quam
1221 1249 1399 1298 mellea
1436 1262 1514 1300 res
1542 1247 1610 1298 sit
1647 1248 1841 1310 oratio,
1871 1263 2024 1316 quam

474 1339 766 1404 deleniﬁca,
797 1347 843 1388 et
871 1353 1020 1402 quam
1056 1337 1217 1387 suada
1247 1337 1508 1406 facundia.
1538 1337 1840 1390 Persuasisti
1869 1338 1991 1389 mihi
2008 1376 2028 1403 ,

477 1432 612 1500 quod
639 1431 855 1499 epistola:
894 1443 1015 1479 mem
1042 1428 1177 1496 apud
1203 1429 1431 1493 Capuam
1458 1429 1544 1480 tibi
1582 1429 1794 1481 reddin
1821 1430 2026 1481 concin-

477 1520 610 1574 natio
637 1520 910 1572 inhumana
936 1535 1036 1569 non
1068 1528 1211 1571 esset.
1242 1518 1346 1570 Sed
1371 1517 1466 1569 hoc
1493 1533 1594 1570 non
1630 1520 1846 1583 diutius,
1877 1534 2030 1586 quam

476 1609 598 1662 dum
627 1610 864 1680 paginam
892 1617 1027 1659 tuam
1057 1607 1182 1674 legi,
1212 1624 1325 1676 qua:
1359 1624 1437 1661 me
1466 1608 1724 1662 blanditiis
1753 1610 2030 1663 inhiantem

477 1703 610 1763 suis,
636 1701 787 1752 veluti
826 1716 969 1751 succo
1002 1701 1214 1752 nectaris
1242 1700 1465 1752 delibuta
1495 1701 1743 1768 perducit.
1776 1701 1872 1754 Ubi
1901 1706 2031 1753 enim

479 1790 758 1844 chartulam
804 1805 935 1858 pano
971 1799 1018 1841 et
1060 1791 1305 1857 meipsum
1351 1791 1635 1856 interrogo,
1689 1801 1796 1842 tum
1840 1791 2030 1858 absyn—

2120 617 2361 680 studium,
2386 614 2519 682 quod
2539 629 2600 666 ex
2619 623 2762 682 parte
2789 613 2976 680 fovisti.
3020 611 3155 666 Vale.

2663 745 2873 799 EPIST.
2907 743 3140 798 XXXIII.

2610 878 2916 917 SYIMACIIUS
2945 876 3183 917 AUSONIO.

2196 974 2358 1029 Aiunt
2391 974 2654 1042 cochleas,
2695 991 2814 1029 cum
2860 975 3044 1029 sitiunt
3083 976 3246 1040 aeris,
3279 985 3437 1045 atque
3477 978 3585 1034 illis
3620 980 3692 1034 de

2126 1066 2263 1118 coelo
2295 1065 2423 1118 nihil
2456 1066 2692 1134 liquitur,
2740 1081 2901 1122 succo
2937 1068 3154 1136 pr0prio
3185 1071 3440 1125 victitare.
3487 1073 3557 1124 Ea
3602 1088 3692 1127 res

2128 1154 2258 1207 mihi
2291 1169 2387 1208 usu
2417 1158 2586 1218 venit,
2616 1157 2704 1224 qui
2733 1157 2974 1212 desertus
3008 1158 3203 1227 eloquii
3242 1161 3317 1213 tui
3361 1172 3531 1228 pastu,
3564 1177 3694 1214 meo

2128 1246 2301 1299 adhuc
2326 1261 2446 1300 rore
2473 1255 2763 1300 sustentor.
2793 1249 2887 1301 Diu
2920 1250 3181 1302 scribendi
3211 1265 3424 1316 operam
3464 1255 3693 1319 protuli-

2130 1335 2222 1397 sti,
2255 1343 2309 1388 et
2351 1350 2541 1388 vereor
2580 1352 2646 1389 ne
2681 1336 2816 1391 forte
2856 1338 2909 1390 iu
2943 1353 3038 1391 nos
3067 1337 3297 1406 parentis
3327 1342 3534 1393 claudat
3560 1341 3696 1393 ali--

2130 1427 2255 1480 etio.
2282 1427 2335 1480 Si
2365 1424 2550 1479 falsum
2595 1442 2679 1480 me
2708 1427 2886 1495 Opinio
2916 1429 3092 1491 habet.
3121 1430 3277 1484 facito
3298 1432 3501 1487 caeteris
3529 1449 3698 1503 uego-

2132 1517 2219 1569 tiis
2249 1516 2350 1569 tuis
2380 1516 2732 1584 respondendi
2761 1533 2886 1571 cura
2918 1529 3223 1588 prtevertat.
3252 1521 3403 1576 Vale.

2668 1629 2880 1685 EPIST.
2911 1630 3148 1686 XXXIV.

2624 1753 2924 1795 SYNMACHUS
2969 1757 3203 1797 Αυδοισιο.

479 1882 639 1934 thium
665 1895 854 1931 merum
876 1879 1068 1943 resipit,
1100 1889 1145 1931 et
1171 1880 1452 1931 circumlita
1473 1879 1618 1932 melle
1641 1881 1820 1947 pocula
1850 1881 2025 1946 depre-
2063 1871 2110 1930 Β
2205 1871 2425 1925 Plenum
2451 1870 2646 1925 laboris
2669 1873 2933 1940 ηθεοιῖυῐη
2955 1888 3104 1942 861⁵0,
3127 1874 3216 1943 qui
3252 1877 3571 1945 compellare
3605 1889 3695 1933 l0-

479 1969 663 2022 lteudo.
697 1969 756 2020 Si
784 1983 916 2026 vero,
940 1968 991 2018 id
1019 1967 1152 2032 quod
1173 1982 1304 2033 saepe
1330 1967 1485 2036 facio,
1515 1969 1580 2017 ad
1607 1969 1870 2036 epistolam
1895 1979 2033 2020 tuam

479 2058 628 2121 redii,
654 2073 825 2109 rursus
851 2056 1063 2119 illicior;
1089 2064 1134 2107 et
1162 2064 1435 2107 retrorsum
1465 2055 1551 2108 ille
1579 2058 1922 2121 suavissimus,
1950 2059 2035 2109 ille

479 2150 693 2218 floridus
715 2149 784 2199 tui
805 2149 1046 2200 sermonis
1073 2147 1288 2215 afflatus,
1318 2148 1544 2214 deposita
1568 2148 1775 2199 lectione
1794 2148 2032 2213 vanescit,

481 2250 527 2291 et
555 2238 821 2290 testimonii
849 2241 1044 2306 pondus
1075 2237 1302 2303 prohibet
1334 2239 1491 2290 inesse
1515 2238 1787 2290 dulcedini.
1815 2237 1928 2290 Hoc
1959 2255 2037 2292 me

481 2330 610 2380 velut
640 2327 804 2379 aerius
825 2327 1036 2379 bracteaz
1072 2328 1218 2395 fucus
1241 2368 1255 2392 ,
1286 2337 1374 2378 aut
1397 2329 1529 2397 picta
1559 2328 1766 2390 nebula,
1798 2344 1898 2379 non
1923 2329 2035 2380 lano

481 2420 623 2488 gius,
655 2435 805 2486 quant
846 2419 965 2470 dum
1010 2419 1223 2482 videtur,
1263 2418 1510 2483 oblectat;
1541 2419 1910 2472 chamteleontis
1955 2420 2038 2472 be-

481 2511 643 2562 stiola:
669 2511 792 2573 vice,
824 2526 933 2574 quae
963 2509 1026 2561 de
1051 2511 1286 2579 subjectis
1314 2512 1465 2562 sumit
1489 2513 1725 2564 colorem.
1754 2513 1906 2565 Aliud
1924 2529 2037 2566 sen-

485 2601 552 2651 tio
576 2614 638 2650 ea:
661 2598 865 2666 epistola
891 2607 997 2659 tua,
1026 2599 1167 2650 aliud
1194 2614 1255 2651 ex
1279 2600 1581 2653 conscientia
1609 2617 1736 2653 mea.
1770 2601 1832 2652 Et
1863 2603 1925 2653 iis
1961 2619 2038 2655 me

483 2689 640 2741 audes
678 2690 1153 2757 facundissimorum
1197 2692 1452 2743 hominum
1495 2693 1646 2744 laude
1686 2694 1922 2762 dignari?
1950 2703 2032 2759 tu,

483 2780 706 2846 inquam,
733 2779 856 2828 mihi
881 2779 1003 2844 ista,
1030 2781 1118 2847 qui
1145 2791 1190 2832 te
1221 2782 1354 2832 ultra
1380 2783 1778 2836 emendationem
1816 2785 2038 2837 omnium

485 2865 760 2932 protulisti.
788 2865 944 2917 Haud
974 2869 1235 2932 quisquam
1264 2870 1334 2921 ita
1358 2871 1496 2932 nitet,
1529 2880 1581 2922 ut
1609 2884 1927 2937 comparatus
1950 2874 2038 2925 tibi

485 2971 582 3008 non
608 2957 821 3009 sordeat.
853 2957 975 3022 Quis
999 2959 1069 3010 ita
1094 2957 1276 3026 Αἰδορὶ
1309 2968 1642 3024 venustatem,
1673 2963 1782 3030 quis
1803 2963 2041 3032 sophisti-

484 3064 569 3101 cns
593 3047 817 3100 Socratis
855 3049 1227 3113 conclusiones,
1259 3050 1624 3119 enthymemata
1655 3050 1999 3107 Demosthenis
2019 3099 2033 3122 ,

483 3148 574 3191 aut
623 3139 927 3206 opulentiam
972 3138 1296 3205 Tullianam,
1346 3151 1434 3193 aut
1484 3145 1836 3211 proprietatem
1882 3148 2037 3198 nostri

2135 1960 2234 2013 ties
2273 1960 2489 2013 tacitum
2542 1975 2843 2029 persevero.
2878 1963 3072 2020 Contra
3113 1967 3212 2018 nisi
3260 1967 3458 2022 instare
3506 1986 3697 2038 pergo,

2137 2058 2293 2117 atque
2320 2049 2631 2117 exsculpere
2652 2065 2680 2104 a
2711 2060 2761 2106 te
2782 2053 2978 2121 aliquid
3007 2054 3322 2122 litterarum,
3353 2058 3538 2125 gliscet
3561 2061 3697 2114 obli«

2136 2139 2242 2192 uio.
2273 2141 2396 2195 Sive
2418 2141 2577 2210 igitur
2607 2141 2707 2196 hoc
2736 2144 2967 2198 ollicium
2996 2161 3167 2200 meum
3197 2149 3440 2202 sedulum
3465 2150 3700 2219 judicas,

2137 2243 2230 2282 seu
2269 2231 2574 2295 molestum;
2610 2240 2712 2284 stat
2751 2234 3034 2299 sententia,
3080 2235 3334 2289 honorem
3367 2253 3518 2290 suum
3551 2241 3698 2294 cele-

2139 2321 2286 2373 brem
2331 2330 2580 2387 praestare
2619 2323 2937 2391 colloquiis:
2971 2326 3103 2380 adeo
3137 2327 3263 2381 mihi
3312 2332 3504 2384 veteris
3553 2332 3607 2386 in
3653 2343 3704 2386 te

2137 2410 2332 2462 amoris
2360 2409 2503 2462 nulla
2533 2409 2786 2464 discessio
2811 2422 2910 2465 est.
2947 2413 3012 2466 Et
3040 2415 3227 2468 merito
3254 2434 3265 2467 :
3301 2432 3420 2470 nam
3445 2420 3699 2472 amicitim

2139 2514 2355 2566 operam
2387 2515 2643 2569 nusquam
2675 2501 2840 2555 locavi
2863 2519 3013 2572 .cque
3042 2504 3199 2559 bene.
3224 2505 3508 2574 Propterea
3536 2508 3704 2562 silen-

2141 2592 2268 2643 tium
2301 2575 2457 2643 tuum'
2477 2605 2792 2659 conqueror.
2840 2593 2986 2647 Facit
3022 2599 3163 2648 enim
3194 2599 3425 2652 tenerior
3465 2598 3701 2664 affectio,

2142 2693 2192 2732 ut
2222 2684 2290 2735 sit
2318 2684 2529 2750 querela
2572 2685 2875 2752 proclivior.
2907 2686 3076 2739 Mollis
3109 2695 3190 2740 est
3230 2689 3435 2742 animus
3470 2689 3700 2758 diligen-

2143 2774 2236 2836 tis;
2267 2782 2318 2826 et
2347 2773 2411 2826 ad
2442 2787 2653 2827 omnem
2695 2789 2909 2829 sensum
2937 2776 3136 2830 doloris
3162 2787 3396 2847 argutus.
3441 2778 3496 2832 Si
3529 2781 3702 2849 negli-

2140 2864 2352 2930 gentius
2382 2875 2598 2928 tractes,
2631 2867 2736 2918 cito
2762 2876 2982 2931 marcet,
3028 2877 3084 2921 ut
3111 2884 3230 2923 rosa
3267 2887 3278 2921 :
3315 2872 3356 2924 si
3402 2870 3588 2926 durius
3621 2883 3703 2926 teo

2142 2967 2289 3017 neas,
2317 2953 2440 3007 livet
2469 2964 2524 3007 ut
2546 2955 2672 3007 lilia.
2699 2956 2914 3026 Legisse
2942 2959 3180 3021 memini,
3202 2960 3346 3012 vultu
3373 2961 3534 3014 etiam
3558 2976 3704 3029 saepe

2141 3043 2255 3097 l.cdi
2282 3043 2550 3111 pietatem.
2580 3045 2713 3110 Quid
2733 3046 2820 3101 ille
2846 3055 2950 3100 tam
2972 3047 3144 3102 serius
3168 3047 3365 3101 arbiter
3385 3065 3547 3117 super
3568 3066 3701 3103 cou-

2141 3137 2287 3190 tinuo
2315 3136 2524 3189 silentio
2555 3151 2615 3190 ac
2650 3137 2981 3192 dissimulato
3009 3139 3272 3192 scribendi
3312 3155 3534 3195 munere
3577 3156 3708 3195 cen-

485 3227 712 3280 Maronis
742 3229 988 3280 accedat?
1019 3230 1140 3293 Quis
1171 3231 1242 3280 ita
1268 3229 1462 3295 affectet
1494 3233 1725 3300 singula,
1775 3243 1828 3284 ut
1857 3243 1908 3286 tu
1936 3235 2033 3287 im-
2065 3216 2108 3275 C
2145 3229 2370 3296 suisset}
2390 3227 2589 3281 Tecum
2626 3228 2737 3280 haec
2771 3231 2982 3296 peusius
3009 3230 3319 3285 mstitnabis.
3352 3227 3478 3285 Mihi
3517 3233 3707 3302 religio

485 3319 592 3388 ples
618 3319 820 3372 omnia?
854 3319 988 3384 Quid
1015 3320 1148 3371 enim
1178 3321 1319 3372 aliud
1347 3339 1396 3375 es
1436 3339 1586 3391 quam
1628 3341 1691 3377 ea:
1715 3327 1847 3378 omni
1874 3328 2031 3379 bona-

485 3425 595 3460 rum
636 3410 820 3461 artium
856 3411 1054 3478 ingenio
1093 3411 1301 3465 collecta
1344 3416 1618 3481 perfectio?
1650 3415 1798 3478 Haec,
1831 3418 2034 3472 domine

485 3497 572 3558 mi,
604 3497 679 3564 fili
705 3497 1006 3566 Symmache
1024 3538 1039 3563 ,
1079 3515 1178 3550 non
1213 3515 1381 3552 vereor
1409 3517 1470 3552 ne
1497 3502 1549 3554 in
1573 3514 1618 3555 te
1639 3503 1872 3556 blandius
1899 3507 2036 3558 dicta

485 3588 747 3639 videantur
778 3604 880 3641 esse
924 3605 1075 3655 quam
1103 3591 1284 3642 verius.
1313 3590 1376 3642 Et
1404 3601 1635 3661 expertus
1660 3610 1710 3646 es
1737 3595 1887 3662 fidem
1915 3613 2037 3650 mese

486 3680 662 3731 mentis
686 3688 834 3747 atque
857 3679 1125 3745 dic'orum,
1155 3698 1265 3732 cum
1287 3682 1338 3732 in
1359 3685 1592 3736 comitatu
1618 3685 1845 3754 degimus
1865 3690 2033 3754 ambo,

485 3782 590 3818 sevo
626 3765 818 3832 dispari
853 3783 872 3819 :
903 3769 986 3819 ubi
1023 3778 1075 3819 tu
1111 3771 1283 3822 veteris
1322 3772 1517 3843 militia:
1561 3777 1771 3841 prarmia
1797 3777 1895 3828 tiro
1933 3793 2036 3831 me-

486 3856 630 3908 ruisti
650 3897 664 3921 ,
691 3873 782 3927 ego
807 3858 1095 3917 tirocinium
1114 3860 1227 3926 jam
1250 3870 1512 3913 veteranus
1549 3865 1769 3918 exercui.
1799 3861 1864 3920 In
1883 3868 2038 3918 corui-

484 3955 594 3998 tatu
622 3946 710 3999 tibi
748 3962 889 4000 verus
921 3948 996 4016 fui
1024 3962 1043 4001 :
1073 3949 1257 4006 nedum
1289 3966 1365 4002 nte
1401 3966 1606 4019 peregre
1629 3953 1877 4006 existimes
1904 3969 2038 4007 com-

483 4035 646 4103 posita
675 4035 913 4103 fabulari.
945 4034 1010 4087 In
1037 4038 1304 4100 comitatu,
1331 4039 1540 4106 inquam
1561 4080 1577 4104 ,
1606 4040 1694 4108 qui
1721 4041 1909 4108 frontes
1947 4043 2040 4096 Ito-

483 4126 674 4178 minuas
693 4126 872 4193 aperit,
897 4137 1083 4180 mentes
1102 4129 1240 4198 tegit,
1265 4145 1344 4182 me
1369 4131 1454 4182 tibi
1473 4140 1520 4185 et
1541 4143 1764 4200 parente,
1789 4143 1835 4184 et
1853 4135 2038 4200 amico,

485 4225 532 4268 et
565 4217 610 4268 si
636 4217 755 4284 quid
794 4228 1003 4287 utroque
1038 4222 1204 4272 carius
1230 4228 1324 4284 est,
1356 4223 1597 4274 cariorem
1638 4223 1794 4289 fuisse
1820 4227 2036 4283 sensisti.

485 4306 591 4358 Sed
618 4306 855 4359 abeamus
876 4308 937 4359 ab
969 4309 1083 4370 his;
1107 4326 1167 4362 ne
1191 4310 1363 4362 istltaec
1387 4317 1787 4368 commemoratio
1805 4316 1872 4366 ad
1901 4317 2039 4369 illam

487 4396 650 4452 Sosia:
680 4398 998 4473 formidinem
1036 4399 1265 4453 videatur
1293 4405 1545 4456 accedere.
1584 4402 1726 4456 Illud
1754 4407 1888 4472 quod
1917 4425 2042 4475 pene

488 4489 726 4555 prteterit,
754 4505 851 4556 qua
879 4490 1142 4556 affectione
1168 4494 1440 4559 addidisti,
1480 4505 1534 4547 ut
1561 4497 1923 4550 didascalicum
1948 4501 2042 4552 ali-

489 4580 620 4646 quod
641 4581 958 4645 Opusculum,
987 4591 1071 4632 aut
1095 4598 1370 4635 sermonem
1392 4589 1742 4654 protrepticum
1765 4589 2040 4641 mitterem?

491 4666 598 4731 Ego
628 4675 673 4719 te
703 4667 885 4720 docebo
916 4669 1169 4722 docendus
1191 4672 1391 4735 adhuc,
1421 4676 1465 4726 si
1496 4690 1650 4728 essem
1683 4677 1738 4728 id
1766 4681 1955 4740 a'tatis,
1983 4687 2038 4730 ut

489 4758 762 4810 discerem?
786 4768 874 4810 aut
901 4776 993 4830 ego
1035 4770 1080 4814 te
1113 4773 1333 4831 vegetum
1361 4773 1409 4817 et
1439 4766 1656 4820 alacrem
1694 4771 2042 4825 commovebo?

491 4843 687 4897 Eadem
703 4862 852 4912 opera
878 4859 921 4900 et
948 4848 1121 4903 Musas
1145 4852 1375 4905 hortabor
1415 4863 1470 4906 ut
1496 4866 1710 4921 canant;
1738 4867 1782 4910 et
1808 4862 1968 4912 maria
1985 4871 2039 4914 ut

490 4934 724 5003 effluant;
752 4946 797 4988 et
827 4953 980 4990 auras
1003 4949 1059 4990 ut
1084 4952 1318 5008 vegeant;
1343 4951 1389 4994 et
1409 4945 1544 5011 ignes
1573 4955 1626 4996 ut
1648 4948 1839 4999 caleant
1865 4952 2040 5003 admo-

490 5027 612 5077 nebo
636 5042 655 5078 :
683 5036 729 5078 et
753 5030 796 5079 si
824 5030 948 5097 quid
975 5030 1142 5081 invitis
1169 5048 1361 5099 quoque
1389 5035 1528 5087 nobis
1562 5047 1742 5088 natura
1768 5041 1845 5106 fit,
1871 5057 2047 5108 super-

490 5117 626 5182 ﬂuus
664 5118 924 5187 instigator
949 5120 1170 5187 agitabo.
1199 5122 1339 5191 Satis
1368 5133 1437 5176 est
1478 5128 1626 5180 unius
1656 5131 1867 5195 erroris,
1909 5131 2046 5199 quod

491 5205 698 5270 aliquod
728 5221 947 5257 meorum
969 5223 1047 5258 me
1069 5212 1310 5263 renitente
1329 5214 1594 5280 vulgatum
1620 5224 1723 5281 est,
1756 5220 1889 5285 quod
1918 5221 2047 5273 bona

493 5294 697 5362 fortuna
724 5295 776 5346 in
797 5311 978 5348 manus
1002 5299 1275 5351 amicorum
1298 5301 1496 5354 incidit.
1529 5303 1660 5355 Nam
1682 5307 1726 5356 si
1747 5318 1919 5360 contra
1940 5327 2048 5362 eve-

494 5383 673 5443 nisset,
701 5399 787 5434 nec
815 5394 867 5436 tu
890 5386 1013 5436 mihi
1033 5390 1385 5456 persuaderes,
1417 5392 1611 5458 placere
1631 5410 1708 5446 me
1736 5413 1897 5463 posse.
1919 5399 2043 5451 Ilazc
2121 5403 2123 5405 ’

493 5472 562 5522 ad
591 5472 782 5523 litteras
806 5485 914 5526 tuas
944 5491 1182 5541 responsa
1207 5479 1323 5530 sint.
1351 5479 1539 5534 Caetera
1561 5500 1672 5550 qua:
1695 5503 1894 5538 noscere
1912 5505 2043 5553 aves,

495 5561 942 5630 campendifaciam
975 5581 993 5616 :
1031 5566 1106 5618 sic
1135 5570 1248 5637 jam
1284 5586 1480 5638 quoque
1516 5574 1668 5643 longa
1706 5586 1778 5628 est
1814 5579 2043 5644 epistola.

493 5651 762 5706 lulianum
798 5664 964 5708 tamen
999 5658 1302 5725 famil.'arem
1343 5663 1523 5718 domus
1559 5677 1740 5720 nostra
1767 5669 1810 5721 si
1835 5671 1959 5736 quid
1988 5676 2049 5724 de

495 5744 636 5852 nfbis
664 5748 1064 5814 percantaudum
1092 5751 1351 5806 arbitraris
1369 5795 1383 5820 ,
1415 5755 1505 5807 tibi
1538 5757 1701 5825 allego
1727 5773 1745 5810 :
1773 5760 1924 5813 simul
1956 5764 2049 5815 ad.

2137 3319 2254 3383 fuit,
2285 3327 2486 3387 tegere,
2519 3335 2635 3385 quae
2657 3318 2924 3373 dolebant.
2953 3319 3084 3375 Nam
3108 3330 3165 3375 ut
3191 3323 3242 3376 in
3266 3332 3318 3376 te
3347 3323 3508 3376 animi
3536 3339 3706 3390 usque

2136 3408 2370 3474 pendeo;
2415 3409 2483 3460 ita
2505 3422 2667 3478 Opere
2697 3410 2928 3464 maximo
2967 3413 3179 3465 usurain
3209 3421 3309 3466 tute
3338 3414 3707 3468 unanimitatis

2134 3507 2404 3565 exspecto.
2437 3497 2586 3552 Vale.
2643 3566 2878 3622 [EPIST
2924 3557 3118 3621 XXXV

2635 3693 2935 3733 SYMMACHUS
2967 3694 3204 3734 ΑυεοΜο.

2206 3808 2305 3862 Diu
2335 3808 2389 3862 in
2415 3789 2718 3878 Campaniaé
2743 3812 3038 3866 secessibus
3067 3814 3280 3879 otiatus,
3308 3817 3593 3871 occasione
3619 3832 3706 3873 ca-

2140 3899 2216 3950 rtti
2249 3899 2616 3965 scriptionum.
2653 3897 2776 3953 Ideo
2807 3901 3072 3970 paulisper
3106 3905 3368 3958 Sermonis
3408 3909 3512 3962 mei
3559 3911 3702 3963 circa

2141 3994 2195 4042 te
2219 4002 2412 4041 munus
2449 3989 2693 4056 intepuit.
2720 3989 2823 4044 Sed
2853 3992 2937 4044 ubi
2966 3994 3016 4045 in
3044 3994 3268 4060 patriam
3296 3996 3486 4063 pedem
3517 4000 3703 4062 retuli,

2142 4080 2356 4145 antiqua
2385 4079 2510 4132 mibi
2553 4080 2649 4134 fuit
2678 4083 3006 4137 instaurandi
3043 4085 3204 4138 ofﬁcii
3233 4087 3522 4155 diligentia.
3568 4092 3707 4158 Ergo

2141 4166 2320 4221 debito
2348 4170 2549 4224 honore
2579 4172 2909 4226 salutationis
2937 4184 2986 4226 te
3014 4175 3281 4242 impertio,
3311 4187 3598 4246 utrumque
3626 4181 3708 4233 tle-

2146 4271 2400 4322 poscens;
2432 4268 2491 4311 ut
2519 4269 2572 4313 et
2600 4261 2816 4315 silentio
2843 4265 3100 4332 superiori
3129 4267 3278 4320 venia
3310 4268 3451 4336 justa
3484 4284 3707 4337 praeste-

2145 4357 2256 4411 tur,
2307 4359 2361 4403 et
2417 4352 2665 4419 prmsenti
2709 4353 2962 4423 obsequio
3000 4357 3308 4414 vicissitudo
3359 4364 3707 4430 reSpondcat.

2147 4439 2296 4495 Vale.

2683 4514 2895 4570 EPIST.
2936 4515 3175 4572 XXXVI.

2631 4659 2922 4700 δι’ωι-ίλειιυς
2953 4663 3193 4702 Αυεοκιο.

2215 4774 2498 4842 Interpello
2524 4780 2893 4844 occupationes
2925 4781 3231 4836 assiduitate
3259 4783 3532 4854 colloquii.
3569 4788 3706 4843 Nam

2146 4875 2199 4917 et
2227 4867 2338 4932 ipse
2368 4868 2665 4934 huiusmodi
2696 4883 2880 4937 pascor
2911 4871 3109 4940 ofﬁcio,
3139 4883 3193 4929 et
3221 4876 3707 4943 peregrinationem

2149 4962 2291 5008 tuam
2323 4957 2517 5010 talibus
2545 4958 2745 5012 solatiis
2772 4961 2932 5013 credo
2963 4963 3212 5016 recreari.
3240 4963 3381 5016 Tuas
3406 4975 3590 5022 autem
3624 4971 3707 5023 lit-

2150 5055 2290 5099 teras
2317 5047 2546 5100 vicissim
2572 5061 2848 5116 exspecto;
2882 5065 2983 5103 non
3019 5053 3193 5120 exigo.
3222 5052 3474 5121 Iniurium
3504 5061 3706 5127 quippe

2150 5146 2253 5201 est,
2284 5151 2602 5204 magnopere
2642 5140 2873 5206 ﬂagitare
2906 5141 3044 5208 quod
3085 5158 3295 5210 speres;
3337 5161 3403 5198 ne
3438 5149 3590 5213 quod
3632 5160 3710 5204 est

2149 5228 2523 5289 voluntarium,
2552 5230 2792 5283 videatur
2820 5240 3106 5285 extortum.
3130 5233 3270 5287 Sane
3295 5233 3440 5288 fratri
3472 5252 3603 5292 meo
3634 5241 3709 5294 ln-

2150 5317 2397 5370 uecentio
2430 5319 2664 5384 gratulor
2689 5358 2703 5380 .
2743 5320 2998 5373 amicitias
3046 5331 3196 5385 tuas,
3229 5325 3532 5392 priusquam
3578 5331 3709 5383 seri.

2153 5409 2354 5472 berem,
2406 5411 2692 5478 contigisse
2726 5410 2884 5477 :quia
2936 5410 3138 5465 facilior
3187 5413 3312 5464 mihi
3365 5418 3527 5475 etrapit
3591 5437 3709 5474 esse

2153 5498 2271 5563 ejus
2305 5499 2712 5557 commendatio,
2745 5514 2896 5568 quem
2930 5502 3181 5568 probasti,
3219 5518 3376 5569 quam
3407 5505 3601 5561 luisset
3637 5514 3709 5562 in-

2153 5588 2371 5653 eoguiti.
2399 5587 2578 5655 Itaque
2612 5590 2711 5641 hoc
2741 5605 2898 5643 unum
2930 5592 3169 5646 beneficii
3202 5597 3502 5662 expostulo,
3538 5610 3602 5653 ut
3625 5599 3708 5668 qui

2154 5677 2232 5729 sui
2261 5679 2629 5732 emendatione
2648 5679 2755 5747 jam
2782 5681 2996 5741 nititur:
3032 5685 3314 5739 testimonii
3343 5691 3509 5741 nostri
3540 5693 3707 5759 gratia

2154 5768 2465 5825 cumulatius
2493 5769 2758 5837 diligatur.
2799 5770 2941 5826 Vale.
