  <div class='ocr_page' id='page_1' title='image "/cluster/home/n/w/nwhite01/storage/ocr_20150623/18-19/uva.x000826554/092.png"; bbox 0 0 3828 6382; ppageno 0'>
   <div class='ocr_carea' id='block_1_1' title="bbox 155 401 233 455">
    <p class='ocr_par' dir='ltr' id='par_1_1' title="bbox 155 401 233 455">
     <span class='ocr_line' id='line_1_1' title="bbox 155 401 233 455; baseline 0.038 -3"><span class='ocrx_word' id='word_1_1' title='bbox 155 401 233 455; x_wconf 78' lang='lat' dir='ltr'><strong>IGI</strong></span> 
     </span>
    </p>
   </div>
   <div class='ocr_carea' id='block_1_2' title="bbox 639 503 1152 561">
    <p class='ocr_par' dir='ltr' id='par_1_2' title="bbox 639 503 1152 561">
     <span class='ocr_line' id='line_1_2' title="bbox 639 503 1152 561; baseline -0.012 0"><span class='ocrx_word' id='word_1_2' title='bbox 639 506 852 561; x_wconf 78' lang='lat' dir='ltr'><strong>EPIST.</strong></span> <span class='ocrx_word' id='word_1_3' title='bbox 902 503 1152 559; x_wconf 78' lang='lat' dir='ltr'><strong>XXXVII.</strong></span> 
     </span>
    </p>
   </div>
   <div class='ocr_carea' id='block_1_3' title="bbox 622 610 1187 652">
    <p class='ocr_par' dir='ltr' id='par_1_3' title="bbox 622 610 1187 652">
     <span class='ocr_line' id='line_1_3' title="bbox 622 610 1187 652; baseline -0.009 0"><span class='ocrx_word' id='word_1_4' title='bbox 622 612 926 652; x_wconf 67' lang='lat' dir='ltr'><strong>SthMACﬂUS</strong></span> <span class='ocrx_word' id='word_1_5' title='bbox 957 610 1187 649; x_wconf 72' lang='grc' dir='ltr'><strong>Αυεοκιο.</strong></span> 
     </span>
    </p>
   </div>
   <div class='ocr_carea' id='block_1_4' title="bbox 213 684 1678 757">
    <p class='ocr_par' dir='ltr' id='par_1_4' title="bbox 213 684 1678 757">
     <span class='ocr_line' id='line_1_4' title="bbox 213 684 1678 757; baseline -0.008 -7"><span class='ocrx_word' id='word_1_6' title='bbox 213 696 311 750; x_wconf 70' lang='lat' dir='ltr'><strong>Non</strong></span> <span class='ocrx_word' id='word_1_7' title='bbox 353 693 534 745; x_wconf 79' lang='lat' dir='ltr'><strong>frustra</strong></span> <span class='ocrx_word' id='word_1_8' title='bbox 579 689 876 757; x_wconf 56' lang='lat' dir='ltr'><strong>pradicant</strong></span> <span class='ocrx_word' id='word_1_9' title='bbox 906 704 919 739; x_wconf 88' lang='lat'>:</span> <span class='ocrx_word' id='word_1_10' title='bbox 952 686 1148 740; x_wconf 81' lang='lat' dir='ltr'><strong>Mentes</strong></span> <span class='ocrx_word' id='word_1_11' title='bbox 1191 684 1461 738; x_wconf 85' lang='lat' dir='ltr'><strong>hominum</strong></span> <span class='ocrx_word' id='word_1_12' title='bbox 1511 686 1678 738; x_wconf 89' lang='lat' dir='ltr'><strong>nitere</strong></span> 
     </span>
    </p>
   </div>
   <div class='ocr_carea' id='block_1_5' title="bbox 158 773 1679 855">
    <p class='ocr_par' dir='ltr' id='par_1_5' title="bbox 158 773 1679 855">
     <span class='ocr_line' id='line_1_5' title="bbox 158 773 1679 855; baseline -0.009 -15"><span class='ocrx_word' id='word_1_13' title='bbox 158 786 328 855; x_wconf 76' lang='lat' dir='ltr'><strong>liquido</strong></span> <span class='ocrx_word' id='word_1_14' title='bbox 360 782 458 844; x_wconf 88' lang='lat' dir='ltr'><strong>die,</strong></span> <span class='ocrx_word' id='word_1_15' title='bbox 509 788 695 832; x_wconf 89' lang='lat' dir='ltr'><strong>coacta</strong></span> <span class='ocrx_word' id='word_1_16' title='bbox 735 777 872 829; x_wconf 87' lang='lat' dir='ltr'><strong>nube</strong></span> <span class='ocrx_word' id='word_1_17' title='bbox 913 775 1235 828; x_wconf 78' lang='lat' dir='ltr'><strong>flaccessere.</strong></span> <span class='ocrx_word' id='word_1_18' title='bbox 1288 773 1434 827; x_wconf 76' lang='lat' dir='ltr'><strong>Meus</strong></span> <span class='ocrx_word' id='word_1_19' title='bbox 1474 774 1679 826; x_wconf 81' lang='lat' dir='ltr'><strong>animus</strong></span> 
     </span>
    </p>
   </div>
   <div class='ocr_carea' id='block_1_6' title="bbox 162 864 1680 935">
    <p class='ocr_par' dir='ltr' id='par_1_6' title="bbox 162 864 1680 935">
     <span class='ocr_line' id='line_1_6' title="bbox 162 864 1680 935; baseline -0.008 -6"><span class='ocrx_word' id='word_1_20' title='bbox 162 878 293 929; x_wconf 81' lang='lat' dir='ltr'><strong>fidem</strong></span> <span class='ocrx_word' id='word_1_21' title='bbox 314 872 427 926; x_wconf 86' lang='lat' dir='ltr'><strong>facit</strong></span> <span class='ocrx_word' id='word_1_22' title='bbox 446 867 711 935; x_wconf 83' lang='lat' dir='ltr'><strong>exemplo.</strong></span> <span class='ocrx_word' id='word_1_23' title='bbox 737 865 866 918; x_wconf 92' lang='lat' dir='ltr'><strong>Nam</strong></span> <span class='ocrx_word' id='word_1_24' title='bbox 893 865 1098 932; x_wconf 90' lang='lat' dir='ltr'><strong>quoties</strong></span> <span class='ocrx_word' id='word_1_25' title='bbox 1129 864 1216 916; x_wconf 90' lang='lat' dir='ltr'><strong>tibi</strong></span> <span class='ocrx_word' id='word_1_26' title='bbox 1247 864 1442 927; x_wconf 82' lang='lat' dir='ltr'><strong>scribo,</strong></span> <span class='ocrx_word' id='word_1_27' title='bbox 1473 878 1537 917; x_wconf 79' lang='lat' dir='ltr'><strong>ex</strong></span> <span class='ocrx_word' id='word_1_28' title='bbox 1559 879 1680 917; x_wconf 77' lang='lat' dir='ltr'><strong>seu-</strong></span> 
     </span>
    </p>
   </div>
   <div class='ocr_carea' id='block_1_7' title="bbox 161 954 1682 1022">
    <p class='ocr_par' dir='ltr' id='par_1_7' title="bbox 161 954 1682 1022">
     <span class='ocr_line' id='line_1_7' title="bbox 161 954 1682 1022; baseline -0.008 -2"><span class='ocrx_word' id='word_1_29' title='bbox 161 967 295 1020; x_wconf 82' lang='lat' dir='ltr'><strong>tentia</strong></span> <span class='ocrx_word' id='word_1_30' title='bbox 321 978 438 1016; x_wconf 85' lang='lat' dir='ltr'><strong>usus</strong></span> <span class='ocrx_word' id='word_1_31' title='bbox 465 959 746 1013; x_wconf 78' lang='lat' dir='ltr'><strong>verborum</strong></span> <span class='ocrx_word' id='word_1_32' title='bbox 775 957 1027 1022; x_wconf 91' lang='lat' dir='ltr'><strong>suppetit,</strong></span> <span class='ocrx_word' id='word_1_33' title='bbox 1061 970 1286 1022; x_wconf 90' lang='lat' dir='ltr'><strong>quorum</strong></span> <span class='ocrx_word' id='word_1_34' title='bbox 1311 954 1443 1008; x_wconf 77' lang='lat' dir='ltr'><strong>alias</strong></span> <span class='ocrx_word' id='word_1_35' title='bbox 1471 955 1682 1022; x_wconf 75' lang='lat' dir='ltr'><strong>suppel-</strong></span> 
     </span>
    </p>
   </div>
   <div class='ocr_carea' id='block_1_8' title="bbox 161 1045 1683 1114">
    <p class='ocr_par' dir='ltr' id='par_1_8' title="bbox 161 1045 1683 1114">
     <span class='ocr_line' id='line_1_8' title="bbox 161 1045 1683 1114; baseline -0.008 -6"><span class='ocrx_word' id='word_1_36' title='bbox 161 1057 230 1108; x_wconf 85' lang='lat' dir='ltr'><strong>lex</strong></span> <span class='ocrx_word' id='word_1_37' title='bbox 253 1054 366 1106; x_wconf 87' lang='lat' dir='ltr'><strong>mihi</strong></span> <span class='ocrx_word' id='word_1_38' title='bbox 391 1051 542 1104; x_wconf 89' lang='lat' dir='ltr'><strong>desit.</strong></span> <span class='ocrx_word' id='word_1_39' title='bbox 575 1048 784 1114; x_wconf 86' lang='lat' dir='ltr'><strong>Quippe</strong></span> <span class='ocrx_word' id='word_1_40' title='bbox 815 1045 993 1097; x_wconf 69' lang='lat' dir='ltr'><strong>laetitia</strong></span> <span class='ocrx_word' id='word_1_41' title='bbox 1032 1045 1222 1111; x_wconf 81' lang='lat' dir='ltr'><strong>loquax</strong></span> <span class='ocrx_word' id='word_1_42' title='bbox 1265 1056 1350 1097; x_wconf 84' lang='lat' dir='ltr'><strong>res</strong></span> <span class='ocrx_word' id='word_1_43' title='bbox 1377 1053 1486 1109; x_wconf 84' lang='lat' dir='ltr'><strong>est,</strong></span> <span class='ocrx_word' id='word_1_44' title='bbox 1522 1051 1683 1110; x_wconf 74' lang='lat' dir='ltr'><strong>atque</strong></span> 
     </span>
    </p>
   </div>
   <div class='ocr_carea' id='block_1_9' title="bbox 162 1130 1683 1202">
    <p class='ocr_par' dir='ltr' id='par_1_9' title="bbox 162 1130 1683 1202">
     <span class='ocr_line' id='line_1_9' title="bbox 162 1130 1683 1202; baseline -0.007 -4"><span class='ocrx_word' id='word_1_45' title='bbox 162 1142 434 1198; x_wconf 69' lang='lat' dir='ltr'><strong>ostentatrix</strong></span> <span class='ocrx_word' id='word_1_46' title='bbox 459 1141 538 1192; x_wconf 85' lang='lat' dir='ltr'><strong>sui</strong></span> <span class='ocrx_word' id='word_1_47' title='bbox 574 1157 585 1189; x_wconf 96' lang='lat'>:</span> <span class='ocrx_word' id='word_1_48' title='bbox 612 1138 745 1190; x_wconf 88' lang='lat' dir='ltr'><strong>adeo</strong></span> <span class='ocrx_word' id='word_1_49' title='bbox 779 1149 980 1202; x_wconf 70' lang='lat' dir='ltr'><strong>magna:</strong></span> <span class='ocrx_word' id='word_1_50' title='bbox 1011 1135 1142 1202; x_wconf 84' lang='lat' dir='ltr'><strong>parti</strong></span> <span class='ocrx_word' id='word_1_51' title='bbox 1179 1134 1453 1186; x_wconf 83' lang='lat' dir='ltr'><strong>hominum</strong></span> <span class='ocrx_word' id='word_1_52' title='bbox 1483 1131 1551 1185; x_wconf 84' lang='lat' dir='ltr'><strong>ab</strong></span> <span class='ocrx_word' id='word_1_53' title='bbox 1581 1130 1683 1187; x_wconf 84' lang='lat' dir='ltr'><strong>hoc</strong></span> 
     </span>
    </p>
   </div>
   <div class='ocr_carea' id='block_1_10' title="bbox 168 1222 1683 1292">
    <p class='ocr_par' dir='ltr' id='par_1_10' title="bbox 168 1222 1683 1292">
     <span class='ocr_line' id='line_1_10' title="bbox 168 1222 1683 1292; baseline -0.009 -4"><span class='ocrx_word' id='word_1_54' title='bbox 168 1235 322 1288; x_wconf 81' lang='lat' dir='ltr'><strong>morbo</strong></span> <span class='ocrx_word' id='word_1_55' title='bbox 351 1231 478 1284; x_wconf 90' lang='lat' dir='ltr'><strong>nulla</strong></span> <span class='ocrx_word' id='word_1_56' title='bbox 510 1228 686 1282; x_wconf 87' lang='lat' dir='ltr'><strong>cautio</strong></span> <span class='ocrx_word' id='word_1_57' title='bbox 714 1235 815 1281; x_wconf 90' lang='lat' dir='ltr'><strong>est.</strong></span> <span class='ocrx_word' id='word_1_58' title='bbox 849 1226 1030 1279; x_wconf 86' lang='lat' dir='ltr'><strong>Patere</strong></span> <span class='ocrx_word' id='word_1_59' title='bbox 1054 1224 1231 1292; x_wconf 82' lang='lat' dir='ltr'><strong>igitur,</strong></span> <span class='ocrx_word' id='word_1_60' title='bbox 1265 1238 1384 1291; x_wconf 75' lang='lat' dir='ltr'><strong>qua:</strong></span> <span class='ocrx_word' id='word_1_61' title='bbox 1411 1222 1474 1275; x_wconf 89' lang='lat' dir='ltr'><strong>ad</strong></span> <span class='ocrx_word' id='word_1_62' title='bbox 1503 1222 1683 1276; x_wconf 85' lang='lat' dir='ltr'><strong>laudes</strong></span> 
     </span>
    </p>
   </div>
   <div class='ocr_carea' id='block_1_11' title="bbox 171 1313 1684 1392">
    <p class='ocr_par' dir='ltr' id='par_1_11' title="bbox 171 1313 1684 1392">
     <span class='ocr_line' id='line_1_11' title="bbox 171 1313 1684 1392; baseline -0.009 -14"><span class='ocrx_word' id='word_1_63' title='bbox 171 1338 264 1378; x_wconf 86' lang='lat' dir='ltr'><strong>tuas</strong></span> <span class='ocrx_word' id='word_1_64' title='bbox 287 1324 554 1392; x_wconf 83' lang='lat' dir='ltr'><strong>pertinent,</strong></span> <span class='ocrx_word' id='word_1_65' title='bbox 586 1321 982 1388; x_wconf 88' lang='lat' dir='ltr'><strong>obloquentem,</strong></span> <span class='ocrx_word' id='word_1_66' title='bbox 1015 1318 1093 1368; x_wconf 86' lang='lat' dir='ltr'><strong>vir</strong></span> <span class='ocrx_word' id='word_1_67' title='bbox 1117 1326 1371 1383; x_wconf 90' lang='lat' dir='ltr'><strong>quantum</strong></span> <span class='ocrx_word' id='word_1_68' title='bbox 1401 1321 1485 1367; x_wconf 82' lang='lat' dir='ltr'><strong>est</strong></span> <span class='ocrx_word' id='word_1_69' title='bbox 1516 1313 1684 1366; x_wconf 85' lang='lat' dir='ltr'><strong>homi-</strong></span> 
     </span>
    </p>
   </div>
   <div class='ocr_carea' id='block_1_12' title="bbox 168 1401 1682 1479">
    <p class='ocr_par' dir='ltr' id='par_1_12' title="bbox 168 1401 1682 1479">
     <span class='ocr_line' id='line_1_12' title="bbox 168 1401 1682 1479; baseline -0.009 -11"><span class='ocrx_word' id='word_1_70' title='bbox 168 1433 267 1468; x_wconf 83' lang='lat' dir='ltr'><strong>num</strong></span> <span class='ocrx_word' id='word_1_71' title='bbox 295 1415 340 1468; x_wconf 89' lang='lat' dir='ltr'><strong>in</strong></span> <span class='ocrx_word' id='word_1_72' title='bbox 367 1413 510 1465; x_wconf 89' lang='lat' dir='ltr'><strong>terris</strong></span> <span class='ocrx_word' id='word_1_73' title='bbox 557 1409 974 1479; x_wconf 81' lang='lat' dir='ltr'><strong>spectatissime;</strong></span> <span class='ocrx_word' id='word_1_74' title='bbox 1020 1408 1107 1474; x_wconf 91' lang='lat' dir='ltr'><strong>qui</strong></span> <span class='ocrx_word' id='word_1_75' title='bbox 1131 1448 1138 1455; x_wconf 96' lang='lat'><strong>.</strong></span> <span class='ocrx_word' id='word_1_76' title='bbox 1163 1421 1225 1459; x_wconf 90' lang='lat' dir='ltr'><strong>ex</strong></span> <span class='ocrx_word' id='word_1_77' title='bbox 1268 1405 1488 1458; x_wconf 89' lang='lat' dir='ltr'><strong>summis</strong></span> <span class='ocrx_word' id='word_1_78' title='bbox 1516 1401 1682 1472; x_wconf 77' lang='lat' dir='ltr'><strong>cOpiis</strong></span> 
     </span>
    </p>
   </div>
   <div class='ocr_carea' id='block_1_13' title="bbox 171 1493 1683 1572">
    <p class='ocr_par' dir='ltr' id='par_1_13' title="bbox 171 1493 1683 1572">
     <span class='ocr_line' id='line_1_13' title="bbox 171 1493 1683 1572; baseline -0.007 -19"><span class='ocrx_word' id='word_1_79' title='bbox 171 1506 360 1572; x_wconf 75' lang='lat' dir='ltr'><strong>ugiliam</strong></span> <span class='ocrx_word' id='word_1_80' title='bbox 389 1518 477 1571; x_wconf 90' lang='lat' dir='ltr'><strong>pro</strong></span> <span class='ocrx_word' id='word_1_81' title='bbox 502 1502 634 1554; x_wconf 86' lang='lat' dir='ltr'><strong>meis</strong></span> <span class='ocrx_word' id='word_1_82' title='bbox 661 1500 823 1552; x_wconf 90' lang='lat' dir='ltr'><strong>rebus</strong></span> <span class='ocrx_word' id='word_1_83' title='bbox 857 1496 1139 1557; x_wconf 89' lang='lat' dir='ltr'><strong>anniteris,</strong></span> <span class='ocrx_word' id='word_1_84' title='bbox 1178 1505 1231 1547; x_wconf 91' lang='lat' dir='ltr'><strong>et</strong></span> <span class='ocrx_word' id='word_1_85' title='bbox 1257 1493 1540 1547; x_wconf 85' lang='lat' dir='ltr'><strong>amicitiam</strong></span> <span class='ocrx_word' id='word_1_86' title='bbox 1576 1501 1683 1545; x_wconf 82' lang='lat' dir='ltr'><strong>sta-</strong></span> 
     </span>
    </p>
   </div>
   <div class='ocr_carea' id='block_1_14' title="bbox 173 1583 1680 1659">
    <p class='ocr_par' dir='ltr' id='par_1_14' title="bbox 173 1583 1680 1659">
     <span class='ocr_line' id='line_1_14' title="bbox 173 1583 1680 1659; baseline -0.009 -12"><span class='ocrx_word' id='word_1_87' title='bbox 173 1597 240 1646; x_wconf 75' lang='lat' dir='ltr'><strong>luit</strong></span> <span class='ocrx_word' id='word_1_88' title='bbox 265 1590 508 1659; x_wconf 75' lang='lat' dir='ltr'><strong>diligentia</strong></span> <span class='ocrx_word' id='word_1_89' title='bbox 541 1603 869 1658; x_wconf 81' lang='lat' dir='ltr'><strong>perseveras.</strong></span> <span class='ocrx_word' id='word_1_90' title='bbox 897 1585 952 1639; x_wconf 89' lang='lat' dir='ltr'><strong>Si</strong></span> <span class='ocrx_word' id='word_1_91' title='bbox 980 1585 1111 1638; x_wconf 89' lang='lat' dir='ltr'><strong>fides</strong></span> <span class='ocrx_word' id='word_1_92' title='bbox 1141 1586 1277 1638; x_wconf 86' lang='lat' dir='ltr'><strong>seria</strong></span> <span class='ocrx_word' id='word_1_93' title='bbox 1303 1585 1544 1651; x_wconf 88' lang='lat' dir='ltr'><strong>cuiquam</strong></span> <span class='ocrx_word' id='word_1_94' title='bbox 1565 1583 1680 1648; x_wconf 89' lang='lat' dir='ltr'><strong>fuit,</strong></span> 
     </span>
    </p>
   </div>
   <div class='ocr_carea' id='block_1_15' title="bbox 175 1674 1683 1750">
    <p class='ocr_par' dir='ltr' id='par_1_15' title="bbox 175 1674 1683 1750">
     <span class='ocr_line' id='line_1_15' title="bbox 175 1674 1683 1750; baseline -0.005 -18"><span class='ocrx_word' id='word_1_95' title='bbox 175 1684 244 1735; x_wconf 72' lang='grc' dir='ltr'><strong>ιὶξιὶ</strong></span> <span class='ocrx_word' id='word_1_96' title='bbox 274 1693 384 1750; x_wconf 91' lang='lat' dir='ltr'><strong>puto</strong></span> <span class='ocrx_word' id='word_1_97' title='bbox 407 1696 549 1734; x_wconf 85' lang='lat' dir='ltr'><strong>esse:</strong></span> <span class='ocrx_word' id='word_1_98' title='bbox 570 1692 725 1746; x_wconf 88' lang='lat' dir='ltr'><strong>quam</strong></span> <span class='ocrx_word' id='word_1_99' title='bbox 753 1676 989 1746; x_wconf 87' lang='lat' dir='ltr'><strong>plerique</strong></span> <span class='ocrx_word' id='word_1_100' title='bbox 1013 1674 1172 1728; x_wconf 75' lang='lat' dir='ltr'><strong>verbo</strong></span> <span class='ocrx_word' id='word_1_101' title='bbox 1202 1681 1492 1735; x_wconf 86' lang='lat' dir='ltr'><strong>ostentant,</strong></span> <span class='ocrx_word' id='word_1_102' title='bbox 1522 1685 1683 1739; x_wconf 88' lang='lat' dir='ltr'><strong>opere</strong></span> 
     </span>
    </p>
   </div>
   <div class='ocr_carea' id='block_1_16' title="bbox 173 1763 1681 1839">
    <p class='ocr_par' dir='ltr' id='par_1_16' title="bbox 173 1763 1681 1839">
     <span class='ocr_line' id='line_1_16' title="bbox 173 1763 1681 1839; baseline -0.009 -13"><span class='ocrx_word' id='word_1_103' title='bbox 173 1776 378 1826; x_wconf 76' lang='lat' dir='ltr'><strong>deserunt</strong></span> <span class='ocrx_word' id='word_1_104' title='bbox 406 1791 417 1823; x_wconf 89' lang='lat'><strong>:</strong></span> <span class='ocrx_word' id='word_1_105' title='bbox 444 1771 576 1839; x_wconf 88' lang='lat' dir='ltr'><strong>quod</strong></span> <span class='ocrx_word' id='word_1_106' title='bbox 610 1782 773 1837; x_wconf 85' lang='lat' dir='ltr'><strong>genus</strong></span> <span class='ocrx_word' id='word_1_107' title='bbox 815 1769 938 1820; x_wconf 86' lang='lat' dir='ltr'><strong>nulli</strong></span> <span class='ocrx_word' id='word_1_108' title='bbox 967 1766 1044 1820; x_wconf 87' lang='lat' dir='ltr'><strong>rei</strong></span> <span class='ocrx_word' id='word_1_109' title='bbox 1080 1773 1181 1826; x_wconf 81' lang='lat' dir='ltr'><strong>est,</strong></span> <span class='ocrx_word' id='word_1_110' title='bbox 1231 1764 1329 1817; x_wconf 88' lang='lat' dir='ltr'><strong>nisi</strong></span> <span class='ocrx_word' id='word_1_111' title='bbox 1369 1763 1434 1816; x_wconf 90' lang='lat' dir='ltr'><strong>ad</strong></span> <span class='ocrx_word' id='word_1_112' title='bbox 1460 1763 1681 1828; x_wconf 74' lang='lat' dir='ltr'><strong>IOtlueH&#39;</strong></span> 
     </span>
    </p>
   </div>
   <div class='ocr_carea' id='block_1_17' title="bbox 1314 387 2107 446">
    <p class='ocr_par' dir='ltr' id='par_1_17' title="bbox 1314 387 2107 446">
     <span class='ocr_line' id='line_1_17' title="bbox 1314 387 2107 446; baseline 0.003 -4"><span class='ocrx_word' id='word_1_113' title='bbox 1314 387 1791 445; x_wconf 76' lang='lat' dir='ltr'><strong>EPISTOLARUM</strong></span> <span class='ocrx_word' id='word_1_114' title='bbox 1830 390 2031 444; x_wconf 79' lang='lat' dir='ltr'><strong>LIBER</strong></span> <span class='ocrx_word' id='word_1_115' title='bbox 2068 391 2107 446; x_wconf 91' lang='lat' dir='ltr'><strong>I.</strong></span> 
     </span>
    </p>
   </div>
   <div class='ocr_carea' id='block_1_18' title="bbox 1701 504 3334 572">
    <p class='ocr_par' dir='ltr' id='par_1_18' title="bbox 1701 504 3334 572">
     <span class='ocr_line' id='line_1_18' title="bbox 1701 504 3334 572; baseline 0.001 -15"><span class='ocrx_word' id='word_1_116' title='bbox 1701 510 1750 567; x_wconf 79' lang='grc' dir='ltr'><strong>Α</strong></span> <span class='ocrx_word' id='word_1_117' title='bbox 1781 504 1883 558; x_wconf 86' lang='lat' dir='ltr'><strong>fide</strong></span> <span class='ocrx_word' id='word_1_118' title='bbox 1910 514 1963 559; x_wconf 90' lang='lat' dir='ltr'><strong>et</strong></span> <span class='ocrx_word' id='word_1_119' title='bbox 1992 506 2279 560; x_wconf 82' lang='lat' dir='ltr'><strong>sedulitate</strong></span> <span class='ocrx_word' id='word_1_120' title='bbox 2308 506 2532 572; x_wconf 62' lang='lat' dir='ltr'><strong>militiae,</strong></span> <span class='ocrx_word' id='word_1_121' title='bbox 2557 515 2797 562; x_wconf 87' lang='lat' dir='ltr'><strong>sanctum</strong></span> <span class='ocrx_word' id='word_1_122' title='bbox 2821 507 3082 560; x_wconf 76' lang='lat' dir='ltr'><strong>Victorem</strong></span> <span class='ocrx_word' id='word_1_123' title='bbox 3110 505 3334 558; x_wconf 88' lang='lat' dir='ltr'><strong>amicum</strong></span> 
     </span>
    </p>
   </div>
   <div class='ocr_carea' id='block_1_19' title="bbox 3237 396 3330 445">
    <p class='ocr_par' dir='ltr' id='par_1_19' title="bbox 3237 396 3330 445">
     <span class='ocr_line' id='line_1_19' title="bbox 3237 396 3330 445; baseline -0.032 0"><span class='ocrx_word' id='word_1_124' title='bbox 3237 396 3330 445; x_wconf 67' lang='grc'><strong>169.</strong></span> 
     </span>
    </p>
   </div>
   <div class='ocr_carea' id='block_1_20' title="bbox 1781 595 3334 662">
    <p class='ocr_par' dir='ltr' id='par_1_20' title="bbox 1781 595 3334 662">
     <span class='ocr_line' id='line_1_20' title="bbox 1781 595 3334 662; baseline 0.001 -16"><span class='ocrx_word' id='word_1_125' title='bbox 1781 608 1954 646; x_wconf 89' lang='lat' dir='ltr'><strong>meum</strong></span> <span class='ocrx_word' id='word_1_126' title='bbox 1979 604 2252 660; x_wconf 89' lang='lat' dir='ltr'><strong>promptus</strong></span> <span class='ocrx_word' id='word_1_127' title='bbox 2272 596 2674 649; x_wconf 83' lang='lat' dir='ltr'><strong>commendator</strong></span> <span class='ocrx_word' id='word_1_128' title='bbox 2698 597 2929 657; x_wconf 89' lang='lat' dir='ltr'><strong>insinuo,</strong></span> <span class='ocrx_word' id='word_1_129' title='bbox 2962 610 3117 662; x_wconf 86' lang='lat' dir='ltr'><strong>quem</strong></span> <span class='ocrx_word' id='word_1_130' title='bbox 3148 595 3209 646; x_wconf 88' lang='lat' dir='ltr'><strong>ad</strong></span> <span class='ocrx_word' id='word_1_131' title='bbox 3237 597 3334 648; x_wconf 90' lang='lat' dir='ltr'><strong>hoc</strong></span> 
     </span>
    </p>
   </div>
   <div class='ocr_carea' id='block_1_21' title="bbox 1781 683 3334 752">
    <p class='ocr_par' dir='ltr' id='par_1_21' title="bbox 1781 683 3334 752">
     <span class='ocr_line' id='line_1_21' title="bbox 1781 683 3334 752; baseline 0.001 -16"><span class='ocrx_word' id='word_1_132' title='bbox 1781 685 1876 736; x_wconf 67' lang='lat' dir='ltr'><strong>crvi</strong></span> <span class='ocrx_word' id='word_1_133' title='bbox 1913 685 2052 736; x_wconf 91' lang='lat' dir='ltr'><strong>nulla</strong></span> <span class='ocrx_word' id='word_1_134' title='bbox 2090 691 2302 737; x_wconf 89' lang='lat' dir='ltr'><strong>actuum</strong></span> <span class='ocrx_word' id='word_1_135' title='bbox 2333 685 2486 752; x_wconf 90' lang='lat' dir='ltr'><strong>culpa</strong></span> <span class='ocrx_word' id='word_1_136' title='bbox 2512 683 2766 747; x_wconf 87' lang='lat' dir='ltr'><strong>fuscavit;</strong></span> <span class='ocrx_word' id='word_1_137' title='bbox 2798 686 2888 738; x_wconf 87' lang='lat' dir='ltr'><strong>sed</strong></span> <span class='ocrx_word' id='word_1_138' title='bbox 2923 687 3144 738; x_wconf 61' lang='lat' dir='ltr'><strong>fortuna:</strong></span> <span class='ocrx_word' id='word_1_139' title='bbox 3171 685 3334 737; x_wconf 88' lang='lat' dir='ltr'><strong>licen-</strong></span> 
     </span>
    </p>
   </div>
   <div class='ocr_carea' id='block_1_22' title="bbox 1781 774 3334 842">
    <p class='ocr_par' dir='ltr' id='par_1_22' title="bbox 1781 774 3334 842">
     <span class='ocr_line' id='line_1_22' title="bbox 1781 774 3334 842; baseline 0.001 -17"><span class='ocrx_word' id='word_1_140' title='bbox 1781 775 1848 825; x_wconf 90' lang='lat' dir='ltr'><strong>tia</strong></span> <span class='ocrx_word' id='word_1_141' title='bbox 1872 774 2154 840; x_wconf 86' lang='lat' dir='ltr'><strong>(interdum</strong></span> <span class='ocrx_word' id='word_1_142' title='bbox 2175 775 2402 841; x_wconf 88' lang='lat' dir='ltr'><strong>optimos</strong></span> <span class='ocrx_word' id='word_1_143' title='bbox 2423 774 2760 842; x_wconf 86' lang='lat' dir='ltr'><strong>decolorans)</strong></span> <span class='ocrx_word' id='word_1_144' title='bbox 2791 788 2914 840; x_wconf 84' lang='lat' dir='ltr'><strong>spes</strong></span> <span class='ocrx_word' id='word_1_145' title='bbox 2938 775 3049 840; x_wconf 82' lang='lat' dir='ltr'><strong>ejus</strong></span> <span class='ocrx_word' id='word_1_146' title='bbox 3073 774 3334 838; x_wconf 71' lang='lat' dir='ltr'><strong>paulisper</strong></span> 
     </span>
    </p>
   </div>
   <div class='ocr_carea' id='block_1_23' title="bbox 1779 853 3336 933">
    <p class='ocr_par' dir='ltr' id='par_1_23' title="bbox 1779 853 3336 933">
     <span class='ocr_line' id='line_1_23' title="bbox 1779 853 3336 933; baseline -0.001 -16"><span class='ocrx_word' id='word_1_147' title='bbox 1779 863 2011 930; x_wconf 82' lang='lat' dir='ltr'><strong>infregit,</strong></span> <span class='ocrx_word' id='word_1_148' title='bbox 2039 880 2169 932; x_wconf 86' lang='lat' dir='ltr'><strong>quas</strong></span> <span class='ocrx_word' id='word_1_149' title='bbox 2193 868 2244 917; x_wconf 93' lang='lat' dir='ltr'><strong>in</strong></span> <span class='ocrx_word' id='word_1_150' title='bbox 2277 866 2534 933; x_wconf 87' lang='lat' dir='ltr'><strong>integrum</strong></span> <span class='ocrx_word' id='word_1_151' title='bbox 2564 868 2741 919; x_wconf 64' lang='lat' dir='ltr'><strong>saeculi</strong></span> <span class='ocrx_word' id='word_1_152' title='bbox 2775 853 3044 919; x_wconf 83' lang='lat' dir='ltr'><strong>beatitudo</strong></span> <span class='ocrx_word' id='word_1_153' title='bbox 3073 866 3336 922; x_wconf 77' lang='lat' dir='ltr'><strong>restituet.</strong></span> 
     </span>
    </p>
   </div>
   <div class='ocr_carea' id='block_1_24' title="bbox 1781 951 3334 1023">
    <p class='ocr_par' dir='ltr' id='par_1_24' title="bbox 1781 951 3334 1023">
     <span class='ocr_line' id='line_1_24' title="bbox 1781 951 3334 1023; baseline -0.001 -19"><span class='ocrx_word' id='word_1_154' title='bbox 1781 955 1824 1005; x_wconf 97' lang='lat' dir='ltr'><strong>si</strong></span> <span class='ocrx_word' id='word_1_155' title='bbox 1856 953 2208 1008; x_wconf 78' lang='lat' dir='ltr'><strong>innocentiam</strong></span> <span class='ocrx_word' id='word_1_156' title='bbox 2237 955 2490 1023; x_wconf 77' lang='lat' dir='ltr'><strong>supplicis</strong></span> <span class='ocrx_word' id='word_1_157' title='bbox 2534 954 2768 1009; x_wconf 82' lang='lat' dir='ltr'><strong>secundo</strong></span> <span class='ocrx_word' id='word_1_158' title='bbox 2800 954 2977 1006; x_wconf 79' lang='lat' dir='ltr'><strong>favore</strong></span> <span class='ocrx_word' id='word_1_159' title='bbox 3008 951 3334 1022; x_wconf 76' lang='lat' dir='ltr'><strong>respexeris.</strong></span> 
     </span>
    </p>
   </div>
   <div class='ocr_carea' id='block_1_25' title="bbox 1786 1042 1931 1096">
    <p class='ocr_par' dir='ltr' id='par_1_25' title="bbox 1786 1042 1931 1096">
     <span class='ocr_line' id='line_1_25' title="bbox 1786 1042 1931 1096; baseline -0.014 0"><span class='ocrx_word' id='word_1_160' title='bbox 1786 1042 1931 1096; x_wconf 69' lang='lat' dir='ltr'><strong>Vale.</strong></span> 
     </span>
    </p>
   </div>
   <div class='ocr_carea' id='block_1_26' title="bbox 2374 1110 2750 1168">
    <p class='ocr_par' dir='ltr' id='par_1_26' title="bbox 2374 1110 2750 1168">
     <span class='ocr_line' id='line_1_26' title="bbox 2374 1110 2750 1168; baseline -0.005 -3"><span class='ocrx_word' id='word_1_161' title='bbox 2374 1110 2587 1168; x_wconf 79' lang='lat' dir='ltr'><strong>EPIST.</strong></span> <span class='ocrx_word' id='word_1_162' title='bbox 2616 1113 2750 1166; x_wconf 89' lang='lat' dir='ltr'><strong>XLI.</strong></span> 
     </span>
    </p>
   </div>
   <div class='ocr_carea' id='block_1_27' title="bbox 2268 1213 2834 1254">
    <p class='ocr_par' dir='ltr' id='par_1_27' title="bbox 2268 1213 2834 1254">
     <span class='ocr_line' id='line_1_27' title="bbox 2268 1213 2834 1254; baseline -0.004 0"><span class='ocrx_word' id='word_1_163' title='bbox 2268 1213 2572 1254; x_wconf 68' lang='lat' dir='ltr'><strong>SYIMACIIUI</strong></span> <span class='ocrx_word' id='word_1_164' title='bbox 2597 1215 2834 1254; x_wconf 69' lang='grc' dir='ltr'><strong>Δυεοκιο.</strong></span> 
     </span>
    </p>
   </div>
   <div class='ocr_carea' id='block_1_28' title="bbox 1857 1310 3340 1378">
    <p class='ocr_par' dir='ltr' id='par_1_28' title="bbox 1857 1310 3340 1378">
     <span class='ocr_line' id='line_1_28' title="bbox 1857 1310 3340 1378; baseline -0.003 -12"><span class='ocrx_word' id='word_1_165' title='bbox 1857 1313 2016 1366; x_wconf 83' lang='lat' dir='ltr'><strong>Facio</strong></span> <span class='ocrx_word' id='word_1_166' title='bbox 2055 1328 2190 1377; x_wconf 90' lang='lat' dir='ltr'><strong>rem,</strong></span> <span class='ocrx_word' id='word_1_167' title='bbox 2234 1328 2353 1366; x_wconf 91' lang='lat' dir='ltr'><strong>cum</strong></span> <span class='ocrx_word' id='word_1_168' title='bbox 2397 1315 2498 1366; x_wconf 89' lang='lat' dir='ltr'><strong>tuis</strong></span> <span class='ocrx_word' id='word_1_169' title='bbox 2545 1316 2797 1378; x_wconf 83' lang='lat' dir='ltr'><strong>moribus,</strong></span> <span class='ocrx_word' id='word_1_170' title='bbox 2853 1322 2962 1366; x_wconf 88' lang='lat' dir='ltr'><strong>tum</strong></span> <span class='ocrx_word' id='word_1_171' title='bbox 3006 1326 3122 1365; x_wconf 91' lang='lat' dir='ltr'><strong>meo</strong></span> <span class='ocrx_word' id='word_1_172' title='bbox 3169 1310 3340 1364; x_wconf 88' lang='lat' dir='ltr'><strong>studio</strong></span> 
     </span>
    </p>
   </div>
   <div class='ocr_carea' id='block_1_29' title="bbox 1783 1397 3341 1469">
    <p class='ocr_par' dir='ltr' id='par_1_29' title="bbox 1783 1397 3341 1469">
     <span class='ocr_line' id='line_1_29' title="bbox 1783 1397 3341 1469; baseline -0.001 -13"><span class='ocrx_word' id='word_1_173' title='bbox 1783 1413 2181 1469; x_wconf 80' lang='lat' dir='ltr'><strong>eongrttentem,</strong></span> <span class='ocrx_word' id='word_1_174' title='bbox 2202 1412 2257 1454; x_wconf 90' lang='lat' dir='ltr'><strong>ut</strong></span> <span class='ocrx_word' id='word_1_175' title='bbox 2278 1402 2717 1469; x_wconf 67' lang='lat' dir='ltr'><strong>prmsmntissimo</strong></span> <span class='ocrx_word' id='word_1_176' title='bbox 2740 1404 2852 1456; x_wconf 86' lang='lat' dir='ltr'><strong>viro</strong></span> <span class='ocrx_word' id='word_1_177' title='bbox 2878 1402 3133 1454; x_wconf 78' lang='lat' dir='ltr'><strong>amicitias</strong></span> <span class='ocrx_word' id='word_1_178' title='bbox 3159 1397 3341 1467; x_wconf 86' lang='lat' dir='ltr'><strong>optimi</strong></span> 
     </span>
    </p>
   </div>
   <div class='ocr_carea' id='block_1_30' title="bbox 1783 1489 3342 1559">
    <p class='ocr_par' dir='ltr' id='par_1_30' title="bbox 1783 1489 3342 1559">
     <span class='ocr_line' id='line_1_30' title="bbox 1783 1489 3342 1559; baseline -0.004 -13"><span class='ocrx_word' id='word_1_179' title='bbox 1783 1494 2037 1559; x_wconf 82' lang='lat' dir='ltr'><strong>cujusque</strong></span> <span class='ocrx_word' id='word_1_180' title='bbox 2075 1493 2354 1546; x_wconf 87' lang='lat' dir='ltr'><strong>conciliem</strong></span> <span class='ocrx_word' id='word_1_181' title='bbox 2387 1508 2401 1544; x_wconf 88' lang='lat'><strong>:</strong></span> <span class='ocrx_word' id='word_1_182' title='bbox 2437 1493 2579 1546; x_wconf 85' lang='lat' dir='ltr'><strong>velut</strong></span> <span class='ocrx_word' id='word_1_183' title='bbox 2629 1508 2766 1545; x_wconf 91' lang='lat' dir='ltr'><strong>nunc</strong></span> <span class='ocrx_word' id='word_1_184' title='bbox 2795 1492 2885 1544; x_wconf 85' lang='lat' dir='ltr'><strong>tibi</strong></span> <span class='ocrx_word' id='word_1_185' title='bbox 2932 1505 2961 1543; x_wconf 87' lang='lat' dir='ltr'><strong>a</strong></span> <span class='ocrx_word' id='word_1_186' title='bbox 3003 1506 3086 1543; x_wconf 92' lang='lat' dir='ltr'><strong>me</strong></span> <span class='ocrx_word' id='word_1_187' title='bbox 3121 1489 3342 1542; x_wconf 88' lang='lat' dir='ltr'><strong>traditur</strong></span> 
     </span>
    </p>
   </div>
   <div class='ocr_carea' id='block_1_31' title="bbox 1785 1580 3341 1650">
    <p class='ocr_par' dir='ltr' id='par_1_31' title="bbox 1785 1580 3341 1650">
     <span class='ocr_line' id='line_1_31' title="bbox 1785 1580 3341 1650; baseline -0.001 -18"><span class='ocrx_word' id='word_1_188' title='bbox 1785 1581 2133 1649; x_wconf 72' lang='lat' dir='ltr'><strong>philosophia:</strong></span> <span class='ocrx_word' id='word_1_189' title='bbox 2163 1581 2510 1643; x_wconf 84' lang='lat' dir='ltr'><strong>candidatus;</strong></span> <span class='ocrx_word' id='word_1_190' title='bbox 2538 1582 2690 1649; x_wconf 89' lang='lat' dir='ltr'><strong>cujus</strong></span> <span class='ocrx_word' id='word_1_191' title='bbox 2740 1581 3016 1650; x_wconf 85' lang='lat' dir='ltr'><strong>pudorem,</strong></span> <span class='ocrx_word' id='word_1_192' title='bbox 3049 1581 3131 1633; x_wconf 91' lang='lat' dir='ltr'><strong>vel</strong></span> <span class='ocrx_word' id='word_1_193' title='bbox 3176 1580 3341 1647; x_wconf 85' lang='lat' dir='ltr'><strong>prima</strong></span> 
     </span>
    </p>
   </div>
   <div class='ocr_carea' id='block_1_32' title="bbox 1784 1669 3347 1739">
    <p class='ocr_par' dir='ltr' id='par_1_32' title="bbox 1784 1669 3347 1739">
     <span class='ocr_line' id='line_1_32' title="bbox 1784 1669 3347 1739; baseline -0.002 -17"><span class='ocrx_word' id='word_1_194' title='bbox 1784 1672 1980 1733; x_wconf 87' lang='lat' dir='ltr'><strong>facies;</strong></span> <span class='ocrx_word' id='word_1_195' title='bbox 2014 1682 2202 1722; x_wconf 64' lang='lat' dir='ltr'><strong>cratera</strong></span> <span class='ocrx_word' id='word_1_196' title='bbox 2235 1672 2368 1723; x_wconf 90' lang='lat' dir='ltr'><strong>bona</strong></span> <span class='ocrx_word' id='word_1_197' title='bbox 2407 1671 2593 1739; x_wconf 83' lang='lat' dir='ltr'><strong>longus</strong></span> <span class='ocrx_word' id='word_1_198' title='bbox 2620 1688 2746 1723; x_wconf 89' lang='lat' dir='ltr'><strong>usus</strong></span> <span class='ocrx_word' id='word_1_199' title='bbox 2773 1672 3036 1738; x_wconf 81' lang='lat' dir='ltr'><strong>expediet.</strong></span> <span class='ocrx_word' id='word_1_200' title='bbox 3078 1669 3226 1722; x_wconf 88' lang='lat' dir='ltr'><strong>IIune</strong></span> <span class='ocrx_word' id='word_1_201' title='bbox 3247 1683 3347 1736; x_wconf 83' lang='lat' dir='ltr'><strong>ego</strong></span> 
     </span>
    </p>
   </div>
   <div class='ocr_carea' id='block_1_33' title="bbox 1783 1757 3344 1829">
    <p class='ocr_par' dir='ltr' id='par_1_33' title="bbox 1783 1757 3344 1829">
     <span class='ocr_line' id='line_1_33' title="bbox 1783 1757 3344 1829; baseline -0.002 -17"><span class='ocrx_word' id='word_1_202' title='bbox 1783 1762 1877 1813; x_wconf 71' lang='lat' dir='ltr'><strong>alis</strong></span> <span class='ocrx_word' id='word_1_203' title='bbox 1920 1770 1970 1815; x_wconf 87' lang='lat' dir='ltr'><strong>te</strong></span> <span class='ocrx_word' id='word_1_204' title='bbox 2019 1761 2212 1814; x_wconf 87' lang='lat' dir='ltr'><strong>nollem</strong></span> <span class='ocrx_word' id='word_1_205' title='bbox 2254 1761 2423 1829; x_wconf 85' lang='lat' dir='ltr'><strong>diligi,</strong></span> <span class='ocrx_word' id='word_1_206' title='bbox 2469 1762 2522 1812; x_wconf 91' lang='lat' dir='ltr'><strong>ni</strong></span> <span class='ocrx_word' id='word_1_207' title='bbox 2554 1770 2844 1813; x_wconf 87' lang='lat' dir='ltr'><strong>mereretur</strong></span> <span class='ocrx_word' id='word_1_208' title='bbox 2885 1759 3114 1827; x_wconf 90' lang='lat' dir='ltr'><strong>probari.</strong></span> <span class='ocrx_word' id='word_1_209' title='bbox 3165 1757 3270 1811; x_wconf 87' lang='lat' dir='ltr'><strong>Sed</strong></span> <span class='ocrx_word' id='word_1_210' title='bbox 3300 1758 3344 1809; x_wconf 84' lang='lat' dir='ltr'><strong>si</strong></span> 
     </span>
    </p>
   </div>
   <div class='ocr_carea' id='block_1_34' title="bbox 174 1849 3346 1927">
    <p class='ocr_par' dir='ltr' id='par_1_34' title="bbox 174 1849 3346 1927">
     <span class='ocr_line' id='line_1_34' title="bbox 174 1849 3346 1927; baseline -0.004 -13"><span class='ocrx_word' id='word_1_211' title='bbox 174 1861 476 1914; x_wconf 75' lang='lat' dir='ltr'><strong>dum..\lerito</strong></span> <span class='ocrx_word' id='word_1_212' title='bbox 497 1871 778 1927; x_wconf 63' lang='lat' dir='ltr'><strong>processus</strong></span> <span class='ocrx_word' id='word_1_213' title='bbox 802 1867 919 1907; x_wconf 90' lang='lat' dir='ltr'><strong>tuos</strong></span> <span class='ocrx_word' id='word_1_214' title='bbox 941 1855 990 1908; x_wconf 90' lang='lat' dir='ltr'><strong>in</strong></span> <span class='ocrx_word' id='word_1_215' title='bbox 1018 1869 1137 1908; x_wconf 90' lang='lat' dir='ltr'><strong>meo</strong></span> <span class='ocrx_word' id='word_1_216' title='bbox 1162 1868 1267 1906; x_wconf 72' lang='lat' dir='ltr'><strong>tere</strong></span> <span class='ocrx_word' id='word_1_217' title='bbox 1293 1853 1455 1906; x_wconf 90' lang='lat' dir='ltr'><strong>duco:</strong></span> <span class='ocrx_word' id='word_1_218' title='bbox 1473 1849 1683 1918; x_wconf 80' lang='lat' dir='ltr'><strong>quando</strong></span> <span class='ocrx_word' id='word_1_219' title='bbox 1716 1869 1759 1926; x_wconf 76' lang='grc' dir='ltr'><strong><em>Β</em></strong></span> <span class='ocrx_word' id='word_1_220' title='bbox 1788 1854 1920 1906; x_wconf 74' lang='lat' dir='ltr'><strong>bene</strong></span> <span class='ocrx_word' id='word_1_221' title='bbox 1951 1853 2178 1916; x_wconf 60' lang='lat' dir='ltr'><strong>aestimo,</strong></span> <span class='ocrx_word' id='word_1_222' title='bbox 2203 1861 2437 1906; x_wconf 85' lang='lat' dir='ltr'><strong>actutum</strong></span> <span class='ocrx_word' id='word_1_223' title='bbox 2468 1853 2774 1917; x_wconf 86' lang='lat' dir='ltr'><strong>merebitur,</strong></span> <span class='ocrx_word' id='word_1_224' title='bbox 2806 1862 2962 1918; x_wconf 87' lang='lat' dir='ltr'><strong>atque</strong></span> <span class='ocrx_word' id='word_1_225' title='bbox 2985 1851 3102 1902; x_wconf 87' lang='lat' dir='ltr'><strong>ideo</strong></span> <span class='ocrx_word' id='word_1_226' title='bbox 3124 1849 3346 1915; x_wconf 77' lang='lat' dir='ltr'><strong>diligen-</strong></span> 
     </span>
    </p>
   </div>
   <div class='ocr_carea' id='block_1_35' title="bbox 173 1938 1682 2018">
    <p class='ocr_par' dir='ltr' id='par_1_35' title="bbox 173 1938 1682 2018">
     <span class='ocr_line' id='line_1_35' title="bbox 173 1938 1682 2018; baseline -0.005 -20"><span class='ocrx_word' id='word_1_227' title='bbox 173 1952 288 2018; x_wconf 78' lang='lat' dir='ltr'><strong>juxta</strong></span> <span class='ocrx_word' id='word_1_228' title='bbox 314 1963 500 2017; x_wconf 70' lang='lat' dir='ltr'><strong>magna:</strong></span> <span class='ocrx_word' id='word_1_229' title='bbox 522 1961 661 1998; x_wconf 70' lang='lat' dir='ltr'><strong>cura:</strong></span> <span class='ocrx_word' id='word_1_230' title='bbox 696 1960 812 1998; x_wconf 88' lang='lat' dir='ltr'><strong>sum</strong></span> <span class='ocrx_word' id='word_1_231' title='bbox 846 1944 957 2006; x_wconf 89' lang='lat' dir='ltr'><strong>tibi,</strong></span> <span class='ocrx_word' id='word_1_232' title='bbox 992 1953 1150 2009; x_wconf 87' lang='lat' dir='ltr'><strong>atque</strong></span> <span class='ocrx_word' id='word_1_233' title='bbox 1178 1957 1295 1994; x_wconf 90' lang='lat' dir='ltr'><strong>cum</strong></span> <span class='ocrx_word' id='word_1_234' title='bbox 1326 1941 1555 1994; x_wconf 85' lang='lat' dir='ltr'><strong>maxime</strong></span> <span class='ocrx_word' id='word_1_235' title='bbox 1590 1938 1682 1991; x_wconf 91' lang='lat' dir='ltr'><strong>fui.</strong></span> 
     </span>
    </p>
   </div>
   <div class='ocr_carea' id='block_1_36' title="bbox 175 2029 1685 2108">
    <p class='ocr_par' dir='ltr' id='par_1_36' title="bbox 175 2029 1685 2108">
     <span class='ocr_line' id='line_1_36' title="bbox 175 2029 1685 2108; baseline -0.009 -15"><span class='ocrx_word' id='word_1_236' title='bbox 175 2043 386 2108; x_wconf 81' lang='lat' dir='ltr'><strong>Superest</strong></span> <span class='ocrx_word' id='word_1_237' title='bbox 411 2048 579 2090; x_wconf 84' lang='lat' dir='ltr'><strong>tamen</strong></span> <span class='ocrx_word' id='word_1_238' title='bbox 611 2033 830 2103; x_wconf 85' lang='lat' dir='ltr'><strong>aliquid,</strong></span> <span class='ocrx_word' id='word_1_239' title='bbox 863 2032 1000 2101; x_wconf 90' lang='lat' dir='ltr'><strong>quod</strong></span> <span class='ocrx_word' id='word_1_240' title='bbox 1047 2032 1164 2084; x_wconf 89' lang='lat' dir='ltr'><strong>huic</strong></span> <span class='ocrx_word' id='word_1_241' title='bbox 1195 2032 1248 2082; x_wconf 85' lang='lat' dir='ltr'><strong>Ill</strong></span> <span class='ocrx_word' id='word_1_242' title='bbox 1274 2045 1360 2082; x_wconf 92' lang='lat' dir='ltr'><strong>me</strong></span> <span class='ocrx_word' id='word_1_243' title='bbox 1389 2029 1563 2082; x_wconf 91' lang='lat' dir='ltr'><strong>studio</strong></span> <span class='ocrx_word' id='word_1_244' title='bbox 1591 2029 1685 2079; x_wconf 86' lang='lat' dir='ltr'><strong>ad-</strong></span> 
     </span>
    </p>
   </div>
   <div class='ocr_carea' id='block_1_37' title="bbox 174 2118 1684 2199">
    <p class='ocr_par' dir='ltr' id='par_1_37' title="bbox 174 2118 1684 2199">
     <span class='ocr_line' id='line_1_37' title="bbox 174 2118 1684 2199; baseline -0.008 -17"><span class='ocrx_word' id='word_1_245' title='bbox 174 2130 420 2199; x_wconf 78' lang='lat' dir='ltr'><strong>jicirelim.</strong></span> <span class='ocrx_word' id='word_1_246' title='bbox 463 2128 592 2182; x_wconf 87' lang='lat' dir='ltr'><strong>Nolo</strong></span> <span class='ocrx_word' id='word_1_247' title='bbox 637 2124 966 2185; x_wconf 88' lang='lat' dir='ltr'><strong>memineris,</strong></span> <span class='ocrx_word' id='word_1_248' title='bbox 997 2122 1134 2190; x_wconf 91' lang='lat' dir='ltr'><strong>quod</strong></span> <span class='ocrx_word' id='word_1_249' title='bbox 1187 2120 1469 2189; x_wconf 86' lang='lat' dir='ltr'><strong>aliquando</strong></span> <span class='ocrx_word' id='word_1_250' title='bbox 1506 2118 1684 2171; x_wconf 89' lang='lat' dir='ltr'><strong>animo</strong></span> 
     </span>
    </p>
   </div>
   <div class='ocr_carea' id='block_1_38' title="bbox 178 2208 1687 2276">
    <p class='ocr_par' dir='ltr' id='par_1_38' title="bbox 178 2208 1687 2276">
     <span class='ocr_line' id='line_1_38' title="bbox 178 2208 1687 2276; baseline -0.009 -2"><span class='ocrx_word' id='word_1_251' title='bbox 178 2231 247 2275; x_wconf 85' lang='lat' dir='ltr'><strong>tuo</strong></span> <span class='ocrx_word' id='word_1_252' title='bbox 265 2219 528 2273; x_wconf 75' lang='lat' dir='ltr'><strong>tuccensui.</strong></span> <span class='ocrx_word' id='word_1_253' title='bbox 560 2222 724 2271; x_wconf 84' lang='lat' dir='ltr'><strong>Antor</strong></span> <span class='ocrx_word' id='word_1_254' title='bbox 754 2214 998 2268; x_wconf 82' lang='lat' dir='ltr'><strong>fiduciam</strong></span> <span class='ocrx_word' id='word_1_255' title='bbox 1030 2212 1211 2265; x_wconf 84' lang='lat' dir='ltr'><strong>nutrit.</strong></span> <span class='ocrx_word' id='word_1_256' title='bbox 1242 2210 1377 2276; x_wconf 84' lang='lat' dir='ltr'><strong>Quid</strong></span> <span class='ocrx_word' id='word_1_257' title='bbox 1419 2219 1524 2262; x_wconf 85' lang='lat' dir='ltr'><strong>tam</strong></span> <span class='ocrx_word' id='word_1_258' title='bbox 1555 2208 1687 2262; x_wconf 84' lang='lat' dir='ltr'><strong>libe-</strong></span> 
     </span>
    </p>
   </div>
   <div class='ocr_carea' id='block_1_39' title="bbox 178 2301 1683 2378">
    <p class='ocr_par' dir='ltr' id='par_1_39' title="bbox 178 2301 1683 2378">
     <span class='ocr_line' id='line_1_39' title="bbox 178 2301 1683 2378; baseline -0.009 -14"><span class='ocrx_word' id='word_1_259' title='bbox 178 2329 288 2375; x_wconf 83' lang='lat' dir='ltr'><strong>tum,</strong></span> <span class='ocrx_word' id='word_1_260' title='bbox 328 2326 466 2378; x_wconf 89' lang='lat' dir='ltr'><strong>quam</strong></span> <span class='ocrx_word' id='word_1_261' title='bbox 498 2307 764 2361; x_wconf 83' lang='lat' dir='ltr'><strong>amicitia?</strong></span> <span class='ocrx_word' id='word_1_262' title='bbox 805 2305 1040 2373; x_wconf 78' lang='lat' dir='ltr'><strong>Negotiis</strong></span> <span class='ocrx_word' id='word_1_263' title='bbox 1093 2304 1401 2371; x_wconf 86' lang='lat' dir='ltr'><strong>plerumque</strong></span> <span class='ocrx_word' id='word_1_264' title='bbox 1441 2301 1683 2368; x_wconf 86' lang='lat' dir='ltr'><strong>apposita</strong></span> 
     </span>
    </p>
   </div>
   <div class='ocr_carea' id='block_1_40' title="bbox 178 2392 1682 2468">
    <p class='ocr_par' dir='ltr' id='par_1_40' title="bbox 178 2392 1682 2468">
     <span class='ocr_line' id='line_1_40' title="bbox 178 2392 1682 2468; baseline -0.011 -13"><span class='ocrx_word' id='word_1_265' title='bbox 178 2415 241 2454; x_wconf 82' lang='lat' dir='ltr'><strong>est</strong></span> <span class='ocrx_word' id='word_1_266' title='bbox 262 2401 584 2468; x_wconf 59' lang='lat' dir='ltr'><strong>expostulatio</strong></span> <span class='ocrx_word' id='word_1_267' title='bbox 615 2401 731 2451; x_wconf 88' lang='lat' dir='ltr'><strong>sine</strong></span> <span class='ocrx_word' id='word_1_268' title='bbox 764 2398 879 2449; x_wconf 84' lang='lat' dir='ltr'><strong>labe</strong></span> <span class='ocrx_word' id='word_1_269' title='bbox 907 2394 1223 2448; x_wconf 68' lang='lat' dir='ltr'><strong>concor-dite.</strong></span> <span class='ocrx_word' id='word_1_270' title='bbox 1255 2392 1329 2443; x_wconf 88' lang='lat' dir='ltr'><strong>Ita</strong></span> <span class='ocrx_word' id='word_1_271' title='bbox 1366 2406 1548 2444; x_wconf 89' lang='lat' dir='ltr'><strong>verum</strong></span> <span class='ocrx_word' id='word_1_272' title='bbox 1579 2401 1682 2452; x_wconf 74' lang='lat' dir='ltr'><strong>eat,</strong></span> 
     </span>
    </p>
   </div>
   <div class='ocr_carea' id='block_1_41' title="bbox 178 2479 1684 2561">
    <p class='ocr_par' dir='ltr' id='par_1_41' title="bbox 178 2479 1684 2561">
     <span class='ocr_line' id='line_1_41' title="bbox 178 2479 1684 2561; baseline -0.008 -20"><span class='ocrx_word' id='word_1_273' title='bbox 178 2495 289 2561; x_wconf 77' lang='lat' dir='ltr'><strong>quod</strong></span> <span class='ocrx_word' id='word_1_274' title='bbox 334 2493 472 2545; x_wconf 82' lang='lat' dir='ltr'><strong>hodie</strong></span> <span class='ocrx_word' id='word_1_275' title='bbox 501 2491 592 2543; x_wconf 92' lang='lat' dir='ltr'><strong>tibi</strong></span> <span class='ocrx_word' id='word_1_276' title='bbox 629 2489 829 2558; x_wconf 79' lang='lat' dir='ltr'><strong>gratias</strong></span> <span class='ocrx_word' id='word_1_277' title='bbox 857 2502 977 2555; x_wconf 85' lang='lat' dir='ltr'><strong>ago,</strong></span> <span class='ocrx_word' id='word_1_278' title='bbox 1019 2497 1074 2537; x_wconf 91' lang='lat' dir='ltr'><strong>ut</strong></span> <span class='ocrx_word' id='word_1_279' title='bbox 1123 2482 1249 2534; x_wconf 89' lang='lat' dir='ltr'><strong>illud</strong></span> <span class='ocrx_word' id='word_1_280' title='bbox 1293 2496 1396 2533; x_wconf 90' lang='lat' dir='ltr'><strong>non</strong></span> <span class='ocrx_word' id='word_1_281' title='bbox 1429 2479 1684 2547; x_wconf 89' lang='lat' dir='ltr'><strong>potuerim</strong></span> 
     </span>
    </p>
   </div>
   <div class='ocr_carea' id='block_1_42' title="bbox 181 2567 1688 2646">
    <p class='ocr_par' dir='ltr' id='par_1_42' title="bbox 181 2567 1688 2646">
     <span class='ocr_line' id='line_1_42' title="bbox 181 2567 1688 2646; baseline -0.009 -13"><span class='ocrx_word' id='word_1_282' title='bbox 181 2583 481 2645; x_wconf 68' lang='lat' dir='ltr'><strong>dissimulare,</strong></span> <span class='ocrx_word' id='word_1_283' title='bbox 525 2579 664 2646; x_wconf 88' lang='lat' dir='ltr'><strong>quod</strong></span> <span class='ocrx_word' id='word_1_284' title='bbox 698 2578 862 2629; x_wconf 82' lang='lat' dir='ltr'><strong>dolui.</strong></span> <span class='ocrx_word' id='word_1_285' title='bbox 895 2577 1055 2628; x_wconf 77' lang='lat' dir='ltr'><strong>Cassa</strong></span> <span class='ocrx_word' id='word_1_286' title='bbox 1086 2573 1186 2624; x_wconf 80' lang='lat' dir='ltr'><strong>ﬁde</strong></span> <span class='ocrx_word' id='word_1_287' title='bbox 1215 2581 1356 2635; x_wconf 91' lang='lat' dir='ltr'><strong>sunt,</strong></span> <span class='ocrx_word' id='word_1_288' title='bbox 1386 2567 1688 2637; x_wconf 81' lang='lat' dir='ltr'><strong>quijugiter</strong></span> 
     </span>
    </p>
   </div>
   <div class='ocr_carea' id='block_1_43' title="bbox 182 2665 1688 2733">
    <p class='ocr_par' dir='ltr' id='par_1_43' title="bbox 182 2665 1688 2733">
     <span class='ocr_line' id='line_1_43' title="bbox 182 2665 1688 2733; baseline -0.011 -8"><span class='ocrx_word' id='word_1_289' title='bbox 182 2673 484 2726; x_wconf 81' lang='lat' dir='ltr'><strong>blandiuntur.</strong></span> <span class='ocrx_word' id='word_1_290' title='bbox 515 2669 617 2722; x_wconf 86' lang='lat' dir='ltr'><strong>Sed</strong></span> <span class='ocrx_word' id='word_1_291' title='bbox 660 2666 787 2733; x_wconf 89' lang='lat' dir='ltr'><strong>quid</strong></span> <span class='ocrx_word' id='word_1_292' title='bbox 812 2665 1008 2716; x_wconf 86' lang='lat' dir='ltr'><strong>diutius</strong></span> <span class='ocrx_word' id='word_1_293' title='bbox 1047 2677 1104 2715; x_wconf 90' lang='lat' dir='ltr'><strong>ea</strong></span> <span class='ocrx_word' id='word_1_294' title='bbox 1149 2672 1352 2722; x_wconf 78' lang='lat' dir='ltr'><strong>retexo,</strong></span> <span class='ocrx_word' id='word_1_295' title='bbox 1382 2672 1605 2725; x_wconf 89' lang='lat' dir='ltr'><strong>quorum</strong></span> <span class='ocrx_word' id='word_1_296' title='bbox 1638 2666 1688 2709; x_wconf 89' lang='lat' dir='ltr'><strong>te</strong></span> 
     </span>
    </p>
   </div>
   <div class='ocr_carea' id='block_1_44' title="bbox 181 2747 1683 2821">
    <p class='ocr_par' dir='ltr' id='par_1_44' title="bbox 181 2747 1683 2821">
     <span class='ocr_line' id='line_1_44' title="bbox 181 2747 1683 2821; baseline -0.012 -7"><span class='ocrx_word' id='word_1_297' title='bbox 181 2761 371 2814; x_wconf 72' lang='lat' dir='ltr'><strong>oblivisci</strong></span> <span class='ocrx_word' id='word_1_298' title='bbox 394 2759 542 2811; x_wconf 77' lang='lat' dir='ltr'><strong>volo?</strong></span> <span class='ocrx_word' id='word_1_299' title='bbox 573 2759 720 2820; x_wconf 86' lang='lat' dir='ltr'><strong>Esto,</strong></span> <span class='ocrx_word' id='word_1_300' title='bbox 755 2767 812 2808; x_wconf 91' lang='lat' dir='ltr'><strong>ut</strong></span> <span class='ocrx_word' id='word_1_301' title='bbox 839 2769 918 2821; x_wconf 87' lang='lat' dir='ltr'><strong>es,</strong></span> <span class='ocrx_word' id='word_1_302' title='bbox 943 2751 1164 2816; x_wconf 86' lang='lat' dir='ltr'><strong>benigna</strong></span> <span class='ocrx_word' id='word_1_303' title='bbox 1192 2751 1242 2802; x_wconf 90' lang='lat' dir='ltr'><strong>itt</strong></span> <span class='ocrx_word' id='word_1_304' title='bbox 1271 2764 1356 2802; x_wconf 90' lang='lat' dir='ltr'><strong>me</strong></span> <span class='ocrx_word' id='word_1_305' title='bbox 1385 2747 1683 2800; x_wconf 82' lang='lat' dir='ltr'><strong>voluntate:</strong></span> 
     </span>
    </p>
   </div>
   <div class='ocr_carea' id='block_1_45' title="bbox 181 2843 1686 2917">
    <p class='ocr_par' dir='ltr' id='par_1_45' title="bbox 181 2843 1686 2917">
     <span class='ocr_line' id='line_1_45' title="bbox 181 2843 1686 2917; baseline -0.005 -18"><span class='ocrx_word' id='word_1_306' title='bbox 181 2852 289 2916; x_wconf 67' lang='lat' dir='ltr'><strong>quod</strong></span> <span class='ocrx_word' id='word_1_307' title='bbox 310 2864 395 2917; x_wconf 73' lang='lat' dir='ltr'><strong>ego</strong></span> <span class='ocrx_word' id='word_1_308' title='bbox 421 2848 734 2916; x_wconf 88' lang='lat' dir='ltr'><strong>sperandum</strong></span> <span class='ocrx_word' id='word_1_309' title='bbox 768 2847 933 2914; x_wconf 83' lang='lat' dir='ltr'><strong>magis</strong></span> <span class='ocrx_word' id='word_1_310' title='bbox 958 2860 986 2897; x_wconf 91' lang='lat' dir='ltr'><strong>a</strong></span> <span class='ocrx_word' id='word_1_311' title='bbox 1021 2855 1069 2897; x_wconf 89' lang='lat' dir='ltr'><strong>te</strong></span> <span class='ocrx_word' id='word_1_312' title='bbox 1104 2843 1274 2897; x_wconf 88' lang='lat' dir='ltr'><strong>sentio</strong></span> <span class='ocrx_word' id='word_1_313' title='bbox 1301 2855 1455 2908; x_wconf 86' lang='lat' dir='ltr'><strong>quam</strong></span> <span class='ocrx_word' id='word_1_314' title='bbox 1500 2848 1686 2908; x_wconf 82' lang='lat' dir='ltr'><strong>peten-</strong></span> 
     </span>
    </p>
   </div>
   <div class='ocr_carea' id='block_1_46' title="bbox 185 2939 455 2993">
    <p class='ocr_par' dir='ltr' id='par_1_46' title="bbox 185 2939 455 2993">
     <span class='ocr_line' id='line_1_46' title="bbox 185 2939 455 2993; baseline -0.007 -1"><span class='ocrx_word' id='word_1_315' title='bbox 185 2940 298 2992; x_wconf 80' lang='lat' dir='ltr'><strong>dum.</strong></span> <span class='ocrx_word' id='word_1_316' title='bbox 328 2939 455 2993; x_wconf 78' lang='lat' dir='ltr'><strong>Vale.</strong></span> 
     </span>
    </p>
   </div>
   <div class='ocr_carea' id='block_1_47' title="bbox 644 3001 1172 3060">
    <p class='ocr_par' dir='ltr' id='par_1_47' title="bbox 644 3001 1172 3060">
     <span class='ocr_line' id='line_1_47' title="bbox 644 3001 1172 3060; baseline -0.013 -1"><span class='ocrx_word' id='word_1_317' title='bbox 644 3004 856 3060; x_wconf 78' lang='lat' dir='ltr'><strong>EPIST.</strong></span> <span class='ocrx_word' id='word_1_318' title='bbox 891 3001 1172 3057; x_wconf 77' lang='lat' dir='ltr'><strong>XXXVIII.</strong></span> 
     </span>
    </p>
   </div>
   <div class='ocr_carea' id='block_1_48' title="bbox 615 3107 1186 3151">
    <p class='ocr_par' dir='ltr' id='par_1_48' title="bbox 615 3107 1186 3151">
     <span class='ocr_line' id='line_1_48' title="bbox 615 3107 1186 3151; baseline -0.014 0"><span class='ocrx_word' id='word_1_319' title='bbox 615 3110 920 3151; x_wconf 64' lang='lat' dir='ltr'><strong>SYIIACIIL&#39;S</strong></span> <span class='ocrx_word' id='word_1_320' title='bbox 951 3107 1186 3147; x_wconf 68' lang='lat' dir='ltr'><strong>AUSONIO.</strong></span> 
     </span>
    </p>
   </div>
   <div class='ocr_carea' id='block_1_49' title="bbox 237 3199 1756 3278">
    <p class='ocr_par' dir='ltr' id='par_1_49' title="bbox 237 3199 1756 3278">
     <span class='ocr_line' id='line_1_49' title="bbox 237 3199 1756 3278; baseline -0.002 -21"><span class='ocrx_word' id='word_1_321' title='bbox 237 3204 365 3259; x_wconf 78' lang='lat' dir='ltr'><strong>Falso</strong></span> <span class='ocrx_word' id='word_1_322' title='bbox 399 3206 623 3260; x_wconf 85' lang='lat' dir='ltr'><strong>creditur</strong></span> <span class='ocrx_word' id='word_1_323' title='bbox 650 3203 834 3272; x_wconf 90' lang='lat' dir='ltr'><strong>judicii</strong></span> <span class='ocrx_word' id='word_1_324' title='bbox 868 3203 1097 3256; x_wconf 84' lang='lat' dir='ltr'><strong>nesciam</strong></span> <span class='ocrx_word' id='word_1_325' title='bbox 1130 3215 1247 3255; x_wconf 88' lang='lat' dir='ltr'><strong>esse</strong></span> <span class='ocrx_word' id='word_1_326' title='bbox 1277 3199 1563 3254; x_wconf 88' lang='lat' dir='ltr'><strong>fortunam.</strong></span> <span class='ocrx_word' id='word_1_327' title='bbox 1593 3199 1682 3254; x_wconf 84' lang='lat' dir='ltr'><strong>Illa</strong></span> <span class='ocrx_word' id='word_1_328' title='bbox 1711 3217 1756 3278; x_wconf 64' lang='grc' dir='ltr'><strong>(ς</strong></span> 
     </span>
    </p>
   </div>
   <div class='ocr_carea' id='block_1_50' title="bbox 189 3291 1688 3363">
    <p class='ocr_par' dir='ltr' id='par_1_50' title="bbox 189 3291 1688 3363">
     <span class='ocr_line' id='line_1_50' title="bbox 189 3291 1688 3363; baseline 0 -19"><span class='ocrx_word' id='word_1_329' title='bbox 189 3310 286 3348; x_wconf 73' lang='lat' dir='ltr'><strong>vero</strong></span> <span class='ocrx_word' id='word_1_330' title='bbox 327 3309 368 3348; x_wconf 90' lang='lat' dir='ltr'><strong>et</strong></span> <span class='ocrx_word' id='word_1_331' title='bbox 415 3295 795 3363; x_wconf 67' lang='lat' dir='ltr'><strong>pra-teritorum</strong></span> <span class='ocrx_word' id='word_1_332' title='bbox 842 3308 1066 3360; x_wconf 89' lang='lat' dir='ltr'><strong>memor,</strong></span> <span class='ocrx_word' id='word_1_333' title='bbox 1104 3302 1156 3345; x_wconf 85' lang='lat' dir='ltr'><strong>et</strong></span> <span class='ocrx_word' id='word_1_334' title='bbox 1185 3293 1525 3360; x_wconf 68' lang='lat' dir='ltr'><strong>praesentium</strong></span> <span class='ocrx_word' id='word_1_335' title='bbox 1570 3291 1688 3344; x_wconf 90' lang='lat' dir='ltr'><strong>dtli-</strong></span> 
     </span>
    </p>
   </div>
   <div class='ocr_carea' id='block_1_51' title="bbox 188 3382 1688 3454">
    <p class='ocr_par' dir='ltr' id='par_1_51' title="bbox 188 3382 1688 3454">
     <span class='ocr_line' id='line_1_51' title="bbox 188 3382 1688 3454; baseline -0.001 -17"><span class='ocrx_word' id='word_1_336' title='bbox 188 3400 300 3452; x_wconf 66' lang='lat' dir='ltr'><strong>grns,</strong></span> <span class='ocrx_word' id='word_1_337' title='bbox 326 3397 371 3438; x_wconf 91' lang='lat' dir='ltr'><strong>et</strong></span> <span class='ocrx_word' id='word_1_338' title='bbox 403 3387 622 3454; x_wconf 82' lang='lat' dir='ltr'><strong>prudens</strong></span> <span class='ocrx_word' id='word_1_339' title='bbox 653 3385 836 3448; x_wconf 87' lang='lat' dir='ltr'><strong>futuri,</strong></span> <span class='ocrx_word' id='word_1_340' title='bbox 881 3384 972 3436; x_wconf 89' lang='lat' dir='ltr'><strong>tibi</strong></span> <span class='ocrx_word' id='word_1_341' title='bbox 1010 3384 1269 3450; x_wconf 84' lang='lat' dir='ltr'><strong>rependit,</strong></span> <span class='ocrx_word' id='word_1_342' title='bbox 1303 3382 1554 3450; x_wconf 88' lang='lat' dir='ltr'><strong>quidquid</strong></span> <span class='ocrx_word' id='word_1_343' title='bbox 1583 3397 1688 3435; x_wconf 63' lang='lat' dir='ltr'><strong>cte-</strong></span> 
     </span>
    </p>
   </div>
   <div class='ocr_carea' id='block_1_52' title="bbox 190 3474 1688 3543">
    <p class='ocr_par' dir='ltr' id='par_1_52' title="bbox 190 3474 1688 3543">
     <span class='ocr_line' id='line_1_52' title="bbox 190 3474 1688 3543; baseline 0.001 -19"><span class='ocrx_word' id='word_1_344' title='bbox 190 3477 284 3528; x_wconf 80' lang='lat' dir='ltr'><strong>tcris</strong></span> <span class='ocrx_word' id='word_1_345' title='bbox 311 3476 549 3542; x_wconf 72' lang='lat' dir='ltr'><strong>prtcstitit.</strong></span> <span class='ocrx_word' id='word_1_346' title='bbox 582 3475 697 3528; x_wconf 85' lang='lat' dir='ltr'><strong>Non</strong></span> <span class='ocrx_word' id='word_1_347' title='bbox 730 3490 856 3542; x_wconf 82' lang='lat' dir='ltr'><strong>ergo</strong></span> <span class='ocrx_word' id='word_1_348' title='bbox 879 3489 1032 3539; x_wconf 86' lang='lat' dir='ltr'><strong>vana,</strong></span> <span class='ocrx_word' id='word_1_349' title='bbox 1062 3489 1232 3543; x_wconf 84' lang='lat' dir='ltr'><strong>neque</strong></span> <span class='ocrx_word' id='word_1_350' title='bbox 1254 3474 1480 3528; x_wconf 77' lang='lat' dir='ltr'><strong>erratica</strong></span> <span class='ocrx_word' id='word_1_351' title='bbox 1509 3482 1590 3527; x_wconf 89' lang='lat' dir='ltr'><strong>est</strong></span> <span class='ocrx_word' id='word_1_352' title='bbox 1620 3491 1634 3526; x_wconf 86' lang='lat'><strong>:</strong></span> <span class='ocrx_word' id='word_1_353' title='bbox 1659 3488 1688 3526; x_wconf 85' lang='lat' dir='ltr'><strong>a</strong></span> 
     </span>
    </p>
   </div>
   <div class='ocr_carea' id='block_1_53' title="bbox 193 3566 1691 3634">
    <p class='ocr_par' dir='ltr' id='par_1_53' title="bbox 193 3566 1691 3634">
     <span class='ocr_line' id='line_1_53' title="bbox 193 3566 1691 3634; baseline 0.003 -20"><span class='ocrx_word' id='word_1_354' title='bbox 193 3580 268 3629; x_wconf 81' lang='lat' dir='ltr'><strong>qua</strong></span> <span class='ocrx_word' id='word_1_355' title='bbox 293 3568 464 3618; x_wconf 80' lang='lat' dir='ltr'><strong>scimus</strong></span> <span class='ocrx_word' id='word_1_356' title='bbox 492 3568 622 3619; x_wconf 87' lang='lat' dir='ltr'><strong>alios</strong></span> <span class='ocrx_word' id='word_1_357' title='bbox 653 3567 869 3618; x_wconf 88' lang='lat' dir='ltr'><strong>domum</strong></span> <span class='ocrx_word' id='word_1_358' title='bbox 895 3566 1135 3632; x_wconf 70' lang='lat' dir='ltr'><strong>cmpis&#39;se,</strong></span> <span class='ocrx_word' id='word_1_359' title='bbox 1167 3576 1216 3619; x_wconf 92' lang='lat' dir='ltr'><strong>te</strong></span> <span class='ocrx_word' id='word_1_360' title='bbox 1246 3567 1538 3634; x_wconf 67' lang='lat' dir='ltr'><strong>praemium.</strong></span> <span class='ocrx_word' id='word_1_361' title='bbox 1563 3566 1691 3630; x_wconf 87' lang='lat' dir='ltr'><strong>Quis</strong></span> 
     </span>
    </p>
   </div>
   <div class='ocr_carea' id='block_1_54' title="bbox 191 3656 1692 3726">
    <p class='ocr_par' dir='ltr' id='par_1_54' title="bbox 191 3656 1692 3726">
     <span class='ocr_line' id='line_1_54' title="bbox 191 3656 1692 3726; baseline 0.004 -23"><span class='ocrx_word' id='word_1_362' title='bbox 191 3656 258 3706; x_wconf 67' lang='lat' dir='ltr'><strong>tibi</strong></span> <span class='ocrx_word' id='word_1_363' title='bbox 283 3657 469 3710; x_wconf 83' lang='lat' dir='ltr'><strong>honoris</strong></span> <span class='ocrx_word' id='word_1_364' title='bbox 499 3659 666 3711; x_wconf 69' lang='lat' dir='ltr'><strong>nostri</strong></span> <span class='ocrx_word' id='word_1_365' title='bbox 695 3657 949 3726; x_wconf 77' lang='lat' dir='ltr'><strong>(inquies)</strong></span> <span class='ocrx_word' id='word_1_366' title='bbox 983 3657 1106 3711; x_wconf 89' lang='lat' dir='ltr'><strong>fecit</strong></span> <span class='ocrx_word' id='word_1_367' title='bbox 1140 3657 1430 3711; x_wconf 89' lang='lat' dir='ltr'><strong>indicium?</strong></span> <span class='ocrx_word' id='word_1_368' title='bbox 1453 3657 1692 3711; x_wconf 88' lang='lat' dir='ltr'><strong>Celebri-</strong></span> 
     </span>
    </p>
   </div>
   <div class='ocr_carea' id='block_1_55' title="bbox 195 3747 1693 3815">
    <p class='ocr_par' dir='ltr' id='par_1_55' title="bbox 195 3747 1693 3815">
     <span class='ocr_line' id='line_1_55' title="bbox 195 3747 1693 3815; baseline 0.004 -21"><span class='ocrx_word' id='word_1_369' title='bbox 195 3755 254 3795; x_wconf 78' lang='lat' dir='ltr'><strong>las</strong></span> <span class='ocrx_word' id='word_1_370' title='bbox 277 3747 423 3809; x_wconf 74' lang='lat' dir='ltr'><strong>famae,</strong></span> <span class='ocrx_word' id='word_1_371' title='bbox 447 3752 522 3799; x_wconf 89' lang='lat' dir='ltr'><strong>cui</strong></span> <span class='ocrx_word' id='word_1_372' title='bbox 548 3751 686 3814; x_wconf 84' lang='lat' dir='ltr'><strong>justa</strong></span> <span class='ocrx_word' id='word_1_373' title='bbox 707 3747 941 3800; x_wconf 82' lang='lat' dir='ltr'><strong>narranti</strong></span> <span class='ocrx_word' id='word_1_374' title='bbox 962 3748 1137 3801; x_wconf 83' lang='lat' dir='ltr'><strong>statim</strong></span> <span class='ocrx_word' id='word_1_375' title='bbox 1160 3747 1408 3801; x_wconf 82' lang='lat' dir='ltr'><strong>creditur.</strong></span> <span class='ocrx_word' id='word_1_376' title='bbox 1428 3749 1507 3800; x_wconf 75' lang='lat' dir='ltr'><strong>An</strong></span> <span class='ocrx_word' id='word_1_377' title='bbox 1529 3761 1693 3815; x_wconf 87' lang='lat' dir='ltr'><strong>oppe-</strong></span> 
     </span>
    </p>
   </div>
   <div class='ocr_carea' id='block_1_56' title="bbox 194 3837 1694 3906">
    <p class='ocr_par' dir='ltr' id='par_1_56' title="bbox 194 3837 1694 3906">
     <span class='ocr_line' id='line_1_56' title="bbox 194 3837 1694 3906; baseline 0.004 -20"><span class='ocrx_word' id='word_1_378' title='bbox 194 3837 294 3889; x_wconf 82' lang='lat' dir='ltr'><strong>tirer</strong></span> <span class='ocrx_word' id='word_1_379' title='bbox 317 3853 455 3904; x_wconf 86' lang='lat' dir='ltr'><strong>super</strong></span> <span class='ocrx_word' id='word_1_380' title='bbox 476 3841 571 3891; x_wconf 86' lang='lat' dir='ltr'><strong>hoc</strong></span> <span class='ocrx_word' id='word_1_381' title='bbox 595 3849 711 3891; x_wconf 88' lang='lat' dir='ltr'><strong>tuas</strong></span> <span class='ocrx_word' id='word_1_382' title='bbox 740 3840 961 3902; x_wconf 86' lang='lat' dir='ltr'><strong>litteras,</strong></span> <span class='ocrx_word' id='word_1_383' title='bbox 984 3856 1113 3906; x_wconf 86' lang='lat' dir='ltr'><strong>quas</strong></span> <span class='ocrx_word' id='word_1_384' title='bbox 1135 3840 1452 3894; x_wconf 56' lang='lat' dir='ltr'><strong>verecundia</strong></span> <span class='ocrx_word' id='word_1_385' title='bbox 1485 3839 1694 3892; x_wconf 85' lang='lat' dir='ltr'><strong>differe-</strong></span> 
     </span>
    </p>
   </div>
   <div class='ocr_carea' id='block_1_57' title="bbox 192 3924 1694 3997">
    <p class='ocr_par' dir='ltr' id='par_1_57' title="bbox 192 3924 1694 3997">
     <span class='ocr_line' id='line_1_57' title="bbox 192 3924 1694 3997; baseline 0.003 -21"><span class='ocrx_word' id='word_1_386' title='bbox 192 3924 280 3976; x_wconf 78' lang='lat' dir='ltr'><strong>bat?</strong></span> <span class='ocrx_word' id='word_1_387' title='bbox 306 3927 524 3989; x_wconf 71' lang='lat' dir='ltr'><strong>Minime;</strong></span> <span class='ocrx_word' id='word_1_388' title='bbox 552 3929 812 3995; x_wconf 65' lang='lat' dir='ltr'><strong>&gt;iquidem</strong></span> <span class='ocrx_word' id='word_1_389' title='bbox 835 3929 1064 3982; x_wconf 83' lang='lat' dir='ltr'><strong>dilficilis</strong></span> <span class='ocrx_word' id='word_1_390' title='bbox 1087 3938 1170 3983; x_wconf 90' lang='lat' dir='ltr'><strong>est</strong></span> <span class='ocrx_word' id='word_1_391' title='bbox 1200 3930 1446 3997; x_wconf 85' lang='lat' dir='ltr'><strong>patientia</strong></span> <span class='ocrx_word' id='word_1_392' title='bbox 1475 3929 1694 3996; x_wconf 86' lang='lat' dir='ltr'><strong>gaudio-</strong></span> 
     </span>
    </p>
   </div>
   <div class='ocr_carea' id='block_1_58' title="bbox 192 4015 1692 4086">
    <p class='ocr_par' dir='ltr' id='par_1_58' title="bbox 192 4015 1692 4086">
     <span class='ocr_line' id='line_1_58' title="bbox 192 4015 1692 4086; baseline 0.006 -25"><span class='ocrx_word' id='word_1_393' title='bbox 192 4029 295 4066; x_wconf 86' lang='lat' dir='ltr'><strong>mtn.</strong></span> <span class='ocrx_word' id='word_1_394' title='bbox 330 4015 518 4086; x_wconf 78' lang='lat' dir='ltr'><strong>Fungor</strong></span> <span class='ocrx_word' id='word_1_395' title='bbox 557 4018 734 4085; x_wconf 68' lang='lat' dir='ltr'><strong>igitur,</strong></span> <span class='ocrx_word' id='word_1_396' title='bbox 769 4025 824 4068; x_wconf 92' lang='lat' dir='ltr'><strong>ut</strong></span> <span class='ocrx_word' id='word_1_397' title='bbox 852 4018 1017 4081; x_wconf 87' lang='lat' dir='ltr'><strong>vides,</strong></span> <span class='ocrx_word' id='word_1_398' title='bbox 1051 4021 1283 4084; x_wconf 65' lang='lat' dir='ltr'><strong>partibus</strong></span> <span class='ocrx_word' id='word_1_399' title='bbox 1325 4019 1448 4084; x_wconf 85' lang='lat' dir='ltr'><strong>tuis,</strong></span> <span class='ocrx_word' id='word_1_400' title='bbox 1493 4029 1546 4070; x_wconf 88' lang='lat' dir='ltr'><strong>et</strong></span> <span class='ocrx_word' id='word_1_401' title='bbox 1575 4034 1692 4086; x_wconf 84' lang='lat' dir='ltr'><strong>qu.e</strong></span> 
     </span>
    </p>
   </div>
   <div class='ocr_carea' id='block_1_59' title="bbox 193 4104 1692 4178">
    <p class='ocr_par' dir='ltr' id='par_1_59' title="bbox 193 4104 1692 4178">
     <span class='ocr_line' id='line_1_59' title="bbox 193 4104 1692 4178; baseline 0.005 -24"><span class='ocrx_word' id='word_1_402' title='bbox 193 4104 311 4158; x_wconf 81' lang='lat' dir='ltr'><strong>debui</strong></span> <span class='ocrx_word' id='word_1_403' title='bbox 338 4124 641 4176; x_wconf 79' lang='lat' dir='ltr'><strong>cognoscere</strong></span> <span class='ocrx_word' id='word_1_404' title='bbox 670 4111 832 4162; x_wconf 86' lang='lat' dir='ltr'><strong>malui</strong></span> <span class='ocrx_word' id='word_1_405' title='bbox 860 4111 1252 4178; x_wconf 85' lang='lat' dir='ltr'><strong>quodammodo</strong></span> <span class='ocrx_word' id='word_1_406' title='bbox 1283 4111 1544 4164; x_wconf 84' lang='lat' dir='ltr'><strong>nuntiare.</strong></span> <span class='ocrx_word' id='word_1_407' title='bbox 1586 4111 1692 4163; x_wconf 80' lang='lat' dir='ltr'><strong>Sed</strong></span> 
     </span>
    </p>
   </div>
   <div class='ocr_carea' id='block_1_60' title="bbox 198 4197 1695 4268">
    <p class='ocr_par' dir='ltr' id='par_1_60' title="bbox 198 4197 1695 4268">
     <span class='ocr_line' id='line_1_60' title="bbox 198 4197 1695 4268; baseline 0.006 -20"><span class='ocrx_word' id='word_1_408' title='bbox 198 4197 290 4248; x_wconf 82' lang='lat' dir='ltr'><strong>nolo</strong></span> <span class='ocrx_word' id='word_1_409' title='bbox 307 4199 388 4251; x_wconf 87' lang='lat' dir='ltr'><strong>ista</strong></span> <span class='ocrx_word' id='word_1_410' title='bbox 416 4202 710 4268; x_wconf 89' lang='lat' dir='ltr'><strong>properatio</strong></span> <span class='ocrx_word' id='word_1_411' title='bbox 735 4203 1027 4254; x_wconf 86' lang='lat' dir='ltr'><strong>litterarum</strong></span> <span class='ocrx_word' id='word_1_412' title='bbox 1061 4219 1294 4255; x_wconf 88' lang='lat' dir='ltr'><strong>tttearunt</strong></span> <span class='ocrx_word' id='word_1_413' title='bbox 1329 4215 1471 4256; x_wconf 90' lang='lat' dir='ltr'><strong>tuum</strong></span> <span class='ocrx_word' id='word_1_414' title='bbox 1504 4219 1695 4257; x_wconf 78' lang='lat' dir='ltr'><strong>munus</strong></span> 
     </span>
    </p>
   </div>
   <div class='ocr_carea' id='block_1_61' title="bbox 199 4284 1696 4358">
    <p class='ocr_par' dir='ltr' id='par_1_61' title="bbox 199 4284 1696 4358">
     <span class='ocr_line' id='line_1_61' title="bbox 199 4284 1696 4358; baseline 0.004 -19"><span class='ocrx_word' id='word_1_415' title='bbox 199 4284 422 4352; x_wconf 85' lang='lat' dir='ltr'><strong>impediat.</strong></span> <span class='ocrx_word' id='word_1_416' title='bbox 455 4292 598 4343; x_wconf 83' lang='lat' dir='ltr'><strong>Scire</strong></span> <span class='ocrx_word' id='word_1_417' title='bbox 627 4305 733 4356; x_wconf 91' lang='lat' dir='ltr'><strong>me,</strong></span> <span class='ocrx_word' id='word_1_418' title='bbox 765 4290 903 4358; x_wconf 89' lang='lat' dir='ltr'><strong>quod</strong></span> <span class='ocrx_word' id='word_1_419' title='bbox 938 4306 1076 4343; x_wconf 91' lang='lat' dir='ltr'><strong>nunc</strong></span> <span class='ocrx_word' id='word_1_420' title='bbox 1096 4294 1293 4355; x_wconf 82' lang='lat' dir='ltr'><strong>scribo,</strong></span> <span class='ocrx_word' id='word_1_421' title='bbox 1323 4293 1616 4355; x_wconf 84' lang='lat' dir='ltr'><strong>dissimula,</strong></span> <span class='ocrx_word' id='word_1_422' title='bbox 1643 4303 1696 4345; x_wconf 89' lang='lat' dir='ltr'><strong>et</strong></span> 
     </span>
    </p>
   </div>
   <div class='ocr_carea' id='block_1_62' title="bbox 196 4373 1697 4451">
    <p class='ocr_par' dir='ltr' id='par_1_62' title="bbox 196 4373 1697 4451">
     <span class='ocr_line' id='line_1_62' title="bbox 196 4373 1697 4451; baseline 0.009 -28"><span class='ocrx_word' id='word_1_423' title='bbox 196 4373 327 4428; x_wconf 82' lang='lat' dir='ltr'><strong>tribue</strong></span> <span class='ocrx_word' id='word_1_424' title='bbox 355 4381 491 4446; x_wconf 84' lang='lat' dir='ltr'><strong>quasi</strong></span> <span class='ocrx_word' id='word_1_425' title='bbox 534 4375 1043 4446; x_wconf 30' lang='lat' dir='ltr'><strong>novum’nutttium,</strong></span> <span class='ocrx_word' id='word_1_426' title='bbox 1077 4396 1232 4449; x_wconf 89' lang='lat' dir='ltr'><strong>quem</strong></span> <span class='ocrx_word' id='word_1_427' title='bbox 1269 4398 1367 4448; x_wconf 90' lang='lat' dir='ltr'><strong>ego</strong></span> <span class='ocrx_word' id='word_1_428' title='bbox 1393 4383 1697 4451; x_wconf 87' lang='lat' dir='ltr'><strong>gratulabor</strong></span> 
     </span>
    </p>
   </div>
   <div class='ocr_carea' id='block_1_63' title="bbox 198 4461 577 4525">
    <p class='ocr_par' dir='ltr' id='par_1_63' title="bbox 198 4461 577 4525">
     <span class='ocr_line' id='line_1_63' title="bbox 198 4461 577 4525; baseline 0.024 -9"><span class='ocrx_word' id='word_1_429' title='bbox 198 4461 410 4520; x_wconf 80' lang='lat' dir='ltr'><strong>iteratum.</strong></span> <span class='ocrx_word' id='word_1_430' title='bbox 435 4467 577 4525; x_wconf 72' lang='lat' dir='ltr'><strong>Vale.</strong></span> 
     </span>
    </p>
   </div>
   <div class='ocr_carea' id='block_1_64' title="bbox 681 4537 1170 4595">
    <p class='ocr_par' dir='ltr' id='par_1_64' title="bbox 681 4537 1170 4595">
     <span class='ocr_line' id='line_1_64' title="bbox 681 4537 1170 4595; baseline -0.002 -1"><span class='ocrx_word' id='word_1_431' title='bbox 681 4537 894 4594; x_wconf 78' lang='lat' dir='ltr'><strong>EPIST.</strong></span> <span class='ocrx_word' id='word_1_432' title='bbox 932 4539 1170 4595; x_wconf 76' lang='lat' dir='ltr'><strong>XXXIX.</strong></span> 
     </span>
    </p>
   </div>
   <div class='ocr_carea' id='block_1_65' title="bbox 630 4644 1204 4684">
    <p class='ocr_par' dir='ltr' id='par_1_65' title="bbox 630 4644 1204 4684">
     <span class='ocr_line' id='line_1_65' title="bbox 630 4644 1204 4684; baseline 0 0"><span class='ocrx_word' id='word_1_433' title='bbox 630 4645 937 4684; x_wconf 67' lang='grc' dir='ltr'><strong>ετιιιλοιιυε</strong></span> <span class='ocrx_word' id='word_1_434' title='bbox 966 4644 1204 4684; x_wconf 63' lang='grc' dir='ltr'><strong>Αυεοιηιο.</strong></span> 
     </span>
    </p>
   </div>
   <div class='ocr_carea' id='block_1_66' title="bbox 249 4734 1700 4810">
    <p class='ocr_par' dir='ltr' id='par_1_66' title="bbox 249 4734 1700 4810">
     <span class='ocr_line' id='line_1_66' title="bbox 249 4734 1700 4810; baseline 0.006 -19"><span class='ocrx_word' id='word_1_435' title='bbox 249 4734 346 4792; x_wconf 74' lang='grc' dir='ltr'><strong>δεῐο</strong></span> <span class='ocrx_word' id='word_1_436' title='bbox 372 4740 572 4808; x_wconf 88' lang='lat' dir='ltr'><strong>quidem</strong></span> <span class='ocrx_word' id='word_1_437' title='bbox 598 4743 802 4797; x_wconf 86' lang='lat' dir='ltr'><strong>litteras</strong></span> <span class='ocrx_word' id='word_1_438' title='bbox 821 4759 967 4798; x_wconf 88' lang='lat' dir='ltr'><strong>meas</strong></span> <span class='ocrx_word' id='word_1_439' title='bbox 995 4743 1086 4799; x_wconf 90' lang='lat' dir='ltr'><strong>tibi</strong></span> <span class='ocrx_word' id='word_1_440' title='bbox 1113 4759 1236 4799; x_wconf 89' lang='lat' dir='ltr'><strong>sero</strong></span> <span class='ocrx_word' id='word_1_441' title='bbox 1266 4743 1582 4810; x_wconf 88' lang='lat' dir='ltr'><strong>reddendas,</strong></span> <span class='ocrx_word' id='word_1_442' title='bbox 1616 4745 1700 4800; x_wconf 87' lang='lat' dir='ltr'><strong>vel</strong></span> 
     </span>
    </p>
   </div>
   <div class='ocr_carea' id='block_1_67' title="bbox 202 4835 1700 4906">
    <p class='ocr_par' dir='ltr' id='par_1_67' title="bbox 202 4835 1700 4906">
     <span class='ocr_line' id='line_1_67' title="bbox 202 4835 1700 4906; baseline 0.007 -23"><span class='ocrx_word' id='word_1_443' title='bbox 202 4839 370 4898; x_wconf 68' lang='lat' dir='ltr'><strong>propter</strong></span> <span class='ocrx_word' id='word_1_444' title='bbox 395 4835 780 4903; x_wconf 82' lang='lat' dir='ltr'><strong>occupationes,</strong></span> <span class='ocrx_word' id='word_1_445' title='bbox 811 4844 931 4905; x_wconf 71' lang='lat' dir='ltr'><strong>qua:</strong></span> <span class='ocrx_word' id='word_1_446' title='bbox 971 4847 1022 4891; x_wconf 88' lang='lat' dir='ltr'><strong>te</strong></span> <span class='ocrx_word' id='word_1_447' title='bbox 1066 4838 1115 4891; x_wconf 92' lang='lat' dir='ltr'><strong>in</strong></span> <span class='ocrx_word' id='word_1_448' title='bbox 1149 4839 1418 4905; x_wconf 91' lang='lat' dir='ltr'><strong>procinctu</strong></span> <span class='ocrx_word' id='word_1_449' title='bbox 1459 4838 1700 4906; x_wconf 87' lang='lat' dir='ltr'><strong>aliquan-</strong></span> 
     </span>
    </p>
   </div>
   <div class='ocr_carea' id='block_1_68' title="bbox 202 4918 1698 4996">
    <p class='ocr_par' dir='ltr' id='par_1_68' title="bbox 202 4918 1698 4996">
     <span class='ocr_line' id='line_1_68' title="bbox 202 4918 1698 4996; baseline 0.006 -24"><span class='ocrx_word' id='word_1_450' title='bbox 202 4918 326 4985; x_wconf 77' lang='lat' dir='ltr'><strong>tisper</strong></span> <span class='ocrx_word' id='word_1_451' title='bbox 362 4924 633 4990; x_wconf 85' lang='lat' dir='ltr'><strong>tenebunt;</strong></span> <span class='ocrx_word' id='word_1_452' title='bbox 681 4925 765 4979; x_wconf 76' lang='lat' dir='ltr'><strong>vel</strong></span> <span class='ocrx_word' id='word_1_453' title='bbox 801 4924 940 4993; x_wconf 90' lang='lat' dir='ltr'><strong>quod</strong></span> <span class='ocrx_word' id='word_1_454' title='bbox 984 4925 1143 4980; x_wconf 88' lang='lat' dir='ltr'><strong>frater</strong></span> <span class='ocrx_word' id='word_1_455' title='bbox 1188 4943 1338 4982; x_wconf 86' lang='lat' dir='ltr'><strong>meus</strong></span> <span class='ocrx_word' id='word_1_456' title='bbox 1379 4927 1698 4996; x_wconf 85' lang='lat' dir='ltr'><strong>Gorgonius,</strong></span> 
     </span>
    </p>
   </div>
   <div class='ocr_carea' id='block_1_69' title="bbox 203 5007 1699 5086">
    <p class='ocr_par' dir='ltr' id='par_1_69' title="bbox 203 5007 1699 5086">
     <span class='ocr_line' id='line_1_69' title="bbox 203 5007 1699 5086; baseline 0.01 -28"><span class='ocrx_word' id='word_1_457' title='bbox 203 5007 439 5065; x_wconf 77' lang='lat' dir='ltr'><strong>admirator</strong></span> <span class='ocrx_word' id='word_1_458' title='bbox 480 5015 732 5070; x_wconf 85' lang='lat' dir='ltr'><strong>virtutum</strong></span> <span class='ocrx_word' id='word_1_459' title='bbox 763 5025 992 5082; x_wconf 85' lang='lat' dir='ltr'><strong>tuarum,</strong></span> <span class='ocrx_word' id='word_1_460' title='bbox 1027 5017 1244 5070; x_wconf 75' lang='lat' dir='ltr'><strong>diutina:</strong></span> <span class='ocrx_word' id='word_1_461' title='bbox 1280 5018 1418 5086; x_wconf 88' lang='lat' dir='ltr'><strong>apud</strong></span> <span class='ocrx_word' id='word_1_462' title='bbox 1459 5017 1699 5073; x_wconf 87' lang='lat' dir='ltr'><strong>Picentes</strong></span> 
     </span>
    </p>
   </div>
   <div class='ocr_carea' id='block_1_70' title="bbox 207 5095 1705 5184">
    <p class='ocr_par' dir='ltr' id='par_1_70' title="bbox 207 5095 1705 5184">
     <span class='ocr_line' id='line_1_70' title="bbox 207 5095 1705 5184; baseline 0.008 -32"><span class='ocrx_word' id='word_1_463' title='bbox 207 5095 448 5172; x_wconf 76' lang='lat' dir='ltr'><strong>indulgebit</strong></span> <span class='ocrx_word' id='word_1_464' title='bbox 470 5109 641 5174; x_wconf 88' lang='lat' dir='ltr'><strong>quieti.</strong></span> <span class='ocrx_word' id='word_1_465' title='bbox 685 5107 754 5162; x_wconf 83' lang='lat' dir='ltr'><strong>Ut</strong></span> <span class='ocrx_word' id='word_1_466' title='bbox 778 5116 836 5160; x_wconf 92' lang='lat' dir='ltr'><strong>ut</strong></span> <span class='ocrx_word' id='word_1_467' title='bbox 863 5118 946 5161; x_wconf 89' lang='lat' dir='ltr'><strong>est</strong></span> <span class='ocrx_word' id='word_1_468' title='bbox 977 5119 1152 5161; x_wconf 86' lang='lat' dir='ltr'><strong>tamen</strong></span> <span class='ocrx_word' id='word_1_469' title='bbox 1184 5110 1280 5162; x_wconf 90' lang='lat' dir='ltr'><strong>ista</strong></span> <span class='ocrx_word' id='word_1_470' title='bbox 1313 5112 1582 5184; x_wconf 66' lang='lat' dir='ltr'><strong>conditio,</strong></span> <span class='ocrx_word' id='word_1_471' title='bbox 1615 5127 1705 5164; x_wconf 90' lang='lat' dir='ltr'><strong>su-</strong></span> 
     </span>
    </p>
   </div>
   <div class='ocr_carea' id='block_1_71' title="bbox 207 5196 1704 5267">
    <p class='ocr_par' dir='ltr' id='par_1_71' title="bbox 207 5196 1704 5267">
     <span class='ocr_line' id='line_1_71' title="bbox 207 5196 1704 5267; baseline 0.003 -14"><span class='ocrx_word' id='word_1_472' title='bbox 207 5196 532 5253; x_wconf 64' lang='lat' dir='ltr'><strong>mendum</strong></span> <span class='ocrx_word' id='word_1_473' title='bbox 570 5199 746 5252; x_wconf 60' lang='lat' dir='ltr'><strong>officio</strong></span> <span class='ocrx_word' id='word_1_474' title='bbox 791 5216 894 5253; x_wconf 90' lang='lat' dir='ltr'><strong>non</strong></span> <span class='ocrx_word' id='word_1_475' title='bbox 929 5206 1122 5267; x_wconf 85' lang='lat' dir='ltr'><strong>putavi.</strong></span> <span class='ocrx_word' id='word_1_476' title='bbox 1168 5200 1298 5254; x_wconf 83' lang='lat' dir='ltr'><strong>Fors</strong></span> <span class='ocrx_word' id='word_1_477' title='bbox 1331 5201 1460 5267; x_wconf 83' lang='lat' dir='ltr'><strong>fuat,</strong></span> <span class='ocrx_word' id='word_1_478' title='bbox 1495 5220 1558 5255; x_wconf 91' lang='lat' dir='ltr'><strong>an</strong></span> <span class='ocrx_word' id='word_1_479' title='bbox 1593 5205 1704 5258; x_wconf 73' lang='lat' dir='ltr'><strong>hare</strong></span> 
     </span>
    </p>
   </div>
   <div class='ocr_carea' id='block_1_72' title="bbox 209 5289 1701 5364">
    <p class='ocr_par' dir='ltr' id='par_1_72' title="bbox 209 5289 1701 5364">
     <span class='ocr_line' id='line_1_72' title="bbox 209 5289 1701 5364; baseline 0.009 -30"><span class='ocrx_word' id='word_1_480' title='bbox 209 5291 365 5339; x_wconf 76' lang='lat' dir='ltr'><strong>mature</strong></span> <span class='ocrx_word' id='word_1_481' title='bbox 405 5289 452 5341; x_wconf 92' lang='lat' dir='ltr'><strong>in</strong></span> <span class='ocrx_word' id='word_1_482' title='bbox 482 5306 664 5344; x_wconf 84' lang='lat' dir='ltr'><strong>manus</strong></span> <span class='ocrx_word' id='word_1_483' title='bbox 698 5301 816 5344; x_wconf 90' lang='lat' dir='ltr'><strong>tuas</strong></span> <span class='ocrx_word' id='word_1_484' title='bbox 857 5298 1050 5360; x_wconf 86' lang='lat' dir='ltr'><strong>scripta</strong></span> <span class='ocrx_word' id='word_1_485' title='bbox 1088 5295 1190 5346; x_wconf 87' lang='lat' dir='ltr'><strong>sint</strong></span> <span class='ocrx_word' id='word_1_486' title='bbox 1224 5304 1461 5346; x_wconf 81' lang='lat' dir='ltr'><strong>ventura.</strong></span> <span class='ocrx_word' id='word_1_487' title='bbox 1495 5297 1597 5364; x_wconf 72' lang='lat' dir='ltr'><strong>Ego</strong></span> <span class='ocrx_word' id='word_1_488' title='bbox 1625 5307 1701 5348; x_wconf 85' lang='lat' dir='ltr'><strong>ta-</strong></span> 
     </span>
    </p>
   </div>
   <div class='ocr_carea' id='block_1_73' title="bbox 211 5383 1706 5452">
    <p class='ocr_par' dir='ltr' id='par_1_73' title="bbox 211 5383 1706 5452">
     <span class='ocr_line' id='line_1_73' title="bbox 211 5383 1706 5452; baseline 0.008 -23"><span class='ocrx_word' id='word_1_489' title='bbox 211 5383 296 5425; x_wconf 69' lang='lat' dir='ltr'><strong>m</strong></span> <span class='ocrx_word' id='word_1_490' title='bbox 317 5392 545 5445; x_wconf 79' lang='lat' dir='ltr'><strong>quantum</strong></span> <span class='ocrx_word' id='word_1_491' title='bbox 573 5399 664 5450; x_wconf 91' lang='lat' dir='ltr'><strong>per</strong></span> <span class='ocrx_word' id='word_1_492' title='bbox 694 5394 1057 5436; x_wconf 68' lang='lat' dir='ltr'><strong>commeantes</strong></span> <span class='ocrx_word' id='word_1_493' title='bbox 1091 5384 1287 5448; x_wconf 81' lang='lat' dir='ltr'><strong>licebit,</strong></span> <span class='ocrx_word' id='word_1_494' title='bbox 1315 5385 1439 5452; x_wconf 83' lang='lat' dir='ltr'><strong>justi</strong></span> <span class='ocrx_word' id='word_1_495' title='bbox 1475 5403 1706 5441; x_wconf 73' lang='lat' dir='ltr'><strong>muneris</strong></span> 
     </span>
    </p>
   </div>
   <div class='ocr_carea' id='block_1_74' title="bbox 211 5471 1003 5540">
    <p class='ocr_par' dir='ltr' id='par_1_74' title="bbox 211 5471 1003 5540">
     <span class='ocr_line' id='line_1_74' title="bbox 211 5471 1003 5540; baseline -0.004 -13"><span class='ocrx_word' id='word_1_496' title='bbox 211 5471 372 5527; x_wconf 72' lang='grc' dir='ltr'><strong>ορεηω</strong></span> <span class='ocrx_word' id='word_1_497' title='bbox 399 5487 494 5524; x_wconf 82' lang='lat' dir='ltr'><strong>non</strong></span> <span class='ocrx_word' id='word_1_498' title='bbox 525 5486 821 5540; x_wconf 80' lang='lat' dir='ltr'><strong>reparcam.</strong></span> <span class='ocrx_word' id='word_1_499' title='bbox 861 5471 1003 5524; x_wconf 83' lang='lat' dir='ltr'><strong>Vale.</strong></span> 
     </span>
    </p>
   </div>
   <div class='ocr_carea' id='block_1_75' title="bbox 751 5563 1096 5618">
    <p class='ocr_par' dir='ltr' id='par_1_75' title="bbox 751 5563 1096 5618">
     <span class='ocr_line' id='line_1_75' title="bbox 751 5563 1096 5618; baseline -0.009 0"><span class='ocrx_word' id='word_1_500' title='bbox 751 5564 960 5618; x_wconf 79' lang='lat' dir='ltr'><strong>EI‘IST.</strong></span> <span class='ocrx_word' id='word_1_501' title='bbox 990 5563 1096 5616; x_wconf 87' lang='lat' dir='ltr'><strong>XL.</strong></span> 
     </span>
    </p>
   </div>
   <div class='ocr_carea' id='block_1_76' title="bbox 626 5669 1196 5708">
    <p class='ocr_par' dir='ltr' id='par_1_76' title="bbox 626 5669 1196 5708">
     <span class='ocr_line' id='line_1_76' title="bbox 626 5669 1196 5708; baseline -0.004 0"><span class='ocrx_word' id='word_1_502' title='bbox 626 5669 936 5708; x_wconf 67' lang='grc' dir='ltr'><strong>δηιηαωδ</strong></span> <span class='ocrx_word' id='word_1_503' title='bbox 963 5669 1196 5708; x_wconf 72' lang='grc' dir='ltr'><strong>ΑυΞΟΝΙΟ.</strong></span> 
     </span>
    </p>
   </div>
   <div class='ocr_carea' id='block_1_77' title="bbox 263 5731 1705 5815">
    <p class='ocr_par' dir='ltr' id='par_1_77' title="bbox 263 5731 1705 5815">
     <span class='ocr_line' id='line_1_77' title="bbox 263 5731 1705 5815; baseline 0.006 -22"><span class='ocrx_word' id='word_1_504' title='bbox 263 5731 550 5796; x_wconf 63' lang='lat' dir='ltr'><strong>Nautiorum</strong></span> <span class='ocrx_word' id='word_1_505' title='bbox 578 5752 667 5798; x_wconf 88' lang='lat' dir='ltr'><strong>aut</strong></span> <span class='ocrx_word' id='word_1_506' title='bbox 705 5745 1058 5812; x_wconf 84' lang='lat' dir='ltr'><strong>incognitum,</strong></span> <span class='ocrx_word' id='word_1_507' title='bbox 1105 5744 1197 5800; x_wconf 85' lang='lat' dir='ltr'><strong>sed</strong></span> <span class='ocrx_word' id='word_1_508' title='bbox 1240 5754 1569 5815; x_wconf 80' lang='lat' dir='ltr'><strong>cumpertutn</strong></span> <span class='ocrx_word' id='word_1_509' title='bbox 1600 5746 1705 5815; x_wconf 71' lang='lat' dir='ltr'><strong>jam</strong></span> 
     </span>
    </p>
   </div>
   <div class='ocr_carea' id='block_1_78' title="bbox 1788 1935 3343 2008">
    <p class='ocr_par' dir='ltr' id='par_1_78' title="bbox 1788 1935 3343 2008">
     <span class='ocr_line' id='line_1_78' title="bbox 1788 1935 3343 2008; baseline -0.005 -14"><span class='ocrx_word' id='word_1_510' title='bbox 1788 1953 1866 1994; x_wconf 90' lang='lat' dir='ltr'><strong>ter</strong></span> <span class='ocrx_word' id='word_1_511' title='bbox 1893 1943 1958 1995; x_wconf 90' lang='lat' dir='ltr'><strong>de</strong></span> <span class='ocrx_word' id='word_1_512' title='bbox 1986 1943 2083 1995; x_wconf 91' lang='lat' dir='ltr'><strong>hoc</strong></span> <span class='ocrx_word' id='word_1_513' title='bbox 2108 1943 2234 1994; x_wconf 90' lang='lat' dir='ltr'><strong>nihil</strong></span> <span class='ocrx_word' id='word_1_514' title='bbox 2258 1942 2485 2005; x_wconf 88' lang='lat' dir='ltr'><strong>amplius</strong></span> <span class='ocrx_word' id='word_1_515' title='bbox 2509 1956 2622 1994; x_wconf 90' lang='lat' dir='ltr'><strong>oro.</strong></span> <span class='ocrx_word' id='word_1_516' title='bbox 2661 1941 2838 2008; x_wconf 87' lang='lat' dir='ltr'><strong>Neque</strong></span> <span class='ocrx_word' id='word_1_517' title='bbox 2865 1939 3004 1993; x_wconf 88' lang='lat' dir='ltr'><strong>enim</strong></span> <span class='ocrx_word' id='word_1_518' title='bbox 3035 1935 3343 2005; x_wconf 68' lang='lat' dir='ltr'><strong>prmjudtcio</strong></span> 
     </span>
    </p>
   </div>
   <div class='ocr_carea' id='block_1_79' title="bbox 1787 2030 3347 2102">
    <p class='ocr_par' dir='ltr' id='par_1_79' title="bbox 1787 2030 3347 2102">
     <span class='ocr_line' id='line_1_79' title="bbox 1787 2030 3347 2102; baseline -0.003 -15"><span class='ocrx_word' id='word_1_519' title='bbox 1787 2050 1905 2087; x_wconf 83' lang='lat' dir='ltr'><strong>meo</strong></span> <span class='ocrx_word' id='word_1_520' title='bbox 1929 2034 2085 2088; x_wconf 85' lang='lat' dir='ltr'><strong>debet</strong></span> <span class='ocrx_word' id='word_1_521' title='bbox 2113 2035 2349 2102; x_wconf 88' lang='lat' dir='ltr'><strong>astringi,</strong></span> <span class='ocrx_word' id='word_1_522' title='bbox 2383 2035 2533 2101; x_wconf 88' lang='lat' dir='ltr'><strong>cujus</strong></span> <span class='ocrx_word' id='word_1_523' title='bbox 2553 2043 2800 2102; x_wconf 71' lang='lat' dir='ltr'><strong>exspecto</strong></span> <span class='ocrx_word' id='word_1_524' title='bbox 2823 2034 3101 2100; x_wconf 87' lang='lat' dir='ltr'><strong>judicium.</strong></span> <span class='ocrx_word' id='word_1_525' title='bbox 3132 2030 3261 2084; x_wconf 88' lang='lat' dir='ltr'><strong>Illud</strong></span> <span class='ocrx_word' id='word_1_526' title='bbox 3296 2039 3347 2083; x_wconf 83' lang='lat' dir='ltr'><strong>te</strong></span> 
     </span>
    </p>
   </div>
   <div class='ocr_carea' id='block_1_80' title="bbox 1787 2122 3344 2190">
    <p class='ocr_par' dir='ltr' id='par_1_80' title="bbox 1787 2122 3344 2190">
     <span class='ocr_line' id='line_1_80' title="bbox 1787 2122 3344 2190; baseline -0.001 -18"><span class='ocrx_word' id='word_1_527' title='bbox 1787 2126 1959 2190; x_wconf 84' lang='lat' dir='ltr'><strong>potius</strong></span> <span class='ocrx_word' id='word_1_528' title='bbox 1988 2131 2195 2175; x_wconf 91' lang='lat' dir='ltr'><strong>oratum</strong></span> <span class='ocrx_word' id='word_1_529' title='bbox 2218 2123 2358 2184; x_wconf 84' lang='lat' dir='ltr'><strong>volo,</strong></span> <span class='ocrx_word' id='word_1_530' title='bbox 2386 2132 2440 2174; x_wconf 91' lang='lat' dir='ltr'><strong>ut</strong></span> <span class='ocrx_word' id='word_1_531' title='bbox 2469 2123 2631 2174; x_wconf 89' lang='lat' dir='ltr'><strong>nostri</strong></span> <span class='ocrx_word' id='word_1_532' title='bbox 2665 2122 2988 2188; x_wconf 85' lang='lat' dir='ltr'><strong>diligentiam</strong></span> <span class='ocrx_word' id='word_1_533' title='bbox 3015 2133 3344 2189; x_wconf 81' lang='lat' dir='ltr'><strong>perseveres.</strong></span> 
     </span>
    </p>
   </div>
   <div class='ocr_carea' id='block_1_81' title="bbox 1786 2210 3346 2280">
    <p class='ocr_par' dir='ltr' id='par_1_81' title="bbox 1786 2210 3346 2280">
     <span class='ocr_line' id='line_1_81' title="bbox 1786 2210 3346 2280; baseline -0.003 -16"><span class='ocrx_word' id='word_1_534' title='bbox 1786 2213 1935 2278; x_wconf 82' lang='lat' dir='ltr'><strong>Quod</strong></span> <span class='ocrx_word' id='word_1_535' title='bbox 1971 2228 2088 2266; x_wconf 89' lang='lat' dir='ltr'><strong>cum</strong></span> <span class='ocrx_word' id='word_1_536' title='bbox 2128 2212 2382 2280; x_wconf 81' lang='lat' dir='ltr'><strong>efflagito,</strong></span> <span class='ocrx_word' id='word_1_537' title='bbox 2432 2227 2619 2265; x_wconf 85' lang='lat' dir='ltr'><strong>vereor</strong></span> <span class='ocrx_word' id='word_1_538' title='bbox 2661 2226 2727 2264; x_wconf 88' lang='lat' dir='ltr'><strong>ne</strong></span> <span class='ocrx_word' id='word_1_539' title='bbox 2777 2227 2861 2264; x_wconf 89' lang='lat' dir='ltr'><strong>me</strong></span> <span class='ocrx_word' id='word_1_540' title='bbox 2897 2210 3143 2278; x_wconf 89' lang='lat' dir='ltr'><strong>injurium</strong></span> <span class='ocrx_word' id='word_1_541' title='bbox 3172 2219 3346 2277; x_wconf 89' lang='lat' dir='ltr'><strong>putes,</strong></span> 
     </span>
    </p>
   </div>
   <div class='ocr_carea' id='block_1_82' title="bbox 1786 2301 3343 2374">
    <p class='ocr_par' dir='ltr' id='par_1_82' title="bbox 1786 2301 3343 2374">
     <span class='ocr_line' id='line_1_82' title="bbox 1786 2301 3343 2374; baseline -0.002 -18"><span class='ocrx_word' id='word_1_542' title='bbox 1786 2305 1873 2372; x_wconf 90' lang='lat' dir='ltr'><strong>qui</strong></span> <span class='ocrx_word' id='word_1_543' title='bbox 1896 2319 1925 2358; x_wconf 89' lang='lat' dir='ltr'><strong>a</strong></span> <span class='ocrx_word' id='word_1_544' title='bbox 1958 2313 2007 2358; x_wconf 90' lang='lat' dir='ltr'><strong>te</strong></span> <span class='ocrx_word' id='word_1_545' title='bbox 2028 2304 2312 2374; x_wconf 86' lang='lat' dir='ltr'><strong>postulem,</strong></span> <span class='ocrx_word' id='word_1_546' title='bbox 2342 2304 2482 2372; x_wconf 90' lang='lat' dir='ltr'><strong>quod</strong></span> <span class='ocrx_word' id='word_1_547' title='bbox 2506 2312 2695 2371; x_wconf 87' lang='lat' dir='ltr'><strong>sponte</strong></span> <span class='ocrx_word' id='word_1_548' title='bbox 2717 2312 3061 2371; x_wconf 72' lang='lat' dir='ltr'><strong>przestaturus</strong></span> <span class='ocrx_word' id='word_1_549' title='bbox 3085 2317 3166 2356; x_wconf 89' lang='lat' dir='ltr'><strong>es.</strong></span> <span class='ocrx_word' id='word_1_550' title='bbox 3191 2301 3343 2354; x_wconf 74' lang='lat' dir='ltr'><strong>Vale.</strong></span> 
     </span>
    </p>
   </div>
   <div class='ocr_carea' id='block_1_83' title="bbox 2360 2413 2761 2469">
    <p class='ocr_par' dir='ltr' id='par_1_83' title="bbox 2360 2413 2761 2469">
     <span class='ocr_line' id='line_1_83' title="bbox 2360 2413 2761 2469; baseline -0.005 -1"><span class='ocrx_word' id='word_1_551' title='bbox 2360 2413 2572 2469; x_wconf 82' lang='lat' dir='ltr'><strong>EPIST.</strong></span> <span class='ocrx_word' id='word_1_552' title='bbox 2605 2413 2761 2468; x_wconf 89' lang='lat' dir='ltr'><strong>XLII.</strong></span> 
     </span>
    </p>
   </div>
   <div class='ocr_carea' id='block_1_84' title="bbox 2277 2538 2844 2578">
    <p class='ocr_par' dir='ltr' id='par_1_84' title="bbox 2277 2538 2844 2578">
     <span class='ocr_line' id='line_1_84' title="bbox 2277 2538 2844 2578; baseline 0 -2"><span class='ocrx_word' id='word_1_553' title='bbox 2277 2538 2581 2577; x_wconf 67' lang='grc' dir='ltr'><strong>δῐωιλοηυε</strong></span> <span class='ocrx_word' id='word_1_554' title='bbox 2606 2539 2844 2578; x_wconf 62' lang='grc' dir='ltr'><strong>Αυεοιςιο.</strong></span> 
     </span>
    </p>
   </div>
   <div class='ocr_carea' id='block_1_85' title="bbox 1857 2630 3344 2701">
    <p class='ocr_par' dir='ltr' id='par_1_85' title="bbox 1857 2630 3344 2701">
     <span class='ocr_line' id='line_1_85' title="bbox 1857 2630 3344 2701; baseline 0.001 -17"><span class='ocrx_word' id='word_1_555' title='bbox 1857 2631 2221 2700; x_wconf 80' lang='lat' dir='ltr'><strong>Compensasti</strong></span> <span class='ocrx_word' id='word_1_556' title='bbox 2252 2632 2466 2701; x_wconf 81' lang='lat' dir='ltr'><strong>longum</strong></span> <span class='ocrx_word' id='word_1_557' title='bbox 2494 2633 2760 2686; x_wconf 89' lang='lat' dir='ltr'><strong>silentium</strong></span> <span class='ocrx_word' id='word_1_558' title='bbox 2791 2632 3000 2700; x_wconf 82' lang='lat' dir='ltr'><strong>gemina</strong></span> <span class='ocrx_word' id='word_1_559' title='bbox 3040 2630 3344 2698; x_wconf 89' lang='lat' dir='ltr'><strong>scriptione.</strong></span> 
     </span>
    </p>
   </div>
   <div class='ocr_carea' id='block_1_86' title="bbox 1789 2719 3345 2790">
    <p class='ocr_par' dir='ltr' id='par_1_86' title="bbox 1789 2719 3345 2790">
     <span class='ocr_line' id='line_1_86' title="bbox 1789 2719 3345 2790; baseline -0.001 -17"><span class='ocrx_word' id='word_1_560' title='bbox 1789 2720 1994 2774; x_wconf 80' lang='lat' dir='ltr'><strong>Pariter</strong></span> <span class='ocrx_word' id='word_1_561' title='bbox 2042 2724 2183 2774; x_wconf 89' lang='lat' dir='ltr'><strong>enim</strong></span> <span class='ocrx_word' id='word_1_562' title='bbox 2242 2722 2392 2776; x_wconf 88' lang='lat' dir='ltr'><strong>binas</strong></span> <span class='ocrx_word' id='word_1_563' title='bbox 2444 2723 2647 2776; x_wconf 84' lang='lat' dir='ltr'><strong>litteras</strong></span> <span class='ocrx_word' id='word_1_564' title='bbox 2691 2722 2980 2790; x_wconf 69' lang='lat' dir='ltr'><strong>praebuisti,</strong></span> <span class='ocrx_word' id='word_1_565' title='bbox 3026 2719 3345 2773; x_wconf 85' lang='lat' dir='ltr'><strong>desiderium</strong></span> 
     </span>
    </p>
   </div>
   <div class='ocr_carea' id='block_1_87' title="bbox 1791 2811 3344 2883">
    <p class='ocr_par' dir='ltr' id='par_1_87' title="bbox 1791 2811 3344 2883">
     <span class='ocr_line' id='line_1_87' title="bbox 1791 2811 3344 2883; baseline -0.003 -17"><span class='ocrx_word' id='word_1_566' title='bbox 1791 2829 1966 2867; x_wconf 90' lang='lat' dir='ltr'><strong>nteum</strong></span> <span class='ocrx_word' id='word_1_567' title='bbox 1997 2813 2174 2867; x_wconf 84' lang='lat' dir='ltr'><strong>officio</strong></span> <span class='ocrx_word' id='word_1_568' title='bbox 2224 2814 2451 2882; x_wconf 90' lang='lat' dir='ltr'><strong>largiore</strong></span> <span class='ocrx_word' id='word_1_569' title='bbox 2492 2815 2826 2883; x_wconf 89' lang='lat' dir='ltr'><strong>complexus.</strong></span> <span class='ocrx_word' id='word_1_570' title='bbox 2873 2815 2948 2867; x_wconf 83' lang='lat' dir='ltr'><strong>Ex</strong></span> <span class='ocrx_word' id='word_1_571' title='bbox 2991 2829 3095 2882; x_wconf 89' lang='lat' dir='ltr'><strong>quo</strong></span> <span class='ocrx_word' id='word_1_572' title='bbox 3121 2811 3344 2873; x_wconf 84' lang='lat' dir='ltr'><strong>adverti,</strong></span> 
     </span>
    </p>
   </div>
   <div class='ocr_carea' id='block_1_88' title="bbox 1789 2902 3344 2971">
    <p class='ocr_par' dir='ltr' id='par_1_88' title="bbox 1789 2902 3344 2971">
     <span class='ocr_line' id='line_1_88' title="bbox 1789 2902 3344 2971; baseline -0.003 -13"><span class='ocrx_word' id='word_1_573' title='bbox 1789 2921 1895 2958; x_wconf 86' lang='lat' dir='ltr'><strong>non</strong></span> <span class='ocrx_word' id='word_1_574' title='bbox 1927 2905 2250 2959; x_wconf 81' lang='lat' dir='ltr'><strong>voluntatem</strong></span> <span class='ocrx_word' id='word_1_575' title='bbox 2283 2903 2374 2957; x_wconf 93' lang='lat' dir='ltr'><strong>tibi</strong></span> <span class='ocrx_word' id='word_1_576' title='bbox 2403 2904 2678 2970; x_wconf 88' lang='lat' dir='ltr'><strong>hactenus,</strong></span> <span class='ocrx_word' id='word_1_577' title='bbox 2717 2904 2809 2957; x_wconf 89' lang='lat' dir='ltr'><strong>sed</strong></span> <span class='ocrx_word' id='word_1_578' title='bbox 2836 2904 3064 2971; x_wconf 90' lang='lat' dir='ltr'><strong>hajulum</strong></span> <span class='ocrx_word' id='word_1_579' title='bbox 3095 2902 3344 2955; x_wconf 85' lang='lat' dir='ltr'><strong>defuisse.</strong></span> 
     </span>
    </p>
   </div>
   <div class='ocr_carea' id='block_1_89' title="bbox 1790 2991 3345 3060">
    <p class='ocr_par' dir='ltr' id='par_1_89' title="bbox 1790 2991 3345 3060">
     <span class='ocr_line' id='line_1_89' title="bbox 1790 2991 3345 3060; baseline -0.002 -14"><span class='ocrx_word' id='word_1_580' title='bbox 1790 2993 1970 3060; x_wconf 82' lang='lat' dir='ltr'><strong>Neque</strong></span> <span class='ocrx_word' id='word_1_581' title='bbox 1993 2993 2132 3046; x_wconf 90' lang='lat' dir='ltr'><strong>enim</strong></span> <span class='ocrx_word' id='word_1_582' title='bbox 2161 2992 2313 3044; x_wconf 91' lang='lat' dir='ltr'><strong>aliter</strong></span> <span class='ocrx_word' id='word_1_583' title='bbox 2335 2994 2590 3060; x_wconf 86' lang='lat' dir='ltr'><strong>potuisset</strong></span> <span class='ocrx_word' id='word_1_584' title='bbox 2629 2992 2890 3055; x_wconf 87' lang='lat' dir='ltr'><strong>accidere,</strong></span> <span class='ocrx_word' id='word_1_585' title='bbox 2933 3004 2985 3044; x_wconf 92' lang='lat' dir='ltr'><strong>ut</strong></span> <span class='ocrx_word' id='word_1_586' title='bbox 3028 3008 3114 3044; x_wconf 89' lang='lat' dir='ltr'><strong>me</strong></span> <span class='ocrx_word' id='word_1_587' title='bbox 3167 2991 3345 3043; x_wconf 89' lang='lat' dir='ltr'><strong>tandiu</strong></span> 
     </span>
    </p>
   </div>
   <div class='ocr_carea' id='block_1_90' title="bbox 1789 3079 3345 3148">
    <p class='ocr_par' dir='ltr' id='par_1_90' title="bbox 1789 3079 3345 3148">
     <span class='ocr_line' id='line_1_90' title="bbox 1789 3079 3345 3148; baseline -0.003 -11"><span class='ocrx_word' id='word_1_588' title='bbox 1789 3082 2054 3137; x_wconf 78' lang='lat' dir='ltr'><strong>sermmtis</strong></span> <span class='ocrx_word' id='word_1_589' title='bbox 2080 3082 2151 3134; x_wconf 93' lang='lat' dir='ltr'><strong>tui</strong></span> <span class='ocrx_word' id='word_1_590' title='bbox 2183 3082 2385 3135; x_wconf 86' lang='lat' dir='ltr'><strong>honore</strong></span> <span class='ocrx_word' id='word_1_591' title='bbox 2421 3081 2710 3134; x_wconf 84' lang='lat' dir='ltr'><strong>fraudares.</strong></span> <span class='ocrx_word' id='word_1_592' title='bbox 2752 3083 2938 3134; x_wconf 82' lang='lat' dir='ltr'><strong>Merito</strong></span> <span class='ocrx_word' id='word_1_593' title='bbox 2973 3081 3108 3148; x_wconf 86' lang='lat' dir='ltr'><strong>apud</strong></span> <span class='ocrx_word' id='word_1_594' title='bbox 3157 3095 3254 3133; x_wconf 91' lang='lat' dir='ltr'><strong>nos</strong></span> <span class='ocrx_word' id='word_1_595' title='bbox 3295 3079 3345 3132; x_wconf 89' lang='lat' dir='ltr'><strong>itt</strong></span> 
     </span>
    </p>
   </div>
   <div class='ocr_carea' id='block_1_91' title="bbox 1791 3171 3346 3242">
    <p class='ocr_par' dir='ltr' id='par_1_91' title="bbox 1791 3171 3346 3242">
     <span class='ocr_line' id='line_1_91' title="bbox 1791 3171 3346 3242; baseline -0.003 -15"><span class='ocrx_word' id='word_1_596' title='bbox 1791 3173 1906 3228; x_wconf 88' lang='lat' dir='ltr'><strong>dies</strong></span> <span class='ocrx_word' id='word_1_597' title='bbox 1929 3173 2165 3242; x_wconf 86' lang='lat' dir='ltr'><strong>singulos</strong></span> <span class='ocrx_word' id='word_1_598' title='bbox 2189 3173 2259 3225; x_wconf 92' lang='lat' dir='ltr'><strong>tui</strong></span> <span class='ocrx_word' id='word_1_599' title='bbox 2282 3174 2454 3226; x_wconf 89' lang='lat' dir='ltr'><strong>cultus</strong></span> <span class='ocrx_word' id='word_1_600' title='bbox 2477 3174 2731 3240; x_wconf 87' lang='lat' dir='ltr'><strong>augescit,</strong></span> <span class='ocrx_word' id='word_1_601' title='bbox 2761 3182 2812 3224; x_wconf 83' lang='lat' dir='ltr'><strong>ct</strong></span> <span class='ocrx_word' id='word_1_602' title='bbox 2835 3171 2979 3238; x_wconf 84' lang='lat' dir='ltr'><strong>justo</strong></span> <span class='ocrx_word' id='word_1_603' title='bbox 3000 3171 3211 3223; x_wconf 91' lang='lat' dir='ltr'><strong>cumulo</strong></span> <span class='ocrx_word' id='word_1_604' title='bbox 3232 3185 3346 3223; x_wconf 88' lang='lat' dir='ltr'><strong>cre-</strong></span> 
     </span>
    </p>
   </div>
   <div class='ocr_carea' id='block_1_92' title="bbox 1789 3262 3343 3331">
    <p class='ocr_par' dir='ltr' id='par_1_92' title="bbox 1789 3262 3343 3331">
     <span class='ocr_line' id='line_1_92' title="bbox 1789 3262 3343 3331; baseline -0.003 -13"><span class='ocrx_word' id='word_1_605' title='bbox 1789 3267 1892 3318; x_wconf 89' lang='lat' dir='ltr'><strong>scit</strong></span> <span class='ocrx_word' id='word_1_606' title='bbox 1919 3265 2145 3318; x_wconf 75' lang='lat' dir='ltr'><strong>affectio.</strong></span> <span class='ocrx_word' id='word_1_607' title='bbox 2187 3264 2425 3331; x_wconf 84' lang='lat' dir='ltr'><strong>Namque</strong></span> <span class='ocrx_word' id='word_1_608' title='bbox 2453 3263 2522 3315; x_wconf 85' lang='lat' dir='ltr'><strong>ita</strong></span> <span class='ocrx_word' id='word_1_609' title='bbox 2554 3279 2650 3316; x_wconf 89' lang='lat' dir='ltr'><strong>usu</strong></span> <span class='ocrx_word' id='word_1_610' title='bbox 2693 3271 3052 3329; x_wconf 86' lang='lat' dir='ltr'><strong>comparatum</strong></span> <span class='ocrx_word' id='word_1_611' title='bbox 3088 3262 3343 3324; x_wconf 82' lang='lat' dir='ltr'><strong>videmus,</strong></span> 
     </span>
    </p>
   </div>
   <div class='ocr_carea' id='block_1_93' title="bbox 1789 3352 3346 3430">
    <p class='ocr_par' dir='ltr' id='par_1_93' title="bbox 1789 3352 3346 3430">
     <span class='ocr_line' id='line_1_93' title="bbox 1789 3352 3346 3430; baseline -0.003 -21"><span class='ocrx_word' id='word_1_612' title='bbox 1789 3367 1843 3409; x_wconf 93' lang='lat' dir='ltr'><strong>ut</strong></span> <span class='ocrx_word' id='word_1_613' title='bbox 1875 3355 2106 3408; x_wconf 76' lang='lat' dir='ltr'><strong>amicitia</strong></span> <span class='ocrx_word' id='word_1_614' title='bbox 2150 3354 2283 3408; x_wconf 90' lang='lat' dir='ltr'><strong>bene</strong></span> <span class='ocrx_word' id='word_1_615' title='bbox 2315 3355 2504 3413; x_wconf 88' lang='lat' dir='ltr'><strong>locata,</strong></span> <span class='ocrx_word' id='word_1_616' title='bbox 2536 3353 2864 3419; x_wconf 84' lang='lat' dir='ltr'><strong>experiundo</strong></span> <span class='ocrx_word' id='word_1_617' title='bbox 2893 3352 3127 3420; x_wconf 86' lang='lat' dir='ltr'><strong>quotidie</strong></span> <span class='ocrx_word' id='word_1_618' title='bbox 3161 3367 3346 3430; x_wconf 75' lang='lat' dir='ltr'><strong>prme-</strong></span> 
     </span>
    </p>
   </div>
   <div class='ocr_carea' id='block_1_94' title="bbox 1792 3441 3344 3512">
    <p class='ocr_par' dir='ltr' id='par_1_94' title="bbox 1792 3441 3344 3512">
     <span class='ocr_line' id='line_1_94' title="bbox 1792 3441 3344 3512; baseline -0.002 -14"><span class='ocrx_word' id='word_1_619' title='bbox 1792 3445 1963 3498; x_wconf 83' lang='lat' dir='ltr'><strong>ltatur.</strong></span> <span class='ocrx_word' id='word_1_620' title='bbox 1994 3443 2097 3499; x_wconf 87' lang='lat' dir='ltr'><strong>Sed</strong></span> <span class='ocrx_word' id='word_1_621' title='bbox 2137 3445 2203 3496; x_wconf 90' lang='lat' dir='ltr'><strong>de</strong></span> <span class='ocrx_word' id='word_1_622' title='bbox 2234 3444 2329 3496; x_wconf 88' lang='lat' dir='ltr'><strong>ista</strong></span> <span class='ocrx_word' id='word_1_623' title='bbox 2375 3451 2525 3512; x_wconf 84' lang='lat' dir='ltr'><strong>parte</strong></span> <span class='ocrx_word' id='word_1_624' title='bbox 2556 3442 2734 3497; x_wconf 82' lang='lat' dir='ltr'><strong>verbis</strong></span> <span class='ocrx_word' id='word_1_625' title='bbox 2767 3441 3216 3510; x_wconf 88' lang='lat' dir='ltr'><strong>supersedendum</strong></span> <span class='ocrx_word' id='word_1_626' title='bbox 3244 3451 3344 3495; x_wconf 87' lang='lat' dir='ltr'><strong>est.</strong></span> 
     </span>
    </p>
   </div>
   <div class='ocr_carea' id='block_1_95' title="bbox 1793 3533 3344 3605">
    <p class='ocr_par' dir='ltr' id='par_1_95' title="bbox 1793 3533 3344 3605">
     <span class='ocr_line' id='line_1_95' title="bbox 1793 3533 3344 3605; baseline -0.003 -15"><span class='ocrx_word' id='word_1_627' title='bbox 1793 3537 1970 3605; x_wconf 82' lang='lat' dir='ltr'><strong>Neque</strong></span> <span class='ocrx_word' id='word_1_628' title='bbox 2001 3537 2142 3590; x_wconf 90' lang='lat' dir='ltr'><strong>enim</strong></span> <span class='ocrx_word' id='word_1_629' title='bbox 2170 3539 2254 3589; x_wconf 86' lang='lat' dir='ltr'><strong>fne</strong></span> <span class='ocrx_word' id='word_1_630' title='bbox 2281 3539 2494 3604; x_wconf 66' lang='lat' dir='ltr'><strong>opi.rtet</strong></span> <span class='ocrx_word' id='word_1_631' title='bbox 2515 3535 2713 3596; x_wconf 89' lang='lat' dir='ltr'><strong>dicere,</strong></span> <span class='ocrx_word' id='word_1_632' title='bbox 2748 3550 2866 3601; x_wconf 76' lang='lat' dir='ltr'><strong>qua:</strong></span> <span class='ocrx_word' id='word_1_633' title='bbox 2889 3545 2938 3587; x_wconf 90' lang='lat' dir='ltr'><strong>te</strong></span> <span class='ocrx_word' id='word_1_634' title='bbox 2960 3533 3099 3586; x_wconf 85' lang='lat' dir='ltr'><strong>malo</strong></span> <span class='ocrx_word' id='word_1_635' title='bbox 3125 3535 3344 3596; x_wconf 84' lang='lat' dir='ltr'><strong>sentire.</strong></span> 
     </span>
    </p>
   </div>
   <div class='ocr_carea' id='block_1_96' title="bbox 1791 3624 3347 3692">
    <p class='ocr_par' dir='ltr' id='par_1_96' title="bbox 1791 3624 3347 3692">
     <span class='ocr_line' id='line_1_96' title="bbox 1791 3624 3347 3692; baseline -0.001 -14"><span class='ocrx_word' id='word_1_636' title='bbox 1791 3626 2035 3692; x_wconf 89' lang='lat' dir='ltr'><strong>Comperi</strong></span> <span class='ocrx_word' id='word_1_637' title='bbox 2080 3640 2207 3678; x_wconf 85' lang='lat' dir='ltr'><strong>sane</strong></span> <span class='ocrx_word' id='word_1_638' title='bbox 2251 3641 2318 3678; x_wconf 89' lang='lat' dir='ltr'><strong>ex</strong></span> <span class='ocrx_word' id='word_1_639' title='bbox 2363 3625 2551 3677; x_wconf 78' lang='lat' dir='ltr'><strong>litteris</strong></span> <span class='ocrx_word' id='word_1_640' title='bbox 2596 3625 2719 3687; x_wconf 86' lang='lat' dir='ltr'><strong>tuis,</strong></span> <span class='ocrx_word' id='word_1_641' title='bbox 2775 3635 3102 3692; x_wconf 84' lang='lat' dir='ltr'><strong>quantopere</strong></span> <span class='ocrx_word' id='word_1_642' title='bbox 3151 3624 3347 3692; x_wconf 85' lang='lat' dir='ltr'><strong>publiei</strong></span> 
     </span>
    </p>
   </div>
   <div class='ocr_carea' id='block_1_97' title="bbox 1791 3713 3346 3782">
    <p class='ocr_par' dir='ltr' id='par_1_97' title="bbox 1791 3713 3346 3782">
     <span class='ocr_line' id='line_1_97' title="bbox 1791 3713 3346 3782; baseline 0.001 -15"><span class='ocrx_word' id='word_1_643' title='bbox 1791 3717 2024 3769; x_wconf 89' lang='lat' dir='ltr'><strong>muneris</strong></span> <span class='ocrx_word' id='word_1_644' title='bbox 2051 3715 2436 3768; x_wconf 86' lang='lat' dir='ltr'><strong>absolutionem</strong></span> <span class='ocrx_word' id='word_1_645' title='bbox 2458 3713 2718 3780; x_wconf 87' lang='lat' dir='ltr'><strong>requiras,</strong></span> <span class='ocrx_word' id='word_1_646' title='bbox 2740 3722 2794 3766; x_wconf 93' lang='lat' dir='ltr'><strong>et</strong></span> <span class='ocrx_word' id='word_1_647' title='bbox 2819 3717 3031 3782; x_wconf 78' lang='lat' dir='ltr'><strong>stupere</strong></span> <span class='ocrx_word' id='word_1_648' title='bbox 3052 3727 3136 3768; x_wconf 90' lang='lat' dir='ltr'><strong>me</strong></span> <span class='ocrx_word' id='word_1_649' title='bbox 3159 3716 3346 3779; x_wconf 88' lang='lat' dir='ltr'><strong>fateor,</strong></span> 
     </span>
    </p>
   </div>
   <div class='ocr_carea' id='block_1_98' title="bbox 1795 3804 3348 3872">
    <p class='ocr_par' dir='ltr' id='par_1_98' title="bbox 1795 3804 3348 3872">
     <span class='ocr_line' id='line_1_98' title="bbox 1795 3804 3348 3872; baseline 0.001 -14"><span class='ocrx_word' id='word_1_650' title='bbox 1795 3815 1997 3858; x_wconf 86' lang='lat' dir='ltr'><strong>tantum</strong></span> <span class='ocrx_word' id='word_1_651' title='bbox 2026 3805 2117 3858; x_wconf 90' lang='lat' dir='ltr'><strong>tibi</strong></span> <span class='ocrx_word' id='word_1_652' title='bbox 2148 3804 2618 3858; x_wconf 68' lang='lat' dir='ltr'><strong>administrationis</strong></span> <span class='ocrx_word' id='word_1_653' title='bbox 2648 3805 2760 3872; x_wconf 91' lang='lat' dir='ltr'><strong>ejus</strong></span> <span class='ocrx_word' id='word_1_654' title='bbox 2793 3820 2910 3858; x_wconf 87' lang='lat' dir='ltr'><strong>esse</strong></span> <span class='ocrx_word' id='word_1_655' title='bbox 2943 3805 3233 3871; x_wconf 86' lang='lat' dir='ltr'><strong>fastidium,</strong></span> <span class='ocrx_word' id='word_1_656' title='bbox 3265 3808 3348 3860; x_wconf 91' lang='lat' dir='ltr'><strong>eui</strong></span> 
     </span>
    </p>
   </div>
   <div class='ocr_carea' id='block_1_99' title="bbox 1793 3891 3349 3962">
    <p class='ocr_par' dir='ltr' id='par_1_99' title="bbox 1793 3891 3349 3962">
     <span class='ocr_line' id='line_1_99' title="bbox 1793 3891 3349 3962; baseline -0.001 -14"><span class='ocrx_word' id='word_1_657' title='bbox 1793 3897 1994 3949; x_wconf 88' lang='lat' dir='ltr'><strong>fructus</strong></span> <span class='ocrx_word' id='word_1_658' title='bbox 2022 3894 2283 3962; x_wconf 82' lang='lat' dir='ltr'><strong>optabiles</strong></span> <span class='ocrx_word' id='word_1_659' title='bbox 2313 3895 2550 3947; x_wconf 91' lang='lat' dir='ltr'><strong>omnium</strong></span> <span class='ocrx_word' id='word_1_660' title='bbox 2582 3909 2733 3946; x_wconf 90' lang='lat' dir='ltr'><strong>amor</strong></span> <span class='ocrx_word' id='word_1_661' title='bbox 2757 3894 3001 3962; x_wconf 88' lang='lat' dir='ltr'><strong>spondet.</strong></span> <span class='ocrx_word' id='word_1_662' title='bbox 3027 3891 3107 3946; x_wconf 83' lang='lat' dir='ltr'><strong>An</strong></span> <span class='ocrx_word' id='word_1_663' title='bbox 3139 3903 3220 3947; x_wconf 87' lang='lat' dir='ltr'><strong>est</strong></span> <span class='ocrx_word' id='word_1_664' title='bbox 3253 3896 3349 3947; x_wconf 89' lang='lat' dir='ltr'><strong>ali-</strong></span> 
     </span>
    </p>
   </div>
   <div class='ocr_carea' id='block_1_100' title="bbox 1795 3970 3348 4053">
    <p class='ocr_par' dir='ltr' id='par_1_100' title="bbox 1795 3970 3348 4053">
     <span class='ocr_line' id='line_1_100' title="bbox 1795 3970 3348 4053; baseline 0.001 -15"><span class='ocrx_word' id='word_1_665' title='bbox 1795 3986 1920 4052; x_wconf 76' lang='lat' dir='ltr'><strong>quid</strong></span> <span class='ocrx_word' id='word_1_666' title='bbox 1965 3988 2201 4038; x_wconf 84' lang='lat' dir='ltr'><strong>tenacius</strong></span> <span class='ocrx_word' id='word_1_667' title='bbox 2237 3984 2427 4052; x_wconf 83' lang='lat' dir='ltr'><strong>gloria,</strong></span> <span class='ocrx_word' id='word_1_668' title='bbox 2458 3999 2576 4052; x_wconf 73' lang='lat' dir='ltr'><strong>quae</strong></span> <span class='ocrx_word' id='word_1_669' title='bbox 2605 3984 2812 4038; x_wconf 86' lang='lat' dir='ltr'><strong>Iaudem</strong></span> <span class='ocrx_word' id='word_1_670' title='bbox 2851 3970 3029 4052; x_wconf 86' lang='lat' dir='ltr'><strong>adjicit</strong></span> <span class='ocrx_word' id='word_1_671' title='bbox 3057 3986 3348 4053; x_wconf 82' lang='lat' dir='ltr'><strong>voluptati?</strong></span> 
     </span>
    </p>
   </div>
   <div class='ocr_carea' id='block_1_101' title="bbox 1795 4073 3351 4143">
    <p class='ocr_par' dir='ltr' id='par_1_101' title="bbox 1795 4073 3351 4143">
     <span class='ocr_line' id='line_1_101' title="bbox 1795 4073 3351 4143; baseline 0.001 -15"><span class='ocrx_word' id='word_1_672' title='bbox 1795 4074 1887 4128; x_wconf 88' lang='lat' dir='ltr'><strong>sed</strong></span> <span class='ocrx_word' id='word_1_673' title='bbox 1920 4085 2092 4127; x_wconf 90' lang='lat' dir='ltr'><strong>tamen</strong></span> <span class='ocrx_word' id='word_1_674' title='bbox 2134 4088 2259 4126; x_wconf 90' lang='lat' dir='ltr'><strong>cura</strong></span> <span class='ocrx_word' id='word_1_675' title='bbox 2290 4089 2394 4127; x_wconf 87' lang='lat' dir='ltr'><strong>non</strong></span> <span class='ocrx_word' id='word_1_676' title='bbox 2434 4073 2624 4134; x_wconf 82' lang='lat' dir='ltr'><strong>deerit,</strong></span> <span class='ocrx_word' id='word_1_677' title='bbox 2671 4085 2727 4127; x_wconf 91' lang='lat' dir='ltr'><strong>ut</strong></span> <span class='ocrx_word' id='word_1_678' title='bbox 2773 4076 3027 4143; x_wconf 81' lang='lat' dir='ltr'><strong>potiaris:</strong></span> <span class='ocrx_word' id='word_1_679' title='bbox 3056 4086 3109 4129; x_wconf 91' lang='lat' dir='ltr'><strong>tu</strong></span> <span class='ocrx_word' id='word_1_680' title='bbox 3151 4087 3351 4130; x_wconf 86' lang='lat' dir='ltr'><strong>tantum</strong></span> 
     </span>
    </p>
   </div>
   <div class='ocr_carea' id='block_1_102' title="bbox 1797 4166 3351 4237">
    <p class='ocr_par' dir='ltr' id='par_1_102' title="bbox 1797 4166 3351 4237">
     <span class='ocr_line' id='line_1_102' title="bbox 1797 4166 3351 4237; baseline 0.001 -17"><span class='ocrx_word' id='word_1_681' title='bbox 1797 4166 2275 4234; x_wconf 80' lang='lat' dir='ltr'><strong>peregrinationem</strong></span> <span class='ocrx_word' id='word_1_682' title='bbox 2305 4166 2476 4220; x_wconf 87' lang='lat' dir='ltr'><strong>solare</strong></span> <span class='ocrx_word' id='word_1_683' title='bbox 2494 4166 2638 4234; x_wconf 91' lang='lat' dir='ltr'><strong>justo</strong></span> <span class='ocrx_word' id='word_1_684' title='bbox 2663 4181 2847 4220; x_wconf 91' lang='lat' dir='ltr'><strong>amore</strong></span> <span class='ocrx_word' id='word_1_685' title='bbox 2869 4169 3172 4237; x_wconf 65' lang='lat' dir='ltr'><strong>provincia.</strong></span> <span class='ocrx_word' id='word_1_686' title='bbox 3205 4168 3351 4222; x_wconf 79' lang='lat' dir='ltr'><strong>Vale.</strong></span> 
     </span>
    </p>
   </div>
   <div class='ocr_carea' id='block_1_103' title="bbox 2356 4277 2792 4332">
    <p class='ocr_par' dir='ltr' id='par_1_103' title="bbox 2356 4277 2792 4332">
     <span class='ocr_line' id='line_1_103' title="bbox 2356 4277 2792 4332; baseline 0.002 -2"><span class='ocrx_word' id='word_1_687' title='bbox 2356 4277 2568 4332; x_wconf 79' lang='lat' dir='ltr'><strong>EPIST.</strong></span> <span class='ocrx_word' id='word_1_688' title='bbox 2609 4278 2792 4331; x_wconf 86' lang='lat' dir='ltr'><strong>XLIII.</strong></span> 
     </span>
    </p>
   </div>
   <div class='ocr_carea' id='block_1_104' title="bbox 2290 4381 2866 4422">
    <p class='ocr_par' dir='ltr' id='par_1_104' title="bbox 2290 4381 2866 4422">
     <span class='ocr_line' id='line_1_104' title="bbox 2290 4381 2866 4422; baseline 0.003 -3"><span class='ocrx_word' id='word_1_689' title='bbox 2290 4381 2595 4421; x_wconf 66' lang='lat' dir='ltr'><strong>BYIIMACHUS</strong></span> <span class='ocrx_word' id='word_1_690' title='bbox 2625 4383 2866 4422; x_wconf 73' lang='lat' dir='ltr'><strong>AUSONIO.</strong></span> 
     </span>
    </p>
   </div>
   <div class='ocr_carea' id='block_1_105' title="bbox 1872 4473 3358 4539">
    <p class='ocr_par' dir='ltr' id='par_1_105' title="bbox 1872 4473 3358 4539">
     <span class='ocr_line' id='line_1_105' title="bbox 1872 4473 3358 4539; baseline 0.007 -11"><span class='ocrx_word' id='word_1_691' title='bbox 1872 4475 2036 4531; x_wconf 81' lang='lat' dir='ltr'><strong>Vetus</strong></span> <span class='ocrx_word' id='word_1_692' title='bbox 2076 4479 2333 4532; x_wconf 89' lang='lat' dir='ltr'><strong>sententia</strong></span> <span class='ocrx_word' id='word_1_693' title='bbox 2371 4489 2451 4533; x_wconf 88' lang='lat' dir='ltr'><strong>est</strong></span> <span class='ocrx_word' id='word_1_694' title='bbox 2482 4495 2496 4532; x_wconf 92' lang='lat'><strong>:</strong></span> <span class='ocrx_word' id='word_1_695' title='bbox 2527 4478 2682 4533; x_wconf 79' lang='lat' dir='ltr'><strong>Artes</strong></span> <span class='ocrx_word' id='word_1_696' title='bbox 2723 4479 2928 4535; x_wconf 88' lang='lat' dir='ltr'><strong>honore</strong></span> <span class='ocrx_word' id='word_1_697' title='bbox 2977 4473 3187 4537; x_wconf 63' lang='lat' dir='ltr'><strong>nut&#39;riri.</strong></span> <span class='ocrx_word' id='word_1_698' title='bbox 3229 4481 3358 4539; x_wconf 87' lang='lat' dir='ltr'><strong>Eam</strong></span> 
     </span>
    </p>
   </div>
   <div class='ocr_carea' id='block_1_106' title="bbox 1729 4568 3358 4627">
    <p class='ocr_par' dir='ltr' id='par_1_106' title="bbox 1729 4568 3358 4627">
     <span class='ocr_line' id='line_1_106' title="bbox 1729 4568 3358 4627; baseline 0.005 -9"><span class='ocrx_word' id='word_1_699' title='bbox 1729 4569 1776 4627; x_wconf 81' lang='grc' dir='ltr'><strong>Ι)</strong></span> <span class='ocrx_word' id='word_1_700' title='bbox 1806 4579 2001 4620; x_wconf 76' lang='lat' dir='ltr'><strong>nostra:</strong></span> <span class='ocrx_word' id='word_1_701' title='bbox 2029 4569 2198 4622; x_wconf 67' lang='lat' dir='ltr'><strong>aetatis</strong></span> <span class='ocrx_word' id='word_1_702' title='bbox 2227 4584 2352 4623; x_wconf 87' lang='lat' dir='ltr'><strong>usus</strong></span> <span class='ocrx_word' id='word_1_703' title='bbox 2377 4568 2726 4623; x_wconf 81' lang='lat' dir='ltr'><strong>cattfirmavit.</strong></span> <span class='ocrx_word' id='word_1_704' title='bbox 2762 4569 2927 4626; x_wconf 93' lang='lat' dir='ltr'><strong>Nemo</strong></span> <span class='ocrx_word' id='word_1_705' title='bbox 2950 4573 3090 4627; x_wconf 91' lang='lat' dir='ltr'><strong>enim</strong></span> <span class='ocrx_word' id='word_1_706' title='bbox 3115 4573 3236 4627; x_wconf 90' lang='lat' dir='ltr'><strong>belli</strong></span> <span class='ocrx_word' id='word_1_707' title='bbox 3267 4589 3358 4626; x_wconf 77' lang='lat' dir='ltr'><strong>no-</strong></span> 
     </span>
    </p>
   </div>
   <div class='ocr_carea' id='block_1_107' title="bbox 1804 4658 3359 4729">
    <p class='ocr_par' dir='ltr' id='par_1_107' title="bbox 1804 4658 3359 4729">
     <span class='ocr_line' id='line_1_107' title="bbox 1804 4658 3359 4729; baseline 0.004 -19"><span class='ocrx_word' id='word_1_708' title='bbox 1804 4667 1906 4723; x_wconf 91' lang='lat' dir='ltr'><strong>tus,</strong></span> <span class='ocrx_word' id='word_1_709' title='bbox 1940 4667 2032 4711; x_wconf 91' lang='lat' dir='ltr'><strong>aut</strong></span> <span class='ocrx_word' id='word_1_710' title='bbox 2074 4658 2215 4713; x_wconf 90' lang='lat' dir='ltr'><strong>domi</strong></span> <span class='ocrx_word' id='word_1_711' title='bbox 2253 4659 2428 4714; x_wconf 86' lang='lat' dir='ltr'><strong>clarus</strong></span> <span class='ocrx_word' id='word_1_712' title='bbox 2468 4672 2731 4714; x_wconf 85' lang='lat' dir='ltr'><strong>exsortem</strong></span> <span class='ocrx_word' id='word_1_713' title='bbox 2763 4662 2966 4729; x_wconf 67' lang='lat' dir='ltr'><strong>praemii</strong></span> <span class='ocrx_word' id='word_1_714' title='bbox 3009 4663 3177 4716; x_wconf 87' lang='lat' dir='ltr'><strong>sensit</strong></span> <span class='ocrx_word' id='word_1_715' title='bbox 3207 4663 3359 4716; x_wconf 82' lang='lat' dir='ltr'><strong>indu-</strong></span> 
     </span>
    </p>
   </div>
   <div class='ocr_carea' id='block_1_108' title="bbox 1802 4746 3359 4817">
    <p class='ocr_par' dir='ltr' id='par_1_108' title="bbox 1802 4746 3359 4817">
     <span class='ocr_line' id='line_1_108' title="bbox 1802 4746 3359 4817; baseline 0.004 -17"><span class='ocrx_word' id='word_1_716' title='bbox 1802 4749 2009 4802; x_wconf 89' lang='lat' dir='ltr'><strong>striam.</strong></span> <span class='ocrx_word' id='word_1_717' title='bbox 2069 4746 2143 4800; x_wconf 91' lang='lat' dir='ltr'><strong>lta</strong></span> <span class='ocrx_word' id='word_1_718' title='bbox 2180 4764 2299 4802; x_wconf 88' lang='lat' dir='ltr'><strong>cum</strong></span> <span class='ocrx_word' id='word_1_719' title='bbox 2338 4749 2509 4817; x_wconf 89' lang='lat' dir='ltr'><strong>dignis</strong></span> <span class='ocrx_word' id='word_1_720' title='bbox 2558 4749 2759 4804; x_wconf 86' lang='lat' dir='ltr'><strong>fructus</strong></span> <span class='ocrx_word' id='word_1_721' title='bbox 2805 4750 3078 4815; x_wconf 91' lang='lat' dir='ltr'><strong>tribuitur,</strong></span> <span class='ocrx_word' id='word_1_722' title='bbox 3117 4752 3359 4807; x_wconf 86' lang='lat' dir='ltr'><strong>eamdem</strong></span> 
     </span>
    </p>
   </div>
   <div class='ocr_carea' id='block_1_109' title="bbox 1803 4838 3362 4913">
    <p class='ocr_par' dir='ltr' id='par_1_109' title="bbox 1803 4838 3362 4913">
     <span class='ocr_line' id='line_1_109' title="bbox 1803 4838 3362 4913; baseline 0.004 -24"><span class='ocrx_word' id='word_1_723' title='bbox 1803 4840 1938 4891; x_wconf 84' lang='lat' dir='ltr'><strong>viam</strong></span> <span class='ocrx_word' id='word_1_724' title='bbox 1965 4838 2359 4913; x_wconf 83' lang='lat' dir='ltr'><strong>capessentibus</strong></span> <span class='ocrx_word' id='word_1_725' title='bbox 2373 4852 2495 4907; x_wconf 85' lang='lat' dir='ltr'><strong>spes</strong></span> <span class='ocrx_word' id='word_1_726' title='bbox 2515 4847 2749 4907; x_wconf 86' lang='lat' dir='ltr'><strong>paratur.</strong></span> <span class='ocrx_word' id='word_1_727' title='bbox 2776 4839 2952 4896; x_wconf 86' lang='lat' dir='ltr'><strong>Glisco</strong></span> <span class='ocrx_word' id='word_1_728' title='bbox 2975 4841 3132 4910; x_wconf 87' lang='lat' dir='ltr'><strong>igitur</strong></span> <span class='ocrx_word' id='word_1_729' title='bbox 3149 4843 3362 4911; x_wconf 88' lang='lat' dir='ltr'><strong>gaudio,</strong></span> 
     </span>
    </p>
   </div>
   <div class='ocr_carea' id='block_1_110' title="bbox 1802 4928 3362 4999">
    <p class='ocr_par' dir='ltr' id='par_1_110' title="bbox 1802 4928 3362 4999">
     <span class='ocr_line' id='line_1_110' title="bbox 1802 4928 3362 4999; baseline 0.002 -16"><span class='ocrx_word' id='word_1_730' title='bbox 1802 4945 1922 4983; x_wconf 92' lang='lat' dir='ltr'><strong>cum</strong></span> <span class='ocrx_word' id='word_1_731' title='bbox 1955 4940 2170 4999; x_wconf 89' lang='lat' dir='ltr'><strong>propter</strong></span> <span class='ocrx_word' id='word_1_732' title='bbox 2201 4929 2358 4994; x_wconf 89' lang='lat' dir='ltr'><strong>alios,</strong></span> <span class='ocrx_word' id='word_1_733' title='bbox 2388 4928 2578 4997; x_wconf 86' lang='lat' dir='ltr'><strong>quibus</strong></span> <span class='ocrx_word' id='word_1_734' title='bbox 2609 4931 2867 4986; x_wconf 89' lang='lat' dir='ltr'><strong>fortunam</strong></span> <span class='ocrx_word' id='word_1_735' title='bbox 2897 4932 3069 4985; x_wconf 88' lang='lat' dir='ltr'><strong>solers</strong></span> <span class='ocrx_word' id='word_1_736' title='bbox 3097 4932 3201 4984; x_wconf 89' lang='lat' dir='ltr'><strong>vita</strong></span> <span class='ocrx_word' id='word_1_737' title='bbox 3229 4948 3362 4986; x_wconf 87' lang='lat' dir='ltr'><strong>con-</strong></span> 
     </span>
    </p>
   </div>
   <div class='ocr_carea' id='block_1_111' title="bbox 1804 5020 3358 5090">
    <p class='ocr_par' dir='ltr' id='par_1_111' title="bbox 1804 5020 3358 5090">
     <span class='ocr_line' id='line_1_111' title="bbox 1804 5020 3358 5090; baseline 0.001 -18"><span class='ocrx_word' id='word_1_738' title='bbox 1804 5022 1976 5084; x_wconf 87' lang='lat' dir='ltr'><strong>ciliat;</strong></span> <span class='ocrx_word' id='word_1_739' title='bbox 2013 5033 2120 5074; x_wconf 89' lang='lat' dir='ltr'><strong>tum</strong></span> <span class='ocrx_word' id='word_1_740' title='bbox 2153 5024 2383 5073; x_wconf 87' lang='lat' dir='ltr'><strong>maxime</strong></span> <span class='ocrx_word' id='word_1_741' title='bbox 2409 5021 2602 5073; x_wconf 78' lang='lat' dir='ltr'><strong>Juliani</strong></span> <span class='ocrx_word' id='word_1_742' title='bbox 2635 5020 2813 5073; x_wconf 85' lang='lat' dir='ltr'><strong>fratris</strong></span> <span class='ocrx_word' id='word_1_743' title='bbox 2853 5021 2956 5075; x_wconf 90' lang='lat' dir='ltr'><strong>mei</strong></span> <span class='ocrx_word' id='word_1_744' title='bbox 2986 5023 3174 5090; x_wconf 89' lang='lat' dir='ltr'><strong>gratia,</strong></span> <span class='ocrx_word' id='word_1_745' title='bbox 3203 5036 3358 5089; x_wconf 88' lang='lat' dir='ltr'><strong>quem</strong></span> 
     </span>
    </p>
   </div>
   <div class='ocr_carea' id='block_1_112' title="bbox 1809 5111 3362 5180">
    <p class='ocr_par' dir='ltr' id='par_1_112' title="bbox 1809 5111 3362 5180">
     <span class='ocr_line' id='line_1_112' title="bbox 1809 5111 3362 5180; baseline -0.004 -14"><span class='ocrx_word' id='word_1_746' title='bbox 1809 5117 1884 5166; x_wconf 75' lang='lat' dir='ltr'><strong>sEc</strong></span> <span class='ocrx_word' id='word_1_747' title='bbox 1902 5129 1929 5165; x_wconf 90' lang='lat' dir='ltr'><strong>a</strong></span> <span class='ocrx_word' id='word_1_748' title='bbox 1955 5122 2005 5165; x_wconf 92' lang='lat' dir='ltr'><strong>te</strong></span> <span class='ocrx_word' id='word_1_749' title='bbox 2027 5113 2171 5180; x_wconf 85' lang='lat' dir='ltr'><strong>diligi</strong></span> <span class='ocrx_word' id='word_1_750' title='bbox 2197 5112 2340 5176; x_wconf 86' lang='lat' dir='ltr'><strong>volo,</strong></span> <span class='ocrx_word' id='word_1_751' title='bbox 2360 5113 2568 5178; x_wconf 88' lang='lat' dir='ltr'><strong>probari</strong></span> <span class='ocrx_word' id='word_1_752' title='bbox 2587 5126 2740 5178; x_wconf 88' lang='lat' dir='ltr'><strong>posse</strong></span> <span class='ocrx_word' id='word_1_753' title='bbox 2762 5111 2988 5166; x_wconf 86' lang='lat' dir='ltr'><strong>confido.</strong></span> <span class='ocrx_word' id='word_1_754' title='bbox 3013 5111 3129 5165; x_wconf 90' lang='lat' dir='ltr'><strong>Scis</strong></span> <span class='ocrx_word' id='word_1_755' title='bbox 3153 5126 3362 5179; x_wconf 83' lang='lat' dir='ltr'><strong>nempe,</strong></span> 
     </span>
    </p>
   </div>
   <div class='ocr_carea' id='block_1_113' title="bbox 1811 5204 3366 5273">
    <p class='ocr_par' dir='ltr' id='par_1_113' title="bbox 1811 5204 3366 5273">
     <span class='ocr_line' id='line_1_113' title="bbox 1811 5204 3366 5273; baseline -0.001 -14"><span class='ocrx_word' id='word_1_756' title='bbox 1811 5209 1860 5259; x_wconf 89' lang='lat' dir='ltr'><strong>itt</strong></span> <span class='ocrx_word' id='word_1_757' title='bbox 1894 5206 1984 5258; x_wconf 92' lang='lat' dir='ltr'><strong>illo</strong></span> <span class='ocrx_word' id='word_1_758' title='bbox 2011 5205 2207 5258; x_wconf 80' lang='lat' dir='ltr'><strong>forensi</strong></span> <span class='ocrx_word' id='word_1_759' title='bbox 2240 5205 2459 5273; x_wconf 87' lang='lat' dir='ltr'><strong>pulvere</strong></span> <span class='ocrx_word' id='word_1_760' title='bbox 2487 5221 2645 5272; x_wconf 89' lang='lat' dir='ltr'><strong>quam</strong></span> <span class='ocrx_word' id='word_1_761' title='bbox 2670 5221 2789 5258; x_wconf 87' lang='lat' dir='ltr'><strong>rara</strong></span> <span class='ocrx_word' id='word_1_762' title='bbox 2815 5205 3060 5273; x_wconf 89' lang='lat' dir='ltr'><strong>cognatio</strong></span> <span class='ocrx_word' id='word_1_763' title='bbox 3082 5204 3151 5257; x_wconf 88' lang='lat' dir='ltr'><strong>sit</strong></span> <span class='ocrx_word' id='word_1_764' title='bbox 3179 5204 3366 5257; x_wconf 87' lang='lat' dir='ltr'><strong>facun-</strong></span> 
     </span>
    </p>
   </div>
   <div class='ocr_carea' id='block_1_114' title="bbox 1810 5297 3366 5366">
    <p class='ocr_par' dir='ltr' id='par_1_114' title="bbox 1810 5297 3366 5366">
     <span class='ocr_line' id='line_1_114' title="bbox 1810 5297 3366 5366; baseline -0.003 -17"><span class='ocrx_word' id='word_1_765' title='bbox 1810 5298 1973 5350; x_wconf 87' lang='lat' dir='ltr'><strong>dioris</strong></span> <span class='ocrx_word' id='word_1_766' title='bbox 2020 5307 2072 5349; x_wconf 92' lang='lat' dir='ltr'><strong>et</strong></span> <span class='ocrx_word' id='word_1_767' title='bbox 2112 5298 2232 5350; x_wconf 87' lang='lat' dir='ltr'><strong>boni</strong></span> <span class='ocrx_word' id='word_1_768' title='bbox 2276 5298 2504 5364; x_wconf 85' lang='lat' dir='ltr'><strong>peetoris</strong></span> <span class='ocrx_word' id='word_1_769' title='bbox 2535 5315 2548 5348; x_wconf 87' lang='lat'><strong>:</strong></span> <span class='ocrx_word' id='word_1_770' title='bbox 2581 5297 2703 5348; x_wconf 91' lang='lat' dir='ltr'><strong>dum</strong></span> <span class='ocrx_word' id='word_1_771' title='bbox 2757 5307 2847 5349; x_wconf 88' lang='lat' dir='ltr'><strong>aut</strong></span> <span class='ocrx_word' id='word_1_772' title='bbox 2889 5298 3184 5350; x_wconf 88' lang='lat' dir='ltr'><strong>modestum</strong></span> <span class='ocrx_word' id='word_1_773' title='bbox 3222 5297 3366 5366; x_wconf 68' lang='lat' dir='ltr'><strong>inge.</strong></span> 
     </span>
    </p>
   </div>
   <div class='ocr_carea' id='block_1_115' title="bbox 1810 5387 3366 5454">
    <p class='ocr_par' dir='ltr' id='par_1_115' title="bbox 1810 5387 3366 5454">
     <span class='ocr_line' id='line_1_115' title="bbox 1810 5387 3366 5454; baseline 0.001 -14"><span class='ocrx_word' id='word_1_774' title='bbox 1810 5393 1952 5440; x_wconf 83' lang='lat' dir='ltr'><strong>nium</strong></span> <span class='ocrx_word' id='word_1_775' title='bbox 1978 5388 2290 5440; x_wconf 81' lang='lat' dir='ltr'><strong>verecundia</strong></span> <span class='ocrx_word' id='word_1_776' title='bbox 2321 5387 2685 5450; x_wconf 72' lang='lat' dir='ltr'><strong>contrahitur;</strong></span> <span class='ocrx_word' id='word_1_777' title='bbox 2715 5398 2806 5440; x_wconf 90' lang='lat' dir='ltr'><strong>aut</strong></span> <span class='ocrx_word' id='word_1_778' title='bbox 2836 5403 3081 5442; x_wconf 88' lang='lat' dir='ltr'><strong>successu</strong></span> <span class='ocrx_word' id='word_1_779' title='bbox 3114 5393 3366 5454; x_wconf 88' lang='lat' dir='ltr'><strong>eloquens</strong></span> 
     </span>
    </p>
   </div>
   <div class='ocr_carea' id='block_1_116' title="bbox 1812 5477 3366 5533">
    <p class='ocr_par' dir='ltr' id='par_1_116' title="bbox 1812 5477 3366 5533">
     <span class='ocr_line' id='line_1_116' title="bbox 1812 5477 3366 5533; baseline 0.001 -4"><span class='ocrx_word' id='word_1_780' title='bbox 1812 5478 2099 5529; x_wconf 64' lang='lat' dir='ltr'><strong>ittSuIescil.</strong></span> <span class='ocrx_word' id='word_1_781' title='bbox 2129 5477 2252 5530; x_wconf 63' lang='grc' dir='ltr'><strong>ιιι-ο</strong></span> <span class='ocrx_word' id='word_1_782' title='bbox 2279 5479 2330 5530; x_wconf 88' lang='lat' dir='ltr'><strong>itt</strong></span> <span class='ocrx_word' id='word_1_783' title='bbox 2362 5492 2481 5530; x_wconf 89' lang='lat' dir='ltr'><strong>meo</strong></span> <span class='ocrx_word' id='word_1_784' title='bbox 2512 5477 2752 5531; x_wconf 57' lang='lat' dir='ltr'><strong>familiari</strong></span> <span class='ocrx_word' id='word_1_785' title='bbox 2777 5493 2837 5530; x_wconf 92' lang='lat' dir='ltr'><strong>ac</strong></span> <span class='ocrx_word' id='word_1_786' title='bbox 2869 5479 3174 5532; x_wconf 88' lang='lat' dir='ltr'><strong>necessario</strong></span> <span class='ocrx_word' id='word_1_787' title='bbox 3193 5493 3252 5533; x_wconf 86' lang='lat' dir='ltr'><strong>ea</strong></span> <span class='ocrx_word' id='word_1_788' title='bbox 3282 5494 3366 5532; x_wconf 76' lang='lat' dir='ltr'><strong>so-</strong></span> 
     </span>
    </p>
   </div>
   <div class='ocr_carea' id='block_1_117' title="bbox 1812 5568 3366 5636">
    <p class='ocr_par' dir='ltr' id='par_1_117' title="bbox 1812 5568 3366 5636">
     <span class='ocr_line' id='line_1_117' title="bbox 1812 5568 3366 5636; baseline 0.001 -16"><span class='ocrx_word' id='word_1_789' title='bbox 1812 5570 2002 5621; x_wconf 87' lang='lat' dir='ltr'><strong>cietate</strong></span> <span class='ocrx_word' id='word_1_790' title='bbox 2033 5570 2328 5635; x_wconf 70' lang='lat' dir='ltr'><strong>viguerunt,</strong></span> <span class='ocrx_word' id='word_1_791' title='bbox 2370 5579 2423 5621; x_wconf 92' lang='lat' dir='ltr'><strong>ut</strong></span> <span class='ocrx_word' id='word_1_792' title='bbox 2463 5583 2630 5635; x_wconf 78' lang='lat' dir='ltr'><strong>neque</strong></span> <span class='ocrx_word' id='word_1_793' title='bbox 2671 5568 2880 5634; x_wconf 76' lang='lat' dir='ltr'><strong>objectu</strong></span> <span class='ocrx_word' id='word_1_794' title='bbox 2913 5568 3128 5636; x_wconf 91' lang='lat' dir='ltr'><strong>pudoris</strong></span> <span class='ocrx_word' id='word_1_795' title='bbox 3167 5577 3366 5632; x_wconf 86' lang='lat' dir='ltr'><strong>areret,</strong></span> 
     </span>
    </p>
   </div>
   <div class='ocr_carea' id='block_1_118' title="bbox 1816 5660 3369 5727">
    <p class='ocr_par' dir='ltr' id='par_1_118' title="bbox 1816 5660 3369 5727">
     <span class='ocr_line' id='line_1_118' title="bbox 1816 5660 3369 5727; baseline 0 -13"><span class='ocrx_word' id='word_1_796' title='bbox 1816 5677 1912 5714; x_wconf 78' lang='lat' dir='ltr'><strong>nec</strong></span> <span class='ocrx_word' id='word_1_797' title='bbox 1956 5676 2073 5713; x_wconf 73' lang='lat' dir='ltr'><strong>eum</strong></span> <span class='ocrx_word' id='word_1_798' title='bbox 2106 5663 2422 5715; x_wconf 76' lang='lat' dir='ltr'><strong>detrimento</strong></span> <span class='ocrx_word' id='word_1_799' title='bbox 2461 5662 2645 5713; x_wconf 83' lang='lat' dir='ltr'><strong>frontis</strong></span> <span class='ocrx_word' id='word_1_800' title='bbox 2680 5660 2943 5714; x_wconf 89' lang='lat' dir='ltr'><strong>afflueret.</strong></span> <span class='ocrx_word' id='word_1_801' title='bbox 2994 5660 3268 5727; x_wconf 78' lang='lat' dir='ltr'><strong>Nunquam</strong></span> <span class='ocrx_word' id='word_1_802' title='bbox 3316 5662 3369 5719; x_wconf 83' lang='lat' dir='ltr'><strong>in</strong></span> 
     </span>
    </p>
   </div>
   <div class='ocr_carea' id='block_1_119' title="bbox 1816 5749 3373 5821">
    <p class='ocr_par' dir='ltr' id='par_1_119' title="bbox 1816 5749 3373 5821">
     <span class='ocr_line' id='line_1_119' title="bbox 1816 5749 3373 5821; baseline 0 -16"><span class='ocrx_word' id='word_1_803' title='bbox 1816 5754 2110 5806; x_wconf 81' lang='lat' dir='ltr'><strong>mercedem</strong></span> <span class='ocrx_word' id='word_1_804' title='bbox 2137 5762 2440 5806; x_wconf 82' lang='lat' dir='ltr'><strong>ornamenta</strong></span> <span class='ocrx_word' id='word_1_805' title='bbox 2468 5753 2655 5821; x_wconf 71' lang='lat' dir='ltr'><strong>linguze</strong></span> <span class='ocrx_word' id='word_1_806' title='bbox 2679 5752 2936 5821; x_wconf 90' lang='lat' dir='ltr'><strong>corrupit.</strong></span> <span class='ocrx_word' id='word_1_807' title='bbox 2966 5751 3151 5805; x_wconf 80' lang='lat' dir='ltr'><strong>Merito</strong></span> <span class='ocrx_word' id='word_1_808' title='bbox 3181 5763 3242 5805; x_wconf 87' lang='lat' dir='ltr'><strong>ac</strong></span> <span class='ocrx_word' id='word_1_809' title='bbox 3264 5749 3373 5805; x_wconf 83' lang='lat' dir='ltr'><strong>for-</strong></span> 
     </span>
    </p>
   </div>
  </div>
