3828 6384
484 512 583 565 ὶῦὅ

1698 510 1757 575 Q.
1804 508 2073 563 AUREIJI
2114 508 2449 565 SI'MIIACIII

3606 516 3707 569 161

482 625 621 676 tuuis
651 622 839 683 tenuis,
868 618 1187 687 opulentiam
1227 621 1348 683 fide,
1379 630 1638 689 quaestum
1678 620 1832 673 laude
1863 629 2032 673 muta-
2062 627 2109 681 Α
2140 623 2300 674 tacito
2315 635 2444 687 opus
2464 620 2818 683 cst,titlionor
2837 621 3080 676 amicitia:
3098 621 3220 675 milii
3244 622 3440 677 feratur
3454 637 3707 694 accepto;

484 712 570 765 vit.
604 711 748 763 Ilunc
771 711 860 763 tibi
885 709 934 765 iit
967 724 1193 769 manuni,
1218 710 1297 762 vel
1330 711 1497 776 magis
1520 710 1567 761 in
1599 714 1828 761 an‘mum
1863 710 2034 773 libens

482 801 648 852 trado.
704 800 830 850 Nam
881 800 1006 851 tiiilti
1050 814 1250 851 summa
1291 799 1494 851 Curatio
1539 807 1618 849 est
1667 807 1720 849 tit
1750 798 2032 850 amicitiam

481 899 618 940 tuam
660 890 777 939 boiii
821 888 1056 940 iibcrent.
1114 889 1186 939 'I‘e
1234 902 1440 954 quoque
1493 887 1630 938 idem
1663 887 1818 949 velle,
1866 886 2033 939 IIleCO

479 992 822 1047 Compertum.
857 982 1073 1047 Semper
1098 980 1238 1031 enim
1266 989 1459 1030 natura
1492 977 1687 1044 gaudet
1711 978 2032 1045 aequalibus;

478 1080 530 1123 et
561 1070 815 1122 familiare
848 1070 943 1120 sibi
977 1077 1059 1119 est
1112 1083 1270 1120 omne
1319 1066 1457 1135 quod
1488 1068 1665 1120 Simile
1697 1078 1797 1120 est.
1836 1067 1937 1118 Sed
1972 1080 2036 1118 ne

478 1160 682 1229 prolixo
709 1158 1008 1209 testimonio
1040 1158 1390 1223 suSpicionein
1416 1157 1704 1207 lattdatoris
1730 1158 1992 1207 incurram
2019 1172 2029 1215 ;

485 1264 657 1315 qua-so
684 1249 792 1314 ipsi-
833 1250 897 1301 de
935 1262 997 1300 eo
1020 1247 1226 1313 judices
1253 1248 1495 1298 examine
1525 1247 1790 1312 pensioi-e.
1820 1246 1887 1296 Ila
1914 1260 2032 1296 cum

479 1339 615 1389 illius
659 1338 951 1389 institutum
985 1336 1315 1403 probaveris,
1366 1336 1656 1403 periculum
1698 1334 1881 1402 judicii
1926 1335 2029 1386 mei

478 1426 685 1479 feceris.
732 1426 877 1477 Vale.

1036 1493 1245 1547 EPIST.
1297 1492 1474 1545 XLIV.

857 1596 1160 1635 SYIIMACIIL'S
1190 1596 1377 1635 AGUIHO
1406 1597 1553 1633 Nil-1T
1564 1598 1677 1635 ΕΧΤ.

548 1695 775 1747 Meretur
840 1693 1156 1759 indulgentia
1216 1693 1265 1744 in
1343 1708 1425 1745 me
1484 1702 1598 1754 tua,
1668 1701 1721 1745 ut
1773 1707 1864 1754 ea,
1920 1708 2035 1759 quae

477 1784 718 1852 proxime
757 1783 893 1833 laudi
927 1782 1054 1834 milii
1086 1780 1316 1843 fuerunt,
1362 1783 1495 1834 clam
1548 1793 1595 1834 te
1635 1796 1754 1833 esse
1796 1795 1899 1832 non
1943 1797 2033 1847 pa-

478 1878 593 1929 tiar.
631 1875 801 1929 Credo
833 1874 1079 1927 iudiciuin
1104 1872 1289 1926 fecisse
1316 1854 1409 1926 tibi
1439 1875 1649 1935 famam,
1676 1876 1812 1940 quod
1849 1890 2032 1943 parcn-

2140 726 2307 777 neqiie
2337 713 2508 762 omnia
2546 712 2791 765 mandata
2819 724 2940 765 sunt
2973 714 3188 778 litteris,
3216 724 3268 765 tit
3303 715 3373 767 illi
3405 716 3615 783 aliquid
3644 721 3709 769 ad

2140 802 2455 853 narrandum
2489 803 2833 867 relinquatur.
2867 805 3060 871 Accipe
3089 814 3262 856 tanien
3295 822 3467 858 rei-uin
3498 810 3708 875 capita,

2138 902 2190 945 et
2233 908 2464 943 summas
2512 895 2867 959 negotiorum,
2914 895 3104 960 quibus
3152 895 3311 947 fiater
3354 897 3664 951 admonitus
3693 939 3708 961 ,

2138 984 2355 1047 quaesita
2390 982 2542 1033 latius
2566 997 2900 1050 exsequatur.
2932 983 3191 1037 Conien't
3222 989 3354 1037 inter
3371 988 3707 1050 sacerdotes,

2139 1078 2195 1121 ut
2224 1070 2273 1121 in
2304 1071 2596 1121 custodiam
2632 1072 2823 1123 civium
2855 1072 3059 1137 publico
3088 1072 3343 1138 obsequio
3370 1076 3535 1127 trade:
3554 1091 3711 1128 emus

2138 1171 2314 1208 curam
2368 1158 2607 1210 deorum.
2662 1158 2965 1225 Benignitas
3015 1174 3079 1209 en
3106 1147 3155 1211 nt
3204 1161 3491 1225 superioris
3525 1202 3541 1223 ,
3609 1164 3709 1215 nisi

2137 1247 2276 1299 cultu
2304 1259 2571 1307 teneatur,
2604 1250 2882 1301 amittitur.
2915 1250 3051 1315 Ergo
3081 1252 3246 1303 mul'o
3274 1260 3417 1303 tanto
3438 1254 3708 1316 orna'iOr,

2136 1352 2291 1402 quam
2334 1338 2557 1400 solebat,
2586 1337 2820 1390 ctelestzs
2850 1338 3015 1389 lactus
3036 1347 3116 1390 est
3141 1340 3327 1392 liouor.
3373 1342 3710 1410 Exspectare

2138 1424 2266 1476 itiilii
2314 1426 2508 1477 videtis
2549 1426 2755 1489 muniit,
2787 1441 2900 1493 quze
2927 1437 3229 1489 supersunt.
3264 1428 3507 1483 Titianus
3553 1446 3711 1485 meus

2138 1514 2382 1583 fungetur
2434 1515 2714 1575 indicium,
2761 1517 2843 1567 cui
2885 1516 3233 1581 indulgentius
3269 1521 3511 1572 natrandi
3564 1522 3707 1588 quvd

2138 1605 2287 1664 ve'is,
2315 1616 2471 1668 opera
2515 1604 2680 1671 legata
2709 1615 2806 1655 est.
2841 1604 3077 1657 Edictum
3106 1608 3429 1675 principum,
3463 1610 3567 1662 nisi
3598 1608 3707 1676 jam

2145 1702 2321 1744 notum
2351 1702 2450 1756 est,
2486 1692 2618 1745 idem
2650 1693 2740 1746 tibi
2762 1704 2993 1746 assertor
3014 1695 3275 1761 expediet.
3299 1696 3510 1750 Statuas
3541 1700 3706 1752 etiam

2139 1783 2411 1848 recepistis
2455 1782 2639 1835 iisdem
2674 1797 2803 1848 pene
2842 1784 3014 1849 populi
3047 1786 3542 1848 acclamationibus,
3590 1788 3707 1855 qui-

2142 1874 2234 1925 bus
2261 1874 2571 1925 amiseratis.
2613 1874 2801 1926 Iiides?
2824 1884 2875 1928 et
2908 1874 3030 1926 libet
3059 1874 3231 1928 rideas
3255 1876 3461 1943 _alIatitn
3497 1895 3509 1929 :
3544 1878 3704 1945 plura

480 1974 584 2019 tein
616 1980 789 2018 meum
814 1964 920 2016 ruri
950 1973 1105 2032 atque
1142 1964 1192 2015 in
1226 1978 1437 2017 secessu
1461 1969 1668 2017 atn’ssie
1695 1965 1884 2017 domus
1908 1965 2037 2027 iiiju-
2074 1967 2115 2024 Β
2143 1962 2347 2023 desino,
2379 1978 2445 2014 ne
2473 1963 2557 2029 qui
2590 1963 2811 2015 strictim
2856 1963 3071 2016 meliora
3109 1965 3349 2031 detexui,
3399 1966 3451 2018 iit
3478 1966 3707 2018 minori-

480 2054 613 2107 tiam
640 2054 1041 2122 deeiiquctttem,
1076 2053 1439 2120 frequentibus
1478 2053 1766 2120 suffragiis;
1808 2053 2034 2119 denique

476 2145 775 2198 oratoribus
825 2144 1017 2205 missis,
1072 2160 1208 2195 novo
1250 2142 1449 2196 honore
1492 2157 1707 2196 senatus
1759 2142 2031 2195 acciverat.

475 2239 586 2302 Qua
616 2250 771 2289 causa
805 2235 888 2287 tibi
915 2235 1141 2302 primum
1167 2234 1465 2287 facultatem
1496 2232 1741 2300 loquendi
1770 2231 1904 2298 apud
1935 2232 2035 2282 col-

478 2328 620 2393 legas
648 2325 822 2377 attulit
848 2324 982 2383 dies,
1013 2322 1121 2391 egit
1150 2322 1237 2375 ille
1278 2325 1479 2375 senatui
1514 2323 1731 2389 gratias,
1762 2335 1822 2373 ea
1856 2318 2032 2371 facun-

477 2415 575 2467 diae
616 2411 891 2483 gravitate,
934 2427 1034 2480 qua
1083 2422 1240 2464 notus
1277 2422 1377 2464 est.
1410 2410 1655 2464 Calendis
1696 2420 1818 2462 tunc
1859 2417 2031 2471 erant,

477 2506 666 2572 quibus
696 2519 863 2555 anuus
910 2504 1164 2571 aperitur.
1207 2502 1361 2554 Brevi
1408 2501 1687 2554 intervallo
1731 2514 1849 2551 tum
1884 2497 2032 2549 fatui-

480 2594 623 2646 liaris
666 2595 767 2646 mei
811 2591 1009 2659 Trigeti
1060 2591 1168 2643 filio
1209 2590 1458 2659 praetorio
1502 2588 1782 2642 candidato
1815 2590 2034 2639 actionis

480 2699 693 2749 Operam
726 2682 1149 2751 spopondissem,
1200 2685 1433 2732 animum
1485 2680 1669 2746 religio
1708 2678 1953 2731 Convenit
1983 2688 2037 2729 ut

480 2778 755 2829 occasione
784 2774 1030 2827 deszinati
1063 2773 1221 2824 oflicii
1257 2773 1461 2828 obirem
1490 2787 1676 2823 munus
1705 2772 1874 2822 adhuc
1901 2785 1927 2820 a
1953 2786 2035 2821 ine

483 2863 616 2931 patri
656 2862 921 2922 debitum;
956 2860 1070 2925 sed,
1099 2869 1154 2912 ut
1183 2860 1316 2919 dixi,
1356 2860 1421 2911 ab
1453 2860 1545 2911 illo
1575 2859 1778 2911 senatui
1802 2859 1909 2923 jam
1950 2873 2036 2909 So-

484 2952 669 3004 lutum.
720 2951 857 3018 Ergo
886 2952 951 3001 ad
984 2960 1225 3017 qumtum
1257 2949 1373 3001 idus
1404 2948 1635 3001 Januarii
1667 2950 1826 3000 verba
1856 2951 1950 3000 feci
1984 2948 2033 2999 in

483 3039 809 3107 ampliSsimo
835 3038 1017 3091 ordine
1046 3057 1056 3089 :
1083 3054 1200 3106 quc
1229 3039 1312 3089 tibi
1337 3038 1387 3103 in
1414 3054 1598 3090 manus
1625 3048 1740 3090 tuas
1770 3040 2033 3098 venerint,

487 3143 549 3181 ex
586 3137 674 3180 tuo
713 3130 890 3179 animo
919 3127 1172 3195 conjicies
1203 3126 1396 3195 judicia
1428 3137 1760 3179 cancrorum.
1793 3111 1899 3194 ligo
1939 3129 2035 3177 sub

484 3220 688 3272 incerto
713 3219 969 3271 examinis
1004 3218 1097 3281 tui,
1126 3218 1346 3270 aliorum
1394 3218 1684 3271 sententias
1719 3216 2034 3269 oceulend.:s

2147 2052 2245 2107 bus
2273 2053 2451 2105 videar
2474 2053 2761 2105 immorari.
2794 2052 2935 2106 \‘ale.

2688 2141 2895 2195 EPIST.
2939 2141 3140 2195 XLVII.

2483 2245 2790 2286 SYIIMACHUS
2830 2248 3017 2285 AGORIO
3056 2248 3333 2286 PILETEXT.

2205 2341 2409 2394 Silentii
2441 2342 2603 2392 nostri
2635 2340 2766 2392 ratio
2792 2340 2996 2392 diversa
3025 2350 3134 2406 est,
3178 2341 3267 2394 sed
3297 2356 3429 2396 unus
3456 2343 3704 2399 eflectus.

2140 2432 2218 2485 Ille
2241 2434 2454 2499 impedit
2485 2432 2815 2498 pontificialis
2837 2433 2992 2484 ollicii
3014 2446 3170 2499 cura,
3202 2442 3249 2486 te
3278 2432 3454 2485 Baiani
3483 2436 3575 2487 otii
3609 2450 3704 2487 ne-

2138 2525 2185 2591 gl
2212 2526 2404 2589 gentia.
2440 2522 2617 2590 Neque
2658 2522 2796 2574 enim
2828 2522 2998 2575 minus
3042 2522 3269 2575 residem
3301 2523 3423 2575 facit
3454 2524 3705 2577 remissio

2140 2612 2299 2663 animi
2329 2654 2342 2674 ,
2391 2626 2546 2677 quam
2579 2612 2871 2677 acetipatio.
2903 2610 3008 2663 Nec
3051 2610 3237 2661 mirum
3263 2650 3278 2674 ,
3323 2611 3365 2663 si
3409 2621 3459 2663 te
3488 2612 3574 2664 illa
3612 2604 3705 2663 uia

2140 2711 2304 2753 toturn
2329 2700 2425 2753 sibi
2457 2700 2712 2761 vindicat;
2740 2715 2855 2752 eum
2877 2700 3043 2765 ipsum
3073 2700 3377 2753 Annibalem
3403 2700 3533 2754 fides
3556 2711 3701 2753 certi

2138 2791 2238 2851 sit,
2273 2790 2409 2843 bello
2460 2791 2707 2843 invictum
2742 2806 2927 2843 manus
2967 2791 3177 2844 dedisse
3217 2790 3538 2859 Canipatiiie.
3587 2791 3702 2843 Non

2140 2881 2279 2933 illius
2321 2864 2440 2932 erili
2483 2890 2571 2930 aut
2610 2880 2705 2932 soli
2754 2880 3057 2933 illecebram
3104 2880 3304 2933 retinax
3348 2880 3702 2933 adventorum

2138 2976 2271 3029 lotos
2306 2976 2610 3042 mqiiaverit,
2642 2988 2692 3028 ct
2722 2975 2882 3028 suada
2912 2973 3063 3028 Circe
3096 2977 3277 3041 pocula
3300 3017 3313 3040 ,
3356 2985 3405 3027 et
3434 2975 3701 3026 triciiiium

2138 3070 2544 3122 semivolucruin
2571 3068 2879 3133 puellarum.
2908 3066 3087 3132 Neque
3105 3080 3200 3133 ego
3222 3074 3277 3126 te,
3294 3066 3511 3131 pingues
3541 3063 3701 3115 ferias

2138 3171 2292 3224 agere
2316 3157 2609 3219 contendo,
2659 3163 2750 3207 aut
2796 3156 3038 3207 virtutem
3072 3167 3195 3220 puto
3225 3153 3444 3220 fregisse
3470 3148 3700 3207 deliciis.

2137 3246 2239 3301 Sed
2270 3251 2390 3299 dum
2420 3246 2509 3298 tibi
2541 3248 2697 3314 legis,
2724 3245 2814 3297 tibi
2844 3246 3055 3307 scribis,
3086 3254 3141 3297 et
3172 3245 3487 3297 urbanarum
3520 3259 3699 3297 rerum

483 3310 699 3402 pum”;
726 3322 793 3402 ’ξε
840 3317 890 3359 ιθ
925 3306 1228 3375 “uiuum”
1272 3308 1401 3358 um“
1449 3306 1649 3359 omnis
1692 3304 1903 3359 ﬁdem.
1944 3320 2028 3357 ιη’
2062 3306 2106 3366 c
2141 3334 2309 3389 fessus
2332 3335 2594 3402 ingentem
2627 3336 2857 3385 animttm
2895 3333 3175 3387 solitudine
3205 3334 3407 3397 domas,
3438 3333 3701 3386 amiciti..-

482 3414 625 3467 gere.
666 3398 809 3452 Vale.

1053 3486 1266 3540 EPIST.
1309 3486 1464 3541 XLV.

830 3592 1135 3630 SYNMACIIL'S
1176 3593 1358 3631 AGORIO
1398 3595 1670 3631 PII.£T|!XT.

550 3670 746 3722 Anetus
774 3683 887 3721 sum
922 3667 1133 3735 gaudio,
1166 3670 1302 3736 quod
1338 3668 1582 3721 valetudo
1614 3679 1785 3721 tecum
1820 3667 2035 3722 revertit

479 3761 530 3813 in
569 3761 810 3828 gratiam.
858 3759 986 3812 Nam
1030 3774 1239 3825 semper
1281 3759 1607 3813 incolumitas
1658 3768 1742 3812 tua
1782 3761 1886 3813 voti
1934 3760 2034 3813 mei

478 3863 679 3901 summa
699 3858 797 3901 est.
830 3847 974 3899 Nunc
1005 3852 1047 3899 si
1079 3849 1178 3900 niis
1204 3848 1498 3900 volentibus
1521 3848 1871 3927 reconciliata:
1896 3848 2035 3901 vires

480 3939 637 3991 animi
670 3938 738 3990 ttii
772 3946 1163 4005 integraveruut
1190 3939 1442 4003 vigorem,
1479 3937 1635 3989 facito
1657 3938 1893 4005 epistolae
1933 3946 2036 3991 tute

478 4029 761 4095 tiiiiltijugis
794 4030 993 4095 paginis
1020 4044 1328 4095 augeantur.
1363 4030 1459 4080 Udi
1497 4029 1874 4095 parcimouiam
1914 4044 2033 4081 ter-

478 4119 661 4173 biirmtt
699 4118 972 4169 bonorum.
1008 4116 1282 4170 Sciibeiidi
1323 4119 1516 4184 quippe
1554 4118 1818 4183 brevitas,
1870 4136 1987 4188 mag
2011 4135 2035 4173 s

481 4193 719 4271 fastidio,
750 4223 905 4273 quain
945 4206 1119 4257 officio
1155 4208 1390 4271 proxima
1422 4217 1521 4260 est.
1563 4209 1691 4259 bolo
1724 4210 1925 4262 litteras
1970 4216 2035 4264 de

478 4311 681 4349 summo
736 4312 828 4350 ore
882 4298 1163 4350 stillantes.
1217 4297 1339 4349 Illas
1394 4310 1563 4365 peto,
1618 4315 1735 4365 qua:
1792 4316 2035 4355 arescere

480 4392 745 4452 nesciunt;
774 4404 890 4457 quae
919 4405 981 4440 ex
1026 4390 1213 4439 intitno
1250 4391 1474 4455 pectoris
1519 4394 1659 4443 l'onte
1700 4408 2030 4458 promuntur.

484 4482 693 4533 Memini
722 4484 1033 4532 brevitatem
1058 4482 1367 4544 Spartanam
1400 4480 1534 4532 laudi
1558 4486 1819 4547 quondam
1854 4484 2030 4535 fuisse.

479 4570 582 4622 Sed
609 4585 706 4635 ego
756 4580 923 4621 tecum
958 4567 1209 4620 Romanis
1253 4570 1453 4636 legibus
1483 4586 1611 4637 ago,
1643 4583 1695 4624 et
1740 4574 1781 4625 si
1824 4576 1892 4625 ita
1926 4576 2029 4639 vis,

477 4660 663 4712 Atticis
692 4678 702 4710 :
735 4660 922 4726 qiiibiis
944 4669 1142 4710 tantum
1162 4660 1323 4713 decus
1345 4676 1370 4710 a
1405 4660 1643 4714 facundia
1673 4662 1785 4728 fuit,
1822 4674 1876 4716 ut
1907 4667 2028 4721 inibi
2062 4649 2110 4707 Ῐ)

477 4750 753 4801 videantur
787 4749 1017 4800 Lacones
1046 4759 1186 4800 metu
1215 4747 1511 4802 collationis
1540 4752 1591 4803 in
1623 4755 1885 4805 diversum
1916 4767 2028 4804 stu-

477 4844 560 4893 dia
586 4842 895 4893 destinasse.
922 4839 1125 4893 Vellent
1158 4841 1334 4907 plura;
1356 4842 1447 4895 sed
1481 4853 1569 4895 tuo
1600 4850 1757 4909 tnolo
1779 4859 2031 4912 computr-

476 4936 676 5003 geiidus
722 4949 800 4987 es.
853 4936 1018 4986 Sintul
1067 4934 1239 4987 cautio
1265 4946 1379 4999 est,
1413 4950 1479 4989 ne
1522 4946 1574 4990 te
1617 4953 1790 4991 sermo
1834 4942 2029 4993 multus

476 5025 723 5077 offendat.
763 5025 1000 5077 lustituto
1033 5026 1187 5092 igitur
1211 5040 1328 5079 meo
1356 5028 1555 5079 ealcem
1581 5043 1746 5094 pono,
1789 5030 1911 5082 dum
1943 5042 2029 5084 tuo

476 5132 657 5185 pareo.
698 5116 807 5181 Qua
852 5132 916 5171 ex
949 5132 1004 5170 re
1037 5118 1317 5186 ittteiligis,
1349 5133 1412 5173 c0
1446 5127 1493 5171 te
1529 5120 1737 5172 invidia:
1762 5133 1813 5174 et
1851 5124 2031 5175 condi-

477 5222 633 5261 tionis
662 5210 963 5264 adductum.
997 5210 1143 5277 quasi
1175 5225 1201 5262 a
1230 5224 1315 5263 me
1347 5225 1507 5277 pauca
1540 5212 1697 5265 scribi
1738 5214 1901 5280 velis,
1933 5217 2030 5267 nisi

478 5298 639 5351 multa
672 5298 1027 5365 rescripseris.
1059 5298 1202 5351 Vale.

1035 5389 1240 5443 EI'IST.
1287 5389 1461 5442 XLVI.

828 5491 1128 5530 ςγδιιιλιῖιιιες
1167 5495 1352 5530 Αοπιιι)
1392 5495 1664 5533 Ριιμετεχτ.

546 5566 695 5620 Potui
720 5566 889 5621 facere
914 5570 1108 5637 scripta
1132 5570 1454 5637 compendii,
1483 5586 1600 5625 cuin
1626 5575 1717 5626 tibi
1745 5589 2028 5641 germanus

479 5673 625 5711 meus
684 5659 853 5711 verbis
898 5676 1006 5713 suis
1056 5660 1263 5713 uberius
1318 5662 1681 5715 satisfacturos
1728 5666 2024 5735 videretur,

479 5762 631 5810 quam
672 5763 768 5817 ego
798 5753 925 5801 tn:is
952 5750 1161 5802 litteris.
1212 5748 1313 5804 Sed
1347 5753 1397 5805 iii
1428 5753 1626 5820 majore
1659 5755 1805 5810 lucro
1850 5760 2019 5812 officia

482 5835 718 5893 honesta.
752 5854 904 5904 quant
937 5840 1038 5895 otia
1062 5842 1221 5895 multa
1246 5844 1483 5908 ponenda
1516 5856 1650 5898 sunt.
1692 5847 1826 5913 Ergo
1854 5865 2021 5915 neque

2137 3442 2252 3481 rum
2280 3427 2453 3479 munia
2473 3426 2640 3478 nul'iis
2664 3429 2985 3491 exsequeris.
3014 3424 3146 3491 Quin
3170 3425 3356 3490 arripis
3374 3428 3590 3493 styluin,
3610 3439 3701 3477 no-

2138 3529 2367 3585 straeque
2398 3518 2447 3571 in
2480 3529 2527 3571 te
2559 3518 2818 3571 :ill'ectioni
2846 3518 3096 3569 liouorem
3132 3527 3363 3568 mutuum
3402 3516 3561 3568 facis?
3591 3518 3700 3569 Ni~i

2138 3607 2308 3659 mavis
2361 3613 2727 3660 auctoritatem
2770 3606 3030 3673 pontificis
3059 3606 3311 3673 e\periri.
3345 3606 3499 3658 Multa
3544 3608 3700 3659 nonis

2138 3699 2189 3750 in
2220 3698 2439 3765 collegio
2479 3697 2818 3750 deliberanda
2862 3706 3005 3749 sunt.
3035 3696 3162 3762 Quis
3195 3697 3288 3748 tibi
3332 3696 3426 3747 bas
3465 3695 3699 3749 inducias

2136 3790 2327 3856 publici
2380 3792 2613 3842 muneris
2655 3789 2829 3842 dedit?
2860 3788 3070 3841 Senties
3105 3788 3191 3853 jus
3226 3787 3516 3841 sacerdotis
3540 3828 3554 3852 ,
3596 3788 3697 3843 nisi

2136 3879 2435 3947 impleveris
2463 3881 2547 3946 jus
2577 3879 2750 3930 aiiiici.
2790 3878 2937 3932 Vale.

2676 3964 2883 4021 lil‘IST.
2926 3965 3156 4020 XLVIII.

2492 4072 2798 4111 SYRIMACIIL'S
2839 4073 3026 4110 AGORIO
3066 4072 3340 4110 ΡΒᾸΞΤΕΧΤ.

2208 4169 2282 4221 Dii
2315 4168 2457 4231 boni,
2491 4182 2644 4234 quam
2677 4166 2805 4217 nihil
2842 4166 3037 4218 lioniini
3073 4178 3236 4217 titttiitt
3270 4177 3426 4233 atque
3451 4166 3696 4234 explora—

2138 4272 2241 4311 tuin
2273 4260 2379 4311 est!
2414 4258 2567 4309 Certe
2599 4256 2802 4308 levandi
2843 4256 3001 4307 animi
3035 4271 3190 4308 causa
3230 4257 3377 4307 Baias
3422 4272 3497 4309 coi
3524 4272 3694 4311 cesse—

2137 4350 2283 4402 ratis.
2335 4352 2458 4413 Qais
2506 4348 2687 4399 oculus
2738 4347 3011 4399 fascinavit
3057 4348 3373 4401 destinatam
3421 4348 3691 4413 quietem?

2139 4440 2351 4492 I’aiiliua
2386 4454 2509 4505 ergo
2541 4454 2665 4491 eiira
2712 4440 3008 4491 communis
3053 4450 3341 4490 extremum
3384 4439 3561 4491 salutis
3604 4456 3692 4491 ar-

2135 4540 2381 4581 cesserat.
2435 4528 2511 4577 An
2561 4536 2731 4578 vester
2776 4541 2868 4591 pro
2912 4528 2993 4577 ila
3035 4536 3206 4577 tantus
3253 4538 3335 4579 est
3378 4538 3583 4592 metus,
3632 4540 3691 4583 ut

2136 4633 2293 4671 omne
2343 4618 2457 4683 ejus
2508 4618 2893 4670 iuciittiniodum
2952 4618 3165 4685 periciili
3209 4619 3369 4670 instar
3413 4619 3567 4672 liabea
3595 4622 3689 4673 ur?

2137 4709 2394 4775 Quidquid
2446 4707 2629 4761 borum
2691 4721 2813 4774 est,
2861 4711 3085 4777 spertari
3140 4710 3317 4761 animo
3368 4710 3516 4773 licet,
3557 4727 3687 4777 quas

2136 4814 2399 4853 a-ruuinas
2456 4802 2696 4863 dierum,
2746 4816 2875 4868 quas
2904 4803 3134 4852 noctium
3178 4800 3379 4870 vigilias
3418 4802 3684 4859 duxeritis.

2136 4891 2221 4943 Sic
2253 4892 2356 4941 nati
2382 4903 2582 4950 sumus,
2611 4898 2666 4941 ut
2691 4891 2883 4955 sa'pius
2909 4891 3127 4944 adversa
3154 4890 3443 4957 fungamur.
3473 4891 3687 4957 Fugiunt

2138 4980 2456 5043 voluptates,
2487 4988 2538 5029 et
2570 4977 2722 5030 bona:
2768 4981 3023 5046 cujusque
3062 4981 3136 5033 rei
3172 4990 3274 5031 tam
3319 4979 3489 5031 brevis
3529 4995 3644 5033 usus
3668 5023 3681 5044 ,

2135 5082 2287 5135 quam
2313 5068 2440 5121 levis
2468 5083 2653 5121 sensus
2675 5078 2772 5123 est.
2815 5070 3002 5122 Verum
3028 5070 3139 5121 lucc
3160 5069 3583 5137 philosophorum
3609 5074 3687 5124 ili-

2137 5160 2522 5224 Sputationilius
2573 5160 2953 5227 relinquantur.
2998 5158 3145 5209 Nunc
3184 5159 3412 5211 habitum
3434 5160 3682 5216 lietioretn

2138 5249 2407 5300 tuentibus
2438 5248 2771 5311 suadeamus,
2804 5247 3013 5315 quando
3043 5247 3273 5299 Paulinae
3318 5259 3507 5299 nostra!
3550 5253 3685 5306 vale-

2138 5341 2367 5390 tudinem
2396 5352 2575 5390 rursus
2607 5338 2792 5390 locavit
2816 5337 2865 5387 iii
2892 5336 3062 5390 stilido
3087 5354 3183 5405 pax
3205 5339 3443 5391 deorum.
3472 5337 3607 5393 Vale.
3642 5392 3644 5395 .

2693 5468 2903 5522 EPIST.
2949 5468 3127 5521 XLIX.

2481 5578 2787 5617 εῑιιιιΑειιυε
2824 5579 3013 5616 ΑΟΟΒῖΟ
3054 5577 3333 5615 ΡΙΗΕΤΕΧΪ.

2196 5678 2400 5743 Qumris
2440 5690 2493 5731 ut
2534 5680 2662 5732 civis
2692 5679 2754 5732 ad
2783 5680 2975 5731 bonum
3010 5694 3288 5731 commune
3318 5680 3539 5745 genitus,
3560 5684 3676 5749 quid

2127 5786 2283 5837 super
2308 5774 2465 5824 rebus
2489 5774 2656 5826 anxiis
2700 5788 2823 5825 vero
2855 5771 3151 5838 proximum
3202 5773 3485 5824 nuntietur.
3515 5772 3673 5829 Certis

2130 5856 2382 5913 iudicibus
2409 5866 2630 5915 secunda
2671 5864 3035 5921 coenovimus.
3087 5862 3283 5917 Dcliiiie
3306 5863 3451 5916 multi
3496 5862 3678 5922 silentii
