3828 6372
569 377 664 435 167

563 580 818 635 tabellarii
841 577 1224 646 contemplatus
1246 617 1261 639 ,
1293 575 1541 629 exhibeo.
1579 576 1721 629 Alias
1751 575 1876 628 mihi
1908 584 1961 628 et
1991 589 2115 628 usus

562 670 749 732 veniae,
769 677 821 721 et
836 683 960 720 cura
981 681 1082 719 non
1106 665 1275 718 deerit
1301 665 1538 732 epistolae
1557 664 1830 732 longioris.
1859 664 1937 717 Dii
1960 665 2116 717 modo

560 767 731 825 optata
751 757 1034 815 fortunent,
1055 755 1277 808 salutem
1305 753 1452 821 lteip.
1478 754 1528 806 in
1552 754 1720 805 solido
1743 754 1946 806 locent!
1980 753 2114 806 Tum

557 849 798 900 voluntas
824 846 1121 914 promptior
1151 846 1273 907 erit,
1303 852 1354 896 et
1379 843 1445 896 ad
1474 844 1769 910 scribenda,
1797 859 1915 910 qua:
1944 845 2115 896 liben-

559 945 639 989 ter
660 936 918 1003 accipias;
956 944 1011 987 et
1045 934 1112 987 ad
1139 933 1359 1002 legenda
1385 971 1401 997 ,
1441 949 1557 1000 qua:
1581 935 1758 986 animo
1786 944 2003 988 vacante
2033 948 2118 988 re-

556 1027 855 1094 scripseris.
887 1025 1032 1078 Vale.

1120 1114 1335 1168 EPIST.
1376 1114 1552 1167 LVIII.

1067 1239 1368 1279 SVIIMACIIUS
1404 1241 1589 1279 PROBO.

622 1338 701 1392 Sit
727 1337 818 1392 tibi
842 1337 1046 1390 animus
1070 1351 1272 1402 aequus,
1294 1343 1349 1389 et
1370 1336 1576 1402 patiens
1594 1337 1828 1391 muneris
1850 1335 2111 1406 imperati.

553 1427 707 1496 Saepe
737 1443 834 1480 usu
862 1427 1043 1488 venit,
1076 1436 1133 1478 ut
1162 1427 1212 1477 in
1243 1426 1503 1478 secundos
1551 1425 1758 1480 labores
1796 1427 1960 1481 virtus
1989 1441 2114 1496 pro-

553 1519 671 1569 bata
703 1528 993 1584 reparetur.
1039 1515 1216 1580 Quid?
1255 1515 1360 1567 tui?
1392 1515 1617 1569 libenter
1644 1518 1702 1570 Ο.
1735 1516 1893 1570 Atilio
1922 1517 2113 1570 factum

553 1608 741 1673 putas?
785 1606 924 1676 quod
965 1604 1196 1658 laScibus
1243 1614 1414 1657 aratra
1461 1606 1715 1670 mutavit,
1743 1616 1798 1659 et
1840 1607 1892 1660 in
1943 1607 2117 1661 medio

553 1693 806 1748 sementis
833 1708 997 1759 opere
1024 1693 1246 1755 anhelos
1273 1693 1435 1747 boves
1462 1696 1644 1747 statuit
1671 1695 1936 1748 rusticus?
1964 1695 2117 1762 Quis-

552 1787 671 1852 quis
701 1784 852 1837 bonze
877 1782 1173 1860 frugislest,
1207 1784 1257 1835 in
1287 1782 1550 1851 publicum
1581 1785 1915 1838 commodum
1944 1786 2114 1838 vindi-‘-

554 1882 724 1926 catur.
758 1872 902 1925 Pone
942 1873 1060 1925 illas
1088 1871 1297 1924 interim
1327 1873 1668 1940 cogitationes
1698 1873 1864 1927 felicis
1893 1874 1984 1927 otii
2013 1877 2110 1928 tui.

550 1963 715 2028 Quam
748 1961 882 2015 bene
911 1960 1108 2013 urbana
1141 1975 1299 2028 opera
1331 1963 1482 2016 novis
1526 1963 1747 2032 fastigiis
1774 1967 2070 2020 excitabant
2097 1968 2109 2020 l

553 2053 649 2108 Uni
679 2068 803 2121 ager
825 2053 1035 2106 n0ster?
1064 2056 1146 2107 vel
1175 2055 1263 2108 ille
1289 2065 1539 2108 autumno
1561 2058 1731 2109 omnis
1751 2057 1916 2125 copia:
1945 2058 2110 2126 ferax,

549 2145 632 2198 vel
671 2145 758 2198 ille
807 2147 978 2197 hieme
1005 2145 1251 2214 apricus?
1299 2151 1400 2200 Aut
1443 2147 1532 2215 qui
1580 2163 1701 2202 vere
1745 2150 1867 2202 anni
1916 2150 2115 2217 primas

553 2249 699 2288 rosas
729 2235 890 2288 humo
918 2234 1081 2302 exuit,
1108 2245 1195 2288 aut
1221 2236 1307 2303 qui
1335 2237 1432 2290 sub
1458 2236 1641 2290 aestivo
1663 2237 1773 2291 sole
1800 2239 1867 2291 de
1897 2253 2114 2293 nemore

550 2334 604 2376 et
633 2324 776 2377 fonte
806 2324 1078 2392 frigescit?
1109 2327 1212 2378 Sed
1235 2325 1361 2394 quid
1386 2341 1415 2377 a
1445 2327 1713 2394 proposito
1735 2328 1949 2381 excidi?
1979 2329 2111 2382 Dum

551 2415 863 2468 medicinam
919 2415 1054 2469 facio
1103 2417 1335 2484 querelis
1391 2418 1532 2482 tuis,
1580 2419 1719 2471 ultro
1765 2419 2112 2472 desideranda

549 2506 804 2573 suggessi.
839 2506 966 2560 Esto
986 2550 999 2572 ,
1035 2517 1092 2561 ut
1119 2523 1206 2573 es,
1239 2524 1482 2563 curarum
1510 2512 1745 2565 omnium
1772 2512 2030 2580 tolerans,
2061 2522 2115 2567 et

551 2594 786 2648 debitam
809 2610 1024 2664 operam
1056 2599 1203 2651 solve
1230 2599 1573 2668 principibus,
1599 2601 1686 2669 qui
1716 2602 1972 2655 rationem
2003 2617 2114 2656 ma-

548 2685 628 2751 gis
658 2686 830 2738 meriti
863 2686 959 2750 tui,
987 2703 1145 2755 quam
1172 2691 1456 2744 voluntatis
1483 2685 1796 2745 habuerunt.
1830 2692 1973 2746 Vale.

1143 2819 1354 2874 ILPIS'I‘.
1397 2822 1530 2875 LIX.

1064 2943 1365 2984 SYJIMACIIUS
1416 2948 1597 2986 PROBO.

618 3038 796 3094 Mones
827 3041 1069 3095 amicitia:
1097 3043 1292 3098 bonum
1322 3048 1533 3114 scriptis
1565 3049 1922 3118 frequentibus
1947 3067 2108 3107 cxco-

1776 374 1840 440 Q.
1883 375 2156 430 AURELII
2191 371 2541 430 δγδιΜΑωιι

562 489 837 555 nerandze,
871 501 989 541 cum
1020 494 1137 539 tuas
1166 483 1555 550 occupationes,
1588 493 1697 538 tum
1726 484 2115 540 festinationem
2144 497 2196 551 Α

3695 382 3784 436 168

2818 485 3028 539 EI’IST.
3071 486 3201 541 LXI.

2749 588 3052 629 δνωιλοιίυε
3095 591 3276 631 Ριιοιο.

2290 661 2384 716 Ais
2419 670 2470 716 le
2509 662 2795 731 multiiugis
2825 667 3226 719 necessitatibus
3258 665 3536 732 impediri,
3573 668 3782 735 quomi-

2221 766 2317 804 nus
2347 751 2584 818 gnaviter
2614 753 2900 805 auiicorum
2940 754 3243 808 carissimos
3283 756 3583 823 alloquaris.
3639 755 3785 808 Nota

2218 842 2293 893 rei
2323 849 2498 894 cesset
2522 842 2763 894 assertio.
2791 841 2920 894 Nam
2949 853 3000 895 et
3025 847 3111 911 qui
3139 847 3314 910 procul
3339 847 3605 908 absumus,
3631 861 3784 898 curas

2217 944 2280 982 ac
2307 930 2509 998 vigilias
2537 939 2652 984 tuas
2677 933 2970 985 communis
3018 933 3198 999 patria:
3245 935 3408 1001 copiis
3448 945 3501 988 et
3541 936 3784 989 satietate

2215 1022 2496 1074 sentimus.
2529 1021 2737 1074 Mutasti
2780 1021 2935 1090 igitur
2958 1021 3210 1090 officium,
3250 1039 3354 1076 non
3384 1027 3601 1092 negasti.
3639 1026 3786 1077 Anti-

2217 1109 2370 1177 quior
2407 1110 2550 1164 enim
2595 1111 2687 1164 tibi
2718 1112 2845 1179 fuit,
2898 1119 2955 1163 ut
2993 1126 3110 1165 esse
3139 1113 3354 1176 debuit,
3396 1116 3534 1167 salus
3564 1116 3779 1180 civium,

2216 1212 2373 1263 quam
2404 1198 2671 1252 salutatio.
2722 1200 2870 1252 Nunc
2906 1213 3034 1253 Sane
3058 1211 3111 1253 et
3134 1201 3491 1255 desideramus
3535 1213 3590 1256 et
3613 1219 3782 1271 capo.

2217 1287 2413 1340 scimus
2441 1299 2557 1343 tuas
2585 1289 2784 1343 litteras
2807 1329 2828 1366 ,_
2855 1289 3066 1358 largiter
3092 1301 3338 1360 congesta
3378 1291 3532 1360 fruge
3580 1294 3633 1346 iii
3665 1310 3782 1360 pro-

2218 1379 2374 1432 xima:
2423 1379 2610 1432 hiemis
2657 1379 3018 1450 impendium:
3057 1396 3351 1450 quanquam
3401 1384 3511 1436 scio
3555 1386 3780 1438 necdum

2221 1469 2312 1522 tibi
2341 1470 2478 1524 hanc
2507 1482 2708 1540 partem
2741 1472 2898 1526 nimis
2927 1482 3090 1527 tutam
3122 1475 3301 1527 videri.
3337 1474 3609 1544 Nunquam
3642 1477 3781 1528 enim

2218 1570 2300 1612 est
2322 1574 2539 1615 securus
2571 1578 2720 1615 amor
2749 1562 2927 1629 patriae
2951 1580 2962 1614 :
2986 1576 3034 1616 et
3066 1565 3308 1631 quamvis
3335 1580 3518 1631 magna
3550 1567 3781 1618 remedia

2218 1649 2526 1720 conquirat,
2559 1669 2768 1722 semper
2795 1653 2924 1707 illud
2949 1663 3095 1722 putat
3125 1655 3396 1709 imminere
3422 1655 3559 1723 quod
3589 1655 3778 1709 timuit.

2223 1739 2370 1795 Vale.

2789 1810 3002 1865 EPIST.
3045 1811 3200 1866 LXII.

2471 1914 2770 1955 STIMACRUS
2815 1917 3033 1957 CELSINO
3071 1919 3278 1958 'I'ICIANO
3319 1921 3532 1960 FRATRI.

2282 2010 2443 2065 Bona:
2474 2011 2588 2080 spei
2620 2013 2837 2080 plenus,
2870 2023 3144 2081 postquam
3180 2014 3305 2066 mihi
3337 2015 3593 2068 adventus
3620 2015 3780 2070 vestri

2215 2103 2413 2156 fecistis
2443 2102 2716 2168 indicium,
2752 2104 2929 2157 calcar
2971 2104 3234 2171 quoddam
3275 2104 3531 2172 suppingo
3578 2121 3781 2174 prope—

2213 2194 2480 2256 rantibus;
2527 2203 2579 2247 et
2623 2193 2673 2246 in
2703 2208 2816 2246 eam
2853 2209 2963 2246 rem
2997 2205 3139 2246 tuum
3181 2208 3371 2247 munus
3414 2194 3641 2262 imploro
3666 2235 3682 2258 ,
3735 2206 3783 2248 ut

2213 2294 2488 2351 parentum
2524 2284 2694 2336 studia
2747 2284 2986 2337 hortator
3014 2284 3294 2337 acceleres.
3338 2284 3503 2338 Stabit
3532 2286 3673 2351 apud
3707 2301 3784 2338 me

2213 2376 2464 2426 memoria
2512 2373 2750 2428 beneficii
2805 2374 2918 2437 tui,
2965 2389 3061 2427 nec
3092 2389 3318 2442 unquam
3359 2375 3516 2428 tacita
3545 2376 3698 2438 erit;
3745 2375 3784 2427 si

2211 2463 2436 2516 fratrum
2463 2463 2700 2532 delegata
2730 2462 3019 2516 curaveris.
3054 2463 3200 2516 Vale.

2777 2572 2993 2627 EPIST.‘
3034 2571 3211 2626 LXIII.

2469 2674 2773 2714 SYMMACHUS
2812 2675 3028 2714 CELSINO
3071 2675 3278 2714 TICIANO
3316 2677 3525 2714 FRATRI.

2283 2770 2524 2838 Longum
2549 2772 2832 2840 loquantur
2859 2788 2956 2839 pro
2985 2771 3262 2841 incognitis
3289 2773 3591 2827 autalienis
3620 2773 3784 2825 verba

2211 2859 2421 2913 facturi.
2472 2861 2596 2914 Mihi
2639 2862 2752 2914 haec
2777 2876 2938 2930 opera
2968 2861 3252 2915 desiuenda
3281 2871 3362 2915 est
3382 2902 3399 2928 ,
3430 2877 3550 2916 cum
3579 2864 3786 2915 litteras

2211 2965 2419 3008 nostras
2446 2953 2670 3008 Saturus
2702 2953 2866 3008 frater
2894 2954 3189 3007 communis
3217 2954 3439 3018 accipiat
3467 2992 3482 3016 ,
3514 2969 3647 3019 quas
3683 2968 3785 3005 non

2214 3045 2662 3098 commendationi
2709 3045 2822 3112 ejus
2869 3044 3129 3112 praestiti,
3159 3043 3250 3098 sed
3284 3053 3463 3096 nostra
3506 3031 3653 3097 circa
3694 3057 3787 3095 vos

550 3130 740 3183 lamus.
787 3132 964 3184 Placet
1005 3135 1232 3186 hortatio
1277 3138 1540 3190 iuvitatrix
1580 3141 1870 3207 religionis.
1920 3142 2021 3206 Et,
2057 3152 2107 3196 ut

2217 3149 2399 3187 amore
2427 3136 2591 3187 factas
2617 3134 2792 3187 emisi.
2820 3135 2968 3187 Vale.

551 3238 730 3276 verum
783 3224 984 3288 fatear,
1032 3225 1194 3279 decus
1244 3228 1370 3280 mihi
1419 3243 1499 3282 εει
1542 3229 1655 3284 Ιιωο
1702 3241 1787 3284 tua
1835 3237 2106 3298 Voluntas;

549 3329 700 3368 amor
728 3318 868 3368 enim
899 3317 1111 3370 maximi
1161 3319 1277 3386 plus
1305 3322 1542 3389 requirit.
1597 3324 1699 3377 Sed
1730 3327 1866 3394 quod
1894 3329 1993 3391 ais,
2026 3343 2111 3381 me

549 3406 751 3471 potius,
782 3410 871 3473 qui
902 3406 1002 3458 sim
1034 3423 1234 3461 vacuus
1267 3411 1490 3476 publica:
1520 3415 1626 3478 rei,
1656 3414 1954 3469 istiusmodi
1984 3418 2112 3484 vigi-

549 3493 674 3547 liam
704 3495 904 3549 debere
934 3499 1144 3563 sortiri,
1174 3513 1378 3566 aequum
1408 3517 1526 3556 esse
1554 3504 1830 3557 dissentio.
1859 3505 1975 3558 Jatn
2005 3507 2112 3574 pri-

547 3602 688 3641 mum
719 3590 857 3656 quod
903 3589 1062 3642 homo
1111 3593 1316 3646 licemis
1367 3595 1458 3647 otii
1503 3598 1728 3650 scrutari
1775 3596 1916 3652 vices
1961 3615 2110 3652 com-

551 3681 839 3730 meantium
889 3695 992 3731 nou
1026 3681 1206 3733 laboro
1238 3700 1249 3730 :
1282 3691 1400 3736 tuus
1433 3688 1598 3738 honor
1625 3696 1888 3740 vecturam
1920 3690 2109 3743 litteris

546 3769 645 3819 nisi
680 3767 1073 3833 invenitﬂacit.
1110 3771 1306 3824 Dehinc
1330 3773 1468 3839 quod
1494 3775 1619 3828 tiiilii
1649 3776 1791 3830 iners
1814 3780 2106 3835 desuetudo

544 3860 763 3912 obbmat
788 3862 1074 3927 ingenium.
1118 3863 1234 3917 Tibi
1275 3867 1492 3934 impigro
1516 3871 1712 3934 jamdiu
1743 3874 1938 3939 negotii
1965 3877 2108 3930 leva-

547 3958 630 3999 tur
652 3965 778 4000 usus
805 3951 1074 4016 loquendi.
1108 3951 1245 4022 Ergo
1266 3971 1369 4022 quo
1397 3969 1449 4008 tu
1479 3959 1543 4009 ad
1574 3963 1906 4015 scribendum
1937 3968 2107 4034 major

543 4037 716 4102 copia,
749 4038 848 4090 hoc
874 4056 972 4107 ego
999 4041 1205 4109 dignior
1233 4046 1382 4097 venia
1414 4049 1658 4104 raritatis.
1691 4051 1897 4107 Satisne
1922 4057 2106 4110 videor

544 4125 624 4178 his
671 4130 842 4180 causis
887 4135 1121 4184 munitus
1170 4135 1221 4184 in
1269 4140 1578 4200 posterum?
1628 4139 1927 4194 llcmmeris
1965 4147 2102 4211 volo,

543 4218 793 4285 quidquid
830 4233 859 4269 a
893 4236 975 4273 tne
1003 4223 1264 4276 sermonis
1319 4229 1588 4294 acceperis
1611 4267 1627 4293 ,
1676 4231 1910 4300 obsequii
1961 4250 2102 4300 esse,

543 4319 648 4357 non
679 4306 798 4359 otii.
838 4305 980 4360 Vale.

1151 4400 1360 4456 EPIST.
1403 4403 1510 4459 LX.

1063 4520 1366 4595 svuuacnus
1397 4532 1578 4571 rnono.

608 4617 730 4673 Scio
758 4629 808 4674 te
835 4638 938 4675 non
968 4623 1303 4678 fortunarum
1341 4626 1535 4681 habere
1563 4628 1834 4698 dilectum,
1865 4634 1956 4689 sed
1987 4651 2099 4691 mc-

541 4712 780 4765 l'IlOl‘ulll.
810 4714 1078 4770 Romanus
1104 4718 1375 4772 familiaris
1400 4737 1548 4776 meus
1575 4724 1756 4778 aulicis
1775 4725 1936 4779 etiam
1959 4741 2100 4781 nunc

542 4811 689 4869 paret
717 4804 906 4858 officiis
925 4843 941 4868 ,
970 4815 1148 4873 utpote
1174 4809 1306 4861 sacri
1333 4810 1641 4866 administer
1668 4816 1859 4868 aararii.
1892 4817 1995 4871 Sed
2019 4820 2102 4871 in-

539 4903 825 4945 stramenta
858 4896 1130 4962 probitatis
1155 4900 1252 4951 sub
1280 4914 1374 4951 usu
1404 4900 1615 4954 honoris
1644 4904 1892 4957 excoluit.
1924 4907 2100 4970 Quare

539 4983 762 5048 digiiiias
807 4986 890 5035 illa
937 4996 1017 5036 cst
1059 4989 1349 5052 promiscua
1380 5005 1497 5042 cum
1540 4993 1812 5060 plurimis,
1850 4996 2097 5049 honestas

540 5087 689 5138 atque
717 5088 832 5124 cum
865 5078 1062 5139 paucis.
1107 5078 1254 5138 Quod
1295 5093 1358 5129 eo
1391 5086 1781 5136 memorandum
1813 5089 2013 5153 putavi,
2042 5097 2097 5141 ut

540 5172 570 5209 a
601 5170 649 5210 te
679 5178 882 5228 quoque
915 5178 1009 5228 pro
1037 5175 1240 5217 ratione
1271 5167 1414 5231 vitaz,
1448 5186 1548 5222 nou
1584 5187 1678 5237 pro
1702 5176 1862 5240 gradu
1895 5177 2096 5229 militia:

541 5263 837 5303 censeatur.
891 5255 992 5306 Fac
1027 5258 1318 5323 periculum
1357 5263 1597 5314 Illaxlmls
1630 5266 1679 5315 in
1710 5268 1967 5334 negotiis;
2015 5270 2094 5321 fac

543 5339 595 5391 in
628 5343 781 5392 seriis
809 5346 1128 5397 rctuissisve.
1158 5344 1406 5414 Reperies
1439 5354 1666 5407 hominis
1697 5365 1881 5408 tectam
1911 5359 2088 5420 fidem,

543 5439 807 5506 patentem
840 5434 1182 5501 religionem,
1214 5439 1537 5504 prudentiam
1569 5443 1805 5510 liberam,
1837 5462 2092 5501 verecun-

542 5521 682 5573 diatn
715 5521 1002 5575 liberalem.
1055 5525 1147 5578 Cui
1178 5541 1276 5596 ego
1306 5540 1579 5599 pr0pterea
1628 5535 1818 5587 factum
1851 5539 2000 5610 volo,
2039 5547 2096 5591 ut

547 5609 646 5658 mei
677 5613 954 5664 testimonii
1004 5613 1134 5667 θύω
1180 5618 1374 5674 clareat
1401 5662 1416 5688 ,
1457 5630 1512 5679 et
1540 5621 1631 5678 tibi
1674 5609 2093 5682 amicus‘limata:

548 5698 819 5766 probitatis
847 5702 1079 5757 accedat.
1113 5701 1256 5760 Vale.

2778 3224 2996 3279 EPIST.
3037 3224 3216 3278 LXIV.
3388 3304 3392 3306 _

2477 3328 2786 3370 statuentis
2813 3330 3027 3370 csLsmo
3061 3316 3270 3368 incuso
3299 3327 3508 3366 ruunt.

2279 3425 2656 3478 Commendari
2683 3440 2713 3478 a
2741 3440 2829 3479 me
2853 3425 3158 3493 episcopum
3185 3426 3318 3477 forte
3343 3423 3574 3477 mireris.
3601 3423 3785 3477 Causa

2208 3513 2368 3577 istud,
2398 3528 2502 3566 non
2540 3523 2683 3568 secta
2718 3516 2999 3582 persuasit.
3041 3513 3170 3565 Nam
3216 3511 3461 3566 Clemens
3504 3512 3629 3564 boni
3683 3513 3784 3566 viri

2208 3603 2420 3658 functus
2447 3605 2701 3669 officium,
2729 3607 3053 3670 Cassareum,
3081 3619 3200 3670 qua:
3228 3604 3301 3656 illi
3329 3604 3492 3670 patria
3519 3612 3620 3664 est,
3650 3618 3786 3657 eon-

2208 3694 2385 3746 ciliata
2436 3695 2788 3747 maximorum
2836 3693 3128 3761 principum
3198 3707 3363 3761 pace,
3420 3700 3615 3746 tutatus
3675 3702 3781 3746 est.

2209 3783 2390 3836 Fando
2429 3798 2711 3852 acceperas
2737 3823 2752 3848 ,
2797 3784 3084 3837 rebellione
3141 3783 3416 3836 barbarica
3458 3793 3591 3856 quo}
3634 3786 3780 3846 auri,

2206 3884 2333 3942 quot
2352 3875 2556 3943 argenti
2580 3875 2766 3939 privati
2796 3882 2886 3926 aut
2910 3874 3101 3942 publici
3130 3873 3264 3926 sacri
3294 3881 3347 3924 et
3374 3873 3600 3938 profani,
3628 3871 3784 3923 Mau-

2206 3967 2411 4019 ritania:
2439 3966 2534 4017 fuit
2558 3965 2854 4032 direptione
2877 3965 3105 4017 hostium
3129 3962 3468 4015 lanciuatum.
3499 3961 3693 4013 Evenit
3715 3978 3780 4013 ea

2209 4063 2543 4122 tempestate,
2575 4064 2633 4105 ut
2663 4055 2821 4107 edam
2849 4053 2960 4105 lisci
2989 4053 3284 4120 depositum
3315 4049 3434 4103 belli
3463 4052 3579 4116 jure
3609 4065 3777 4116 rape-

2207 4155 2350 4197 retur
2381 4161 2394 4196 :
2423 4144 2562 4212 quod
2595 4159 2623 4194 a
2651 4143 3000 4196 summatibus
3045 4141 3273 4194 civitatis
3297 4180 3313 4204 ,
3360 4153 3490 4208 quos
3535 4139 3780 4207 reliquos

2205 4235 2324 4304 fuga
2355 4237 2574 4300 fecerat,
2603 4235 2689 4302 jus
2715 4235 2888 4286 aerarii
2917 4232 3244 4301 reposcebat.
3277 4231 3464 4283 Misera
3495 4242 3547 4283 et
3573 4236 3778 4281 acerba

2204 4329 2480 4392 conditio,
2527 4328 2626 4379 nisi
2674 4325 2886 4378 tristitia
2931 4336 3220 4393 temporum
3271 4323 3553 4375 Clementis
3582 4336 3778 4374 curam

2207 4419 2493 4481 movisset;
2533 4432 2689 4485 quem
2719 4431 2816 4485 ego
2841 4430 2944 4469 non
2984 4418 3156 4470 minus
3185 4414 3335 4467 famae
3374 4414 3572 4476 smculi,
3605 4429 3778 4480 quam

2125 4514 2175 4573 ι)
2201 4507 2390 4559 civium
2431 4506 2696 4558 securitati
2737 4504 3101 4557 commodasse
3147 4503 3388 4556 dixerim.
3441 4502 3577 4567 Quid
3620 4502 3777 4554 enim

2202 4609 2393 4664 przeter
2422 4598 2669 4650 invidiam
2717 4598 2936 4650 referret
2969 4598 3212 4649 aararium
3238 4635 3253 4660 ,
3294 4597 3336 4647 si
3375 4609 3503 4662 opes
3526 4595 3594 4647 ab
3620 4595 3777 4664 inopi

2200 4688 2344 4738 curia
2374 4686 2759 4754 poscerentur?
2788 4686 2961 4738 llabes
2991 4687 3228 4739 ordinem
3261 4687 3355 4737 rei.
3407 4684 3553 4751 Quod
3600 4699 3780 4739 restat

2201 4779 2424 4844 enitere,
2457 4789 2514 4831 ut
2543 4779 2618 4831 tui
2647 4777 2902 4845 aspiratio
2930 4778 3044 4831 vela
3075 4776 3229 4831 faciat
3262 4775 3578 4844 impetratis.
3615 4776 3776 4832 Vale.

2775 4888 2986 4944 EPIST.
3027 4888 3183 4942 LXV.

2474 4996 2776 5050 SYIDIAQIIUS
2806 4995 3019 5033 CELSINO
3049 4994 3256 5032 τιειΑΝο
3285 4994 3495 5032 FRATRI.

2269 5090 2420 5145 Scire
2468 5089 2699 5158 postulas
2726 5129 2741 5154 ,
2785 5089 2909 5157 quid
2939 5089 3004 5142 de
3034 5088 3772 5145 lacessentibussentiamus.

2199 5181 2330 5236 Nolo
2356 5183 2632 5235 consilium
2657 5182 3017 5235 succensenlis
3041 5193 3335 5248 exspietes.
3363 5181 3540 5245 Ncqllc
3570 5181 3620 5232 iti
3649 5184 3777 5249 ejus

2198 5285 2389 5322 noxam
2422 5271 2662 5334 labores,
2691 5286 2849 5338 quem
2876 5273 3314 5324 vides-abundare
3345 5269 3593 5335 peccatis.
3649 5273 3777 5339 Ipse

2197 5376 2383 5414 causas
2411 5359 2578 5425 dabit,
2608 5377 2738 5429 quas
2769 5377 2871 5414 non
2902 5363 3128 5416 videaris
3168 5371 3397 5429 optasse.
3445 5362 3547 5413 Sed
3577 5362 3648 5414 de
3681 5368 3777 5419 itlo

2198 5452 2327 5503 satis
2358 5452 2524 5504 habeo
2554 5450 2769 5504 d.ctum.
2826 5451 3042 5505 Veniam
3090 5468 3195 5519 quo
3244 5466 3327 5504 uie
3355 5452 3498 5503 ducit
3526 5454 3774 5507 all'ectio.

2199 5540 2431 5591 Immaue
2458 5549 2709 5605 quantum
2732 5554 2761 5590 a
2787 5540 2971 5592 litteris
3002 5542 3273 5605 desidetis,
3303 5556 3474 5606 neque
3505 5545 3775 5609 metuitis,

2199 5642 2266 5680 ne
2294 5641 2385 5680 vos
2434 5631 2639 5683 ratione
2675 5631 2869 5684 silentii
2912 5633 3266 5685 mordeamus.
3318 5634 3449 5697 Quid
3481 5633 3658 5684 hiems
3689 5637 3774 5686 fa-

2196 5718 2322 5785 ciet,
2349 5731 2467 5786 qua:
2488 5726 2628 5773 terra
2658 5730 2709 5775 ct
2734 5722 2865 5776 mari
2896 5722 3182 5791 morabitur
3208 5722 3575 5779 commeatus?
3605 5722 3772 5797 Cogi-
