3828 6406
562 575 649 626 I'I
1176 628 1181 631 Α

1085 695 1185 746 ΕΙἾ
1206 696 1293 748 ετ.
1344 695 1545 751 LXXV.

1028 798 1328 839 δι’)ιλιλςιιυδ
1368 802 1635 844 ιιεερειιιο.

620 886 837 953 Quoties
880 891 1006 945 viris
1036 894 1236 948 militiae
1276 897 1415 950 notis
1453 899 1753 953 testimonia
1784 901 2113 967 deferuntur,

550 979 701 1035 decet
726 997 937 1049 Operam
970 986 1249 1040 verborum
1295 987 1470 1044 facere
1507 992 1837 1057 compendii,
1871 993 1991 1060 quia
2034 994 2115 1047 ni-

553 1071 620 1124 hil
654 1076 920 1142 negotium
962 1085 1046 1131 est
1081 1078 1504 1149 rebus'coguitis
1538 1082 1822 1136 immorari.
1872 1085 1971 1137 Pro
1999 1083 2112 1138 Cc-

550 1164 688 1215 sario
718 1166 852 1217 nosti
882 1168 1056 1219 omnia
1103 1168 1305 1232 facere,
1349 1186 1467 1238 quae
1513 1171 1818 1239 probantur.
1864 1173 2011 1227 llunc
2058 1184 2111 1227 ut

550 1257 693 1321 pensi
730 1256 943 1323 habeas,
974 1272 1187 1327 sperare
1216 1261 1381 1328 magis
1409 1260 1599 1325 debeo,
1634 1277 1788 1330 quam
1821 1278 2025 1331 rogare.
2058 1264 2112 1319 Si

546 1347 670 1409 quid
701 1347 829 1399 ultra
859 1352 1080 1416 expetis.
1115 1352 1162 1402 in
1190 1351 1320 1403 alias
1348 1350 1551 1403 litteras
1580 1350 1933 1406 conferemus.
1966 1352 2112 1407 Nunc

548 1437 675 1489 mihi
706 1438 1034 1507 multiloquio
1064 1441 1462 1507 temperandum
1497 1450 1607 1504 est,
1640 1456 1756 1494 cum
1785 1443 2108 1497 satisfactum

547 1541 665 1581 esse
695 1527 951 1591 videatur,
980 1538 1033 1582 et
1074 1530 1214 1583 illius
1259 1531 1544 1594 voluntati,
1575 1540 1631 1586 et
1668 1542 1757 1586 tuo
1796 1532 2014 1597 honori,
2058 1548 2110 1589 et

547 1633 663 1670 meo
693 1619 913 1672 muneri.
947 1618 1091 1673 Vale.

1092 1709 1303 1766 EPIST.
1345 1712 1577 1766 LXXVI.

1040 1814 1343 1855 SHIIILCIIL'S
1371 1816 1646 1856 HESPERIO.

612 1889 806 1943 Natura
839 1905 1015 1945 rerum
1047 1902 1157 1957 est,
1188 1902 1239 1944 ut
1264 1894 1351 1961 qui
1380 1892 1679 1947 balbutiunt
1699 1933 1713 1955 ,
1742 1892 1857 1961 plus
1884 1894 2103 1962 loquan-

545 1990 661 2043 tur;
705 1981 951 2034 all‘cetant
994 1981 1133 2034 enim
1182 1983 1390 2049 coniam
1443 1982 1641 2050 pudore
1686 1982 1944 2038 defectus.
1998 1984 2105 2039 lloc

1717 589 1777 654 Q.
1824 589 1887 641 Al
1919 587 2162 646 RELIUS
2199 592 2632 677 .S't'MMACIII‘S.
2697 583 2705 590 ’

2145 711 2192 766 Α

3669 627 3750 677 ίτέι

2769 713 2978 770 ΕΙἸὶΤ.
3022 721 3248 777 LXXIX.

2696 817 2997 860 ευιὶιληιιιτδ
3036 826 3304 867 ιιε-ιιεηεο.

2295 890 2675 959 Ριτιέειιτηςιιυηῑ
2698 907 2788 948 aut
2809 910 3128 965 compertum
3155 914 3318 967 tenes,
3348 918 3537 974 qttanta
3561 908 3622 964 sit
3642 913 3749 966 mihi

2223 989 2275 1031 tu
2298 996 2326 1031 e
2374 981 2547 1036 laudis
2583 988 2888 1055 antiquitas.
2923 990 2995 1043 Ea
3031 1005 3240 1062 propter
3278 999 3404 1051 nihil
3448 1001 3555 1056 ficri
3586 1007 3747 1071 patior,

2220 1072 2357 1136 quod
2387 1084 2596 1128 actuum
2629 1087 2837 1131 tuorum
2869 1083 3087 1148 gratiam
3124 1086 3452 1144 dCVCIIIIsICI.
3484 1093 3749 1148 Priscianus

2220 1158 2381 1214 frater
2424 1177 2591 1227 meus,
2636 1180 2753 1218 cum
2803 1168 2983 1235 primis
3029 1174 3454 1243 philosoplorum
3487 1181 3697 1235 litteram
3726 1200 3749 1235 a

2216 1258 2268 1301 et
2296 1248 2575 1306 honestate
2613 1257 2928 1322 censendus,
2968 1272 3150 1316 senatu
3182 1275 3393 1321 auctore
3427 1270 3599 1324 salarii
3628 1288 3750 1325 emn-

2222 1338 2459 1395 lumenta
2510 1346 2870 1411 consequitur.
2927 1348 3097 1417 Super
3152 1354 3266 1420 ejus
3314 1360 3537 1413 annonis
3579 1362 3751 1413 dicitur

2214 1440 2325 1483 orta
2351 1431 2629 1487 dubitatio.
2656 1435 2754 1489 Cui
2781 1438 2824 1490 si
2855 1439 2981 1492 nihil
3009 1446 3305 1510 compendii
3335 1450 3648 1515 optimatium
3673 1468 3750 1503 vo-

2215 1521 2387 1574 luntas
2417 1532 2538 1576 ante
2568 1526 2867 1614 tribuisset;
2893 1532 3120 1586 eruditio
3150 1545 3232 1587 tua
3266 1536 3488 1592 fructum
3519 1540 3648 1594 ferre
3669 1542 3751 1593 dc-

2213 1609 2379 1663 beret.
2422 1612 2536 1665 Seis
2565 1614 2704 1667 enim
2750 1609 2912 1671 bonas
2954 1630 3096 1675 artes
3135 1624 3332 1677 honore
3378 1630 3580 1692 nutriri,
3608 1640 3747 1696 atque

2217 1700 2318 1752 hoc
2362 1701 2628 1769 specimen
2662 1718 2779 1757 e-se
2820 1706 3052 1762 florentis
3100 1713 3297 1779 rripubl
3322 1728 3419 1779 cce,
3450 1725 3503 1769 ut
3543 1718 3750 1784 dbsipli

2215 1804 2396 1842 narum
2451 1793 2841 1858 profeSsorihus
2897 1800 3109 1864 praemia
3155 1803 3399 1870 opulenta
3455 1807 3748 1871 pelidaetur.

2210 1883 2399 1947 Quaeso
2443 1884 2511 1951 igi
2539 1900 2618 1950 ur,
2650 1900 2719 1939 ne
2748 1887 2843 1939 hac
2876 1888 3255 1959 inquietudine,
3289 1906 3375 1948 aut
3402 1898 3541 1949 illius
3569 1899 3745 1950 minus

2211 1982 2293 2025 tur
2326 1976 2555 2039 utilitas,
2586 1984 2677 2029 aut
2703 1977 3029 2045 amplissimo
3061 1982 3232 2035 ordini
3261 1987 3510 2040 censendi
3544 1990 3745 2039 auctori

542 2071 845 2138 exemplum
879 2072 928 2124 in
970 2086 1053 2126 me
1090 2073 1324 2139 expet“,
1361 2071 1445 2126 cui
1485 2087 1674 2141 magna
1705 2072 1967 2126 scribendi
2012 2073 2108 2125 im-
2142 2061 2185 2119 Β
2214 2071 2289 2116 tas
2316 2063 2615 2131 derogetur.
2649 2065 2866 2123 Interest
2899 2066 3049 2121 fame
3070 2080 3122 2123 et
3146 2072 3324 2137 glo:iae
3351 2084 3473 2138 tum,
3501 2086 3551 2128 ut
3576 2077 3732 2129 confir

543 2161 791 2230 patientia
834 2168 946 2223 est,
988 2177 1106 2213 cum
1138 2160 1270 2216 desit
1303 2163 1491 2215 oratio.
1539 2162 1751 2215 Duobus
1785 2162 1939 2230 igitur
1971 2162 2109 2228 pari-

542 2262 622 2307 ter
649 2251 1088 2315 commeantihus,
1125 2266 1228 2305 non
1277 2251 1451 2318 putavi
1481 2250 1657 2305 officio
1701 2253 2007 2315 convenire,
2051 2262 2107 2303 ut

540 2343 657 2397 unis
688 2342 873 2395 litteris
899 2342 1109 2410 gemina
1146 2342 1488 2409 expediretur
1520 2342 1749 2397 occasio.
1791 2342 1905 2395 Erit
1944 2357 2106 2409 super

541 2435 640 2488 hoc
661 2432 912 2501 iudicatio
943 2444 1052 2496 tua,
1078 2430 1394 2501 garrulusne
1420 2432 1613 2500 justius
1641 2431 1811 2493 dicar,
1851 2446 1916 2483 an
1950 2431 2104 2484 scdu-

544 2527 643 2579 lus.
680 2524 824 2578 Vale.

1077 2611 1285 2668 EPIST.
1328 2612 1583 2668 LXXVII.

1007 2714 1311 2755 SVIIIIACIIUS
1351 2716 1618 2755 IIESPERIO.

610 2792 905 2847 Amicorum
938 2804 1084 2847 orata
1113 2808 1301 2847 curare
1330 2794 1480 2847 bona:
1521 2791 1685 2861 frugis
1714 2791 1947 2867 officium
1979 2798 2060 2844 est
2081 2833 2094 2855 ,

536 2883 798 2951 prtecipue
824 2883 867 2936 si
899 2898 1004 2937 non
1035 2881 1327 2950 refragetur
1354 2882 1573 2949 munitas
1605 2881 1905 2950 postulatis.
1929 2879 2096 2945 Quor-

533 2988 650 3029 sum
709 2980 913 3040 Specth
961 2974 1060 3025 hoc
1106 2971 1464 3040 anteloquium
1518 2971 1749 3024 breviter
1799 2968 2097 3037 explicabo.

532 3063 875 3117 Sabinianum
916 3061 1270 3115 clarissimum
1324 3060 1495 3112 virum
1545 3060 1617 3112 ita
1677 3059 1988 3127 magnifico,
2042 3065 2099 3109 ut

532 3150 923 3219 quoskmaxime
966 3150 1101 3204 colo.
1148 3150 1282 3204 Huic
1323 3163 1416 3217 per
1446 3150 1851 3215 impressionem
1901 3162 2097 3214 nequa-

532 3254 686 3308 quam
719 3239 888 3307 patior
919 3238 1093 3293 fratris
1121 3238 1201 3293 sui
1233 3238 1413 3291 liberis
1442 3237 1617 3291 tutela:
1644 3251 1837 3289 munus
1871 3235 2090 3302 imponi.

534 3328 744 3383 Duobus
772 3328 911 3382 enim
962 3328 1247 3398 privilegiis
1279 3326 1525 3381 amolitur
1570 3326 1844 3393 injuriam,
1877 3325 2095 3377 maturi-

2210 2152 2386 2205 tnandi
2419 2156 2583 2221 magis
2623 2168 2778 2222 quam
2811 2158 3332 2224 negandicommodi
3356 2178 3531 2229 causa,
3560 2164 3622 2218 de
3651 2166 3750 2234 phi-

2209 2242 2418 2309 losophi
2445 2243 2639 2297 salario
2659 2244 2925 2302 dubitasse
2947 2249 3189 2303 videaris.
3218 2252 3363 2307 Vale.

2761 2357 2970 2413 EPIST.
3017 2361 3223 2416 LXXX.

2680 2461 2983 2501 SXIMIACIIUS
3022 2466 3292 2507 IIBSI‘ERIO.

2277 2532 2350 2585 En
2385 2533 2476 2585 tibi
2528 2534 2789 2588 secundas
2821 2536 3023 2591 litteras
3056 2528 3227 2607 nicas,
3262 2553 3313 2596 et
3351 2544 3525 2598 adhuc
3561 2546 3755 2599 vicissi.

2206 2624 2329 2678 tudo
2371 2625 2634 2692 prioribus
2669 2626 2910 2681 debetur.
2956 2630 3108 2684 Dices
3140 2633 3312 2687 viandi
3357 2637 3566 2703 negotio
3595 2637 3753 2704 inpe-

2202 2712 2363 2764 ditam
2409 2714 2498 2765 diu
2527 2728 2743 2780 Operam
2786 2715 3104 2783 scriptionis,
3136 2731 3190 2773 et
3235 2723 3336 2774 alia
3380 2722 3554 2777 forsan
3598 2730 3757 2778 multa

2200 2803 2512 2857 causabere.
2544 2805 2652 2871 Ego
2684 2821 2777 2873 pro
2800 2808 2872 2859 tui
2897 2822 3080 2863 amore
3109 2812 3241 2865 hanc
3273 2814 3475 2867 veniam
3505 2831 3605 2870 non
3632 2833 3756 2884 gra-

2200 2888 2383 2945 vabor.
2412 2892 2518 2947 Sed
2544 2895 2729 2949 eodem
2760 2912 2940 2953 amore
2969 2902 3194 2967 postulo,
3222 2914 3278 2957 ut
3305 2920 3423 2958 cum
3445 2908 3543 2960 erit
3570 2913 3757 2971 otium,

2204 2995 2350 3034 ruma
2378 2984 2664 3038 necessarii
2693 2986 2894 3041 silentii
2920 2990 3090 3044 ofﬁcio
3118 2992 3412 3049 voluntario
3432 2999 3757 3066 supp'eatur.

2204 3068 2348 3124 Vale.

2734 3145 2944 3202 EPIS'I‘.
2988 3148 3218 3203 LXXXI.

2677 3249 2978 3291 SYHMXCHL’S
3014 3255 3282 3293 ιιιίειιῐῑιιιυ.

2268 3322 2588 3378 Vitalianum
2627 3325 2975 3381 clarissimum
3019 3331 3189 3401 virum
3237 3332 3339 3384 mei
3385 3334 3557 3400 potius
3595 3334 3763 3389 ollicri

534 3430 638 3474 tate
666 3420 797 3486 aevi,
821 3428 875 3473 et
904 3393 1124 3474 numero
1151 3393 1399 3473 filiorum.
1425 3418 1496 3470 Ea
1526 3432 1612 3471 res
1638 3416 1859 3485 publicis
1888 3416 2092 3484 signata
2118 3393 2162 3452 ε
2196 3413 2394 3481 gratia,
2432 3428 2597 3501 ‘quam
2649 3416 2699 3468 in
2747 3417 3107 3485 adjtlmenlum
3150 3426 3300 3474 suum
3348 3425 3508 3479 credo
3557 3426 3700 3481 littcr
3724 3446 3765 3481 is

532 3509 908 3574 monumentis,
938 3511 1159 3564 necdum
1189 3524 1217 3561 a
1250 3510 1515 3577 proposita
1546 3506 1900 3561 obstinatione
1928 3506 2092 3560 deduc

528 3602 601 3654 cit
652 3600 978 3668 pervicacem
1029 3601 1357 3668 pet'tionem.
1406 3599 1554 3653 Nunc
1602 3599 1723 3667 quia
1770 3596 2092 3651 secundante

529 3688 732 3743 fortuna
758 3689 808 3742 in
834 3703 893 3743 re
914 3688 1070 3756 hujus
1091 3689 1281 3757 negotii
1307 3702 1428 3755 spes
1452 3688 1737 3749 recumbit;
1762 3700 1939 3755 quaeso
1958 3696 2017 3739 ut
2041 3687 2090 3739 ei

528 3781 742 3843 virtute,
771 3793 873 3846 qua
904 3778 1077 3832 celsus
1098 3792 1177 3842 es,
1205 3779 1394 3831 factum
1418 3775 1579 3839 velis;
1613 3776 1697 3830 cui
1729 3775 1811 3829 vel
1831 3768 1887 3829 in
1918 3788 2088 3828 meum

526 3868 745 3937 gratiam
777 3869 1108 3937 priestandus
1138 3879 1221 3922 est
1266 3870 1432 3932 favor,
1472 3864 1553 3922 vel
1583 3868 1648 3922 ad
1685 3877 1826 3922 tuam
1867 3867 2086 3937 gloriam

527 3958 654 4027 juris
679 3959 1030 4026 prazrogativa
1053 3959 1311 4011 servanda
1331 3967 1432 4011 est.
1466 3958 1611 4012 \‘alc.

1041 4090 1253 4143 EPIST.
1293 4088 1570 4143 LXXVIII.

998 4196 1302 4235 SVBIACHUS
1341 4195 1614 4236 HESI‘EIIIO.

596 4293 738 4349 Unus
778 4260 951 4347 adbulc
994 4306 1214 4362 superas
1253 4308 1319 4346 ex
1356 4295 1616 4347 surnmati'
1643 4308 1704 4347 us
1749 4293 2043 4346 litterarum
2068 4332 2082 4358 ,

524 4383 604 4434 cui
644 4382 852 4449 probari
886 4382 1183 4435 oritionem
1215 4396 1387 4435 meam
1417 4381 1585 4447 lauds
1615 4395 1807 4436 avarus
1835 4392 2080 4451 eptarun.

526 4470 627 4523 lles
653 4468 844 4523 cecidit
871 4484 935 4523 ex
969 4479 1127 4522 voto:
1163 4479 1279 4522 utor
1310 4480 1468 4535 teste,
1504 4485 1607 4536 quo
1636 4470 1776 4524 volo.
1809 4469 1924 4523 Iam
1954 4471 2080 4523 mihi

522 4558 708 4611 comici
756 4557 1106 4611 adolescentis
1155 4573 1283 4612 voce
1319 4561 1453 4613 clam
1492 4561 1650 4612 ndurn
1688 4570 1769 4613 est
1798 4576 1812 4612 :
1840 4562 1962 4623 Quis
2006 4577 2083 4613 me

522 4647 672 4699 hodie
724 4647 1048 4714 fortunatior,
1096 4650 1460 4715 venustatisque
1503 4650 1631 4701 adeo
1684 4649 1926 4715 plenior?
1970 4648 2079 4701 Nisi

2196 3502 2519 3567 poposcisse.
2576 3502 2704 3557 Nam
2750 3519 2868 3559 cum
2914 3506 3011 3575 ipsi
3053 3507 3117 3561 ad
3170 3514 3573 3576 promerendum
3611 3524 3768 3570 tuum

2192 3606 2428 3647 amorem
2468 3594 2596 3647 nihil
2629 3595 2761 3649 ultra
2793 3601 2959 3665 posslt
2986 3600 3267 3665 accedere;
3298 3603 3346 3656 id
3380 3615 3577 3658 tantum
3610 3608 3769 3661 vide-

2195 3692 2278 3736 tur
2304 3684 2497 3752 egisse,
2530 3693 2587 3737 ut
2620 3683 2748 3737 mihi
2770 3700 2833 3739 ex
2864 3702 3078 3741 munere
3099 3676 3399 3745 conciliatio
3432 3695 3503 3746 tui
3539 3695 3769 3749 uberinr

2191 3775 2516 3840 proveniret.
2548 3772 2686 3841 Cape
2717 3775 2873 3843 igitur
2916 3777 3198 3832 delibatam
3240 3782 3437 3836 cursim
3475 3786 3767 3840 salutatio-

2192 3876 2311 3917 nem
2337 3880 2350 3917 :
2380 3862 2464 3916 cui
2494 3863 2538 3917 si
2575 3862 2816 3917 facundia
2850 3867 3074 3936 largiore
3103 3873 3459 3941 responderis,
3492 3875 3542 3927 in
3571 3892 3769 3931 exem-

2190 3951 2331 4019 plum
2357 3952 2521 4021 copia:
2542 3952 2735 4023 ingenii
2759 3958 2862 4010 mei
2889 3960 3107 4014 maciem
3133 3963 3459 4030 provocabis.
3493 3965 3642 4020 Vale.

2718 4085 2929 4143 EPIST.
2966 4091 3220 4147 LXXXII.

2667 4190 2970 4233 SVIIIACHUS
3007 4197 3275 4238 HESI‘EBIO.

2265 4258 2392 4314 Sum
2440 4260 2651 4330 quidem
2690 4264 2885 4319 silentii
2934 4270 3006 4321 tui
3056 4273 3393 4327 whemen'er
3434 4276 3767 4347 impatiens,

2185 4349 2321 4416 quod
2362 4364 2527 4419 genus
2570 4342 2801 4420 querela:
2846 4358 3146 4412 amant-bus
3194 4359 3453 4418 familiare
3494 4342 3597 4422 est.
3641 4342 3767 4425 Sed

2188 4442 2440 4507 proximis
2464 4442 2655 4497 litteris
2678 4446 2777 4498 tuis
2799 4446 3117 4503 desiderium
3142 4466 3313 4504 meum
3336 4456 3601 4522 expletum
3627 4476 3773 4518 esse

2184 4532 2459 4584 confiteor.
2493 4532 2670 4601 Itaque
2701 4533 2871 4588 habeo
2916 4538 3167 4606 gratiam,
3206 4542 3473 4611 multoque
3501 4561 3668 4614 opere
3706 4562 3773 4606 to

2186 4619 2430 4687 obsecro,
2464 4623 2736 4691 scriptioni
2774 4624 3076 4694 frequenter
3118 4631 3405 4700 indulgeas.
3440 4634 3561 4688 llaec
3601 4641 3769 4694 enim

525 4736 657 4788 [om
685 4709 833 4787 amor
869 4736 971 4789 mei
1010 4709 1201 4807 sum",
1244 4709 1389 4791 mum‘
1432 4740 1601 4806 coegi,
1634 4709 1955 4807 inﬁrmam.
2001 4739 2083 4793 Fu
2111 4732 2161 4791 ι)
2188 4709 2300 4807 sola
2330 4710 2504 4764 officia
2544 4712 2744 4765 nullum
2776 4714 2971 4768 faciunt
3012 4718 3309 4777 de‘assidui
3333 4735 3417 4776 are
3449 4723 3768 4782 fastidium.

445 4842 454 4850 ·
522 4825 660 4879 enim
688 4840 851 4893 su'pe,
884 4836 938 4879 ut
962 4825 1143 4894 judicii
1179 4829 1511 4881 severitatem
1544 4830 1746 4895 frangat
1775 4829 2001 4891 affertio,
2031 4839 2082 4884 ιι

522 4916 807 4973 amicorum
840 4914 974 4970 facta
1002 4916 1245 4985 dictaque
1284 4931 1346 4969 ea
1388 4916 1708 4984 indulgentia
1748 4933 2079 4983 censeamus,

512 4994 623 5072 'qua
654 5004 965 5073 plerumque
993 5006 1182 5075 s‘nguli
1214 5006 1372 5059 etiam
1402 5006 1525 5058 vitia
1571 5017 1750 5059 nostra
1790 5010 2076 5079 dihgimus.

2188 4798 2332 4853 Vale.

2299 4878 2301 4880 ’
2694 4871 2905 4927 EPIST.
2949 4875 3220 4931 LXXXIII.

2654 4977 2890 5017 δι’κιιλςιι
2900 4980 2957 5018 US
2993 4982 3258 5021 ηςνξερειιιο.

2253 5045 2545 5115 Religionis
2575 5048 2825 5104 indicium
2851 5062 2961 5117 est,
2987 5057 3122 5124 quod
3154 5073 3237 5111 me
3266 5056 3645 5120 taciturnitatis
3677 5070 3781 5122 in-

521 5094 623 5148 Sed
651 5095 761 5149 lucc
787 5094 973 5147 inerizo
1010 5095 1333 5161 dicerentur,
1373 5095 1426 5149 ni
1454 5106 1624 5150 tecum
1668 5097 1865 5154 faceret
1901 5102 2080 5154 existi-

522 5184 680 5237 matio
702 5184 1068 5250 optimatium,
1087 5185 1274 5252 quibus
1303 5199 1480 5239 sermo
1512 5196 1691 5241 noster
1726 5189 1934 5246 auditus
1957 5201 2036 5246 est
2061 5207 2075 5244 :

496 5284 621 5326 ‘non
648 5290 750 5342 quo
778 5274 1055 5327 sementim
1081 5286 1179 5327 tua:
1209 5292 1273 5330 ex
1314 5276 1535 5330 aliorum
1564 5293 1828 5334 consensu
1873 5299 2073 5350 quam.

521 5374 600 5418 tur
622 5366 938 5428 auctoritas;
965 5368 1055 5419 sed
1081 5368 1202 5435 quia
1233 5384 1334 5420 nun
1363 5378 1503 5435 patet
1523 5372 1912 5438 suspicionibus
1932 5374 2071 5441 judi-

521 5463 711 5519 catum,
753 5468 780 5506 a
821 5469 923 5522 quo
962 5471 1115 5508 nemo
1155 5457 1416 5510 di-sentit.
1444 5459 1635 5513 Videro
1663 5471 1867 5525 tamen,
1897 5475 2070 5518 utrum

522 5543 648 5596 fides
692 5554 804 5605 tua,
837 5559 903 5596 an
942 5560 1090 5599 amor
1136 5548 1248 5600 illas
1294 5550 1493 5602 litteras
1534 5552 1823 5620 scripserit.
1866 5556 1987 5609 Mihi
2022 5557 2071 5609 in

516 5634 767 5688 alterutra
806 5637 1107 5691 conditiooe
1145 5653 1293 5707 reque
1318 5655 1555 5695 summus
1598 5636 1764 5696 honor
1795 5661 1807 5697 :
1858 5645 1969 5699 sive
2002 5649 2069 5698 ita

498 5723 792 5792 magnifice
812 5723 878 5779 de
904 5741 986 5780 me
1014 5727 1236 5792 iudicas.
1262 5737 1316 5781 ut
1344 5728 1663 5798 gratificatus
1688 5732 1947 5787 videaris:
1981 5751 2072 5789 seu

517 5812 582 5863 ita
624 5826 680 5865 es
712 5814 811 5867 mei
852 5814 1089 5883 diligens,
1124 5824 1177 5870 ut
1208 5832 1421 5884 sequius
1447 5819 1683 5885 judicare
1730 5836 1830 5875 non
1875 5822 2064 5891 possis.

514 5900 656 5955 Vale.

2181 5138 2366 5190 cessis.
2413 5137 2515 5191 Sed
2546 5139 2700 5192 velim
2741 5143 2949 5213 credas,
2983 5146 3247 5201 infortunii
3289 5149 3479 5216 fuisse,
3511 5169 3622 5210 non
3660 5175 3783 5214 vo-

2184 5224 2423 5289 lutitatis,
2463 5228 2601 5293 quod
2647 5229 2735 5284 diu
2772 5232 2950 5287 officio
2994 5236 3291 5301 scriptionis
3336 5238 3591 5298 abstinui.
3643 5248 3785 5308 Nec

2182 5326 2306 5379 puto
2344 5319 2586 5385 ignorare
2624 5329 2693 5385 te,
2721 5331 2977 5388 quatenus
3017 5325 3067 5378 in
3100 5341 3193 5381 nos
3225 5328 3428 5384 fortuna
3468 5340 3732 5395 smvieril
3762 5390 3781 5410 ,

2179 5420 2295 5471 (pne
2337 5422 2420 5459 me
2450 5409 2811 5463 amantissimo
2850 5421 3008 5481 atque
3050 5418 3249 5479 Optimo
3288 5419 3446 5473 fratre
3474 5419 3768 5491 privavit.

2181 5493 2426 5557 Proinde,
2455 5497 2496 5548 si
2525 5498 2638 5551 dies
2664 5500 2867 5566 longior
2894 5516 3106 5557 sensum
3137 5505 3264 5558 tanti
3290 5506 3483 5562 doloris
3505 5520 3778 5566 exenia..-

2179 5585 2277 5644 rit,
2314 5584 2657 5640 familiaribus
2696 5588 2881 5642 litteris
2922 5594 3172 5646 solemnis
3209 5610 3333 5647 cura
3376 5599 3765 5671 praestabitur

2186 5671 2334 5725 Vale.

2690 5745 2899 5802 EPIST.
2942 5750 3220 5805 LXXXIV.

2647 5848 2948 5891 SVILIA'JIUS
2983 5856 3248 5895 IIESPI‘RIO.

2244 5923 2458 5987 Quoties
2490 5933 2571 5977 tua
2614 5940 2762 5979 sumo
2792 5929 3076 5997 Culloqttia,
3112 5934 3349 5996 crudam
3380 5944 3503 5989 ante
3550 5949 3715 6002 οευι,
3765 5964 3799 6011 si
