3828 6364
112 679 123 724 ι
157 675 176 717 'n
1216 668 1561 724 EPISTULAI

1673 664 1697 721 ι
1733 668 1927 722 LIBER
1974 688 2006 723 ι.

3130 674 3223 728 ΓΗ

106 784 319 848 prsentia:
351 791 439 836 tua:
467 782 635 851 imago
683 792 930 836 versatur
958 800 967 830 :
1001 791 1149 849 atque
1188 780 1303 833 ideo
1345 780 1553 831 uberioo
1589 786 1631 835 Λ
1666 776 1715 829 lii
1737 818 1749 837 ,
1784 792 2008 843 quorum
2055 775 2284 831 Minerva
2318 780 2581 833 rancidinr
2611 792 2729 842 est,
2766 794 2872 833 non
2904 791 3123 849 negant,
3156 785 3225 835 la-

106 890 180 924 f’lll
212 871 330 939 rapio
361 874 696 939 voluptatem,
747 875 889 938 quod
937 882 987 925 et
1031 882 1100 924 tut
1136 871 1321 931 ofticii,
1356 882 1406 923 et
1457 871 1556 921 mei

54 962 57 967 ’
104 962 223 1013 meriti
246 962 385 1014 sentio
409 962 570 1029 vigere
600 973 1030 1015 monumentum.
1055 961 1154 1015 Sed
1189 970 1241 1011 ut
1270 960 1560 1027 promptior

104 1066 201 1103 orca
226 1067 289 1104 me
321 1053 453 1118 hujus
481 1054 719 1106 muneris
750 1053 1014 1121 ddigentia
1042 1064 1369 1119 perseveret,
1402 1052 1558 1104 etiam

103 1155 178 1203 ipse
207 1156 349 1192 curam
384 1141 643 1195 defrrendi
685 1142 948 1195 sermonis
986 1141 1214 1209 arripui,
1260 1141 1561 1208 frequenter

104 1229 538 1291 rtperlits.dilectutn
572 1231 812 1298 religiosi
852 1233 1008 1285 animi
1048 1230 1316 1285 incentivo
1356 1229 1557 1283 viciSsi-

101 1319 241 1369 tudinis
264 1321 523 1383 provocari.
553 1320 713 1374 Vale.

526 1412 740 1465 EPIST.
779 1412 1028 1466 LXXXV.

472 1515 605 1554 ειηιι
617 1517 784 1555 ACﬂl'S
825 1517 1091 1556 nesciam.

146 1587 324 1641 Tandem
348 1591 481 1643 bonae
503 1593 826 1647 valetudinis
847 1608 1082 1660 eumpos,
1113 1608 1229 1662 qua:
1258 1608 1286 1646 a
1321 1608 1405 1647 nte
1431 1593 1564 1647 Itur-

99 1690 212 1742 nsque
243 1679 558 1747 disseiiserat,
607 1698 755 1736 nunc
786 1694 839 1737 te
882 1683 1133 1737 societate
1176 1685 1566 1738 commoditatis

99 1770 292 1834 impertio,
329 1786 469 1837 quem
517 1774 803 1840 praeteritae
848 1773 1220 1827 sollicitudinis
1254 1774 1563 1842 participem

96 1858 235 1911 habere
259 1860 388 1913 vitavi
414 1877 427 1911 :
456 1862 551 1915 etsi
577 1864 691 1915 scio
719 1877 786 1916 ne
812 1862 903 1915 illo
931 1864 1145 1931 quidem
1175 1873 1431 1930 tempore,
1461 1879 1566 1931 quo

94 1948 263 1999 (illirium
303 1965 458 2002 meum
508 1953 726 2005 morbus
777 1949 1082 2014 inhibebat,
1134 1952 1199 2003 ab
1268 1953 1567 2019 ltujusmodi

96 2052 254 2090 uouere
290 2050 640 2107 temperatum.
694 2043 905 2106 Restat,
948 2049 1007 2094 ut
1050 2041 1438 2095 obsenantiam
1490 2046 1568 2095 vi-

91 2128 322 2181 f‘lsélilllillle
363 2134 669 2185 tnuncrcris.
708 2131 782 2183 Ea
827 2145 1053 2199 namque
1082 2145 1166 2184 res
1210 2141 1263 2183 et
1303 2142 1442 2185 tuam
1472 2148 1565 2184 cu-
1602 2128 1643 2185 Β

93 2231 171 2265 rmi
196 2220 412 2282 probabit,
439 2233 486 2274 et
515 2222 792 2276 refectioni
823 2236 955 2276 mea:
982 2220 1287 2290 adjumenta
1316 2222 1560 2277 sufliciet.

94 2307 198 2359 ω’
516 2381 734 2435 EPIST.
778 2378 1058 2433 LXXXVI.

475 2486 568 2523 δι’.
579 2485 785 2524 “ACIIUS
825 2485 1095 2525 ηεενειιιο.

140 2556 279 2609 [trum
320 2560 582 2614 Mediolani
633 2566 795 2614 etiam
839 2578 976 2615 nunc
1018 2562 1107 2615 tibi
1161 2562 1331 2629 posito
1381 2564 1565 2631 pagina

86 2643 152 2693 ista
188 2648 409 2703 reddenda
448 2652 547 2717 sit,
590 2653 641 2703 in
674 2652 924 2718 ambiguo
965 2652 1188 2704 colloco.
1226 2652 1437 2705 Peccari
1488 2664 1564 2703 ta-

86 2748 169 2784 llttfl
199 2738 237 2786 in
276 2740 498 2793 amicitia:
541 2743 700 2793 tidem
748 2742 945 2793 credidi
968 2781 980 2803 ,
1010 2742 1051 2794 si
1086 2743 1273 2816 litteris
1308 2744 1409 2795 tuis
1454 2760 1567 2795 ιιιιι-

84 2831 186 2873 tuum
229 2826 454 2881 honorem
503 2832 854 2884 destitissent.
909 2831 1047 2883 Nihil
1104 2848 1230 2900 ergo
1291 2844 1565 2887 cunctatus

81 2916 256 2965 caminisi
279 2922 467 2971 eventui
496 2921 797 2973 solemnem
829 2920 962 2972 lianc
984 2930 1037 2973 et
1060 2922 1352 2990 sitnplicwm
1379 2923 1565 2976 dictio.

82 3014 165 3049 lit‘tlt
194 3003 372 3068 salutis;
402 3024 516 3075 quas
556 3012 601 3063 si
646 3010 697 3061 in
737 3026 923 3063 manus
953 3012 1183 3071 venerit,
1217 3012 1318 3077 Iac,
1346 3028 1461 3073 oro,
1512 3025 1565 3065 ut

84 3094 315 3150 pervenisse
352 3097 733 3152 litteras-meas
773 3102 1036 3154 sermonis
1070 3101 1141 3154 tui
1188 3117 1428 3169 recursus
1477 3121 1561 3154 (ικ-

86 3184 226 3234 ιιιιιι.
251 3182 378 3239 vite.
494 3258 712 3312 EPIST.
759 3258 1059 3312 Lxxxvn.

463 3364 773 3402 ειίιιιλειιιδ
819 3366 1087 3404 llESPlLRlO.

124 3431 162 3481 Si
193 3432 375 3488 [Jtllilils
409 3440 473 3491 ad
523 3441 868 3494 scribendum
913 3458 1052 3510 smpe
1098 3456 1433 3512 suppeteret,
1466 3459 1553 3497 vo-

82 3524 205 3570 rutilas
237 3528 742 3592 nunquainIdeesset
780 3529 972 3583 ollicio.
1016 3532 1178 3598 llnjus
1220 3535 1292 3585 rei
1344 3532 1561 3587 evidens

75 3618 309 3678 certumque
331 3615 847 3680 documentum-est,
879 3622 1015 3686 quod
1042 3622 1125 3673 ubi
1158 3624 1381 3687 printum
1406 3626 1558 3676 amici

75 3703 297 3754 immunis
321 3702 415 3758 tida
446 3707 654 3761 affulsit
688 3709 919 3771 occasio,
955 3710 1121 3762 libens
1154 3712 1414 3764 scribendi
1449 3727 1561 3764 mu-

74 3804 143 3843 nus
161 3795 339 3864 arripui.
361 3800 606 3858 Intellexi
636 3804 779 3857 enim
802 3805 1145 3872 jucundiores
1171 3806 1260 3859 tibi
1288 3806 1398 3860 fore
1421 3809 1561 3860 litte-

73 3894 149 3943 ras,
168 3886 201 3935 si
224 3888 303 3941 has
324 3891 408 3945 tibi
439 3892 763 3948 familiarior
787 3894 1086 3947 tabellariu~
1109 3897 1449 3960 reddidisset;
1473 3898 1558 3965 qui

72 3982 146 4023 non
165 3975 303 4032 solum
326 3985 606 4049 epistolam
630 4026 643 4047 ,
679 3984 772 4035 sed
801 3982 1206 4037 insinuationem
1238 4000 1447 4053 quoque
1470 4001 1559 4039 ac-

70 4066 175 4113 tuum
196 4082 401 4123 meorum
424 4071 663 4125 ﬁdeliter
681 4072 972 4125 exhibebit.
1000 4072 1143 4126 Vale.

490 4203 713 4258 EPIST.
758 4203 1081 4257 LXXXVIII.

462 4307 777 4347 εῑιιιιιειιυε
816 4309 1083 4347 ΙΙΕὸΡῌιΙΟς

121 4370 333 4445 Nunquam
375 4384 425 4436 in
477 4398 568 4437 me
614 4398 859 4452 parcam,
899 4388 1024 4451 quin
1069 4392 1159 4437 tuo
1202 4384 1379 4437 animo
1407 4386 1560 4439 obse-

70 4468 305 4525 ampliori
341 4489 497 4541 quam
545 4476 624 4527 sis
670 4476 931 4527 sermonis
970 4475 1074 4527 mei
1128 4486 1399 4542 exoptans.
1436 4473 1561 4527 Pre-

69 4565 198 4615 Pieréa
220 4562 407 4619 decrevi
437 4582 564 4618 cum
594 4566 778 4617 animo
818 4564 944 4616 nihil
996 4566 1341 4631 supersedere
1373 4567 1561 4618 litteris

69 4650 341 4716 muscariis,
375 4670 473 4708 nec
504 4662 829 4721 exspectare
861 4654 1274 4709 vicis~itudinem
1294 4696 1306 4719 ,
1338 4670 1403 4709 ne
1430 4657 1563 4710 scri-

66 4732 179 4827 letali
202 4743 372 4796 tardior
400 4745 551 4797 liam.
578 4743 687 4799 Sed
720 4753 777 4795 ut
807 4744 917 4811 ipse
945 4748 1137 4827 metui,
1168 4762 1232 4801 ne
1262 4748 1386 4800 mihi
1425 4747 1559 4802 foret

1661 869 1903 919 cundiam
1938 878 2078 920 tuam
2118 868 2280 922 curia:
2313 874 2476 938 magis
2523 886 2679 940 quam
2715 887 2890 926 cavete
2920 875 3219 931 convenire.

1666 956 1730 1009 At
1756 958 1860 1020 illi,
1891 972 2021 1025 quos
2050 958 2341 1013 cothurnus
2373 961 2529 1014 altior
2558 962 2732 1029 vehit,
2765 972 2817 1015 et
2840 972 3223 1015 structurarum

1666 1062 1902 1117 pegmata
1931 1051 2233 1113 delectant,
2265 1068 2433 1120 neque
2464 1056 2666 1105 tristem
2690 1054 3029 1114 soliditatem.
3056 1070 3225 1123 neque

1666 1140 1916 1192 lascivnm
1958 1140 2191 1206 leporem
2235 1155 2466 1195 consona
2517 1142 2666 1197 laude
2714 1144 3065 1198 celebrarunt.
3103 1146 3223 1198 llmc

1664 1241 1782 1279 sunt
1817 1230 1968 1281 enim
1987 1231 2322 1283 condimenta
2355 1235 2461 1285 oris
2495 1246 2545 1285 et
2574 1236 2800 1300 pectoris
2828 1236 2927 1297 tui,
2959 1237 3097 1303 quod
3128 1251 3225 1290 nec

1664 1324 1920 1385 gravitate
1953 1322 2156 1387 horres,
2184 1336 2279 1375 nec
2300 1335 2577 1377 venustate
2610 1326 2867 1387 luxurias;
2901 1326 2990 1379 sed
3021 1325 3219 1380 ratione

1668 1408 1803 1459 littus
1857 1424 1916 1462 ac
1954 1410 2158 1463 stabilis
2201 1426 2483 1490 germanos
2531 1413 2737 1465 colores
2784 1415 2941 1467 rebus
2984 1416 3220 1469 obducis.

1669 1498 1798 1551 Nolo
1828 1501 1983 1567 igitur
2010 1513 2284 1569 exspectes
2308 1502 2561 1570 judicium
2596 1521 2798 1569 meum,
2835 1520 2899 1558 ne
2926 1521 3105 1559 amore
3135 1508 3225 1559 de-

1668 1589 1921 1657 linquant.
1948 1590 2077 1655 Quid
2106 1594 2250 1644 varia
2284 1594 2487 1660 ingenia
2511 1594 2801 1655 senserint,
2833 1609 2916 1647 res
2945 1596 3222 1648 in;imavit.

1670 1678 1790 1730 Fuit
1812 1680 1950 1732 enim
1976 1680 2025 1731 in
2051 1680 2133 1733 illa
2159 1683 2387 1745 ratione,
2413 1682 2549 1748 quod
2579 1683 2938 1750 unusquisque
2961 1684 3222 1752 diligeret,

1668 1776 1721 1819 et
1754 1781 1847 1833 pro
1880 1768 2072 1833 ingenii
2104 1769 2184 1822 sui
2215 1770 2464 1837 qualitate
2495 1771 2751 1824 laudaret.
2785 1772 2957 1837 Quare
3000 1788 3223 1840 sequere

1669 1866 1838 1925 cmpta
1867 1858 2068 1923 felicia,
2097 1869 2151 1911 et
2187 1868 2237 1913 te.
2266 1860 2317 1913 iti
2358 1861 2602 1913 omnibus
2647 1862 2916 1914 cumulare.
2961 1862 3119 1915 Nobis
3161 1863 3224 1913 ad

1672 1948 2032 2001 testimonium
2062 1949 2333 2015 religionis
2360 1952 2488 2003 satis
2511 1960 2593 2005 est
2636 1966 2736 2003 non
2768 1952 2974 2006 si'u'sse
3016 1964 3222 2005 sentcn-

1669 2040 1792 2089 tiant
1823 2050 2158 2091 ceterorum.
2186 2038 2332 2092 Vale.

2267 2126 2477 2181 EPIST.
2522 2126 2628 2180 XC.

2146 2230 2444 2269 SVIMACIIUS
2473 2230 2719 2270 ANTONIO.

1742 2304 1849 2356 Etsi
1880 2319 2059 2358 amore
2092 2307 2412 2373 praivenior,
2443 2322 2509 2360 ne
2537 2309 2634 2359 sint
2667 2309 2805 2361 circa
2846 2318 2895 2362 te
2933 2325 3122 2363 avarus
3149 2311 3223 2365 of-

1670 2392 1800 2457 ficii;
1836 2408 1971 2447 nunc
2002 2405 2178 2449 tamen
2204 2395 2501 2463 libentius,
2531 2412 2686 2464 quam
2728 2396 2869 2466 sli-pe
2897 2400 3025 2454 alias
3046 2443 3059 2463 ,
3096 2404 3222 2455 scri~

1668 2483 1824 2537 bendi
1882 2500 2070 2538 munus
2129 2485 2333 2539 insisto.
2392 2487 2597 2549 Primo,
2654 2490 2789 2556 quod
2849 2490 3013 2543 abitio
3050 2492 3225 2547 fratris

1668 2575 1832 2627 nostri
1866 2575 2032 2638 Marti,
2072 2577 2296 2643 quodam
2329 2577 2516 2630 viatico
2546 2592 2726 2632 carere
2753 2595 2855 2632 non
2885 2581 3081 2634 debuit.
3122 2584 3225 2637 De-

1669 2666 1821 2731 hinc,
1869 2668 2007 2735 quod
2066 2668 2268 2721 litteras
2316 2682 2459 2721 meas
2511 2670 2687 2737 putavi
2742 2669 3035 2737 plusculum
3083 2689 3229 2726 com-

1668 2759 2020 2811 mendationis
2045 2748 2332 2824 habituras,
2361 2760 2404 2812 si
2440 2760 2529 2812 tibi
2562 2774 2653 2827 per
2682 2775 2801 2813 eum
2820 2800 2835 2825 ,
2865 2777 3019 2829 quem
3044 2772 3226 2821 sancte

1666 2854 1822 2915 atque
1859 2849 2055 2903 el'llicte
2084 2850 2280 2917 diligis,
2327 2850 2691 2904 redderentur.
2722 2852 2803 2906 Fit
2829 2855 2968 2907 enim
3003 2855 3225 2919 plerum-

1666 2955 1787 3007 que,
1820 2950 1875 2993 ut
1918 2941 2047 2993 levia
2093 2956 2266 2994 rerum
2315 2942 2539 3008 portitor
2567 2942 2785 2995 festivus
2826 2953 3064 2998 exornet.
3112 2947 3224 2999 Alia

1667 3046 1873 3099 quoque
1903 3033 1967 3083 de
2014 3047 2168 3084 causa
2213 3033 2370 3085 studii
2417 3035 2518 3087 mei
2559 3036 2717 3087 ardor
2762 3035 3055 3098 incanduit;
3088 3039 3225 3103 quod

1670 3120 1835 3170 tec‘utu
1868 3133 2024 3183 super
2063 3120 2177 3171 talis
2205 3122 2300 3172 viri
2332 3121 2481 3174 laude
2513 3123 2685 3189 pu'avi
2718 3125 3108 3189 gratulandum,
3139 3128 3225 3191 qui

1596 3196 1602 3201 ’
1667 3224 1695 3261 e
1727 3210 1992 3275 provincia
2025 3209 2323 3261 suburbana
2359 3220 2558 3262 tantum
2593 3222 2828 3279 reportat
2871 3214 3059 3280 publici
3091 3216 3212 3269 desi

1664 3299 1827 3363 derii,
1869 3310 2118 3366 quantum
2169 3301 2381 3368 reliquit
2425 3304 2672 3370 exempli.
2719 3304 2827 3356 Non
2860 3305 3029 3357 dicam
3072 3306 3215 3367 dolo,

1667 3400 1720 3442 ιιι
1753 3401 1871 3456 pote
1898 3391 2242 3458 subpalpandi
2277 3393 2502 3443 nescius.
2538 3393 2686 3460 Viget
2732 3394 2781 3446 in
2827 3409 2890 3447 eo
2935 3410 3062 3448 vena
3113 3394 3219 3447 Ira-

1590 3466 1633 3525 C
1667 3490 1834 3533 terni.
1878 3482 2053 3549 quue
2095 3498 2257 3550 magis
2302 3496 2494 3535 :arttttn
2523 3495 2633 3546 cst,
2674 3496 2727 3537 ut
2768 3485 3065 3540 discessum
3110 3491 3221 3554 ejus

1667 3575 2003 3641 impatienter
2052 3576 2414 3643 feramus,_qui
2448 3579 2496 3629 in
2530 3593 2631 3630 uno
2660 3579 2758 3630 fini
2796 3579 3101 3632 videbantur
3122 3596 3222 3633 ant-

1666 3662 1850 3716 bobus.
1882 3663 2078 3717 Vereor
2108 3666 2369 3733 protelare
2399 3667 2755 3719 testiinonium
2784 3683 2980 3729 meum,
3014 3685 3081 3723 ne
3117 3685 3222 3721 ma-

1663 3753 1743 3820 gis
1772 3752 1913 3805 laudi
1944 3753 2057 3821 ejus
2087 3755 2372 3810 obsecutus
2413 3755 2635 3822 iudicer,
2666 3771 2820 3823 quam
2856 3758 3057 3824 pmltri.
3095 3758 3221 3812 Nam

1664 3856 1889 3908 quorum
1942 3859 2091 3897 mens
2134 3846 2352 3897 honesta
2386 3854 2498 3903 est.
2542 3859 2723 3896 eorum
2775 3846 3029 3897 iurbrella
3081 3846 3223 3899 frons

1664 3938 1764 3981 est.
1796 3930 1871 3982 Tu
1901 3932 1966 3983 de
1993 3932 2169 3998 paucis
2197 3932 2399 3998 conjicc
2435 3933 2602 3999 plura,
2635 3947 2751 4000 qua:
2779 3948 2914 3986 nunc
2952 3934 3221 3990 insinuare

1666 4035 1770 4072 non
1793 4020 1996 4084 decuit,
2024 4022 2114 4074 sed
2146 4037 2239 4090 per
2264 4023 2421 4074 alium
2446 4023 2677 4077 scribere
2703 4038 2803 4077 non
2834 4024 3047 4094 pigebit.
3074 4027 3216 4080 Vale.

2257 4110 2469 4164 EPIST.
2514 4112 2643 4164 χοι.

2158 4215 2455 4254 δϊλυιλευῑὶδ
2488 4215 2725 4253 ANTONIO.

1738 4290 1939 4342 Dudum
1973 4299 2042 4351 te.
2079 4291 2147 4343 mi
2187 4291 2365 4349 fratir.
2398 4291 2611 4346 silentio
2652 4292 2923 4360 indulgere
2973 4296 3219 4351 mirabar.

1667 4380 1738 4433 Ea
1763 4395 1845 4433 tes
1874 4380 2139 4446 impendio
2164 4380 2387 4447 angebat
2407 4382 2661 4442 dolorem,
2689 4383 2827 4448 quod
2866 4382 2976 4450 ipse
3005 4388 3219 4439 minimo

1664 4471 1928 4523 scribendi
1957 4471 2341 4525 observantiam
2362 4472 2723 4543 neglgebatn.
2752 4474 2916 4525 Simul
2948 4484 3105 4542 atque
3136 4492 3221 4528 ae-

1664 4562 1776 4627 ce,:i
1802 4562 2005 4614 litteras
2046 4572 2175 4623 tuas,
2217 4562 2447 4613 animum
2482 4562 2638 4615 subiit
2673 4562 2870 4624 ltetitia,
2895 4566 3103 4629 querela
3126 4566 3220 4618 de-

1664 4651 1849 4706 seruit.
1890 4650 2129 4703 Amicitia
2151 4650 2287 4703 enim
2320 4652 2423 4702 cito
2449 4659 2663 4702 sanatur
2692 4650 2885 4703 officio.
2915 4652 2989 4703 Tu
3012 4668 3165 4722 quoqi
3188 4669 3218 4707 ιι

1666 4740 1735 4790 ita
1765 4740 2001 4805 paginam
2034 4738 2542 4790 mellneruditissimi
2562 4741 2668 4789 oris
2687 4738 2979 4807 obleveras,
3007 4750 3216 4809 utque-

63 4820 222 4889 fllgttio,
239 4831 276 4882 si
305 4841 571 4897 tacerem;
593 4834 674 4887 sic
704 4832 863 4886 velim
896 4844 947 4885 tu
977 4813 1183 4897 caveas,
1214 4836 1423 4901 culpam
1452 4836 1559 4888 dis-
1585 4813 1638 4870 D
1664 4828 1789 4882 libet
1825 4813 2021 4881 ollensa
2071 4836 2312 4895 tanquam
2368 4827 2579 4880 Lethreo
2632 4829 2820 4898 poculo
2868 4843 3213 4899 ttttrl'gert‘ltlr.

62 4912 256 4970 litt-Illuc
276 4919 654 4975 familiaritatis
674 4923 983 4975 accendere.
1009 4923 1156 4987 Quod
1180 4932 1229 4975 te
1250 4933 1555 4975 curaturum

60 4998 204 5064 “‘illtdn
223 5009 375 5063 habeo
402 5020 749 5078 compertum
771 5026 784 5073 ;
810 5010 931 5078 quia
961 5026 1063 5064 non
1090 5011 1263 5064 minus
1294 5012 1555 5079 ingenium

60 5092 165 5140 Imm
180 5109 310 5159 quam
331 5108 587 5152 meritum
612 5112 791 5150 meum
815 5097 955 5166 cogit
971 5113 1069 5163 »ns,
1096 5113 1299 5167 nequeo
1322 5100 1393 5152 tui
1411 5114 1553 5154 amo-

56 5174 111 5225 iis
126 5194 216 5236 ἔξω
236 5187 495 5241 difﬁdens-
884 5240 893 5253 ,

498 5274 723 5328 EPIS'I'.
768 5271 1046 5325 LXXXIX.

472 5377 793 5416 δςιιιμειιυς
827 5375 1067 5414 ANTONIO.

108 5440 193 5497 που
216 5446 470 5518 Incognita
499 5451 723 5518 quidem
758 5450 909 5502 nobis
938 5448 1125 5516 eloquii
1156 5451 1436 5519 Splendore
1476 5453 1552 5503 ni.

54 5532 182 5599 ιλιίειίς
202 5538 281 5595 id
306 5544 514 5610 magnis
548 5541 715 5594 rebus
747 5539 1139 5594 accommodata
1158 5581 1172 5603 ,
1199 5552 1252 5594 et
1281 5544 1552 5607 majestate

54 5626 187 5691 κνῖσα
212 5644 394 5704 aptata,
420 5636 694 5707 gloriam,
725 5648 887 5700 quam
916 5634 1215 5701 magisterio
1254 5644 1375 5686 ante
1404 5650 1549 5701 qtae-

54 5712 159 5781 ιὲίϋ.
180 5738 341 5781 raras
366 5729 523 5782 auxit
549 5726 748 5778 oratio.
782 5722 911 5775 Nam
946 5730 1133 5791 prazter
1160 5724 1401 5792 loquendi
1426 5726 1553 5791 plia-

54 5802 167 5871 ἐπι.
186 5815 353 5881 quibus
386 5826 440 5872 te
466 5826 666 5870 natura
689 5813 909 5874 ditavit,
939 5813 1108 5867 simile
1138 5803 1407 5881 quiddam,
1442 5813 1552 5879 pla-

54 5912 173 5965 ’θη
203 5910 519 5965 uomicas
568 5908 794 5963 auribus
835 5913 1076 5973 patrum,
1128 5906 1384 5973 gravitate
1430 5919 1551 5957 seu-

54 5999 463 6057 ιπίει-,τετιιιιι-ειιι)
491 5998 832 6067 proprietate
861 5996 1100 6051 sonuisti.
1132 5996 1363 6065 Denique
1389 5995 1543 6049 etiam

1664 4918 1825 4971 Versu
1845 4918 1998 4985 igitur
2020 4918 2155 4986 stylo
2178 4916 2397 4985 gratiam
2425 4917 2611 4982 lateor,
2636 4918 2724 4985 qui
2748 4921 3081 4985 expostulare
3103 4936 3211 4972 nte-

1658 5008 1881 5072 ditabar,
1932 5008 2185 5074 adjiciens
2223 5008 2562 5073 posulatum,
2599 5022 2663 5059 ne
2705 5023 2928 5075 unquam
2968 5025 3211 5077 superse-

1659 5098 1782 5150 dere
1808 5097 1994 5149 litteris
2022 5109 2343 5162 perseveres.
2378 5096 2527 5161 Quod
2558 5097 2600 5148 si
2631 5098 2908 5149 scribenda
2931 5100 3212 5162 defuerint,

1662 5188 1785 5240 mihi
1811 5204 1835 5240 s
1874 5188 1939 5239 tis
1966 5187 2084 5251 erit,
2110 5196 2166 5239 ut
2196 5186 2284 5238 tibi
2315 5187 2549 5253 gratuler
2570 5190 2855 5255 sospitatis.
2892 5188 3035 5241 Vale.

2227 5275 2435 5329 EI’IST.
2487 5276 2636 5330 XCII.

2140 5350 2437 5417 διἰιιιλίῖιιιάε
2468 5380 2707 5417 ANTONIO.

1731 5458 1887 5509 Dulce
1913 5467 2175 5509 Certamen
2204 5467 2281 5508 est
2309 5457 2463 5507 ofticii
2490 5473 2500 5507 :
2524 5464 2576 5507 et
2609 5456 2723 5507 ideo
2744 5455 2863 5522 jure
2889 5457 3043 5507 ambo
3069 5460 3211 5510 cavi-

1660 5562 1793 5607 mus,
1833 5562 1895 5597 ne
1927 5546 2142 5598 alternis
2185 5560 2531 5596 v:tnetenntr.
2580 5546 2823 5596 Gratulor
2861 5548 3014 5612 igitur
3060 5561 3210 5612 [ares

1662 5649 1753 5685 nos
1776 5651 1910 5695 esse,
1949 5650 2048 5685 non
2091 5634 2259 5684 solum
2302 5631 2575 5685 adfectione
2621 5636 3018 5693 utentimn,”ied
3048 5637 3206 5687 etiam
3258 5682 3261 5687 ι

1662 5724 2017 5777 vicissitudine
2059 5724 2367 5775 litterarum.
2406 5723 2609 5774 Curabo
2642 5730 2813 5773 tamen
2861 5725 3095 5790 posdnac,
3152 5734 3201 5775 ut

1654 5814 1889 5881 obsequii
1920 5813 2021 5867 mei
2049 5814 2267 5877 trutina,
2297 5822 2350 5867 et
2372 5813 2497 5865 libra
2530 5814 2910 5878 praqtonderet,
2937 5830 3001 5866 ne
3031 5815 3176 5867 videa

1654 5916 1733 5956 tur
1782 5902 1979 5956 inertie
2026 5902 2284 5971 quoddam
2324 5918 2441 5955 esse
2474 5902 2779 5965 colludium,
2817 5916 3023 5968 semper
3056 5920 3199 5972 zeqna

1653 5996 1796 6047 lance
1820 5994 2040 6047 ecnseri.
2078 5993 2251 6059 Itaque
2292 5992 2517 6045 scribam
2546 5990 2757 6058 smpius.
2794 5991 2948 6043 modo
2983 5992 3199 6047 facultas
