3828 6400
510 530 605 585 ws

1665 519 2062 591 Q.AUREUU

2183 516 2571 573 YMMACIIUS.
3164 532 3174 542 ι
3627 511 3705 562 176

500 636 906 694 commeantium
937 647 1039 688 non
1070 631 1202 686 desu
1237 630 1454 699 optanti.
1503 629 1576 683 lta
1614 629 1723 695 flet,
1755 641 1810 683 ut
1851 639 1906 685 et
1942 630 2053 698 ipse
2084 631 2128 686 Λ
2161 627 2320 685 Veris,
2344 625 2550 679 caeteris
2583 620 2906 675 ornamentis
2945 619 3103 675 animi
3136 621 3206 675 tui
3248 619 3525 689 adjicietnr
3565 621 3705 674 decus

500 729 705 783 laudem
729 724 1021 782 sedulitatis
1045 722 1307 787 allectem,
1333 729 1387 795 et
1412 727 1464 773 te
1483 720 1624 774 curis
1656 719 1877 788 publicis
1907 733 2065 774 occu-

500 829 701 885 patum,
730 816 795 869 ad
828 812 1160 884 rependenda
1200 810 1461 880 colloquia
1505 810 1818 865 assiduitate
1862 808 2055 864 solliei-

501 916 626 960 lcut.
664 905 809 959 Vale.

1068 971 1093 1023 ι
1111 971 1281 1025 PIST.
1321 967 1495 1023 XCIII.

989 1075 1290 1116 ειιιιιλειιυε
1316 1072 1561 1112 ANTONIO.

569 1173 813 1226 Sanctum
844 1168 1509 1224 Zenonem—commendare
1538 1182 1642 1222 non
1679 1166 1871 1233 debeo,
1899 1182 2056 1235 quem

503 1263 612 1317 scio
638 1264 702 1316 ad
729 1264 1024 1317 clientelam
1055 1271 1194 1315 tuam
1219 1271 1271 1327 et
1292 1258 1549 1314 amicitias
1576 1258 1858 1328 pertinere.
1881 1258 1983 1314 Sed
2007 1260 2059 1312 in

502 1372 565 1409 eo
595 1365 737 1408 tanta
778 1369 981 1407 tuorum
1029 1354 1159 1420 prob
1185 1364 1264 1406 tas
1294 1360 1396 1419 est,
1422 1361 1475 1404 nt
1526 1349 1710 1404 laudes
1746 1350 1905 1405 silere
1950 1340 2057 1403 non

505 1447 721 1515 possim.
748 1446 922 1514 Itaque
948 1445 1116 1498 virum
1143 1444 1295 1498 bonis
1324 1442 1572 1497 omnibus
1611 1442 1800 1497 merito
1829 1457 1938 1496 suae
1976 1457 2063 1496 se-

504 1538 742 1593 dulitat's
777 1546 1070 1605 acceptum,
1120 1549 1300 1604 qumso
1337 1535 1493 1587 et'atn
1527 1548 1612 1587 me
1649 1544 1898 1603 precante
1938 1548 2059 1601 pro~

503 1631 717 1701 pensius
758 1629 935 1683 fovere
980 1627 1247 1694 digneris;
1292 1631 1637 1692 prmstaturus
1668 1631 1724 1678 et
1753 1633 1858 1677 tuae
1887 1622 2057 1687 famae,

502 1735 618 1789 qua:
646 1719 797 1774 debet
821 1716 1057 1770 omnium
1084 1730 1175 1768 ore
1200 1711 1480 1783 celebrari,
1504 1722 1557 1767 et
1577 1712 1895 1766 interventui
1920 1726 2057 1776 meo,

505 1796 561 1864 ut
590 1808 687 1864 bas
714 1808 923 1864 litteras
936 1806 1035 1861 sibi
1067 1804 1330 1873 profuisse
1357 1802 1732 1871 Subintelligat.
1768 1800 1915 1855 Vale.

1059 1936 1270 1992 EPIST.
1310 1932 1488 1989 XCIV.

1006 2062 1310 2124 ειωιλεμυε
1332 2059 1563 2101 δΥΑῦΙιΙΟ.

574 2165 874 2221 Laudentur
903 2163 1174 2229 incogniti,
1218 2166 1275 2213 ut
1311 2172 1495 2213 eorum
1536 2157 1723 2212 merita
1767 2157 1819 2212 in
1857 2156 2065 2212 occulto

507 2259 602 2313 sila
639 2253 924 2310 testimonii
963 2251 1211 2320 splen-lor
1239 2248 1477 2304 irradiet.
1518 2247 1643 2302 Mihi
1688 2246 2065 2316 imprmsentia-

506 2368 623 2409 rum
680 2345 1133 2416 supersedendum
1177 2353 1261 2399 est
1307 2342 1606 2411 hujusmodl
1655 2341 1960 2409 scriptione,
1999 2354 2065 2393 ne

507 2438 700 2510 incepti
732 2438 929 2491 frustra
956 2434 1076 2499 sim,
1108 2435 1153 2487 si
1186 2434 1399 2487 fratrem
1429 2447 1600 2486 meum
1630 2430 1919 2486 Palladium
1946 2444 2067 2498 spe-

501 2539 700 2585 ctatum
758 2524 912 2580 bonis
951 2525 1216 2589 omnibus,
1262 2523 1518 2577 facundia:
1555 2531 1712 2591 atque
1754 2518 2065 2574 eruditionis

503 2617 781 2686 astipuler.
828 2602 1026 2669 Dehinc
1067 2622 1225 2679 cauto
1264 2626 1395 2680 opus
1443 2621 1545 2678 est,
1588 2625 1655 2665 nc
1702 2611 1872 2678 impar
1917 2617 2064 2662 tanto

505 2710 622 2763 viro
646 2704 899 2775 precatio,
932 2718 1101 2771 neque
1124 2718 1245 2758 eum
1275 2702 1359 2756 cui
1386 2701 1645 2768 defertur,
1672 2702 1979 2768 asquiparet,
2011 2707 2065 2754 et

507 2811 678 2851 meam
704 2809 918 2866 operam
942 2793 1275 2848 devenustet.
1304 2792 1531 2856 Quiesco
1556 2790 1716 2859 igitur
1744 2788 1838 2843 has
1868 2778 2062 2855 partes,

502 2894 558 2939 et
584 2884 683 2939 hoc
712 2894 873 2937 unum
900 2882 995 2936 tibi
1018 2896 1325 2951 persuasum
1363 2881 1513 2945 vnio;
1546 2878 1736 2934 mereri
1768 2879 1828 2933 fa:
1852 2880 2063 2934 undiam

506 2973 747 3035 Palladii,
767 2978 828 3025 ut
850 2971 1143 3031 doleamus.
1170 2969 1311 3039 quod
1340 2969 1457 3023 urbi
1489 2980 1711 3039 negatus
1730 2981 1810 3023 est
1836 2987 1851 3023 :
1873 2971 2063 3024 mereri

508 3064 891 3121 amabilitatem
922 3063 1057 3133 ejus,
1083 3072 1140 3117 ut
1172 3062 1311 3131 quod
1350 3062 1550 3115 accitus
1581 3069 1683 3126 est,
1720 3062 2059 3131 gaudeamus.

508 3153 656 3210 Vale.

1079 3219 1296 3274 EPIST.
1337 3218 1494 3274 XCV.

988 3323 1292 3365 εῑιιιιΑειιυε
1327 3324 1565 3366 διλοιιιο.

576 3422 725 3489 Quod
755 3421 925 3476 nullas
952 3420 1153 3488 sumpsi
1178 3421 1381 3496 litteras
1405 3428 1544 3488 tuas,
1574 3434 1696 3476 cum
1719 3418 1847 3475 mihi
1866 3434 1898 3476 a
1922 3420 2067 3493 prin-

498 3513 705 3582 .oipibus~
733 3512 947 3567 aeternis
976 3511 1194 3581 legenda
1224 3510 1277 3565 in
1304 3511 1531 3566 concilio
1556 3520 1766 3580 patrum
1793 3510 2067 3581 delegare-

494 3617 592 3662 ωι-
618 3606 818 3669 oratio;
850 3605 1095 3659 sciosnon
1123 3602 1288 3656 fuisse
1317 3601 1509 3656 fastidii
1552 3600 1648 3658 tui.
1676 3602 1803 3656 Nam
1833 3601 1986 3656 bona:
2013 3610 2069 3657 et

497 3696 791 3765 exploratae
821 3692 1087 3755 amicitiae,
1118 3690 1201 3744 vel
1229 3690 1273 3743 si
1306 3699 1479 3745 cesset
1505 3690 1761 3755 officium,
1787 3691 1915 3744 satis
1943 3700 2069 3745 tnta:

505 3786 881 3842 acatimationes
902 3791 1047 3836 sunt.
1076 3782 1358 3849 Propterea
1382 3780 1633 3835 talionem
1658 3780 1867 3855 referre
1889 3780 2066 3845 vitavi,

505 3874 723 3934 veritus,
756 3887 822 3926 ne
850 3871 991 3939 quod
1015 3882 1069 3923 tu
1092 3870 1287 3923 invitus
1312 3868 1535 3930 feceras,
1559 3885 1657 3939 ego
1683 3869 1759 3936 of)‘
1788 3883 1916 3925 usus
1945 3884 2065 3924 cre-

506 3963 663 4018 derer
699 3960 1013 4016 reddidisse.
1046 3958 1223 4027 Longe
1265 3960 1406 4011 enim
1448 3959 1657 4012 diversa
1706 3959 1941 4013 conditio
1988 3967 2071 4013 est

510 4052 736 4119 fortuiti,
763 4066 917 4121 quam
951 4047 1436 4124 affectati-silentii.
1472 4049 1575 4106 lies
1602 4050 1816 4118 qni-lem
1840 4063 1945 4103 una
1977 4064 2071 4104 ne-

505 4144 754 4213 gligitur:
788 4142 1070 4211 plurimum
1100 4150 1271 4202 tamen
1301 4136 1486 4203 refert,
1513 4141 1631 4209 quis
1657 4155 1773 4193 eam
1801 4142 1951 4208 quasi
1981 4156 2073 4195 oc-

508 4246 751 4303 cupatus,
772 4234 890 4303 Quis
915 4230 1065 4303 quasi
1095 4230 1564 4297 oratnsqomiserit.
1583 4222 1693 4285 Sed
1720 4231 1785 4284 de
1816 4231 1916 4283 hoc
1943 4233 2071 4285 satis

510 4323 681 4377 habeo
710 4324 932 4385 dictum.
961 4320 1131 4385 Nunc,
1164 4319 1210 4373 si
1231 4335 1315 4374 me
1340 4334 1512 4385 amas,
1540 4319 1617 4372 vel
1648 4311 1767 4389 q'uia
1792 4335 1875 4375 tne
1900 4304 2069 4388 amas,

509 4416 564 4476 tu
587 4429 653 4464 ’Ili
686 4411 871 4465 referri
894 4409 1125 4482 confido,
1156 4408 1297 4477 quod
1317 4409 1521 4479 defero)
1552 4414 1800 4463 constare
1824 4410 1961 4479 apud
1990 4412 2073 4464 in-

508 4502 677 4565 victos
707 4500 973 4571 principes
1007 4480 1251 4569 gaudium
1301 4514 1498 4562 meum,
1534 4500 1623 4567 qui
1668 4500 1911 4553 humana:
1958 4504 2069 4555 soci

510 4593 715 4648 divinas
738 4593 850 4647 litte
880 4607 939 4646 as
969 4590 1332 4651 crediderunt;
1362 4605 1583 4658 quorum
1608 4592 1849 4645 \ictorias
1873 4607 1937 4646 ex
1967 4596 2066 4646 mei

2170 716 2442 783 pttoscntis
2474 713 2652 766 officii.
2686 713 2828 765 Vale.

2730 803 2936 857 EPIST.
2980 803 3155 857 XCVI.

2654 908 2955 947 SUUIACIIL'S
2990 906 3227 947 SY.‘.GIHO.

2236 984 2472 1037 Studium
2520 986 2658 1051 quoi
2712 983 3006 1036 scribendis
3048 980 3375 1034 orationibus
3425 978 3703 1042 exhibeam,

2165 1076 2384 1143 prmmio
2419 1075 2589 1128 laudis
2628 1074 2841 1127 auxisti.
2879 1075 3034 1127 Vetus
3073 1074 3266 1141 quippe
3304 1070 3565 1126 sententia
3602 1083 3704 1133 ρει,

2169 1167 2321 1218 Artes
2353 1164 2556 1218 honore
2587 1162 2797 1215 nutriri.
2820 1162 2947 1228 Quis
2970 1172 3143 1216 autem
3175 1171 3276 1215 tam
3301 1161 3597 1214 cumulatus
3625 1160 3705 1213 bo.

2167 1272 2282 1321 nor,
2308 1271 2464 1325 quam
2507 1255 2673 1321 palma
2706 1254 2948 1307 dicendi?
2997 1254 3132 1322 Ergo
3160 1254 3256 1307 etsi
3303 1254 3409 1307 inte
3432 1253 3554 1323 l'go,
3584 1252 3708 1321 quod

2168 1348 2333 1401 nostri
2361 1334 2541 1400 arnore
2572 1345 2802 1410 fallaris;
2836 1355 3010 1398 tamen
3049 1345 3257 1398 titulum
3308 1343 3708 1412 przectari'tcsu-

2166 1439 2329 1492 tnonii
2360 1439 2478 1490 albo
2510 1437 2713 1490 calculo
2743 1444 2980 1489 veterum
3014 1448 3161 1488 more
3179 1435 3418 1503 signabo.
3444 1433 3556 1487 Non
3584 1434 3709 1487 enim

2165 1528 2291 1583 mihi
2320 1544 2382 1581 ex
2415 1541 2506 1581 ore
2532 1527 2714 1595 jejuno
2739 1508 2931 1580 tributa
2973 1525 3223 1589 laudatio,
3251 1522 3344 1578 scd
3373 1524 3440 1577 de
3473 1524 3712 1576 facundim

2167 1635 2303 1687 penu
2341 1618 2466 1671 boni
2501 1617 2683 1686 judicii
2737 1617 2935 1672 fructus
2982 1616 3180 1670 arrisit.
3225 1614 3425 1670 \‘erecr
3459 1614 3714 1683 indulgete

2164 1708 2340 1761 verbis
2371 1706 2618 1776 praeconii
2651 1707 2746 1765 tui.
2779 1720 2847 1760 ne
2874 1705 3204 1776 grathicandi
3244 1719 3460 1773 Operam
3490 1712 3713 1758 mutuam

2164 1798 2445 1853 credamur
2463 1797 2645 1851 adniti.
2678 1785 2832 1861 Vale,
2858 1808 2909 1852 et
2936 1805 2992 1850 ut
3021 1812 3079 1852 es
3110 1797 3277 1851 nostri
3315 1796 3563 1867 diligens,
3602 1796 3717 1850 reli-

2165 1889 2366 1960 giosnm
2389 1879 2790 1944 observantiam
2807 1903 3113 1957 persevera.
3144 1887 3287 1943 Vale.

2715 1980 2924 2037 EPIST.
2966 1979 3165 2035 XCVII.

2664 2085 2966 2127 ειίιιιλειιυε
2995 2085 3227 2126 εικιοιιιο.

2237 2162 2364 2217 Mere
2387 2162 2599 2226 littcrce,
2630 2162 2880 2231 quooiam
2912 2172 3139 2229 accepta:
3182 2169 3307 2215 sunt
3334 2160 3449 2225 tibi,
3490 2158 3719 2214 crebrius

2166 2255 2556 2310 commeabant.
2580 2255 2711 2309 Nam
2744 2263 2801 2309 ut
2829 2254 3170 2323 reSpondeas,
3201 2268 3306 2307 non
3331 2252 3531 2320 laboro,
3563 2249 3641 2318 siq
3664 2251 3721 2299 ll-

2164 2347 2286 2401 ‘dem
2309 2347 2516 2401 videtur
2543 2346 2789 2415 iniurium
2814 2347 3051 2415 flagitare
3074 2344 3271 2411 officia,
3295 2360 3412 2417 qua}
3438 2332 3621 2413 sponte
3640 2358 3721 2397 re-

2168 2436 2384 2505 ligiosus
2414 2437 2623 2490 animus
2655 2435 2953 2505 pollicetur.
2984 2434 3133 2488 Vale.

2716 2525 2927 2581 EPIST.
2959 2524 3180 2579 XCVIII.

2657 2629 2958 2669 SYHMACIIUS
2997 2629 3231 2668 H’AGRIO.

2241 2706 2444 2786 Dudum
2474 2707 2602 2761 mihi
2642 2705 2818 2759 nullus
2853 2706 3039 2760 litteris
3076 2704 3177 2757 tuis
3209 2704 3377 2756 honor
3418 2702 3582 2756 factus
3625 2711 3723 2756 est.

2167 2796 2433 2862 Quererer
2460 2796 2526 2851 de
2554 2796 2768 2851 silentio
2800 2804 2908 2859 tuo,
2938 2795 2981 2850 si
3021 2796 3085 2848 de
3125 2794 3381 2862 religione
3412 2792 3726 2848 dubitarem.

2167 2886 2272 2942 Sed
2298 2887 2417 2955 quia
2443 2886 2673 2941 amicitia
2709 2899 2811 2940 usu
2848 2885 3067 2949 credita,
3095 2892 3150 2940 et
3176 2899 3404 2951 expensa
3447 2885 3729 2938 documen.

2171 2974 2267 3038 tis;
2302 2972 2540 3042 periculo
2574 2971 2891 3042 suspicionis
2916 2972 3085 3025 aliena
3123 2981 3222 3024 est.
3255 2971 3494 3039 Intelligo
3518 2970 3732 3040 quidem

2170 3080 2262 3132 per
2282 3065 2656 3134 occupationes
2680 3063 2918 3133 publicas
2948 3062 3220 3117 inhibitam
3244 3062 3566 3132 diligentiam
3594 3062 3732 3114 scri-

2167 3154 2404 3222 ptionum
2434 3164 2642 3208 tuarum
2671 3172 2685 3208 :
2712 3168 2915 3217 verum,
2939 3143 3513 3219 qua'so,in'termissum
3539 3165 3738 3205 munus

2168 3244 2454 3298 instaures.
2482 3244 2654 3299 Stabit
2681 3228 2823 3312 apud
2855 3252 2943 3298 me
2968 3242 3133 3312 gratia
3166 3243 3348 3297 tributi
3375 3240 3555 3306 officii,
3578 3241 3737 3309 quasi

2072 3317 2135 3393 ’ὸ
2169 3335 2308 3387 tiu-Ila
2332 3334 2505 3402 negati
2530 3333 2684 3403 culpa
2712 3333 3059 3401 pmcesserit.
3090 3332 3234 3386 Vale.

2731 3420 2943 3477 EPIST.
2989 3420 3171 3475 XCIX.

2660 3525 2961 3566 διιιιιλειιυε
2996 3525 3229 3566 ειΑδιιιο.

2236 3602 2289 3656 Si
2317 3601 2530 3671 quando
2559 3602 2689 3656 mihi
2711 3602 2848 3670 apud
2878 3603 3103 3656 amicum
3128 3602 3415 3657 testimoni
3438 3602 3599 3657 dictio
3627 3612 3743 3665 est,

2168 3689 2393 3745 cohibeo
2418 3704 2632 3759 operam
2664 3690 2779 3759 plus
2806 3690 3072 3758 loquendi.
3121 3690 3250 3745 Nam
3274 3692 3395 3760 quid
3433 3692 3619 3761 religio
3646 3693 3746 3746 ubi

2168 3784 2298 3851 agit,
2331 3781 2665 3836 desideratur
2693 3783 2900 3836 oratio?
2930 3781 2983 3835 Ff
3002 3798 3063 3837 ro
3092 3783 3247 3852 igitur
3273 3785 3335 3836 ad
3368 3794 3417 3837 te
3448 3785 3647 3838 nudum
3672 3786 3751 3837 de

2170 3872 2416 3926 familiari
2446 3887 2565 3925 meo
2608 3872 2915 3941 Pontigano,
2947 3874 3039 3926 sed
3078 3874 3230 3928 fidele
3260 3874 3541 3941 judicium;
3572 3890 3751 3943 quem

2171 3962 2271 4015 nisi
2314 3976 2497 4018 amore
2530 3972 2715 4017 nostro
2744 3964 2959 4032 dignum
2996 3966 3330 4034 probassem,
3382 3968 3601 4021 minime
3647 3978 3753 4020 tuo

2171 4050 2456 4104 traderem.
2498 4051 2641 4104 Mens
2680 4052 2796 4119 ejus
2839 4054 2889 4106 in
2932 4062 3115 4122 aperto
3154 4063 3255 4119 Gai,
3301 4056 3403 4108 vita
3433 4066 3638 4125 spectat
3672 4058 3752 4111 ad

2172 4138 2403 4193 laudem.
2438 4138 2560 4193 Scis
2596 4150 2765 4203 certe,
2817 4131 3080 4210 nunquam
3112 4159 3195 4197 me
3224 4143 3507 4198 faciliorem
3540 4148 3757 4201 favoris

2171 4244 2309 4294 essm
2343 4246 2499 4298 quant
2531 4234 2662 4284 veri.
2689 4232 2883 4285 Horum
2912 4234 3144 4287 omnium
3186 4235 3339 4288 fidem
3367 4238 3754 4306 confirmabis,

2170 4334 2288 4373 cum
2321 4321 2372 4373 in
2400 4319 2492 4375 illo
2519 4320 2667 4389 plura
2692 4324 2973 4390 repereris.
3007 4322 3153 4376 Vale.
3593 4312 3614 4340 ‘

2802 4412 3009 4466 EPIST.
3048 4412 3105 4466 C.

2658 4516 2971 4555 δγμκιιειιυε
3006 4518 3240 4557 εϊΑῦιιιο.

2242 4587 2543 4641 Instaurant
2572 4590 2807 4643 dolorem
2841 4606 2959 4646 sera
3000 4594 3208 4658 solatia,
3244 4603 3295 4646 et
3340 4594 3456 4647 ideo
3496 4588 3764 4651 rnirtuum

510 4683 619 4759 oris
650 4683 1007 4750 promptuario
1034 4693 1248 4736 senatus
1277 4682 1495 4734 audivit.
1528 4682 1626 4735 Fac
1650 4684 1896 4736 veniatin
1926 4698 2068 4737 rnen-
2095 4674 2144 4732 D
2173 4680 2434 4732 silentium
2466 4679 2852 4733 calamitatibus
2872 4684 3064 4735 nostris
3097 4696 3257 4750 praest
3276 4702 3349 4753 .re
3374 4686 3656 4751 debemus,
3686 4706 3770 4744 rte

512 4779 639 4834 tetu,
671 4772 786 4841 quis
812 4773 901 4826 ille
922 4771 1033 4826 dies
1058 4771 1311 4833 illuxerit,
1340 4785 1445 4838 quo
1476 4771 1624 4838 quasi
1655 4786 1718 4824 ex
1752 4772 1920 4825 media
1952 4787 2066 4839 pro-

512 4864 677 4917 fectus
699 4862 809 4916 acie
839 4862 1052 4915 auribus
1074 4870 1125 4914 et
1149 4860 1342 4917 attitnis
1368 4860 1601 4912 muniunt
1630 4860 1909 4913 salutarem
1934 4876 2066 4912 nun-

508 4952 639 5005 tium
684 4952 882 5020 primus
928 4949 1111 5004 infudi.
1140 4951 1275 5006 Oiitu
1316 4965 1435 5004 cum
1470 4963 1555 5002 res
1592 4949 1823 5003 Romana
1860 4949 2067 5002 adoriae

512 5041 753 5096 utilitatis
797 5042 961 5110 potita
988 5052 1091 5107 est,
1125 5042 1367 5095 Poiluccs
1398 5042 1591 5111 gemini
1649 5042 1784 5111 apud
1830 5044 2066 5097 Iuturna:

516 5133 685 5187 lacum
722 5132 883 5199 prmlii
914 5130 1144 5185 secunda
1180 5131 1478 5199 Vulgarunt.
1508 5131 1610 5184 Eos
1642 5132 1833 5199 quippe
1872 5133 2068 5197 prirn—

514 5241 629 5278 rntn
669 5224 992 5277 voluminum
1035 5220 1165 5277 fides
1206 5222 1382 5287 tradit,
1416 5222 1620 5278 anhelis
1666 5223 1835 5293 equis,
1885 5226 1949 5291 pb
1974 5234 2067 5275 nos

513 5314 724 5368 sudoris
764 5324 816 5368 et
849 5314 1101 5381 pttheris,
1136 5315 1271 5366 fama
1304 5313 1424 5367 belli
1460 5307 1820 5384 post'tergum
1862 5316 1935 5369 teI
1961 5328 2063 5382 vta,

456 5418 459 5421 '
518 5403 763 5460 indicium
790 5402 1066 5457 aﬂ'ectasse
1094 5403 1343 5456 victorias.
1384 5401 1547 5457 Idem:
1572 5421 1708 5457 nunc
1738 5404 1865 5456 mihi
1916 5420 2067 5458 sacro

520 5492 706 5561 iudicio
732 5490 899 5546 factus
927 5502 1007 5546 est
1028 5492 1213 5547 honor.
1242 5492 1315 5546 Ita
1338 5506 1587 5562 quantum
1618 5493 1799 5563 gratiae
1822 5492 2067 5547 Castores

517 5581 687 5658 adepti
719 5590 859 5642 sunt,
891 5590 1089 5635 tantum
1122 5584 1382 5651 principes
1408 5583 1781 5651 prastiterunt.
1819 5583 1942 5637 Huic
1973 5599 2066 5649 pro

518 5683 602 5721 tne
629 5668 895 5735 c0piosius
925 5678 978 5723 et
1001 5671 1257 5734 ornatius,
1281 5682 1533 5739 quantum
1557 5686 1614 5724 es
1646 5673 1835 5740 lingua:
1860 5673 2066 5736 melior,

508 5760 652 5824 apud
673 5768 949 5815 auctorem
970 5761 1208 5815 beneficii
1240 5764 1585 5831 prosequeris.
1613 5763 1784 5817 [labes
1811 5779 2067 5819 summam

521 5848 800 5901 voluntatis
825 5861 986 5913 more;
1017 5848 1099 5905 cui
1125 5850 1167 5905 si
1199 5852 1318 5915 quid
1345 5851 1813 5918 cogntn‘endatiouis
1852 5853 2070 5919 inspira-

2172 4770 2395 4824 furtuna:
2426 4772 2663 4834 vulnera,
2702 4786 2819 4839 qua!
2849 4771 3148 4827 cicatricem
3182 4790 3430 4840 processu
3480 4784 3769 4847 temporis

2170 4863 2389 4924 ducunt,
2415 4864 2786 4931 intempestive
2813 4872 3136 4917 contrectata
3166 4866 3498 4921 crudescant.
3536 4869 3596 4923 In
3637 4871 3771 4926 alia

2174 4952 2343 5019 potius
2364 4966 2542 5005 sermo
2563 4952 2847 5006 vertendus
2870 4963 2973 5016 est,
2998 4969 3114 5022 qua:
3139 4963 3189 5009 te
3203 4956 3267 5007 ad
3291 4972 3469 5009 curam
3496 4960 3773 5015 sanitatis

2177 5044 2474 5095 hortentur.
2498 5042 2681 5096 Omnis
2704 5044 2896 5113 quippe
2912 5044 3150 5099 internus
3169 5047 3321 5098 dolor
3350 5048 3593 5114 corporis
3626 5050 3737 5106 bie
3757 5083 3772 5093 .

2178 5133 2295 5183 mali
2338 5132 2531 5186 crescit
2568 5131 2756 5200 injuria
2788 5151 2802 5186 :
2843 5148 2905 5189 ac
2946 5134 3044 5187 nist
3083 5134 3187 5187 iter
3226 5134 3420 5203 apricis
3467 5136 3667 5192 diebus
3706 5156 3775 5196 et

2173 5238 2214 5273 a~
2243 5223 2315 5276 ris
2344 5222 2642 5277 salubribus
2669 5226 2865 5295 egeris,
2887 5228 3035 5278 male
3063 5233 3259 5289 metuo,
3297 5240 3366 5278 ne
3394 5227 3583 5280 vitium
3612 5243 3785 5285 con-

2177 5326 2401 5382 tt-tttplus
2424 5327 2739 5384 exaggeret.‘
2754 5318 2900 5369 Nune
2921 5330 3005 5380 ea,
3028 5332 3146 5385 quae
3172 5317 3407 5371 remedio
3434 5331 3717 5375 accomm-
3748 5354 3779 5365 -

2172 5408 2300 5460 dare
2326 5406 2618 5475 credi_d:sti,
2656 5409 2738 5461 vel
2791 5423 2910 5476 qum
2954 5407 3521 5462 uoltiscommendavit
3550 5417 3779 5471 u'enda

2172 5498 2481 5564 exploratio,
2505 5496 2573 5568 ad
2607 5506 2654 5551 te
2685 5496 2831 5562 misi;
2863 5496 2994 5550 ltt'Ct'
3023 5511 3257 5553 rotorum
3300 5510 3507 5549 summa
3534 5507 3746 5559 consti

2175 5598 2324 5638 tuens
2380 5595 2430 5637 ut
2458 5584 2811 5640 remediOrum
2841 5586 3019 5638 talium
3046 5584 3413 5639 necessitati-nt
3440 5597 3785 5655 spontauea

2172 5674 2309 5727 incol
2351 5675 2533 5727 mitate
2562 5674 2895 5741 jtrmvettias:
2929 5685 3016 5728 aut
3045 5675 3088 5729 si
3129 5689 3247 5743 quae
3285 5674 3456 5729 morbi
3496 5677 3787 5747 reliqui:

2173 5764 2390 5827 fuerint,
2419 5762 2501 5815 his
2526 5762 2854 5817 orationibus
2879 5773 3202 5833 tergeantur.
3236 5764 3378 5819 Satis
3411 5774 3595 5821 autem
3632 5786 3789 5829 nan-

2179 5874 2187 5902 ι
2213 5856 2317 5907 eris
2343 5854 2606 5907 communi
2635 5854 2878 5909 amicitia:
2900 5855 3068 5939 dabis,
3094 5857 3136 5911 si
3165 5856 3604 5917 sollicitudinem.
3635 5874 3799 5928 quae.
