3828 6362
151 380 228 435 ίῖῚ
1313 369 1787 429 EPISTULARUAI
1831 371 2027 426 LIBER
2070 374 2128 427 II.
3247 368 3342 426 173

151 492 250 546 ηεὶιιί
275 506 322 542 ex
344 489 652 557 :rgritndine
673 497 758 541 tua
790 487 970 542 oborta
996 495 1097 554 est,
1125 487 1461 556 prosperiore
1490 487 1672 540 nuntio
1705 486 1743 542 Α
1781 483 1989 540 videtur
2021 501 2137 541 esse
2167 486 2419 541 dc'atum.
2473 487 2576 542 Nos
2608 491 2693 557 qui
2738 490 3029 544 ronsnlatui
3069 499 3155 540 tuo
3203 486 3342 538 varia

151 591 203 636 υτ·
224 584 252 634 il
271 591 480 634 moratus
505 577 797 632 exemeris.
832 577 981 631 Vale.

715 667 931 722 EI’IST.
972 666 1058 720 CI.

586 772 896 811 εῑδυιλεηυε
937 771 1173 812 δῐΑειιιο.

209 853 361 915 Video,
405 851 588 904 consul
650 848 1003 916 amplissime,
1047 857 1303 917 quantum
1360 848 1483 900 mibi
1527 863 1673 900 amor

153 959 249 997 tuus
278 944 470 996 honoris
501 942 766 1006 imponat.
801 939 961 993 .Iubes
993 947 1041 991 te
1065 937 1279 1003 adeam,
1306 948 1359 990 et
1384 952 1563 990 coram
1592 937 1674 990 do.

153 1040 269 1091 lruar
287 1023 607 1103 magistrahis
641 1032 714 1084 tui
739 1029 952 1099 gaudio.
988 1030 1099 1096 Quo
1124 1040 1278 1096 pacto
1309 1028 1446 1081 istud
1480 1031 1671 1094 possim

154 1145 329 1198 negare,
358 1127 448 1180 nisi
474 1141 530 1178 ea
561 1126 820 1196 religione
852 1123 1137 1192 ignoveris,
1171 1137 1272 1190 qua
1292 1122 1674 1176 vocasti?1\':im

152 1217 251 1285 quid
270 1232 404 1284 agam
435 1218 655 1268 lortunze
677 1214 890 1278 dubius,
915 1228 1032 1266 eum
1062 1214 1180 1265 hinc
1202 1211 1378 1266 invete
1410 1213 1678 1265 ato’obseo

153 1310 250 1371 quio
272 1306 486 1368 honoris,
513 1307 635 1358 hinc
663 1307 803 1356 luctu
832 1303 1010 1356 amissi
1039 1303 1211 1355 fratris
1234 1301 1528 1368 intpediar‘.’
1553 1301 1676 1355 Data:

156 1399 254 1450 mihi
292 1397 431 1450 simul
471 1396 710 1462 dispares
759 1407 999 1459 persona:
1046 1391 1358 1445 oll'eruntur.
1411 1391 1510 1456 Qui
1564 1391 1675 1444 ﬁeri

157 1507 181 1555 p
213 1500 311 1550 test,
331 1502 378 1539 ιιι
405 1503 461 1540 os
484 1502 645 1537 unum
671 1485 954 1537 cunlrariis
978 1482 1151 1536 .ﬂet'li
1193 1482 1347 1536 nibus
1371 1480 1678 1534 induantus?

158 1583 343 1634 l‘rointle
369 1579 522 1632 animi
561 1593 744 1644 :L‘quus
785 1576 942 1642 hujus
975 1575 1155 1628 oneris
1204 1574 1362 1626 facito
1400 1573 1526 1626 mihi
1557 1587 1678 1640 gra-

159 1674 273 1724 liam.
306 1670 564 1725 Fo'tuuati
599 1669 784 1721 sellam
819 1677 960 1720 tuam
983 1666 1105 1719 Izcto
1126 1664 1336 1732 agmine
1357 1675 1515 1732 prose
1536 1678 1682 1727 prau-

159 1775 240 1819 tur.
266 1764 302 1818 Δ
324 1763 509 1830 περὶτῆς
543 1761 645 1812 tuis
674 1760 848 1828 quivis
871 1757 960 1812 fati
987 1759 1192 1824 integer
1219 1755 1424 1810 amicus
1454 1755 1679 1807 intersit.

1779 583 2125 649 occupatione
2148 582 2433 653 defuimus,
2457 585 2699 638 amicitize
2727 588 2925 639 honore
2947 586 3115 638 alieeti
3143 599 3339 646 snmuv,

1780 686 1882 723 non
1929 672 2174 725 mercede
2215 673 2532 738 rrzescutim.
2578 673 2690 741 Ago
2743 675 2898 742 igitur
2952 674 3041 727 tibi
3081 674 3342 725 oblatione

1777 763 2039 814 consulari
2072 763 2270 831 gratias
2301 763 2509 828 uberes,
2554 765 2644 818 sed
2695 766 2826 818 bona
2875 777 3050 818 men'e
3085 765 3339 831 ‘majores.

1783 851 1845 904 Et
1878 852 1976 904 nisi
2007 852 2326 906 verecundia
2366 865 2450 906 tua
2478 856 2652 907 verbis
2686 859 2814 908 IIII‘IS
2842 865 3060 924 perieret
3107 855 3340 912 modum,

1781 943 1934 996 latius
1973 959 2247 1011 evagarer.
2295 947 2466 1013 Atque
2517 946 2634 1000 ideo
2683 963 2861 1001 sermo
2901 948 3106 1001 interim
3158 961 3344 1013 parcus

1778 1033 1898 1096 erit,
1933 1035 2187 1088 memoria
2223 1050 2349 1089 vero
2379 1036 2649 1101 prolixior.
2689 1037 2831 1090 Vale.

2375 1126 2586 1178 EPIST.
2623 1127 2750 1179 (ZIV.

2271 1233 2579 1272 SVMNACRIYS
2623 1233 2855 1271 SVACRIO.

1849 1306 1979 1362 Tum
2006 1308 2220 1376 quidem
2243 1308 2456 1362 virtutis
2485 1318 2589 1368 est,
2625 1323 2809 1362 omnes
2847 1310 2931 1376 qui
2971 1308 3215 1361 Palatinis
3255 1307 3345 1360 sti~

1783 1396 1988 1465 peudiis
2017 1397 2337 1459 enitescant,
2373 1397 2561 1463 juvare
2597 1399 2869 1466 prassidio.
2911 1399 3013 1453 Sed
3048 1399 3292 1464 Specialis
3319 1412 3344 1448 a

1783 1500 1867 1542 me
1896 1488 2011 1540 viro
2036 1488 2239 1556 optimo
2260 1487 2503 1542 Romano
2532 1503 2658 1544 cura
2690 1488 2931 1551 debetur,
2961 1487 3203 1542 aﬂIICIlIﬂ‘
3225 1503 3312 1554 gra
3331 1515 3345 1525 ε

1783 1577 1875 1638 tia,
1918 1591 2036 1645 qua
2076 1578 2214 1629 inter
2251 1590 2348 1631 nos
2393 1579 2548 1645 longe
2594 1577 2824 1633 adolevit
2873 1587 3048 1632 atate.
3088 1577 3261 1643 Qtnre
3309 1576 3348 1628 si

1782 1668 1909 1738 quid
1951 1669 2256 1722 testimou'o
2285 1683 2406 1723 meo
2448 1666 2660 1732 tribuis,
2702 1671 2826 1722 nolo
2865 1668 3094 1732 dubites,
3137 1670 3347 1732 tignum

1785 1774 1925 1822 esse,
1956 1774 2113 1825 quem
2143 1756 2345 1824 diligas.
2376 1768 2430 1811 cl
2458 1742 2612 1826 quem
2643 1759 2892 1812 maximis
2930 1758 3115 1814 officiis
3166 1776 3348 1814 inunc-

160 1855 221 1909 Me
240 1855 375 1906 sinito
399 1851 603 1906 interim
628 1862 866 1918 tempore
889 1858 979 1900 aut
1007 1848 1213 1900 ratione
1240 1844 1541 1910 decoquere
1564 1860 1678 1896 rru-
1712 1835 1759 1895 Β
1787 1862 1891 1903 res.
1917 1847 2075 1902 Certe
2107 1849 2149 1901 si
2176 1863 2398 1902 examen
2424 1849 2488 1902 de
2511 1863 2575 1901 eo
2599 1848 2795 1902 habere
2825 1848 3082 1916 digneris;
3123 1865 3350 1914 prunun-
3401 1876 3404 1879 -

160 1947 257 1995 dun
283 1944 356 1995 uol
394 1956 524 1994 rem.
555 1939 716 2004 Quid,
760 1938 901 2004 quod
947 1938 1106 1990 etiam
1161 1943 1410 2003 parentes
1458 1935 1583 1987 mihi
1625 1934 1676 1986 in

163 2032 380 2085 immuni
409 2044 634 2085 mmrore
665 2028 875 2082 solandi
904 2029 1062 2080 sunt?
1086 2041 1313 2094 quortun
1336 2040 1570 2078 mrumna
1594 2040 1683 2093 ge-

163 2109 416 2182 minabitur,
441 2122 481 2174 si
502 2122 601 2174 illis
621 2129 728 2172 tam
756 2120 1050 2172 immatura:
1082 2115 1520 2186 peregrinationis
1553 2131 1684 2169 mea:

163 2225 258 2260 tura
285 2210 533 2278 jungatur.
566 2209 693 2263 Esto
711 2210 868 2278 igitur
896 2215 1170 2275 promptus
1189 2206 1254 2260 ad
1284 2206 1508 2259 veniam.
1529 2206 1684 2260 Certe

167 2302 198 2351 ii
230 2313 355 2367 putas
389 2300 733 2369 arguentium,
774 2299 912 2366 quod
952 2297 1210 2362 desimus,
1265 2298 1490 2350 fortuna:
1551 2312 1682 2352 mea:

170 2393 306 2456 petius
332 2393 571 2443 irascere.
604 2390 697 2443 Illa
742 2388 924 2456 injecit
963 2402 1196 2450 manum,
1240 2389 1325 2440 illa
1358 2388 1577 2440 invitum
1609 2403 1685 2442 re-

172 2482 311 2532 tmit.
339 2481 402 2532 Ita
432 2479 518 2533 tibi
551 2494 654 2532 non
685 2478 1027 2546 persuadeat,
1058 2487 1112 2530 ut
1141 2488 1223 2530 est
1246 2478 1431 2532 eadem
1457 2479 1550 2532 IICJ
1591 2479 1685 2531 im-

175 2578 338 2632 potens,
365 2585 442 2623 me
466 2569 697 2622 noluisse
729 2567 1016 2636 protieisci.
1047 2567 1192 2620 Vale.

729 2679 948 2734 EPIST.
987 2680 1092 2734 CII.

604 2784 905 2824 SUIMACIIUS
955 2785 1191 2825 SVACRIO.

226 2859 466 2912 Mediolani
501 2873 551 2913 te
577 2875 736 2927 agere
761 2872 882 2914 ante
914 2861 1115 2913 litteras
1147 2871 1263 2915 tuas
1298 2864 1429 2914 larua
1457 2865 1686 2930 pertuli--

180 2963 252 3010 παι,
291 2966 389 3016 qua:
427 2951 557 3002 nihil
597 2951 827 3018 ignorari
868 2948 936 3005 de
972 2951 1269 3018 ουιι-νίοιιίε
1304 2953 1425 3005 viris
1472 2954 1683 3020 patitur.

177 3039 249 3091 Sel
275 3040 374 3108 quid
406 3042 547 3108 juvat
577 3039 965 3105 desiderantes,
995 3042 1132 3106 quod
1175 3053 1453 3108 tervectus
1485 3044 1535 3096 in
1567 3059 1687 3112 pro-

180 3132 282 3199 i'uua
310 3133 442 3185 nobis
469 3132 714 3199 negari~?
745 3130 972 3200 [eqtius
1003 3133 1235 3186 ferebam
1260 3135 1592 3204 longinquam
1613 3135 1682 3188 tui

1789 1939 1944 1992 tiabis
1994 1940 2126 1993 meis
2159 1939 2356 1992 litter's
2385 1938 2638 2003 defui~se,
2668 1955 2782 2008 quze
2807 1940 2856 1993 in
2886 1939 3027 1995 illius
3057 1940 3348 1995 meritisin-

1787 2012 1967 2083 venies
1997 2030 2311 2084 redundare.
2345 2029 2491 2082 Vale.

1943 2112 1946 2115 ’
2390 2118 2601 2173 EPIST.
2642 2118 2748 2173 CV.

2297 2225 2605 2265 SVHIACHUS
2627 2225 2860 2264 SVAGRIO.

1858 2302 1931 2356 Ne
1957 2302 2188 2355 otiosum
2222 2301 2435 2370 penitus
2457 2301 2752 2364 arbitreris,
2780 2301 3055 2354 committo
3081 2300 3355 2354 eruditioni

1791 2402 1891 2445 tua)
1913 2390 2208 2459 vigiliarum
2255 2406 2490 2444 mearum
2534 2401 2720 2444 testem
2769 2390 3020 2454 libelfum,
3054 2407 3158 2459 quo
3197 2406 3358 2458 nupw

1790 2483 1840 2536 in
1870 2489 2055 2534 senatu
2092 2480 2279 2532 sustuli
2309 2480 2507 2533 civium
2528 2481 2758 2533 secunda
2788 2480 3053 2549 sulTragi:-.
3084 2481 3237 2533 Vides
3261 2497 3360 2548 quo

1791 2571 2097 2642 praejudiciu
2124 2581 2451 2625 antevertam
2481 2572 2776 2638 gravissimi
2800 2571 3054 2624 examinis
3088 2572 3158 2623 tui
3209 2586 3356 2622 Seve-

1792 2666 2020 2718 ritatem.
2051 2663 2164 2717 Non
2205 2665 2325 2733 styi
2360 2664 2459 2717 mei
2493 2667 2735 2716 meritum
2771 2661 3055 2730 prmtendo,
3087 2662 3176 2714 sed
3216 2662 3358 2713 ordi-

1790 2759 1872 2813 nis
1911 2757 2222 2825 iudicatum.
2252 2757 2560 2811 Communis
2615 2756 2741 2809 mihi
2784 2764 2836 2810 ct
2873 2754 3178 2808 auctoribus
3230 2753 3360 2806 meis

1791 2861 1945 2900 causa
1972 2855 2073 2902 est.
2101 2845 2283 2901 Scient
2320 2861 2526 2911 omnes,
2559 2845 2647 2898 aut
2688 2861 3001 2898 consensum
3044 2847 3151 2897 tua:
3185 2842 3248 2897 de
3277 2857 3361 2894 no-

1791 2936 1872 2990 bis
1903 2935 2200 3000 sententiae,
2237 2947 2326 2989 aut
2364 2935 2739 2989 contumeliam
2783 2951 2910 2989 sure.
2937 2935 3079 2990 Vale.

2387 3025 2597 3079 EPIST.
2637 3024 2770 3079 CVI.

2295 3133 2597 3173 SVSIMACIII'S
2628 3133 2859 3172 SVACRIO.

180 3232 530 3283 sei-aratoueut.
561 3224 695 3292 Spes
725 3225 866 3278 cnim
909 3227 1199 3292 praesentis}
1238 3236 1339 3278 tum
1379 3243 1565 3294 magno
1606 3227 1684 3279 in-

1864 3211 2026 3266 Posse
2053 3209 2250 3277 aliquid
2282 3209 2529 3262 amicitiis
2553 3209 2810 3262 testimor.
2850 3208 2979 3261 IIine
3012 3221 3134 3274 spes
3171 3204 3355 3270 oritur,

182 3314 347 3364 μυρίη)
375 3323 549 3381 negata
587 3314 853 3368 cessabat.
901 3314 1048 3368 Nune
1088 3319 1532 3382 exSpectationem
1593 3335 1685 3369 no-

182 3414 299 3455 .uram
319 3404 508 3459 \ieiuim
533 3404 788 3460 facilitate
806 3406 1081 3460 sollicitas.
1107 3405 1211 3460 Nec
1236 3416 1286 3460 te
1305 3422 1562 3461 excusare
1580 3409 1689 3461 col-

185 3494 278 3558 legis
296 3497 601 3550 interventus
631 3497 845 3564 Alpium
887 3507 1086 3564 potest;
1117 3513 1182 3550 eo
1213 3499 1352 3565 quod
1378 3499 1566 3567 justior
1597 3517 1684 3550 tto-

182 3586 237 3634 Lis
264 3586 315 3636 ad
347 3590 605 3653 querelam
655 3588 785 3639 facta
829 3598 911 3640 est
955 3590 1059 3654 via,
1092 3603 1198 3657 quo
1230 3589 1319 3642 tbi
1374 3591 1438 3642 ad
1480 3591 1685 3644 veniam

183 3692 293 3725 “tua
331 3677 568 3730 deterior.
627 3679 727 3732 Sed
780 3678 954 3733 dolori
998 3694 1117 3732 meo
1161 3679 1429 3734 laeicndus
1477 3684 1684 3736 modus.

181 3767 327 3816 Saftien.
363 3767 572 3832 rosthac
617 3768 860 3833 epistola:
907 3779 1009 3822 tua:
1056 3769 1275 3844 Romam
1331 3771 1684 3839 frequentem,

185 3853 322 3919 lijlla-
339 3868 414 3911 aut
446 3857 676 3927 Iiyrnctti
705 3858 838 3928 favis
862 3859 1230 3924 jucundiores;
1266 3876 1488 3927 quarum
1519 3877 1604 3916 tne
1634 3862 1686 3917 itt
1754 3894 1760 3895 ί

184 3946 352 4001 animo
393 3948 570 4005 tellure
635 3950 909 4019 perceptio
945 3951 1110 4017 juvat,
1161 3951 1356 4005 SuIIlIIO
1405 3951 1684 4023 defatigat.

185 4034 288 4092 Iule.

713 4112 926 4168 EPIST.
970 4113 1099 4168 CIII.

608 4217 920 4258 SYIISIACIIUS
959 4219 1192 4259 SYAGRIO.

229 4290 445 4360 Quidqu‘d
475 4298 710 4348 muneris
760 4298 812 4348 iu
852 4306 1146 4362 praesentes
1182 4297 1473 4364 contulisti,
1515 4299 1691 4354 ol'Iic’o

188 4391 1716 4426 -_______—____—___

1730 4401 3042 4424 ————————'————-

1794 3317 1910 3370 qua:
1947 3300 2246 3368 Theophilo
2269 3299 2567 3353 clarissimo
2596 3299 2711 3351 viro
2751 3309 2890 3352 tuam
2928 3315 3081 3366 opem
3123 3299 3187 3352 de
3244 3312 3364 3351 meo

1795 3406 2045 3446 sermone
2073 3390 2354 3461 promittit.
2383 3389 2517 3455 Quid
2567 3390 2725 3457 igitur
2763 3390 2879 3458 ejus
2916 3387 3196 3443 commodo
3234 3387 3357 3438 veli-

1799 3498 1937 3547 mus,
1972 3483 2024 3536 in
2072 3491 2255 3550 aperto
2304 3491 2406 3534 est.
2454 3479 2637 3545 Efﬁce,
2668 3495 2764 3532 oro
2808 3490 2880 3543 te,
2922 3472 2980 3533 ut
3007 3492 3124 3531 cum
3175 3476 3359 3544 t'ducia

1798 3574 1902 3628 mei
1931 3588 2034 3627 non
2065 3572 2311 3625 videatur
2337 3583 2458 3623 esse
2487 3569 2755 3622 frustrata.
2789 3568 2937 3623 Vale.

2386 3657 2600 3713 EI‘IST.
2643 3658 2793 3714 CVII.

2284 3765 2589 3804 svumcucs
2619 3755 2855 3804 SVAGRIO.

1862 3843 2166 3900 Alexander
2214 3843 2296 3894 vir
2343 3841 2717 3893 ornatissimus
2765 3839 2982 3892 sortitus
3039 3838 3358 3904 provinciam

1793 3935 2167 4009 prresidialem,
2202 3940 2351 4000 putat
2394 3930 2581 3983 honori
2600 3945 2698 3984 suo
2731 3929 3056 3983 incrementa
3095 3933 3357 3998 praestari,

1792 4033 1834 4084 si
1861 4039 1950 4084 tuo
1971 4044 2151 4083 amore
2184 4027 2430 4096 potiatur.
2456 4026 2629 4092 Quare
2651 4024 2895 4078 desiderii
2926 4024 3005 4078 sui
3057 4040 3139 4076 me
3183 4025 3366 4077 ascivit

1795 4123 2160 4187 interpretem,
2190 4118 2365 4169 sciens
2390 4118 2527 4182 apud
2562 4126 2614 4169 te
2645 4123 2847 4167 tantum
2879 4114 2980 4168 loci
3013 4129 3132 4168 esse
3176 4115 3363 4167 litteris

1798 4210 1950 4274 meis,
1982 4221 2036 4261 ut
2065 4209 2176 4260 haec
2206 4204 2602 4259 commendatio
2640 4205 2853 4258 maximi
2883 4205 3167 4258 testimonii
3202 4205 3365 4257 instar

1803 4300 2080 4353 habeatur.
2115 4295 2262 4350 Vale.

1031 4481 1505 4586 LIBER
1577 4477 2405 4586 SECUNDUS.

603 4639 937 4696 rlPIS'I'OLA
978 4639 1209 4695 PRIMA.

355 4740 654 4781 ευυιιεηυδ
685 4744 948 4783 FLAVMNO
979 4746 1169 4784 FRATRI
1198 4745 1458 4785 SALUTEM.

231 4811 301 4866 llic
321 4813 395 4870 ille
420 4826 497 4871 est
523 4817 762 4871 I’aralius
781 4856 798 4883 ,
831 4821 933 4900 cu;
955 4828 1231 4872 accusator
1261 4831 1409 4889 pater
1437 4832 1689 4888 quantum

181 4898 431 4961 discriminis
455 4910 636 4976 mutit,
671 4918 875 4962 tantum
903 4898 1072 4962 laudis
1102 4911 1320 4977 paravit.
1352 4911 1526 4966 Multis
1549 4916 1688 4966 enim

183 4999 522 5063 anstionibus,
555 5014 608 5054 et
641 5000 782 5069 quod
814 5010 896 5053 est
927 5001 1286 5067 potissimum,
1321 5003 1572 5070 principis
1598 5020 1690 5059 ore

183 5096 373 5154 purgatus
410 5101 646 5157 senator,
681 5102 908 5160 arguere
953 5107 1054 5146 non
1101 5104 1272 5160 potest
1317 5095 1552 5163 parentis
1592 5097 1688 5150 im-

185 5175 280 5238 piam
300 5181 619 5249 voluntatem,
651 5197 771 5250 qua:
801 5183 874 5235 illi
914 5183 1156 5248 pnestitit
1189 5185 1540 5239 innocentiam
1581 5188 1688 5240 ela-

181 5261 336 5320 riorem.
363 5269 500 5328 Hunc
537 5278 580 5327 si
617 5287 801 5326 amare
842 5275 1478 5343 postulas,imperatoris
1520 5279 1683 5332 nostri

183 5359 466 5417 tutiuronium
489 5366 634 5432 lege,
669 5373 728 5417 ut
763 5361 1009 5416 advertas
1038 5364 1255 5419 feliciter
1286 5366 1478 5421 factum
1511 5383 1680 5433 reum,

186 5459 292 5508 twn
315 5454 380 5508 sic
407 5453 576 5514 vide'as
603 5458 929 5512 absolutum.
965 5455 1110 5510 Vale.
1569 5453 1572 5456 ’

736 5542 953 5599 EI‘IST.
995 5543 1056 5596 II.

484 5653 791 5694 SYIHACHL‘S
822 5651 1077 5691 FLAVIANO
1107 5653 1308 5692 ΗιλΠιι.

229 5719 376 5786 lIacent
433 5732 554 5800 prod
577 5749 637 5797 ga
687 5730 864 5785 laudis
911 5738 1170 5792 vetustas,
1241 5747 1353 5794 quae
1409 5731 1680 5798 Apelletn,

1717 4646 1764 4704 D
1792 4642 2039 4704 Zeuxim,
2073 4642 2157 4693 vel
2189 4639 2378 4692 bonum
2415 4641 2648 4701 similes,
2680 4645 2734 4689 ut
2772 4652 3034 4705 quemque
3062 4646 3188 4692 atlas
3221 4639 3365 4699 lulit.

1800 4730 2126 4783 voluminum
2152 4729 2351 4780 honore
2372 4728 2581 4795 dignata
2603 4737 2704 4781 est.
2735 4727 2854 4780 Mihi
2879 4743 3000 4796 erga
3027 4729 3206 4783 aniIIi
3241 4746 3368 4798 pne-

1799 4822 2112 4874 dieationem
2144 4833 2321 4873 sermo
2347 4821 2572 4885 parcior,
2601 4819 2729 4872 Iides
2752 4820 2918 4886 major
2943 4831 3043 4872 t'SI.
3071 4821 3202 4884 Quid
3232 4823 3370 4873 enim

1795 4913 1934 4973 juvat
1972 4909 2241 4968 indulgere
2266 4909 2469 4971 verbis,
2510 4924 2626 4960 cum
2657 4923 2766 4959 rem
2813 4909 2964 4960 liceat
2997 4909 3260 4976 experiri?
3292 4908 3371 4963 Sit

1800 5003 1953 5066 igitur
1983 4998 2182 5053 doltoc
2225 5010 2310 5050 tua
2358 4997 2714 5061 cxiswmatio,
2749 4999 2836 5065 qui
2882 4999 3135 5050 bonarum
3180 4998 3370 5052 artium

1797 5098 2062 5157 Spectator
2085 5103 2295 5155 semper
2317 5086 2480 5139 fuisti.
2508 5086 2615 5153 Ego
2638 5086 2896 5139 Lucillum
2920 5087 3190 5140 modestia:
3215 5102 3373 5140 metae

1793 5193 1948 5250 atque
2014 5180 2310 5235 honesmtis
2386 5180 2658 5248 astipulor.
2714 5178 2994 5231 Videturne
3047 5178 3138 5232 tibi
3183 5180 3374 5248 dignus

1792 5289 1941 5340 esse,
1975 5290 2126 5343 quem
2156 5273 2369 5341 diligas,
2403 5272 2550 5338 cujus
2582 5271 2814 5336 gravitas
2844 5284 3103 5339 sponsore
3135 5287 3220 5325 me
3252 5272 3371 5322 IIIIl-

1794 5375 1897 5428 tur,
1927 5381 2010 5419 ars
2035 5375 2086 5418 et
2113 5365 2340 5417 eruditio
2377 5371 2425 5414 te
2465 5363 2631 5426 ipsum
2657 5359 2888 5427 judicent
2925 5363 3197 5414 meretur?
3231 5361 3373 5412 Vale.

2406 5450 2616 5503 I‘JI'IST.
2662 5450 2745 5503 III.

2160 5559 2462 5600 SVMMACIII'S
2497 5557 2752 5596 FLAVIANO
2783 5559 2994 5596 FRATRI.

1808 5701 1812 5706 ,
1867 5643 2104 5696 Fratrum
2148 5640 2352 5706 negotia
2381 5638 2516 5691 \elle
2562 5650 2888 5703 cognoscere
2940 5637 3020 5702 pia
3062 5643 3111 5687 el
3152 5632 3374 5686 Innestn

1795 5733 1992 5788 curatio
2035 5743 2134 5792 est.
2186 5733 2393 5785 Lubens
2437 5729 2590 5796 igitur
2623 5728 2955 5821 respondebo
2987 5727 3239 5792 (juzesitis.
3273 5724 3372 5778 Ca-
