3904 6334
179 298 292 360 835
1005 305 1286 366 (MELIUS
1325 304 1680 365 SEDULIUS.
1721 337 1792 350 --
1829 305 2172 393 EPISTOLA
2211 308 2698 368 DEDICATORIA.
3399 304 3508 364 438

1093 451 1344 460 -ς-,η-

1425 451 1664 460 ——

1874 452 2126 462 —.—___—.

195 444 1664 500 EﬂW.——_—._—
1685 451 1860 460 .—.—
1874 443 3503 504 ψῃ

1479 637 1648 683 ANNO
1692 638 1923 683 DOMINI
1966 637 2078 684 CCC
2087 639 2241 684 XCII.

668 793 1677 958 COELIUS
1812 795 3051 961 SEDULIUS.

1311 1066 1462 1128 (Edit.
1489 1067 1552 1117 ab
1576 1067 1789 1117 Arevaio
1812 1064 1978 1118 Romae
2005 1066 2130 1116 1794
2152 1069 2374 1130 recusa.)

1063 1365 1663 1550 @pistola
1771 1371 2592 1515 hebicatotia.

183 1744 624 1804 Eminentissimo
646 1759 693 1804 et
725 1749 1149 1806 reverendissimo
1174 1750 1399 1820 principi
1428 1758 1474 1805 et
1504 1749 1572 1804 ι).
1600 1749 1668 1804 D.
1699 1741 1998 1807 FRANCISCO
2018 1749 2267 1808 ANTONIO
2286 1768 2352 1807 DE
2378 1750 2699 1808 Lonauum
2727 1766 2796 1807 ET
2824 1751 3044 1806 Burnou
3073 1749 3134 1806 S.
3162 1749 3232 1806 R.
3258 1748 3325 1805 E.
3360 1765 3509 1820 pres—

262 1842 443 1913 bytero
465 1845 741 1913 cardinali,
769 1844 1154 1918 archiepiswpo
1179 1844 1448 1908 Toletano,
1481 1843 1861 1914 Hispaniarum
1891 1845 2123 1917 primati,
2150 1845 2467 1900 cancellario
2493 1845 2683 1918 majori
2706 1843 2966 1911 Castella,
2992 1842 3235 1915 praclari
3256 1844 3386 1916 regii
3415 1859 3515 1896 or-

261 1937 400 1990 dinis
433 1935 708 2009 llispanici
739 1937 916 1992 Caroli
947 1936 1070 2003 III,
1104 1955 1293 2009 ntagna
1321 1954 1472 1992 cruce
1500 1938 1780 2010 insignito,
1810 1949 1936 2006 etc.,
1967 1938 2268 1994 FAUSTINUS
2297 1941 2605 1994 AREVALUS.

271 2028 386 2084 Etsi
409 2032 603 2102 Optime
628 2033 885 2104 intelligo,
909 2034 1320 2088 eminentissime
1346 2034 1611 2106 princeps,
1642 2049 1757 2088 eum
1789 2043 1837 2088 te
1867 2050 1996 2101 esse,
2030 2034 2118 2106 qui
2142 2035 2438 2088 studiorum
2468 2049 2720 2099 meorum,
2742 2031 2990 2102 quidquid
3019 2039 3164 2093 sunt,
3196 2031 3519 2098 qualiacum-

183 2135 290 2195 que
313 2131 453 2187 sunt,
487 2124 735 2179 rationem
761 2143 792 2179 a
817 2142 895 2180 me
922 2142 1082 2199 pr0pe
1113 2127 1237 2198 jure
1278 2136 1366 2182 tuo
1405 2127 1632 2200 repetere
1660 2129 1850 2201 possis,
1886 2145 2097 2198 meaque
2129 2129 2307 2183 omnia
2334 2128 2424 2182 tibi
2464 2127 2658 2195 deberi,
2695 2136 2885 2194 tamen,
2925 2125 3082 2179 libere
3109 2136 3165 2181 ut
3204 2126 3402 2196 loquar,
3434 2127 3520 2179 vix

187 2231 335 2270 nunc
358 2215 565 2286 quidem
589 2217 885 2272 inducerem
914 2219 1169 2286 animum,
1199 2228 1254 2274 ut
1275 2221 1346 2274 ad
1367 2229 1436 2284 te,
1464 2222 1564 2274 ista
1590 2221 1846 2293 dignitate
1872 2221 2163 2284 virum,.tot
2193 2220 2354 2284 curis,
2389 2227 2460 2273 tot
2493 2219 2790 2272 muneribus
2823 2217 3143 2283 districtum,
3172 2217 3391 2270 alterum
3420 2215 3521 2272 hoc

188 2309 433 2368 laborum
460 2327 690 2367 meorum
714 2315 767 2368 in
795 2311 1120 2369 Christianos
1142 2325 1320 2388 poetas
1346 2317 1602 2388 specimen
1629 2319 1906 2385 mitterem,
1933 2319 2035 2371 nisi
2059 2318 2132 2370 ita
2161 2304 2385 2380 crebris,
2405 2332 2466 2368 ac
2496 2315 2698 2384 magnis
2728 2331 2760 2367 a
2791 2323 2858 2381 te,
2886 2311 3310 2367 lucubrationum
3334 2313 3522 2384 hujus-

186 2405 397 2460 cemodi
427 2421 656 2460 mearum
684 2408 912 2475 nomine,
945 2409 1242 2463 cumulatus
1285 2409 1546 2480 beneﬁciis
1580 2426 1764 2479 essem,
1812 2420 1867 2464 ut
1909 2411 2068 2481 facile
2088 2410 2319 2479 credam,
2351 2419 2398 2465 te
2431 2409 2709 2465 Sedulium
2753 2423 2951 2472 meum,
2986 2423 3136 2478 quem
3171 2408 3420 2462 reverenti
3469 2414 3520 2463 et

191 2497 452 2553 submisso
481 2500 656 2552 animo
678 2517 814 2554 nunc
844 2500 1026 2567 oﬂ'ero,
1060 2501 1283 2573 benigno
1305 2510 1352 2555 et
1376 2500 1586 2573 placido
1612 2501 1755 2556 uultu
1777 2501 2158 2573 suscepturum.

270 2591 458 2663 Atque,
481 2599 536 2643 ut
556 2591 663 2645 alia
683 2590 782 2645 hoc
808 2592 921 2646 loco
949 2603 1450 2662 prateream,unum
1472 2592 1626 2647 modo
1655 2608 2061 2647 commemorare
2087 2592 2215 2646 milii
2240 2592 2392 2646 liceat
2423 2608 2442 2646 :
2469 2591 2608 2662 quod
2630 2601 2799 2646 tamen
2827 2608 2927 2646 non
2958 2591 3027 2644 ad
3057 2590 3219 2645 ullam
3246 2591 3520 2657 doctrina,

194 2689 287 2736 aut
309 2681 503 2752 ingenii
528 2683 627 2735 mei
657 2683 1160 2761 conmtendationent
1175 2683 1370 2738 dictum
1393 2685 1556 2738 videri
1585 2684 1760 2750 velim,
1786 2701 1901 2754 qua
1928 2702 2084 2756 quam
2107 2687 2208 2740 sint
2237 2686 2446 2755 exigua,
2476 2687 2678 2752 sentio;
2701 2685 2791 2740 sed
2811 2684 2881 2740 ad
2905 2695 3008 2740 tua
3029 2686 3183 2739 unius
3211 2685 3520 2756 singularis,

197 2786 356 2846 atque
385 2775 702 2831 incredibilis
740 2777 988 2832 adversus
1015 2775 1332 2832 Christiana
1359 2778 1672 2833 litteratura
1692 2777 1912 2832 cultores
1944 2779 2323 2850 propensionis,
2355 2788 2403 2834 et
2437 2779 2783 2849 beneﬁcentia
2808 2779 3248 2852 praedicationem.
3281 2779 3516 2834 Comme‘

195 2884 426 2935 morare,
457 2869 692 2939 inquam,
725 2868 823 2924 hoc.
860 2887 1020 2924 unum
1050 2870 1180 2924 mihi
1211 2871 1387 2940 liceat,
1421 2869 1646 2925 voluisse
1677 2881 1743 2933 te,
1775 2871 1908 2925 inter
1929 2873 2178 2942 imagines
2209 2873 2432 2926 virorum
2471 2872 2712 2927 doctrina
2749 2874 3052 2940 illustrium,
3082 2889 3196 2944 qua
3217 2874 3269 2928 in
3309 2875 3521 2946 publica

195 2963 423 3018 istarum
455 2973 662 3018 tuarum
689 2963 880 3019 adium
910 2963 1440 3034 arcltiepiswpalium
1469 2962 1777 3018 bibliotheca
1809 2964 2066 3026 visuntur,
2117 2979 2281 3018 meam
2329 2980 2532 3034 quoque
2577 2965 2856 3036 imaginem
2876 3007 2892 3032 ,
2923 2982 2953 3018 ιι
2986 2965 3182 3036 pictore
3229 2966 3281 3018 in
3334 2967 3518 3035 primis

196 3058 345 3113 claro
376 3056 750 3114 Bonaventura
779 3057 968 3114 Salesa
991 3058 1058 3113 ad
1084 3059 1254 3112 uit-um
1281 3074 1602 3128 expressam,
1636 3055 1902 3113 collocari.

279 3155 324 3208 0
353 3171 463 3209 rem
492 3154 821 3225 praclarum,
854 3155 922 3210 ad
951 3172 1107 3226 quant
1135 3171 1440 3222 numquam,
1475 3170 1593 3209 vere
1619 3164 1674 3208 ut
1707 3155 1912 3224 loquar,
1944 3171 2007 3208 ne
2036 3155 2300 3210 somnians
2324 3154 2528 3227 quidem
2551 3155 2898 3223 aspirassem!
2930 3152 2974 3208 0
3002 3153 3244 3209 eximiam
3276 3161 3437 3222 tuam,
3461 3163 3520 3210 ut

198 3249 340 3315 dixi,
373 3249 623 3304 adversus
653 3249 967 3306 Christiana
992 3251 1303 3304 litteratura
1333 3251 1594 3305 studiosos
1619 3252 2038 3324 propensionem,
2068 3262 2115 3305 et
2148 3251 2587 3305 benevolentiam!
2615 3247 2697 3304 En
2732 3251 2913 3323 igitur,
2947 3248 3338 3305 clementissime
3374 3253 3518 3320 prin-

198 3361 339 3417 ceps,
367 3360 555 3398 novum
580 3346 715 3399 hunc
743 3360 911 3399 meum
936 3351 1182 3398 conatum
1203 3345 1253 3397 in
1279 3360 1338 3398 ea
1362 3343 1556 3410 studia,
1587 3361 1702 3416 qua
1727 3353 1993 3416 tantopere
2021 3362 2189 3412 amas,
2216 3337 2368 3410 colis,
2402 3361 2686 3415 promoves.

277 3440 526 3508 Quamvis
553 3449 744 3506 autem,
793 3449 844 3493 ut
883 3438 1113 3494 Juvenco
1145 3439 1479 3504 imitatorem,
1509 3456 1570 3494 ac
1597 3440 1910 3512 discipulum
1935 3456 2090 3494 suum
2120 3443 2172 3495 in
2204 3442 2543 3496 sacrosanctis
2573 3435 3139 3513 Evangeliis°carmine
3179 3441 3525 3513 explan‘andis

199 3537 514 3607 adjungam,
542 3527 816 3590 Sedulium
845 3544 980 3588 nunc
1012 3533 1184 3600 potius
1213 3534 1389 3601 edam,
1421 3550 1573 3603 quam
1619 3551 1779 3587 unum
1819 3535 2042 3602 aliquem
2071 3551 2134 3590 ex
2161 3537 2391 3602 antiquis
2442 3535 2692 3604 Hispanis
2747 3535 3012 3600 Patribus,
3057 3545 3226 3590 tamen
3262 3552 3362 3589 non
3390 3536 3465 3588 ita
3491 3551 3526 3589 a

200 3632 366 3704 priori
397 3631 490 3685 illo
515 3647 627 3684 meo
658 3630 895 3685 instituto
921 3632 1127 3696 recessi,
1162 3642 1216 3684 ut
1250 3634 1462 3686 concilii
1494 3631 1738 3697 Romani,
1770 3634 1929 3702 quod,
1979 3632 2208 3687 Damaso
2238 3635 2503 3705 pontiﬁce,
2538 3635 2768 3688 habitum
2791 3635 2888 3704 [uit
2918 3635 2981 3686 de
3005 3633 3400 3704 Scripturarum
3440 3633 3524 3686 di-

201 3726 445 3779 vinarum
474 3740 671 3779 canone
695 3725 1078 3792 constituendo,
1110 3741 1174 3780 ex
1214 3724 1479 3778 Vaticanis
1511 3725 2020 3780 momnnentis‘inter
2048 3727 2359 3798 appendices
2391 3727 2695 3782 illustrandi
2729 3729 3048 3782 occasionem
3078 3727 3302 3781 oblatam
3342 3725 3523 3781 libenti

201 3817 378 3870 animo
409 3832 514 3870 non
540 3817 874 3886 arripuerim.

278 3907 463 3978 Neque
497 3898 699 3980 majora
738 3911 792 3963 in
837 3909 1083 3963 Ecclesia
1115 3907 1369 3976 Hispana
1396 3908 1571 3972 decus,
1602 3909 1649 3962 si
1693 3909 1854 3961 vitam
1886 3908 2046 3976 Deus,
2075 3921 2122 3964 et
2149 3911 2279 3964 vires
2308 3911 2619 3983 suppeditet,
2650 3912 2863 3981 aggredi
2892 3913 3157 3977 desistam,
3185 3921 3270 3966 tuo
3300 3913 3521 3968 maxime

205 4015 511 4074 prouocatus
537 4001 792 4073 exemplo,
818 4003 907 4071 qui
935 4000 1394 4056 innumerabilibus
1423 4001 1562 4054 curis
1585 3999 1920 4070 amplissima
1949 4010 2049 4055 tua
2075 4002 2368 4068 diaceseos,
2400 4001 2615 4071 aliisque
2637 4003 2875 4075 negotiis,
2903 4019 3018 4072 qua
3045 4001 3295 4074 peculiari
3317 4005 3520 4057 ratione

204 4101 268 4154 ab
291 4100 486 4168 Optimo
519 4107 564 4152 et
594 4085 1000 4171 prudentissimo
1051 4113 1167 4166 rege
1191 4095 1377 4150 Carolo
1419 4093 1505 4148 IV
1535 4094 1625 4147 tibi
1655 4095 1927 4148 commissa
1955 4095 2212 4167 singulari
2239 4097 2497 4168 sapientia
2522 4096 2718 4168 exples,
2752 4095 2928 4149 studia
2960 4097 3112 4149 etiam
3144 4113 3314 4162 sacra,
3351 4107 3395 4151 et
3426 4096 3506 4149 la-

208 4195 353 4249 bores
389 4192 543 4246 addis
571 4190 827 4263 palwstt'a’
856 4191 1145 4258 litteraria,
1179 4191 1231 4242 in
1260 4206 1360 4256 qua
1393 4189 1736 4242 immortalem
1764 4189 1984 4243 nominis
2024 4191 2243 4259 gloriam
2283 4201 2326 4244 et
2357 4192 2530 4243 multis
2560 4190 2770 4262 jamdiu
2800 4190 3060 4256 prae/aris
3099 4188 3334 4260 operibus
3362 4189 3512 4244 editis

206 4288 548 4358 comparasti,
580 4296 625 4340 et
655 4303 820 4356 nuper
846 4286 988 4338 tertio
1023 4283 1280 4338 volumine
1314 4283 1534 4338 Patrum
1558 4283 1928 4340 Toletunorum
1960 4287 2012 4340 in
2042 4285 2301 4357 publicam
2335 4287 2517 4353 lucem,
2548 4297 2592 4340 et
2623 4284 2896 4340 utilitatem
2919 4286 3102 4340 emisso
3124 4286 3311 4338 mirum
3335 4287 3384 4339 in
3406 4301 3520 4340 mo-

207 4383 330 4437 dum
361 4381 573 4435 auxisti.

206 4498 225 4524 -.
283 4475 560 4530 Enimvero
588 4488 744 4544 neque
774 4472 1020 4525 immensa
1051 4472 1150 4525 ista
1179 4480 1267 4525 tua
1306 4472 1360 4524 in
1412 4468 1740 4524 sublevandis
1786 4450 2055 4524 ‘ltominum
2099 4469 2344 4524 arumnis
2402 4467 2779 4534 muniﬁcentia,
2840 4482 3003 4536 neque
3045 4469 3187 4519 novis
3230 4465 3523 4538 ingentibus

207 4569 521 4639 sumptibus,
551 4578 595 4621 et
619 4565 863 4620 subsidiis
900 4566 968 4619 ad
998 4566 1402 4634 promovendum
1427 4580 1522 4635 pro
1554 4565 1746 4632 patria,
1777 4574 1824 4618 et
1854 4565 2105 4635 religione
2140 4573 2432 4633 susceptum
2465 4562 2652 4615 bellum
2676 4560 3094 4624 subministratis,
3129 4561 3402 4615 deterritus
3443 4578 3520 4627 es,

188 4669 482 4738 quominus
505 4663 597 4716 hac
621 4667 773 4716 etiam
803 4661 857 4714 in
885 4672 1029 4730 parte
1063 4660 1282 4723 publica:
1307 4660 1523 4712 utilitati
1550 4659 1890 4730 prospiceres.
1927 4658 2128 4729 Quippe
2154 4657 2600 4726 persuasissimum
2641 4654 2730 4708 tibi
2763 4664 2858 4718 est,
2897 4664 2947 4706 ut
2985 4652 3052 4706 ad
3076 4653 3262 4721 impios
3289 4651 3522 4708 homines

211 4759 566 4826 debellandos,
595 4758 680 4827 qui
705 4774 852 4810 arma
874 4768 1052 4813 contra
1066 4757 1193 4826 jura
1223 4757 1397 4810 omnia
1421 4757 1619 4822 divina,
1652 4765 1700 4810 et
1728 4756 1957 4811 humana
2000 4762 2344 4826 sumpserunt,
2384 4751 2669 4805 necessaria
2700 4760 2815 4803 sunt
2845 4764 3011 4812 arma,
3043 4749 3115 4801 ita
3144 4747 3211 4800 ad
3240 4747 3521 4820 impietatis

209 4858 405 4910 semina
430 4855 634 4924 penitus
659 4853 940 4919 evellenda,
971 4867 1088 4922 qua
1118 4852 1303 4920 ubique
1334 4861 1607 4917 terrarum,
1646 4867 1750 4904 non
1781 4851 1918 4912 dico.
1949 4854 2097 4923 jacta
2126 4857 2266 4914 sunt,
2298 4848 2388 4899 sed
2415 4845 2695 4898 insolenter
2726 4843 3015 4907 luxuriant,
3057 4842 3358 4914 evangelica:
3395 4841 3522 4914 legis

211 4950 541 5014 documenta,
566 4963 630 5002 ex
651 4963 738 5001 ore
761 4947 1083 5016 potissimum
1110 4955 1336 5000 ueterum
1368 4948 1734 5019 magistrorum
1760 4947 2014 5017 exposita,
2043 4943 2230 5014 passim
2262 4959 2368 4997 esse
2394 4958 2521 4995 non~
2539 4942 2708 4994 solum
2745 4937 3024 5006 offerenda,
3064 4937 3153 4992 sed
3180 4937 3332 4991 etiam
3360 4935 3546 4998 incul--~

211 5041 400 5096 cauda.

288 5132 701 5187 Prudentissime
729 5148 844 5184 vero
875 5147 906 5182 a
935 5141 982 5183 te
1007 5131 1201 5198 [uetant
1227 5141 1321 5196 est,
1371 5132 1510 5202 quod
1554 5127 1935 5200 antiquioribus
1977 5127 2097 5180 aliis
2124 5124 2392 5179 Toletanis
2420 5122 2666 5176 Patribus
2711 5120 3021 5175 Rodericum
3051 5118 3384 5183 Ximenium,
3417 5133 3517 5170 sa-

213 5225 316 5278 culi
347 5241 442 5279 xm
461 5225 788 5295 scriptorem,
813 5222 1148 5294 conjunxeris
1182 5239 1198 5277 :
1231 5223 1380 5290 cujus
1406 5223 1524 5289 viri,
1551 5209 1971 5275 sanctitate'vita
1993 5234 2136 5288 aque
2165 5233 2225 5270 ac
2249 5217 2486 5273 doctrina
2513 5214 2752 5286 insignis,
2784 5215 2913 5298 inter
2933 5218 3148 5265 cateras
3170 5211 3377 5264 virtutes
3397 5208 3523 5263 reli-

214 5320 415 5390 giosum
459 5335 578 5389 erga
605 5318 774 5372 sedem
802 5316 1142 5388 apostolicam
1189 5315 1481 5369 Romanam
1515 5315 1812 5381 obsequium
1837 5313 1952 5366 licet
1985 5312 2240 5366 admirari
2268 5327 2286 5364 :
2313 5310 2452 5380 quod
2481 5309 2568 5362 tibi
2607 5306 2892 5376 exemplum
2918 5303 3227 5356 imitandum
3265 5303 3520 5392 quodam-

215 5414 366 5467 modo
393 5413 716 5482 propositum
744 5413 926 5482 fuisse,
960 5409 1110 5463 exiis
1142 5407 1330 5462 litteris
1358 5409 1573 5480 colligo,
1605 5425 1733 5477 quas
1761 5418 1862 5460 tua
1889 5406 2082 5476 pariter
2107 5395 2230 5474 erga
2265 5403 2495 5456 eamdem
2529 5405 2751 5470 primam
2780 5395 2951 5448 sedem
2995 5393 3138 5448 Petri
3182 5396 3522 5451 uenerationis

213 5516 384 5570 testes,
420 5515 468 5559 et
493 5504 696 5558 obsides
725 5507 791 5556 ad
821 5501 928 5558 SS.
957 5500 1025 5554 D.
1059 5500 1130 5554 Ν.
1166 5498 1324 5552 Pium
1361 5499 1435 5552 Vl
1467 5499 1626 5552 Pont.
1654 5497 1802 5552 Max.
1830 5497 2101 5553 mittendas
2129 5498 2344 5550 curasti.

290 5599 432 5665 Quos
462 5599 623 5668 igitur
652 5596 777 5649 mihi
809 5596 1013 5649 animos
1039 5593 1220 5655 addes,
1252 5591 1652 5645 eminentissime
1681 5592 1940 5659 princeps,
1975 5589 2018 5643 si
2046 5604 2148 5641 me.
2171 5603 2231 5639 ac
2259 5600 2396 5637 meas
2417 5581 2965 5636 commentatiunculas
2992 5579 3127 5634 tueri
3157 5579 3378 5651 pergas!
3407 5578 3522 5633 Ne-

216 5712 314 5765 que
339 5706 386 5748 te
413 5692 657 5763 pluribus
681 5690 936 5744 distinebo
961 5705 979 5742 :
1001 5688 1092 5744 sed
1113 5685 1278 5740 verbis
1300 5694 1498 5739 tantum
1523 5683 1728 5738 Sedulii
1763 5701 1826 5739 ex
1857 5684 2072 5757 epistola
2095 5679 2416 5733 dulicatoria
2436 5678 2608 5748 cperis
2639 5673 2912 5729 Paschalis
2943 5675 3027 5726 ad'
3044 5673 3412 5727 Macedoniam
3441 5689 3527 5728 re»

219 5786 411 5860 petitis,
443 5781 758 5854 deprecabor
787 5797 805 5835 :
836 5780 983 5838 Fave
1015 5779 1270 5849 primum,
1306 5786 1362 5831 ut
1390 5775 1486 5830 alii
1509 5777 1748 5844 faveant,
1773 5785 1829 5833 et
1850 5777 2088 5834 omnian
2111 5773 2387 5830 mentibus
2408 5771 2679 5828 sententia
2702 5785 2761 5827 se
2789 5770 3032 5839 probata:
3055 5769 3256 5840 jugiter
3277 5767 3523 5824 auctori-

227 5879 348 5936 tatis
374 5873 646 5933 infundat.
