  <div class='ocr_page' id='page_1' title='image "/cluster/home/n/w/nwhite01/storage/ocr_20150623/18-19/uva.x000826554/1009.png"; bbox 0 0 3896 6412; ppageno 0'>
   <div class='ocr_carea' id='block_1_1' title="bbox 288 315 485 390">
    <p class='ocr_par' dir='ltr' id='par_1_1' title="bbox 288 315 485 390">
     <span class='ocr_line' id='line_1_1' title="bbox 288 315 485 390; baseline -0.01 -18"><span class='ocrx_word' id='word_1_1' title='bbox 288 386 292 390; x_wconf 13' lang='grc' dir='ltr'><strong>Α</strong></span> <span class='ocrx_word' id='word_1_2' title='bbox 378 315 485 372; x_wconf 69' lang='lat' dir='ltr'><strong>iss</strong></span> 
     </span>
    </p>
   </div>
   <div class='ocr_carea' id='block_1_2' title="bbox 388 433 3547 464">
    <p class='ocr_par' dir='ltr' id='par_1_2' title="bbox 388 433 3547 464">
     <span class='ocr_line' id='line_1_2' title="bbox 388 433 3547 464; baseline 0 -18"><span class='ocrx_word' id='word_1_3' title='bbox 388 433 3547 464; x_wconf 80' lang='lat'><strong>_______________.________________._________._.__</strong></span> 
     </span>
    </p>
   </div>
   <div class='ocr_carea' id='block_1_3' title="bbox 1691 304 2381 363">
    <p class='ocr_par' dir='ltr' id='par_1_3' title="bbox 1691 304 2381 363">
     <span class='ocr_line' id='line_1_3' title="bbox 1691 304 2381 363; baseline -0.007 -3"><span class='ocrx_word' id='word_1_4' title='bbox 1691 305 1981 363; x_wconf 74' lang='lat' dir='ltr'><strong>C(ELIUS</strong></span> <span class='ocrx_word' id='word_1_5' title='bbox 2020 304 2381 363; x_wconf 68' lang='lat' dir='ltr'><strong>SEDULIUS.</strong></span> 
     </span>
    </p>
   </div>
   <div class='ocr_carea' id='block_1_4' title="bbox 819 582 3243 670">
    <p class='ocr_par' dir='ltr' id='par_1_4' title="bbox 819 582 3243 670">
     <span class='ocr_line' id='line_1_4' title="bbox 819 582 3243 670; baseline -0.003 0"><span class='ocrx_word' id='word_1_6' title='bbox 819 584 1723 670; x_wconf 79' lang='lat' dir='ltr'><strong>PROLEGOMENA</strong></span> <span class='ocrx_word' id='word_1_7' title='bbox 1795 583 1918 666; x_wconf 88' lang='lat' dir='ltr'><strong>IN</strong></span> <span class='ocrx_word' id='word_1_8' title='bbox 1995 582 2517 668; x_wconf 87' lang='lat' dir='ltr'><strong>COELIUM</strong></span> <span class='ocrx_word' id='word_1_9' title='bbox 2593 582 3243 667; x_wconf 87' lang='lat' dir='ltr'><strong>SEDULIUM.</strong></span> 
     </span>
    </p>
   </div>
   <div class='ocr_carea' id='block_1_5' title="bbox 1020 886 1337 947">
    <p class='ocr_par' dir='ltr' id='par_1_5' title="bbox 1020 886 1337 947">
     <span class='ocr_line' id='line_1_5' title="bbox 1020 886 1337 947; baseline -0.006 -1"><span class='ocrx_word' id='word_1_10' title='bbox 1020 886 1251 947; x_wconf 82' lang='lat' dir='ltr'><strong>CAPUT</strong></span> <span class='ocrx_word' id='word_1_11' title='bbox 1296 890 1337 945; x_wconf 83' lang='grc' dir='ltr'><strong>ι.</strong></span> 
     </span>
    </p>
   </div>
   <div class='ocr_carea' id='block_1_6' title="bbox 775 981 1580 1060">
    <p class='ocr_par' dir='ltr' id='par_1_6' title="bbox 775 981 1580 1060">
     <span class='ocr_line' id='line_1_6' title="bbox 775 981 1580 1060; baseline 0.001 -22"><span class='ocrx_word' id='word_1_12' title='bbox 775 982 921 1038; x_wconf 75' lang='grc' dir='ltr'><strong>εωιίε</strong></span> <span class='ocrx_word' id='word_1_13' title='bbox 952 981 1157 1038; x_wconf 79' lang='lat' dir='ltr'><strong>Sedulii</strong></span> <span class='ocrx_word' id='word_1_14' title='bbox 1188 984 1313 1049; x_wconf 84' lang='lat' dir='ltr'><strong>vita,</strong></span> <span class='ocrx_word' id='word_1_15' title='bbox 1348 994 1396 1038; x_wconf 86' lang='lat' dir='ltr'><strong>et</strong></span> <span class='ocrx_word' id='word_1_16' title='bbox 1416 994 1580 1060; x_wconf 86' lang='lat' dir='ltr'><strong>gesta.</strong></span> 
     </span>
    </p>
   </div>
   <div class='ocr_carea' id='block_1_7' title="bbox 452 1078 1987 1153">
    <p class='ocr_par' dir='ltr' id='par_1_7' title="bbox 452 1078 1987 1153">
     <span class='ocr_line' id='line_1_7' title="bbox 452 1078 1987 1153; baseline 0 -18"><span class='ocrx_word' id='word_1_17' title='bbox 452 1085 495 1153; x_wconf 84' lang='grc' dir='ltr'>ι</span> <span class='ocrx_word' id='word_1_18' title='bbox 522 1081 572 1148; x_wconf 76' lang='grc'><strong>1.</strong></span> <span class='ocrx_word' id='word_1_19' title='bbox 594 1078 832 1136; x_wconf 81' lang='lat' dir='ltr'><strong>Intuenti</strong></span> <span class='ocrx_word' id='word_1_20' title='bbox 858 1078 991 1133; x_wconf 87' lang='lat' dir='ltr'><strong>mihi</strong></span> <span class='ocrx_word' id='word_1_21' title='bbox 1020 1079 1073 1133; x_wconf 91' lang='lat' dir='ltr'><strong>in</strong></span> <span class='ocrx_word' id='word_1_22' title='bbox 1102 1080 1284 1135; x_wconf 87' lang='lat' dir='ltr'><strong>varias</strong></span> <span class='ocrx_word' id='word_1_23' title='bbox 1308 1094 1489 1135; x_wconf 89' lang='lat' dir='ltr'><strong>rerum</strong></span> <span class='ocrx_word' id='word_1_24' title='bbox 1518 1080 1877 1135; x_wconf 86' lang='lat' dir='ltr'><strong>humanarum</strong></span> <span class='ocrx_word' id='word_1_25' title='bbox 1909 1081 1987 1135; x_wconf 68' lang='lat' dir='ltr'><strong>ri-</strong></span> 
     </span>
    </p>
   </div>
   <div class='ocr_carea' id='block_1_8' title="bbox 376 1170 1981 1245">
    <p class='ocr_par' dir='ltr' id='par_1_8' title="bbox 376 1170 1981 1245">
     <span class='ocr_line' id='line_1_8' title="bbox 376 1170 1981 1245; baseline -0.002 -14"><span class='ocrx_word' id='word_1_26' title='bbox 376 1174 761 1238; x_wconf 76' lang='lat' dir='ltr'><strong>cissitndincs,</strong></span> <span class='ocrx_word' id='word_1_27' title='bbox 805 1188 868 1226; x_wconf 91' lang='lat' dir='ltr'><strong>ac</strong></span> <span class='ocrx_word' id='word_1_28' title='bbox 911 1170 1006 1227; x_wconf 89' lang='lat' dir='ltr'><strong>diu</strong></span> <span class='ocrx_word' id='word_1_29' title='bbox 1036 1173 1382 1245; x_wconf 90' lang='lat' dir='ltr'><strong>multumque</strong></span> <span class='ocrx_word' id='word_1_30' title='bbox 1432 1173 1801 1229; x_wconf 87' lang='lat' dir='ltr'><strong>consideranti</strong></span> <span class='ocrx_word' id='word_1_31' title='bbox 1840 1174 1981 1228; x_wconf 87' lang='lat' dir='ltr'><strong>cala-</strong></span> 
     </span>
    </p>
   </div>
   <div class='ocr_carea' id='block_1_9' title="bbox 346 1266 1985 1341">
    <p class='ocr_par' dir='ltr' id='par_1_9' title="bbox 346 1266 1985 1341">
     <span class='ocr_line' id='line_1_9' title="bbox 346 1266 1985 1341; baseline 0.001 -18"><span class='ocrx_word' id='word_1_32' title='bbox 346 1338 347 1341; x_wconf 18' lang='grc' dir='ltr'><strong>η</strong></span> <span class='ocrx_word' id='word_1_33' title='bbox 380 1268 596 1333; x_wconf 82' lang='lat' dir='ltr'><strong>mitosa,</strong></span> <span class='ocrx_word' id='word_1_34' title='bbox 633 1266 689 1322; x_wconf 90' lang='lat' dir='ltr'><strong>in</strong></span> <span class='ocrx_word' id='word_1_35' title='bbox 719 1282 841 1338; x_wconf 77' lang='lat' dir='ltr'><strong>quae</strong></span> <span class='ocrx_word' id='word_1_36' title='bbox 872 1283 1015 1322; x_wconf 88' lang='lat' dir='ltr'><strong>nunc</strong></span> <span class='ocrx_word' id='word_1_37' title='bbox 1051 1267 1362 1337; x_wconf 84' lang='lat' dir='ltr'><strong>incidimus,</strong></span> <span class='ocrx_word' id='word_1_38' title='bbox 1400 1280 1666 1339; x_wconf 81' lang='lat' dir='ltr'><strong>tempora,</strong></span> <span class='ocrx_word' id='word_1_39' title='bbox 1719 1269 1784 1323; x_wconf 90' lang='lat' dir='ltr'><strong>ad</strong></span> <span class='ocrx_word' id='word_1_40' title='bbox 1828 1285 1985 1325; x_wconf 89' lang='lat' dir='ltr'><strong>coer-</strong></span> 
     </span>
    </p>
   </div>
   <div class='ocr_carea' id='block_1_10' title="bbox 380 1360 1987 1435">
    <p class='ocr_par' dir='ltr' id='par_1_10' title="bbox 380 1360 1987 1435">
     <span class='ocr_line' id='line_1_10' title="bbox 380 1360 1987 1435; baseline 0.001 -17"><span class='ocrx_word' id='word_1_41' title='bbox 380 1360 587 1418; x_wconf 88' lang='lat' dir='ltr'><strong>cendos</strong></span> <span class='ocrx_word' id='word_1_42' title='bbox 622 1361 997 1432; x_wconf 86' lang='lat' dir='ltr'><strong>improborum</strong></span> <span class='ocrx_word' id='word_1_43' title='bbox 1034 1360 1314 1417; x_wconf 84' lang='lat' dir='ltr'><strong>hominum</strong></span> <span class='ocrx_word' id='word_1_44' title='bbox 1346 1374 1581 1418; x_wconf 75' lang='lat' dir='ltr'><strong>conatus</strong></span> <span class='ocrx_word' id='word_1_45' title='bbox 1611 1364 1745 1419; x_wconf 89' lang='lat' dir='ltr'><strong>utile</strong></span> <span class='ocrx_word' id='word_1_46' title='bbox 1777 1365 1829 1418; x_wconf 90' lang='lat' dir='ltr'><strong>in</strong></span> <span class='ocrx_word' id='word_1_47' title='bbox 1875 1364 1987 1435; x_wconf 79' lang='lat' dir='ltr'><strong>pri-</strong></span> 
     </span>
    </p>
   </div>
   <div class='ocr_carea' id='block_1_11' title="bbox 374 1455 1986 1529">
    <p class='ocr_par' dir='ltr' id='par_1_11' title="bbox 374 1455 1986 1529">
     <span class='ocr_line' id='line_1_11' title="bbox 374 1455 1986 1529; baseline 0.002 -18"><span class='ocrx_word' id='word_1_48' title='bbox 374 1456 485 1517; x_wconf 73' lang='lat' dir='ltr'><strong>mis</strong></span> <span class='ocrx_word' id='word_1_49' title='bbox 517 1455 692 1510; x_wconf 89' lang='lat' dir='ltr'><strong>visum</strong></span> <span class='ocrx_word' id='word_1_50' title='bbox 723 1462 807 1509; x_wconf 84' lang='lat' dir='ltr'><strong>est</strong></span> <span class='ocrx_word' id='word_1_51' title='bbox 835 1468 1083 1511; x_wconf 89' lang='lat' dir='ltr'><strong>veterum</strong></span> <span class='ocrx_word' id='word_1_52' title='bbox 1128 1456 1351 1511; x_wconf 91' lang='lat' dir='ltr'><strong>Patrum</strong></span> <span class='ocrx_word' id='word_1_53' title='bbox 1396 1458 1602 1528; x_wconf 85' lang='lat' dir='ltr'><strong>scripta</strong></span> <span class='ocrx_word' id='word_1_54' title='bbox 1651 1473 1747 1529; x_wconf 91' lang='lat' dir='ltr'><strong>per</strong></span> <span class='ocrx_word' id='word_1_55' title='bbox 1793 1471 1986 1515; x_wconf 80' lang='lat' dir='ltr'><strong>omnes</strong></span> 
     </span>
    </p>
   </div>
   <div class='ocr_carea' id='block_1_12' title="bbox 383 1547 1981 1625">
    <p class='ocr_par' dir='ltr' id='par_1_12' title="bbox 383 1547 1981 1625">
     <span class='ocr_line' id='line_1_12' title="bbox 383 1547 1981 1625; baseline 0.003 -21"><span class='ocrx_word' id='word_1_56' title='bbox 383 1547 589 1619; x_wconf 81' lang='lat' dir='ltr'><strong>ubique</strong></span> <span class='ocrx_word' id='word_1_57' title='bbox 615 1557 823 1620; x_wconf 85' lang='lat' dir='ltr'><strong>partes,</strong></span> <span class='ocrx_word' id='word_1_58' title='bbox 848 1550 1031 1620; x_wconf 86' lang='lat' dir='ltr'><strong>quoad</strong></span> <span class='ocrx_word' id='word_1_59' title='bbox 1069 1549 1189 1621; x_wconf 87' lang='lat' dir='ltr'><strong>ejus</strong></span> <span class='ocrx_word' id='word_1_60' title='bbox 1236 1550 1356 1607; x_wconf 82' lang='lat' dir='ltr'><strong>fieri</strong></span> <span class='ocrx_word' id='word_1_61' title='bbox 1392 1552 1611 1622; x_wconf 87' lang='lat' dir='ltr'><strong>possit,</strong></span> <span class='ocrx_word' id='word_1_62' title='bbox 1660 1568 1981 1625; x_wconf 81' lang='lat' dir='ltr'><strong>propagare,</strong></span> 
     </span>
    </p>
   </div>
   <div class='ocr_carea' id='block_1_13' title="bbox 376 1631 1983 1715">
    <p class='ocr_par' dir='ltr' id='par_1_13' title="bbox 376 1631 1983 1715">
     <span class='ocr_line' id='line_1_13' title="bbox 376 1631 1983 1715; baseline 0.004 -18"><span class='ocrx_word' id='word_1_63' title='bbox 376 1658 678 1715; x_wconf 79' lang='lat' dir='ltr'><strong>eorumque</strong></span> <span class='ocrx_word' id='word_1_64' title='bbox 714 1643 1007 1700; x_wconf 89' lang='lat' dir='ltr'><strong>lecti0nem</strong></span> <span class='ocrx_word' id='word_1_65' title='bbox 1052 1644 1487 1714; x_wconf 77' lang='lat' dir='ltr'><strong>frequentiorem</strong></span> <span class='ocrx_word' id='word_1_66' title='bbox 1536 1631 1792 1704; x_wconf 81' lang='lat' dir='ltr'><strong>reddere.</strong></span> <span class='ocrx_word' id='word_1_67' title='bbox 1844 1648 1983 1704; x_wconf 86' lang='lat' dir='ltr'><strong>Gra-</strong></span> 
     </span>
    </p>
   </div>
   <div class='ocr_carea' id='block_1_14' title="bbox 378 1733 1985 1805">
    <p class='ocr_par' dir='ltr' id='par_1_14' title="bbox 378 1733 1985 1805">
     <span class='ocr_line' id='line_1_14' title="bbox 378 1733 1985 1805; baseline 0.004 -16"><span class='ocrx_word' id='word_1_68' title='bbox 378 1737 524 1789; x_wconf 81' lang='lat' dir='ltr'><strong>viter</strong></span> <span class='ocrx_word' id='word_1_69' title='bbox 547 1733 843 1801; x_wconf 78' lang='lat' dir='ltr'><strong>Ccllarius,</strong></span> <span class='ocrx_word' id='word_1_70' title='bbox 869 1736 1118 1805; x_wconf 75' lang='lat' dir='ltr'><strong>quamvis</strong></span> <span class='ocrx_word' id='word_1_71' title='bbox 1142 1736 1514 1794; x_wconf 84' lang='lat' dir='ltr'><strong>hcterodoxus</strong></span> <span class='ocrx_word' id='word_1_72' title='bbox 1537 1739 1722 1805; x_wconf 87' lang='lat' dir='ltr'><strong>homo,</strong></span> <span class='ocrx_word' id='word_1_73' title='bbox 1740 1741 1806 1795; x_wconf 89' lang='lat' dir='ltr'><strong>ad</strong></span> <span class='ocrx_word' id='word_1_74' title='bbox 1830 1754 1985 1796; x_wconf 88' lang='lat' dir='ltr'><strong>suam</strong></span> 
     </span>
    </p>
   </div>
   <div class='ocr_carea' id='block_1_15' title="bbox 372 1826 1986 1910">
    <p class='ocr_par' dir='ltr' id='par_1_15' title="bbox 372 1826 1986 1910">
     <span class='ocr_line' id='line_1_15' title="bbox 372 1826 1986 1910; baseline 0.004 -26"><span class='ocrx_word' id='word_1_75' title='bbox 372 1826 577 1910; x_wconf 81' lang='lat' dir='ltr'><strong>Sedulii</strong></span> <span class='ocrx_word' id='word_1_76' title='bbox 603 1827 898 1883; x_wconf 85' lang='lat' dir='ltr'><strong>editionem</strong></span> <span class='ocrx_word' id='word_1_77' title='bbox 933 1830 985 1883; x_wconf 90' lang='lat' dir='ltr'><strong>in</strong></span> <span class='ocrx_word' id='word_1_78' title='bbox 1016 1830 1158 1884; x_wconf 84' lang='lat' dir='ltr'><strong>hunc</strong></span> <span class='ocrx_word' id='word_1_79' title='bbox 1190 1829 1303 1886; x_wconf 80' lang='lat' dir='ltr'><strong>fere</strong></span> <span class='ocrx_word' id='word_1_80' title='bbox 1338 1833 1557 1886; x_wconf 87' lang='lat' dir='ltr'><strong>modum</strong></span> <span class='ocrx_word' id='word_1_81' title='bbox 1608 1833 1986 1903; x_wconf 77' lang='lat' dir='ltr'><strong>prteloqueba-</strong></span> 
     </span>
    </p>
   </div>
   <div class='ocr_carea' id='block_1_16' title="bbox 375 1917 1983 1996">
    <p class='ocr_par' dir='ltr' id='par_1_16' title="bbox 375 1917 1983 1996">
     <span class='ocr_line' id='line_1_16' title="bbox 375 1917 1983 1996; baseline 0.004 -21"><span class='ocrx_word' id='word_1_82' title='bbox 375 1929 463 1975; x_wconf 88' lang='lat' dir='ltr'><strong>tur</strong></span> <span class='ocrx_word' id='word_1_83' title='bbox 488 1937 499 1972; x_wconf 89' lang='lat'>:</span> <span class='ocrx_word' id='word_1_84' title='bbox 528 1917 553 1972; x_wconf 88' lang='grc' dir='ltr'><strong><em>Ι</em></strong></span> <span class='ocrx_word' id='word_1_85' title='bbox 564 1937 595 1974; x_wconf 85' lang='grc' dir='ltr'><em>η</em></span> <span class='ocrx_word' id='word_1_86' title='bbox 608 1937 669 1974; x_wconf 88' lang='lat' dir='ltr'><strong>ea</strong></span> <span class='ocrx_word' id='word_1_87' title='bbox 686 1932 1055 1990; x_wconf 82' lang='lat' dir='ltr'><strong>sanetempora</strong></span> <span class='ocrx_word' id='word_1_88' title='bbox 1076 1922 1384 1991; x_wconf 79' lang='lat' dir='ltr'><strong>incidimus,</strong></span> <span class='ocrx_word' id='word_1_89' title='bbox 1408 1926 1594 1996; x_wconf 82' lang='lat' dir='ltr'><strong>quibus</strong></span> <span class='ocrx_word' id='word_1_90' title='bbox 1618 1926 1720 1979; x_wconf 89' lang='lat' dir='ltr'><strong>ima</strong></span> <span class='ocrx_word' id='word_1_91' title='bbox 1744 1925 1983 1995; x_wconf 82' lang='lat' dir='ltr'><strong>summis,</strong></span> 
     </span>
    </p>
   </div>
   <div class='ocr_carea' id='block_1_17' title="bbox 371 2006 1981 2091">
    <p class='ocr_par' dir='ltr' id='par_1_17' title="bbox 371 2006 1981 2091">
     <span class='ocr_line' id='line_1_17' title="bbox 371 2006 1981 2091; baseline 0.005 -22"><span class='ocrx_word' id='word_1_92' title='bbox 371 2006 523 2069; x_wconf 78' lang='lat' dir='ltr'><strong>sacra</strong></span> <span class='ocrx_word' id='word_1_93' title='bbox 554 2016 791 2088; x_wconf 77' lang='lat' dir='ltr'><strong>profanis</strong></span> <span class='ocrx_word' id='word_1_94' title='bbox 816 2018 1239 2085; x_wconf 87' lang='lat' dir='ltr'><strong>commiscentur,</strong></span> <span class='ocrx_word' id='word_1_95' title='bbox 1271 2027 1363 2073; x_wconf 88' lang='lat' dir='ltr'><strong>aut</strong></span> <span class='ocrx_word' id='word_1_96' title='bbox 1405 2021 1514 2076; x_wconf 81' lang='lat' dir='ltr'><strong>Itwc</strong></span> <span class='ocrx_word' id='word_1_97' title='bbox 1544 2020 1650 2076; x_wconf 90' lang='lat' dir='ltr'><strong>illis</strong></span> <span class='ocrx_word' id='word_1_98' title='bbox 1677 2021 1981 2091; x_wconf 67' lang='lat' dir='ltr'><strong>anteferat:-</strong></span> 
     </span>
    </p>
   </div>
   <div class='ocr_carea' id='block_1_18' title="bbox 377 2108 1981 2186">
    <p class='ocr_par' dir='ltr' id='par_1_18' title="bbox 377 2108 1981 2186">
     <span class='ocr_line' id='line_1_18' title="bbox 377 2108 1981 2186; baseline 0.004 -25"><span class='ocrx_word' id='word_1_99' title='bbox 377 2118 481 2167; x_wconf 84' lang='lat' dir='ltr'><strong>tur.</strong></span> <span class='ocrx_word' id='word_1_100' title='bbox 518 2108 598 2166; x_wconf 88' lang='lat' dir='ltr'><strong>De</strong></span> <span class='ocrx_word' id='word_1_101' title='bbox 619 2112 1002 2183; x_wconf 81' lang='lat' dir='ltr'><strong>angustissimis</strong></span> <span class='ocrx_word' id='word_1_102' title='bbox 1027 2112 1162 2167; x_wconf 86' lang='lat' dir='ltr'><strong>enim</strong></span> <span class='ocrx_word' id='word_1_103' title='bbox 1188 2115 1447 2185; x_wconf 79' lang='lat' dir='ltr'><strong>mysteriis</strong></span> <span class='ocrx_word' id='word_1_104' title='bbox 1470 2131 1626 2186; x_wconf 87' lang='lat' dir='ltr'><strong>quam</strong></span> <span class='ocrx_word' id='word_1_105' title='bbox 1660 2116 1811 2170; x_wconf 89' lang='lat' dir='ltr'><strong>multi</strong></span> <span class='ocrx_word' id='word_1_106' title='bbox 1836 2124 1981 2183; x_wconf 87' lang='lat' dir='ltr'><strong>sunt,</strong></span> 
     </span>
    </p>
   </div>
   <div class='ocr_carea' id='block_1_19' title="bbox 375 2205 1987 2281">
    <p class='ocr_par' dir='ltr' id='par_1_19' title="bbox 375 2205 1987 2281">
     <span class='ocr_line' id='line_1_19' title="bbox 375 2205 1987 2281; baseline 0.004 -24"><span class='ocrx_word' id='word_1_107' title='bbox 375 2205 469 2275; x_wconf 89' lang='lat' dir='ltr'><strong>qui</strong></span> <span class='ocrx_word' id='word_1_108' title='bbox 480 2206 538 2279; x_wconf 22' lang='lat' dir='ltr'><strong>ﬁsi</strong></span> <span class='ocrx_word' id='word_1_109' title='bbox 565 2221 667 2260; x_wconf 91' lang='lat' dir='ltr'><strong>non</strong></span> <span class='ocrx_word' id='word_1_110' title='bbox 695 2214 899 2276; x_wconf 80' lang='lat' dir='ltr'><strong>negent,</strong></span> <span class='ocrx_word' id='word_1_111' title='bbox 926 2206 1120 2281; x_wconf 74' lang='lat' dir='ltr'><strong>{rigide</strong></span> <span class='ocrx_word' id='word_1_112' title='bbox 1160 2218 1334 2262; x_wconf 87' lang='lat' dir='ltr'><strong>tamen</strong></span> <span class='ocrx_word' id='word_1_113' title='bbox 1359 2208 1611 2277; x_wconf 88' lang='lat' dir='ltr'><strong>sentiunt,</strong></span> <span class='ocrx_word' id='word_1_114' title='bbox 1631 2209 1783 2281; x_wconf 88' lang='lat' dir='ltr'><strong>quasi</strong></span> <span class='ocrx_word' id='word_1_115' title='bbox 1808 2210 1987 2265; x_wconf 80' lang='lat' dir='ltr'><strong>otiosa:</strong></span> 
     </span>
    </p>
   </div>
   <div class='ocr_carea' id='block_1_20' title="bbox 2007 880 3695 963">
    <p class='ocr_par' dir='ltr' id='par_1_20' title="bbox 2007 880 3695 963">
     <span class='ocr_line' id='line_1_20' title="bbox 2007 880 3695 963; baseline 0.001 -20"><span class='ocrx_word' id='word_1_116' title='bbox 2007 906 2063 963; x_wconf 73' lang='grc' dir='ltr'><strong>Α</strong></span> <span class='ocrx_word' id='word_1_117' title='bbox 2087 902 2243 944; x_wconf 69' lang='lat' dir='ltr'><strong>nexa:</strong></span> <span class='ocrx_word' id='word_1_118' title='bbox 2264 894 2412 955; x_wconf 89' lang='lat' dir='ltr'><strong>sunt,</strong></span> <span class='ocrx_word' id='word_1_119' title='bbox 2444 898 2609 957; x_wconf 87' lang='lat' dir='ltr'><strong>quam</strong></span> <span class='ocrx_word' id='word_1_120' title='bbox 2655 885 2871 944; x_wconf 88' lang='lat' dir='ltr'><strong>numeri</strong></span> <span class='ocrx_word' id='word_1_121' title='bbox 2899 886 2992 959; x_wconf 92' lang='lat' dir='ltr'><strong>qui</strong></span> <span class='ocrx_word' id='word_1_122' title='bbox 3025 888 3079 943; x_wconf 91' lang='lat' dir='ltr'><strong>in</strong></span> <span class='ocrx_word' id='word_1_123' title='bbox 3112 880 3277 955; x_wconf 84' lang='lat' dir='ltr'><strong>ludo,</strong></span> <span class='ocrx_word' id='word_1_124' title='bbox 3330 886 3487 943; x_wconf 86' lang='lat' dir='ltr'><strong>Lotto</strong></span> <span class='ocrx_word' id='word_1_125' title='bbox 3530 903 3695 961; x_wconf 83' lang='lat' dir='ltr'><strong>quem</strong></span> 
     </span>
    </p>
   </div>
   <div class='ocr_carea' id='block_1_21' title="bbox 2088 979 3697 1048">
    <p class='ocr_par' dir='ltr' id='par_1_21' title="bbox 2088 979 3697 1048">
     <span class='ocr_line' id='line_1_21' title="bbox 2088 979 3697 1048; baseline 0.002 -13"><span class='ocrx_word' id='word_1_126' title='bbox 2088 980 2302 1048; x_wconf 87' lang='lat' dir='ltr'><strong>dicunt,</strong></span> <span class='ocrx_word' id='word_1_127' title='bbox 2356 993 2428 1034; x_wconf 83' lang='lat' dir='ltr'><strong>ex</strong></span> <span class='ocrx_word' id='word_1_128' title='bbox 2483 994 2616 1033; x_wconf 89' lang='lat' dir='ltr'><strong>urna</strong></span> <span class='ocrx_word' id='word_1_129' title='bbox 2670 988 2878 1034; x_wconf 85' lang='lat' dir='ltr'><strong>temere</strong></span> <span class='ocrx_word' id='word_1_130' title='bbox 2923 980 3307 1037; x_wconf 78' lang='lat' dir='ltr'><strong>extrahuntur.</strong></span> <span class='ocrx_word' id='word_1_131' title='bbox 3364 979 3466 1036; x_wconf 84' lang='lat' dir='ltr'><strong>Est</strong></span> <span class='ocrx_word' id='word_1_132' title='bbox 3515 992 3697 1038; x_wconf 88' lang='lat' dir='ltr'><strong>tamen</strong></span> 
     </span>
    </p>
   </div>
   <div class='ocr_carea' id='block_1_22' title="bbox 2089 1072 3694 1145">
    <p class='ocr_par' dir='ltr' id='par_1_22' title="bbox 2089 1072 3694 1145">
     <span class='ocr_line' id='line_1_22' title="bbox 2089 1072 3694 1145; baseline 0.002 -17"><span class='ocrx_word' id='word_1_133' title='bbox 2089 1073 2234 1129; x_wconf 87' lang='lat' dir='ltr'><strong>aliud</strong></span> <span class='ocrx_word' id='word_1_134' title='bbox 2266 1073 2477 1145; x_wconf 89' lang='lat' dir='ltr'><strong>aliquid</strong></span> <span class='ocrx_word' id='word_1_135' title='bbox 2507 1072 2651 1144; x_wconf 87' lang='lat' dir='ltr'><strong>quod</strong></span> <span class='ocrx_word' id='word_1_136' title='bbox 2682 1074 2958 1144; x_wconf 79' lang='lat' dir='ltr'><strong>Corruptis</strong></span> <span class='ocrx_word' id='word_1_137' title='bbox 3004 1074 3285 1130; x_wconf 88' lang='lat' dir='ltr'><strong>hominum</strong></span> <span class='ocrx_word' id='word_1_138' title='bbox 3334 1076 3607 1131; x_wconf 87' lang='lat' dir='ltr'><strong>mentibus</strong></span> <span class='ocrx_word' id='word_1_139' title='bbox 3636 1076 3694 1131; x_wconf 86' lang='lat' dir='ltr'><strong>in</strong></span> 
     </span>
    </p>
   </div>
   <div class='ocr_carea' id='block_1_23' title="bbox 2089 1166 3696 1239">
    <p class='ocr_par' dir='ltr' id='par_1_23' title="bbox 2089 1166 3696 1239">
     <span class='ocr_line' id='line_1_23' title="bbox 2089 1166 3696 1239; baseline 0 -16"><span class='ocrx_word' id='word_1_140' title='bbox 2089 1168 2270 1238; x_wconf 82' lang='lat' dir='ltr'><strong>impiis</strong></span> <span class='ocrx_word' id='word_1_141' title='bbox 2296 1166 2418 1222; x_wconf 82' lang='lat' dir='ltr'><strong>istis</strong></span> <span class='ocrx_word' id='word_1_142' title='bbox 2441 1167 2802 1238; x_wconf 82' lang='lat' dir='ltr'><strong>scriptoribus</strong></span> <span class='ocrx_word' id='word_1_143' title='bbox 2824 1168 3037 1239; x_wconf 89' lang='lat' dir='ltr'><strong>placeat</strong></span> <span class='ocrx_word' id='word_1_144' title='bbox 3059 1185 3074 1223; x_wconf 90' lang='lat'><strong>:</strong></span> <span class='ocrx_word' id='word_1_145' title='bbox 3106 1166 3404 1223; x_wconf 86' lang='lat' dir='ltr'><strong>temeraria</strong></span> <span class='ocrx_word' id='word_1_146' title='bbox 3434 1166 3696 1223; x_wconf 77' lang='lat' dir='ltr'><strong>dicacitas</strong></span> 
     </span>
    </p>
   </div>
   <div class='ocr_carea' id='block_1_24' title="bbox 2088 1246 3695 1340">
    <p class='ocr_par' dir='ltr' id='par_1_24' title="bbox 2088 1246 3695 1340">
     <span class='ocr_line' id='line_1_24' title="bbox 2088 1246 3695 1340; baseline 0.001 -24"><span class='ocrx_word' id='word_1_147' title='bbox 2088 1276 2232 1331; x_wconf 63' lang='lat' dir='ltr'><strong>stupe</strong></span> <span class='ocrx_word' id='word_1_148' title='bbox 2257 1260 2485 1330; x_wconf 90' lang='lat' dir='ltr'><strong>insulsa,</strong></span> <span class='ocrx_word' id='word_1_149' title='bbox 2513 1259 2607 1315; x_wconf 86' lang='lat' dir='ltr'><strong>sed</strong></span> <span class='ocrx_word' id='word_1_150' title='bbox 2631 1275 2753 1331; x_wconf 74' lang='lat' dir='ltr'><strong>quze</strong></span> <span class='ocrx_word' id='word_1_151' title='bbox 2781 1246 3097 1340; x_wconf 84' lang='lat' dir='ltr'><strong>depravatis</strong></span> <span class='ocrx_word' id='word_1_152' title='bbox 3119 1260 3317 1317; x_wconf 87' lang='lat' dir='ltr'><strong>animis</strong></span> <span class='ocrx_word' id='word_1_153' title='bbox 3332 1261 3446 1317; x_wconf 87' lang='lat' dir='ltr'><strong>alte</strong></span> <span class='ocrx_word' id='word_1_154' title='bbox 3469 1261 3695 1329; x_wconf 82' lang='lat' dir='ltr'><strong>insidet,</strong></span> 
     </span>
    </p>
   </div>
   <div class='ocr_carea' id='block_1_25' title="bbox 2087 1354 3689 1427">
    <p class='ocr_par' dir='ltr' id='par_1_25' title="bbox 2087 1354 3689 1427">
     <span class='ocr_line' id='line_1_25' title="bbox 2087 1354 3689 1427; baseline 0.002 -18"><span class='ocrx_word' id='word_1_155' title='bbox 2087 1354 2230 1425; x_wconf 90' lang='lat' dir='ltr'><strong>quod</strong></span> <span class='ocrx_word' id='word_1_156' title='bbox 2262 1364 2357 1409; x_wconf 90' lang='lat' dir='ltr'><strong>aut</strong></span> <span class='ocrx_word' id='word_1_157' title='bbox 2388 1364 2574 1409; x_wconf 88' lang='lat' dir='ltr'><strong>contra</strong></span> <span class='ocrx_word' id='word_1_158' title='bbox 2608 1355 2783 1409; x_wconf 88' lang='lat' dir='ltr'><strong>bonos</strong></span> <span class='ocrx_word' id='word_1_159' title='bbox 2810 1369 3017 1421; x_wconf 90' lang='lat' dir='ltr'><strong>mores,</strong></span> <span class='ocrx_word' id='word_1_160' title='bbox 3045 1367 3137 1410; x_wconf 90' lang='lat' dir='ltr'><strong>aut</strong></span> <span class='ocrx_word' id='word_1_161' title='bbox 3165 1366 3357 1411; x_wconf 87' lang='lat' dir='ltr'><strong>contra</strong></span> <span class='ocrx_word' id='word_1_162' title='bbox 3393 1355 3689 1427; x_wconf 80' lang='lat' dir='ltr'><strong>legitimam</strong></span> 
     </span>
    </p>
   </div>
   <div class='ocr_carea' id='block_1_26' title="bbox 2093 1451 3692 1522">
    <p class='ocr_par' dir='ltr' id='par_1_26' title="bbox 2093 1451 3692 1522">
     <span class='ocr_line' id='line_1_26' title="bbox 2093 1451 3692 1522; baseline 0.003 -18"><span class='ocrx_word' id='word_1_163' title='bbox 2093 1456 2462 1522; x_wconf 82' lang='lat' dir='ltr'><strong>potestatem,-</strong></span> <span class='ocrx_word' id='word_1_164' title='bbox 2506 1457 2601 1504; x_wconf 85' lang='lat' dir='ltr'><strong>aut</strong></span> <span class='ocrx_word' id='word_1_165' title='bbox 2650 1459 2843 1506; x_wconf 86' lang='lat' dir='ltr'><strong>contra</strong></span> <span class='ocrx_word' id='word_1_166' title='bbox 2893 1452 3081 1521; x_wconf 86' lang='lat' dir='ltr'><strong>ipsam-</strong></span> <span class='ocrx_word' id='word_1_167' title='bbox 3121 1451 3474 1508; x_wconf 82' lang='lat' dir='ltr'><strong>Divinitatem</strong></span> <span class='ocrx_word' id='word_1_168' title='bbox 3529 1451 3692 1508; x_wconf 82' lang='lat' dir='ltr'><strong>verba</strong></span> 
     </span>
    </p>
   </div>
   <div class='ocr_carea' id='block_1_27' title="bbox 2090 1543 3694 1615">
    <p class='ocr_par' dir='ltr' id='par_1_27' title="bbox 2090 1543 3694 1615">
     <span class='ocr_line' id='line_1_27' title="bbox 2090 1543 3694 1615; baseline -0.001 -14"><span class='ocrx_word' id='word_1_169' title='bbox 2090 1546 2334 1601; x_wconf 79' lang='lat' dir='ltr'><strong>aculeata</strong></span> <span class='ocrx_word' id='word_1_170' title='bbox 2386 1543 2761 1615; x_wconf 75' lang='lat' dir='ltr'><strong>proteruntur.</strong></span> <span class='ocrx_word' id='word_1_171' title='bbox 2819 1544 3095 1613; x_wconf 84' lang='lat' dir='ltr'><strong>Quantum</strong></span> <span class='ocrx_word' id='word_1_172' title='bbox 3145 1545 3273 1601; x_wconf 90' lang='lat' dir='ltr'><strong>inde</strong></span> <span class='ocrx_word' id='word_1_173' title='bbox 3325 1545 3455 1601; x_wconf 88' lang='lat' dir='ltr'><strong>mali</strong></span> <span class='ocrx_word' id='word_1_174' title='bbox 3500 1559 3694 1601; x_wconf 82' lang='lat' dir='ltr'><strong>euase-</strong></span> 
     </span>
    </p>
   </div>
   <div class='ocr_carea' id='block_1_28' title="bbox 2091 1638 3695 1712">
    <p class='ocr_par' dir='ltr' id='par_1_28' title="bbox 2091 1638 3695 1712">
     <span class='ocr_line' id='line_1_28' title="bbox 2091 1638 3695 1712; baseline 0.002 -19"><span class='ocrx_word' id='word_1_175' title='bbox 2091 1652 2311 1712; x_wconf 86' lang='lat' dir='ltr'><strong>qnatur,</strong></span> <span class='ocrx_word' id='word_1_176' title='bbox 2343 1638 2472 1709; x_wconf 83' lang='lat' dir='ltr'><strong>quid</strong></span> <span class='ocrx_word' id='word_1_177' title='bbox 2502 1640 2703 1695; x_wconf 81' lang='lat' dir='ltr'><strong>attinet</strong></span> <span class='ocrx_word' id='word_1_178' title='bbox 2733 1640 3055 1708; x_wconf 78' lang='lat' dir='ltr'><strong>explicare?</strong></span> <span class='ocrx_word' id='word_1_179' title='bbox 3104 1639 3221 1695; x_wconf 89' lang='lat' dir='ltr'><strong>Non</strong></span> <span class='ocrx_word' id='word_1_180' title='bbox 3270 1639 3547 1696; x_wconf 89' lang='lat' dir='ltr'><strong>immerito</strong></span> <span class='ocrx_word' id='word_1_181' title='bbox 3590 1640 3695 1697; x_wconf 78' lang='lat' dir='ltr'><strong>viri</strong></span> 
     </span>
    </p>
   </div>
   <div class='ocr_carea' id='block_1_29' title="bbox 2094 1722 3699 1807">
    <p class='ocr_par' dir='ltr' id='par_1_29' title="bbox 2094 1722 3699 1807">
     <span class='ocr_line' id='line_1_29' title="bbox 2094 1722 3699 1807; baseline -0.001 -16"><span class='ocrx_word' id='word_1_182' title='bbox 2094 1737 2168 1807; x_wconf 82' lang='lat' dir='ltr'><strong>pii</strong></span> <span class='ocrx_word' id='word_1_183' title='bbox 2199 1744 2531 1807; x_wconf 88' lang='lat' dir='ltr'><strong>queruntur,</strong></span> <span class='ocrx_word' id='word_1_184' title='bbox 2562 1733 2729 1804; x_wconf 84' lang='lat' dir='ltr'><strong>quod,</strong></span> <span class='ocrx_word' id='word_1_185' title='bbox 2764 1735 2911 1789; x_wconf 88' lang='lat' dir='ltr'><strong>sicut</strong></span> <span class='ocrx_word' id='word_1_186' title='bbox 2941 1734 3124 1805; x_wconf 83' lang='lat' dir='ltr'><strong>lingua</strong></span> <span class='ocrx_word' id='word_1_187' title='bbox 3174 1734 3365 1790; x_wconf 86' lang='lat' dir='ltr'><strong>Latina</strong></span> <span class='ocrx_word' id='word_1_188' title='bbox 3408 1722 3517 1790; x_wconf 83' lang='lat' dir='ltr'><strong>dici</strong></span> <span class='ocrx_word' id='word_1_189' title='bbox 3556 1728 3699 1791; x_wconf 83' lang='lat' dir='ltr'><strong>solet</strong></span> 
     </span>
    </p>
   </div>
   <div class='ocr_carea' id='block_1_30' title="bbox 2092 1827 3699 1900">
    <p class='ocr_par' dir='ltr' id='par_1_30' title="bbox 2092 1827 3699 1900">
     <span class='ocr_line' id='line_1_30' title="bbox 2092 1827 3699 1900; baseline 0.001 -16"><span class='ocrx_word' id='word_1_190' title='bbox 2092 1830 2277 1899; x_wconf 81' lang='lat' dir='ltr'><strong>lingua</strong></span> <span class='ocrx_word' id='word_1_191' title='bbox 2310 1827 2626 1893; x_wconf 83' lang='lat' dir='ltr'><strong>doctorum,</strong></span> <span class='ocrx_word' id='word_1_192' title='bbox 2653 1828 2725 1882; x_wconf 90' lang='lat' dir='ltr'><strong>ita</strong></span> <span class='ocrx_word' id='word_1_193' title='bbox 2755 1827 2936 1898; x_wconf 84' lang='lat' dir='ltr'><strong>lingua</strong></span> <span class='ocrx_word' id='word_1_194' title='bbox 2960 1827 3190 1897; x_wconf 83' lang='lat' dir='ltr'><strong>Gallica,</strong></span> <span class='ocrx_word' id='word_1_195' title='bbox 3216 1843 3318 1900; x_wconf 88' lang='lat' dir='ltr'><strong>qua</strong></span> <span class='ocrx_word' id='word_1_196' title='bbox 3345 1838 3422 1882; x_wconf 84' lang='lat' dir='ltr'><strong>tot</strong></span> <span class='ocrx_word' id='word_1_197' title='bbox 3444 1828 3699 1885; x_wconf 85' lang='lat' dir='ltr'><strong>scelerati</strong></span> 
     </span>
    </p>
   </div>
   <div class='ocr_carea' id='block_1_31' title="bbox 2092 1918 3697 1995">
    <p class='ocr_par' dir='ltr' id='par_1_31' title="bbox 2092 1918 3697 1995">
     <span class='ocr_line' id='line_1_31' title="bbox 2092 1918 3697 1995; baseline 0.002 -18"><span class='ocrx_word' id='word_1_198' title='bbox 2092 1924 2214 1979; x_wconf 81' lang='lat' dir='ltr'><strong>libri</strong></span> <span class='ocrx_word' id='word_1_199' title='bbox 2253 1923 2595 1995; x_wconf 89' lang='lat' dir='ltr'><strong>prodierunt,</strong></span> <span class='ocrx_word' id='word_1_200' title='bbox 2628 1922 2809 1993; x_wconf 80' lang='lat' dir='ltr'><strong>lingua</strong></span> <span class='ocrx_word' id='word_1_201' title='bbox 2842 1923 2982 1978; x_wconf 87' lang='lat' dir='ltr'><strong>facta</strong></span> <span class='ocrx_word' id='word_1_202' title='bbox 3014 1926 3081 1979; x_wconf 86' lang='lat' dir='ltr'><strong>sit</strong></span> <span class='ocrx_word' id='word_1_203' title='bbox 3116 1922 3436 1995; x_wconf 88' lang='lat' dir='ltr'><strong>impiorum.</strong></span> <span class='ocrx_word' id='word_1_204' title='bbox 3482 1918 3697 1980; x_wconf 72' lang='lat' dir='ltr'><strong>Addunt</strong></span> 
     </span>
    </p>
   </div>
   <div class='ocr_carea' id='block_1_32' title="bbox 2090 2017 3703 2091">
    <p class='ocr_par' dir='ltr' id='par_1_32' title="bbox 2090 2017 3703 2091">
     <span class='ocr_line' id='line_1_32' title="bbox 2090 2017 3703 2091; baseline -0.001 -19"><span class='ocrx_word' id='word_1_205' title='bbox 2090 2020 2207 2083; x_wconf 88' lang='lat' dir='ltr'><strong>alii,</strong></span> <span class='ocrx_word' id='word_1_206' title='bbox 2234 2017 2378 2089; x_wconf 91' lang='lat' dir='ltr'><strong>quod</strong></span> <span class='ocrx_word' id='word_1_207' title='bbox 2408 2017 2476 2072; x_wconf 89' lang='lat' dir='ltr'><strong>de</strong></span> <span class='ocrx_word' id='word_1_208' title='bbox 2508 2017 2752 2072; x_wconf 86' lang='lat' dir='ltr'><strong>romanis</strong></span> <span class='ocrx_word' id='word_1_209' title='bbox 2782 2017 2864 2072; x_wconf 90' lang='lat' dir='ltr'><strong>sui</strong></span> <span class='ocrx_word' id='word_1_210' title='bbox 2901 2018 3162 2087; x_wconf 83' lang='lat' dir='ltr'><strong>temporis</strong></span> <span class='ocrx_word' id='word_1_211' title='bbox 3206 2033 3271 2075; x_wconf 91' lang='lat' dir='ltr'><strong>ac</strong></span> <span class='ocrx_word' id='word_1_212' title='bbox 3310 2017 3470 2091; x_wconf 80' lang='lat' dir='ltr'><strong>Syris</strong></span> <span class='ocrx_word' id='word_1_213' title='bbox 3502 2017 3703 2081; x_wconf 82' lang='lat' dir='ltr'><strong>venali-</strong></span> 
     </span>
    </p>
   </div>
   <div class='ocr_carea' id='block_1_33' title="bbox 2091 2110 3700 2185">
    <p class='ocr_par' dir='ltr' id='par_1_33' title="bbox 2091 2110 3700 2185">
     <span class='ocr_line' id='line_1_33' title="bbox 2091 2110 3700 2185; baseline 0.001 -17"><span class='ocrx_word' id='word_1_214' title='bbox 2091 2114 2191 2169; x_wconf 88' lang='lat' dir='ltr'><strong>bus</strong></span> <span class='ocrx_word' id='word_1_215' title='bbox 2222 2112 2294 2168; x_wconf 83' lang='grc' dir='ltr'><strong><em>Μ.</em></strong></span> <span class='ocrx_word' id='word_1_216' title='bbox 2327 2110 2519 2167; x_wconf 87' lang='lat' dir='ltr'><strong>Cicero</strong></span> <span class='ocrx_word' id='word_1_217' title='bbox 2553 2127 2717 2167; x_wconf 76' lang='lat' dir='ltr'><strong>senex</strong></span> <span class='ocrx_word' id='word_1_218' title='bbox 2771 2111 2991 2166; x_wconf 87' lang='lat' dir='ltr'><strong>dicebat</strong></span> <span class='ocrx_word' id='word_1_219' title='bbox 3036 2112 3141 2185; x_wconf 88' lang='lat' dir='ltr'><strong>(De</strong></span> <span class='ocrx_word' id='word_1_220' title='bbox 3171 2112 3416 2180; x_wconf 85' lang='lat' dir='ltr'><strong>Oratore,</strong></span> <span class='ocrx_word' id='word_1_221' title='bbox 3447 2116 3484 2168; x_wconf 81' lang='grc' dir='ltr'><strong>ι.</strong></span> <span class='ocrx_word' id='word_1_222' title='bbox 3515 2110 3617 2185; x_wconf 82' lang='grc'><strong>11),</strong></span> <span class='ocrx_word' id='word_1_223' title='bbox 3647 2112 3700 2184; x_wconf 62' lang='grc' dir='ltr'>θ</span> 
     </span>
    </p>
   </div>
   <div class='ocr_carea' id='block_1_34' title="bbox 2094 2203 3700 2275">
    <p class='ocr_par' dir='ltr' id='par_1_34' title="bbox 2094 2203 3700 2275">
     <span class='ocr_line' id='line_1_34' title="bbox 2094 2203 3700 2275; baseline 0.001 -15"><span class='ocrx_word' id='word_1_224' title='bbox 2094 2222 2205 2260; x_wconf 89' lang='lat' dir='ltr'><strong>uno</strong></span> <span class='ocrx_word' id='word_1_225' title='bbox 2228 2204 2394 2261; x_wconf 88' lang='lat' dir='ltr'><strong>verbo</strong></span> <span class='ocrx_word' id='word_1_226' title='bbox 2426 2205 2513 2259; x_wconf 89' lang='lat' dir='ltr'><strong>vel</strong></span> <span class='ocrx_word' id='word_1_227' title='bbox 2543 2203 2802 2259; x_wconf 87' lang='lat' dir='ltr'><strong>adverbio</strong></span> <span class='ocrx_word' id='word_1_228' title='bbox 2833 2204 3031 2259; x_wconf 89' lang='lat' dir='ltr'><strong>leviter</strong></span> <span class='ocrx_word' id='word_1_229' title='bbox 3060 2214 3266 2259; x_wconf 87' lang='lat' dir='ltr'><strong>mutato</strong></span> <span class='ocrx_word' id='word_1_230' title='bbox 3286 2247 3300 2270; x_wconf 89' lang='lat'><strong>,</strong></span> <span class='ocrx_word' id='word_1_231' title='bbox 3349 2206 3521 2275; x_wconf 74' lang='lat' dir='ltr'><strong>repeti</strong></span> <span class='ocrx_word' id='word_1_232' title='bbox 3557 2220 3700 2263; x_wconf 85' lang='lat' dir='ltr'><strong>nunc</strong></span> 
     </span>
    </p>
   </div>
   <div class='ocr_carea' id='block_1_35' title="bbox 377 2297 3700 2381">
    <p class='ocr_par' dir='ltr' id='par_1_35' title="bbox 377 2297 3700 2381">
     <span class='ocr_line' id='line_1_35' title="bbox 377 2297 3700 2381; baseline 0.001 -30"><span class='ocrx_word' id='word_1_233' title='bbox 377 2297 689 2365; x_wconf 76' lang='lat' dir='ltr'><strong>quwstiones</strong></span> <span class='ocrx_word' id='word_1_234' title='bbox 711 2297 843 2381; x_wconf 65' lang='lat' dir='ltr'><strong>sint,</strong></span> <span class='ocrx_word' id='word_1_235' title='bbox 866 2306 912 2352; x_wconf 90' lang='lat' dir='ltr'><strong>et</strong></span> <span class='ocrx_word' id='word_1_236' title='bbox 938 2299 1190 2357; x_wconf 85' lang='lat' dir='ltr'><strong>minorem</strong></span> <span class='ocrx_word' id='word_1_237' title='bbox 1234 2302 1463 2371; x_wconf 81' lang='lat' dir='ltr'><strong>fructum</strong></span> <span class='ocrx_word' id='word_1_238' title='bbox 1487 2301 1556 2354; x_wconf 88' lang='lat' dir='ltr'><strong>ad</strong></span> <span class='ocrx_word' id='word_1_239' title='bbox 1583 2317 1747 2357; x_wconf 86' lang='lat' dir='ltr'><strong>mores</strong></span> <span class='ocrx_word' id='word_1_240' title='bbox 1781 2310 1829 2357; x_wconf 88' lang='lat' dir='ltr'><strong>et</strong></span> <span class='ocrx_word' id='word_1_241' title='bbox 1858 2302 1985 2373; x_wconf 76' lang='lat' dir='ltr'><strong>ofﬁ-</strong></span> <span class='ocrx_word' id='word_1_242' title='bbox 2020 2311 2070 2372; x_wconf 77' lang='grc' dir='ltr'><strong>Β</strong></span> <span class='ocrx_word' id='word_1_243' title='bbox 2096 2315 2258 2372; x_wconf 83' lang='lat' dir='ltr'><strong>posse</strong></span> <span class='ocrx_word' id='word_1_244' title='bbox 2292 2316 2303 2353; x_wconf 91' lang='lat'>:</span> <span class='ocrx_word' id='word_1_245' title='bbox 2354 2297 2578 2353; x_wconf 82' lang='lat' dir='ltr'><strong>Nostros</strong></span> <span class='ocrx_word' id='word_1_246' title='bbox 2606 2299 2843 2354; x_wconf 83' lang='lat' dir='ltr'><strong>homines</strong></span> <span class='ocrx_word' id='word_1_247' title='bbox 2890 2300 3087 2354; x_wconf 80' lang='lat' dir='ltr'><strong>similes</strong></span> <span class='ocrx_word' id='word_1_248' title='bbox 3109 2316 3216 2355; x_wconf 85' lang='lat' dir='ltr'><strong>esse</strong></span> <span class='ocrx_word' id='word_1_249' title='bbox 3245 2299 3504 2372; x_wconf 84' lang='lat' dir='ltr'><strong>Syrorum</strong></span> <span class='ocrx_word' id='word_1_250' title='bbox 3541 2315 3700 2373; x_wconf 76' lang='lat' dir='ltr'><strong>uena-</strong></span> 
     </span>
    </p>
   </div>
   <div class='ocr_carea' id='block_1_36' title="bbox 378 2390 1989 2467">
    <p class='ocr_par' dir='ltr' id='par_1_36' title="bbox 378 2390 1989 2467">
     <span class='ocr_line' id='line_1_36' title="bbox 378 2390 1989 2467; baseline 0.005 -24"><span class='ocrx_word' id='word_1_251' title='bbox 378 2391 519 2445; x_wconf 87' lang='lat' dir='ltr'><strong>cium</strong></span> <span class='ocrx_word' id='word_1_252' title='bbox 550 2390 776 2446; x_wconf 82' lang='lat' dir='ltr'><strong>hominis</strong></span> <span class='ocrx_word' id='word_1_253' title='bbox 798 2391 1070 2463; x_wconf 76' lang='lat' dir='ltr'><strong>conferant</strong></span> <span class='ocrx_word' id='word_1_254' title='bbox 1087 2393 1105 2447; x_wconf 87' lang='lat'><strong>.&#39;</strong></span> <span class='ocrx_word' id='word_1_255' title='bbox 1125 2409 1243 2464; x_wconf 74' lang='lat' dir='ltr'><strong>qua:</strong></span> <span class='ocrx_word' id='word_1_256' title='bbox 1265 2394 1559 2463; x_wconf 87' lang='lat' dir='ltr'><strong>perniciosa</strong></span> <span class='ocrx_word' id='word_1_257' title='bbox 1586 2396 1771 2467; x_wconf 85' lang='lat' dir='ltr'><strong>opinio</strong></span> <span class='ocrx_word' id='word_1_258' title='bbox 1785 2412 1901 2450; x_wconf 86' lang='lat' dir='ltr'><strong>cum</strong></span> <span class='ocrx_word' id='word_1_259' title='bbox 1925 2413 1989 2452; x_wconf 75' lang='lat' dir='ltr'><strong>ea:</strong></span> 
     </span>
    </p>
   </div>
   <div class='ocr_carea' id='block_1_37' title="bbox 379 2481 2039 2559">
    <p class='ocr_par' dir='ltr' id='par_1_37' title="bbox 379 2481 2039 2559">
     <span class='ocr_line' id='line_1_37' title="bbox 379 2481 2039 2559; baseline 0.004 -22"><span class='ocrx_word' id='word_1_260' title='bbox 379 2484 553 2538; x_wconf 80' lang='lat' dir='ltr'><strong>eausis</strong></span> <span class='ocrx_word' id='word_1_261' title='bbox 581 2484 723 2550; x_wconf 80' lang='lat' dir='ltr'><strong>aliis,</strong></span> <span class='ocrx_word' id='word_1_262' title='bbox 758 2494 864 2538; x_wconf 87' lang='lat' dir='ltr'><strong>tum</strong></span> <span class='ocrx_word' id='word_1_263' title='bbox 900 2486 1121 2540; x_wconf 73' lang='lat' dir='ltr'><strong>maxime</strong></span> <span class='ocrx_word' id='word_1_264' title='bbox 1151 2501 1214 2539; x_wconf 82' lang='lat' dir='ltr'><strong>ea:</strong></span> <span class='ocrx_word' id='word_1_265' title='bbox 1250 2485 1485 2558; x_wconf 85' lang='lat' dir='ltr'><strong>neglecta</strong></span> <span class='ocrx_word' id='word_1_266' title='bbox 1524 2488 1709 2541; x_wconf 83' lang='lat' dir='ltr'><strong>notitia</strong></span> <span class='ocrx_word' id='word_1_267' title='bbox 1753 2489 1988 2559; x_wconf 74' lang='lat' dir='ltr'><strong>priurum</strong></span> <span class='ocrx_word' id='word_1_268' title='bbox 2036 2481 2039 2484; x_wconf 29' lang='grc'><em>⁴</em></span> 
     </span>
    </p>
   </div>
   <div class='ocr_carea' id='block_1_38' title="bbox 378 2574 1987 2651">
    <p class='ocr_par' dir='ltr' id='par_1_38' title="bbox 378 2574 1987 2651">
     <span class='ocr_line' id='line_1_38' title="bbox 378 2574 1987 2651; baseline 0.005 -21"><span class='ocrx_word' id='word_1_269' title='bbox 378 2574 1179 2651; x_wconf 66' lang='lat' dir='ltr'><strong>Ecclesia:teniporuntsuborta</strong></span> <span class='ocrx_word' id='word_1_270' title='bbox 1230 2589 1326 2634; x_wconf 85' lang='lat' dir='ltr'><strong>est.</strong></span> <span class='ocrx_word' id='word_1_271' title='bbox 1381 2580 1551 2647; x_wconf 84' lang='lat' dir='ltr'><strong>Quam</strong></span> <span class='ocrx_word' id='word_1_272' title='bbox 1604 2580 1859 2637; x_wconf 84' lang='lat' dir='ltr'><strong>illustrior</strong></span> <span class='ocrx_word' id='word_1_273' title='bbox 1897 2602 1987 2638; x_wconf 82' lang='lat' dir='ltr'><strong>ar-</strong></span> 
     </span>
    </p>
   </div>
   <div class='ocr_carea' id='block_1_39' title="bbox 379 2669 1991 2742">
    <p class='ocr_par' dir='ltr' id='par_1_39' title="bbox 379 2669 1991 2742">
     <span class='ocr_line' id='line_1_39' title="bbox 379 2669 1991 2742; baseline 0.006 -21"><span class='ocrx_word' id='word_1_274' title='bbox 379 2669 690 2742; x_wconf 78' lang='lat' dir='ltr'><strong>dentiorque</strong></span> <span class='ocrx_word' id='word_1_275' title='bbox 704 2672 836 2742; x_wconf 83' lang='lat' dir='ltr'><strong>ﬁdes</strong></span> <span class='ocrx_word' id='word_1_276' title='bbox 861 2675 1126 2742; x_wconf 80' lang='lat' dir='ltr'><strong>majorum</strong></span> <span class='ocrx_word' id='word_1_277' title='bbox 1151 2682 1260 2736; x_wconf 81' lang='lat' dir='ltr'><strong>erat</strong></span> <span class='ocrx_word' id='word_1_278' title='bbox 1275 2674 1297 2727; x_wconf 85' lang='lat'><strong>.&#39;</strong></span> <span class='ocrx_word' id='word_1_279' title='bbox 1320 2672 1489 2739; x_wconf 84' lang='lat' dir='ltr'><strong>Quam</strong></span> <span class='ocrx_word' id='word_1_280' title='bbox 1516 2674 1690 2729; x_wconf 78' lang='lat' dir='ltr'><strong>divine</strong></span> <span class='ocrx_word' id='word_1_281' title='bbox 1719 2676 1991 2731; x_wconf 84' lang='lat' dir='ltr'><strong>distincte-</strong></span> 
     </span>
    </p>
   </div>
   <div class='ocr_carea' id='block_1_40' title="bbox 377 2762 1990 2841">
    <p class='ocr_par' dir='ltr' id='par_1_40' title="bbox 377 2762 1990 2841">
     <span class='ocr_line' id='line_1_40' title="bbox 377 2762 1990 2841; baseline 0.007 -27"><span class='ocrx_word' id='word_1_282' title='bbox 377 2778 476 2832; x_wconf 86' lang='lat' dir='ltr'><strong>que</strong></span> <span class='ocrx_word' id='word_1_283' title='bbox 506 2762 754 2821; x_wconf 76' lang='lat' dir='ltr'><strong>Sedulius</strong></span> <span class='ocrx_word' id='word_1_284' title='bbox 779 2773 886 2817; x_wconf 88' lang='lat' dir='ltr'><strong>tam</strong></span> <span class='ocrx_word' id='word_1_285' title='bbox 918 2764 1211 2820; x_wconf 82' lang='lat' dir='ltr'><strong>Sabellium</strong></span> <span class='ocrx_word' id='word_1_286' title='bbox 1256 2782 1415 2837; x_wconf 85' lang='lat' dir='ltr'><strong>quam</strong></span> <span class='ocrx_word' id='word_1_287' title='bbox 1462 2767 1647 2822; x_wconf 82' lang='lat' dir='ltr'><strong>Arium</strong></span> <span class='ocrx_word' id='word_1_288' title='bbox 1688 2769 1782 2824; x_wconf 88' lang='lat' dir='ltr'><strong>sub</strong></span> <span class='ocrx_word' id='word_1_289' title='bbox 1832 2772 1990 2841; x_wconf 79' lang='lat' dir='ltr'><strong>ﬁnem</strong></span> 
     </span>
    </p>
   </div>
   <div class='ocr_carea' id='block_1_41' title="bbox 378 2859 1989 2938">
    <p class='ocr_par' dir='ltr' id='par_1_41' title="bbox 378 2859 1989 2938">
     <span class='ocr_line' id='line_1_41' title="bbox 378 2859 1989 2938; baseline 0.006 -29"><span class='ocrx_word' id='word_1_290' title='bbox 378 2860 535 2930; x_wconf 80' lang='lat' dir='ltr'><strong>primi</strong></span> <span class='ocrx_word' id='word_1_291' title='bbox 561 2859 682 2914; x_wconf 85' lang='lat' dir='ltr'><strong>libri</strong></span> <span class='ocrx_word' id='word_1_292' title='bbox 721 2875 785 2914; x_wconf 80' lang='lat' dir='ltr'><strong>ea:</strong></span> <span class='ocrx_word' id='word_1_293' title='bbox 836 2878 923 2915; x_wconf 88' lang='lat' dir='ltr'><strong>ore</strong></span> <span class='ocrx_word' id='word_1_294' title='bbox 977 2860 1269 2915; x_wconf 79' lang='lat' dir='ltr'><strong>Saluatoris</strong></span> <span class='ocrx_word' id='word_1_295' title='bbox 1297 2863 1573 2935; x_wconf 74' lang='lat' dir='ltr'><strong>repressit,</strong></span> <span class='ocrx_word' id='word_1_296' title='bbox 1604 2864 1844 2932; x_wconf 71' lang='lat' dir='ltr'><strong>conﬁxit,</strong></span> <span class='ocrx_word' id='word_1_297' title='bbox 1872 2882 1989 2938; x_wconf 85' lang='lat' dir='ltr'><strong>pes-</strong></span> 
     </span>
    </p>
   </div>
   <div class='ocr_carea' id='block_1_42' title="bbox 374 2952 1990 3027">
    <p class='ocr_par' dir='ltr' id='par_1_42' title="bbox 374 2952 1990 3027">
     <span class='ocr_line' id='line_1_42' title="bbox 374 2952 1990 3027; baseline 0.004 -21"><span class='ocrx_word' id='word_1_298' title='bbox 374 2952 638 3007; x_wconf 83' lang='lat' dir='ltr'><strong>sumdedit</strong></span> <span class='ocrx_word' id='word_1_299' title='bbox 661 2953 683 3007; x_wconf 88' lang='lat'><strong>.&#39;</strong></span> <span class='ocrx_word' id='word_1_300' title='bbox 710 2953 875 3021; x_wconf 84' lang='lat' dir='ltr'><strong>Quid,</strong></span> <span class='ocrx_word' id='word_1_301' title='bbox 900 2954 947 3010; x_wconf 89' lang='lat' dir='ltr'><strong>si</strong></span> <span class='ocrx_word' id='word_1_302' title='bbox 976 2953 1248 3009; x_wconf 82' lang='lat' dir='ltr'><strong>Ccllarius</strong></span> <span class='ocrx_word' id='word_1_303' title='bbox 1290 2954 1359 3009; x_wconf 84' lang='lat' dir='ltr'><strong>ad</strong></span> <span class='ocrx_word' id='word_1_304' title='bbox 1401 2964 1593 3010; x_wconf 89' lang='lat' dir='ltr'><strong>nostra</strong></span> <span class='ocrx_word' id='word_1_305' title='bbox 1642 2958 1990 3027; x_wconf 66' lang='lat' dir='ltr'><strong>pervenisset</strong></span> 
     </span>
    </p>
   </div>
   <div class='ocr_carea' id='block_1_43' title="bbox 380 3048 1990 3120">
    <p class='ocr_par' dir='ltr' id='par_1_43' title="bbox 380 3048 1990 3120">
     <span class='ocr_line' id='line_1_43' title="bbox 380 3048 1990 3120; baseline 0.003 -18"><span class='ocrx_word' id='word_1_306' title='bbox 380 3060 653 3119; x_wconf 89' lang='lat' dir='ltr'><strong>tempora,</strong></span> <span class='ocrx_word' id='word_1_307' title='bbox 683 3048 883 3120; x_wconf 88' lang='lat' dir='ltr'><strong>quibus</strong></span> <span class='ocrx_word' id='word_1_308' title='bbox 915 3048 1075 3103; x_wconf 88' lang='lat' dir='ltr'><strong>multi</strong></span> <span class='ocrx_word' id='word_1_309' title='bbox 1110 3064 1214 3103; x_wconf 90' lang='lat' dir='ltr'><strong>non</strong></span> <span class='ocrx_word' id='word_1_310' title='bbox 1246 3049 1357 3118; x_wconf 85' lang='lat' dir='ltr'><strong>jam</strong></span> <span class='ocrx_word' id='word_1_311' title='bbox 1404 3064 1500 3120; x_wconf 84' lang='lat' dir='ltr'><strong>per</strong></span> <span class='ocrx_word' id='word_1_312' title='bbox 1540 3054 1789 3108; x_wconf 88' lang='lat' dir='ltr'><strong>occultos</strong></span> <span class='ocrx_word' id='word_1_313' title='bbox 1836 3053 1990 3108; x_wconf 85' lang='lat' dir='ltr'><strong>cuni-</strong></span> 
     </span>
    </p>
   </div>
   <div class='ocr_carea' id='block_1_44' title="bbox 375 3132 1990 3223">
    <p class='ocr_par' dir='ltr' id='par_1_44' title="bbox 375 3132 1990 3223">
     <span class='ocr_line' id='line_1_44' title="bbox 375 3132 1990 3223; baseline 0.001 -24"><span class='ocrx_word' id='word_1_314' title='bbox 375 3144 554 3213; x_wconf 89' lang='lat' dir='ltr'><strong>culos,</strong></span> <span class='ocrx_word' id='word_1_315' title='bbox 587 3145 684 3201; x_wconf 89' lang='lat' dir='ltr'><strong>sed</strong></span> <span class='ocrx_word' id='word_1_316' title='bbox 717 3148 769 3223; x_wconf 72' lang='lat'><strong>2</strong></span> <span class='ocrx_word' id='word_1_317' title='bbox 817 3156 1011 3215; x_wconf 86' lang='lat' dir='ltr'><strong>aperte</strong></span> <span class='ocrx_word' id='word_1_318' title='bbox 1044 3132 1151 3199; x_wconf 84' lang='lat' dir='ltr'><strong>non</strong></span> <span class='ocrx_word' id='word_1_319' title='bbox 1184 3143 1369 3199; x_wconf 74' lang='lat' dir='ltr'><strong>minus</strong></span> <span class='ocrx_word' id='word_1_320' title='bbox 1416 3161 1579 3216; x_wconf 87' lang='lat' dir='ltr'><strong>quam</strong></span> <span class='ocrx_word' id='word_1_321' title='bbox 1630 3146 1990 3217; x_wconf 88' lang='lat' dir='ltr'><strong>impudenter</strong></span> 
     </span>
    </p>
   </div>
   <div class='ocr_carea' id='block_1_45' title="bbox 380 3238 1989 3311">
    <p class='ocr_par' dir='ltr' id='par_1_45' title="bbox 380 3238 1989 3311">
     <span class='ocr_line' id='line_1_45' title="bbox 380 3238 1989 3311; baseline 0.003 -18"><span class='ocrx_word' id='word_1_322' title='bbox 380 3238 708 3311; x_wconf 89' lang='lat' dir='ltr'><strong>religionem</strong></span> <span class='ocrx_word' id='word_1_323' title='bbox 762 3255 827 3293; x_wconf 90' lang='lat' dir='ltr'><strong>ac</strong></span> <span class='ocrx_word' id='word_1_324' title='bbox 875 3240 1083 3295; x_wconf 87' lang='lat' dir='ltr'><strong>cultum</strong></span> <span class='ocrx_word' id='word_1_325' title='bbox 1144 3238 1242 3293; x_wconf 86' lang='lat' dir='ltr'><strong>Dei</strong></span> <span class='ocrx_word' id='word_1_326' title='bbox 1295 3252 1512 3295; x_wconf 87' lang='lat' dir='ltr'><strong>omnem</strong></span> <span class='ocrx_word' id='word_1_327' title='bbox 1576 3250 1829 3297; x_wconf 86' lang='lat' dir='ltr'><strong>evertere</strong></span> <span class='ocrx_word' id='word_1_328' title='bbox 1894 3257 1989 3298; x_wconf 90' lang='lat' dir='ltr'><strong>co-</strong></span> 
     </span>
    </p>
   </div>
   <div class='ocr_carea' id='block_1_46' title="bbox 379 3335 656 3396">
    <p class='ocr_par' dir='ltr' id='par_1_46' title="bbox 379 3335 656 3396">
     <span class='ocr_line' id='line_1_46' title="bbox 379 3335 656 3396; baseline -0.007 -5"><span class='ocrx_word' id='word_1_329' title='bbox 379 3346 581 3391; x_wconf 88' lang='lat' dir='ltr'><strong>nantur</strong></span> <span class='ocrx_word' id='word_1_330' title='bbox 607 3335 656 3396; x_wconf 60' lang='grc' dir='ltr'><strong>ἲ,</strong></span> 
     </span>
    </p>
   </div>
   <div class='ocr_carea' id='block_1_47' title="bbox 448 3418 1989 3499">
    <p class='ocr_par' dir='ltr' id='par_1_47' title="bbox 448 3418 1989 3499">
     <span class='ocr_line' id='line_1_47' title="bbox 448 3418 1989 3499; baseline 0.001 -15"><span class='ocrx_word' id='word_1_331' title='bbox 448 3430 506 3485; x_wconf 76' lang='lat'><strong>‘2.</strong></span> <span class='ocrx_word' id='word_1_332' title='bbox 538 3418 655 3484; x_wconf 66' lang='lat' dir='ltr'><strong>&#39;Setl</strong></span> <span class='ocrx_word' id='word_1_333' title='bbox 699 3428 766 3484; x_wconf 90' lang='lat' dir='ltr'><strong>ad</strong></span> <span class='ocrx_word' id='word_1_334' title='bbox 811 3427 1119 3499; x_wconf 76' lang='lat' dir='ltr'><strong>neglectam</strong></span> <span class='ocrx_word' id='word_1_335' title='bbox 1154 3429 1402 3484; x_wconf 84' lang='lat' dir='ltr'><strong>notitiam</strong></span> <span class='ocrx_word' id='word_1_336' title='bbox 1455 3428 1698 3499; x_wconf 85' lang='lat' dir='ltr'><strong>priorum</strong></span> <span class='ocrx_word' id='word_1_337' title='bbox 1726 3428 1989 3485; x_wconf 64' lang='lat' dir='ltr'><strong>Ecclesiae</strong></span> 
     </span>
    </p>
   </div>
   <div class='ocr_carea' id='block_1_48' title="bbox 377 3522 1989 3596">
    <p class='ocr_par' dir='ltr' id='par_1_48' title="bbox 377 3522 1989 3596">
     <span class='ocr_line' id='line_1_48' title="bbox 377 3522 1989 3596; baseline -0.001 -16"><span class='ocrx_word' id='word_1_338' title='bbox 377 3535 687 3596; x_wconf 86' lang='lat' dir='ltr'><strong>temporum</strong></span> <span class='ocrx_word' id='word_1_339' title='bbox 718 3522 865 3594; x_wconf 87' lang='lat' dir='ltr'><strong>quod</strong></span> <span class='ocrx_word' id='word_1_340' title='bbox 916 3524 1151 3592; x_wconf 88' lang='lat' dir='ltr'><strong>attinet,</strong></span> <span class='ocrx_word' id='word_1_341' title='bbox 1207 3523 1560 3593; x_wconf 86' lang='lat' dir='ltr'><strong>perspicuum</strong></span> <span class='ocrx_word' id='word_1_342' title='bbox 1608 3533 1731 3589; x_wconf 89' lang='lat' dir='ltr'><strong>est,</strong></span> <span class='ocrx_word' id='word_1_343' title='bbox 1787 3522 1989 3594; x_wconf 90' lang='lat' dir='ltr'><strong>impios</strong></span> 
     </span>
    </p>
   </div>
   <div class='ocr_carea' id='block_1_49' title="bbox 377 3615 1987 3690">
    <p class='ocr_par' dir='ltr' id='par_1_49' title="bbox 377 3615 1987 3690">
     <span class='ocr_line' id='line_1_49' title="bbox 377 3615 1987 3690; baseline -0.002 -15"><span class='ocrx_word' id='word_1_344' title='bbox 377 3617 645 3690; x_wconf 87' lang='lat' dir='ltr'><strong>quosdam</strong></span> <span class='ocrx_word' id='word_1_345' title='bbox 677 3615 929 3671; x_wconf 88' lang='lat' dir='ltr'><strong>homines</strong></span> <span class='ocrx_word' id='word_1_346' title='bbox 964 3616 1098 3671; x_wconf 87' lang='lat' dir='ltr'><strong>nihil</strong></span> <span class='ocrx_word' id='word_1_347' title='bbox 1129 3616 1409 3686; x_wconf 87' lang='lat' dir='ltr'><strong>antiquius</strong></span> <span class='ocrx_word' id='word_1_348' title='bbox 1440 3615 1701 3672; x_wconf 88' lang='lat' dir='ltr'><strong>habuisse</strong></span> <span class='ocrx_word' id='word_1_349' title='bbox 1737 3630 1900 3686; x_wconf 88' lang='lat' dir='ltr'><strong>quam</strong></span> <span class='ocrx_word' id='word_1_350' title='bbox 1932 3625 1987 3671; x_wconf 91' lang='lat' dir='ltr'><strong>nt</strong></span> 
     </span>
    </p>
   </div>
   <div class='ocr_carea' id='block_1_50' title="bbox 2092 2393 3699 2467">
    <p class='ocr_par' dir='ltr' id='par_1_50' title="bbox 2092 2393 3699 2467">
     <span class='ocr_line' id='line_1_50' title="bbox 2092 2393 3699 2467; baseline 0.001 -18"><span class='ocrx_word' id='word_1_351' title='bbox 2092 2396 2220 2451; x_wconf 90' lang='lat' dir='ltr'><strong>lium</strong></span> <span class='ocrx_word' id='word_1_352' title='bbox 2249 2405 2351 2464; x_wconf 88' lang='lat' dir='ltr'><strong>;ut</strong></span> <span class='ocrx_word' id='word_1_353' title='bbox 2377 2396 2595 2466; x_wconf 87' lang='lat' dir='ltr'><strong>quisque</strong></span> <span class='ocrx_word' id='word_1_354' title='bbox 2626 2395 2819 2467; x_wconf 83' lang='lat' dir='ltr'><strong>optime</strong></span> <span class='ocrx_word' id='word_1_355' title='bbox 2850 2393 3029 2451; x_wconf 65' lang='lat' dir='ltr'><strong>Grece</strong></span> <span class='ocrx_word' id='word_1_356' title='bbox 3051 2396 3227 2461; x_wconf 86' lang='lat' dir='ltr'><strong>sciret,</strong></span> <span class='ocrx_word' id='word_1_357' title='bbox 3261 2396 3335 2450; x_wconf 87' lang='lat' dir='ltr'><strong>ita</strong></span> <span class='ocrx_word' id='word_1_358' title='bbox 3362 2410 3472 2451; x_wconf 81' lang='lat' dir='ltr'><strong>esse</strong></span> <span class='ocrx_word' id='word_1_359' title='bbox 3494 2396 3699 2467; x_wconf 69' lang='lat' dir='ltr'><strong>nequis-</strong></span> 
     </span>
    </p>
   </div>
   <div class='ocr_carea' id='block_1_51' title="bbox 2091 2493 2298 2546">
    <p class='ocr_par' dir='ltr' id='par_1_51' title="bbox 2091 2493 2298 2546">
     <span class='ocr_line' id='line_1_51' title="bbox 2091 2493 2298 2546; baseline -0.005 0"><span class='ocrx_word' id='word_1_360' title='bbox 2091 2493 2298 2546; x_wconf 88' lang='lat' dir='ltr'><strong>simum.</strong></span> 
     </span>
    </p>
   </div>
   <div class='ocr_carea' id='block_1_52' title="bbox 2164 2585 3697 2656">
    <p class='ocr_par' dir='ltr' id='par_1_52' title="bbox 2164 2585 3697 2656">
     <span class='ocr_line' id='line_1_52' title="bbox 2164 2585 3697 2656; baseline 0.001 -14"><span class='ocrx_word' id='word_1_361' title='bbox 2164 2587 2220 2643; x_wconf 69' lang='grc'><strong>4.</strong></span> <span class='ocrx_word' id='word_1_362' title='bbox 2262 2585 2399 2642; x_wconf 85' lang='lat' dir='ltr'><strong>lluic</strong></span> <span class='ocrx_word' id='word_1_363' title='bbox 2429 2586 2572 2641; x_wconf 89' lang='lat' dir='ltr'><strong>tualo</strong></span> <span class='ocrx_word' id='word_1_364' title='bbox 2596 2586 2831 2641; x_wconf 85' lang='lat' dir='ltr'><strong>maxima</strong></span> <span class='ocrx_word' id='word_1_365' title='bbox 2860 2600 2927 2642; x_wconf 78' lang='lat' dir='ltr'><strong>ex</strong></span> <span class='ocrx_word' id='word_1_366' title='bbox 2958 2594 3113 2655; x_wconf 84' lang='lat' dir='ltr'><strong>parte</strong></span> <span class='ocrx_word' id='word_1_367' title='bbox 3141 2585 3358 2641; x_wconf 87' lang='lat' dir='ltr'><strong>cecurri</strong></span> <span class='ocrx_word' id='word_1_368' title='bbox 3417 2590 3619 2656; x_wconf 87' lang='lat' dir='ltr'><strong>potest,</strong></span> <span class='ocrx_word' id='word_1_369' title='bbox 3647 2586 3697 2643; x_wconf 85' lang='lat' dir='ltr'><strong>si</strong></span> 
     </span>
    </p>
   </div>
   <div class='ocr_carea' id='block_1_53' title="bbox 2094 2677 3697 2748">
    <p class='ocr_par' dir='ltr' id='par_1_53' title="bbox 2094 2677 3697 2748">
     <span class='ocr_line' id='line_1_53' title="bbox 2094 2677 3697 2748; baseline 0.001 -14"><span class='ocrx_word' id='word_1_370' title='bbox 2094 2678 2370 2735; x_wconf 89' lang='lat' dir='ltr'><strong>mordicus</strong></span> <span class='ocrx_word' id='word_1_371' title='bbox 2395 2680 2704 2735; x_wconf 87' lang='lat' dir='ltr'><strong>retineatur</strong></span> <span class='ocrx_word' id='word_1_372' title='bbox 2727 2690 2784 2735; x_wconf 87' lang='lat' dir='ltr'><strong>ct</strong></span> <span class='ocrx_word' id='word_1_373' title='bbox 2814 2686 3070 2734; x_wconf 86' lang='lat' dir='ltr'><strong>accurate</strong></span> <span class='ocrx_word' id='word_1_374' title='bbox 3095 2678 3403 2748; x_wconf 78' lang='lat' dir='ltr'><strong>explicetur</strong></span> <span class='ocrx_word' id='word_1_375' title='bbox 3450 2677 3697 2735; x_wconf 82' lang='lat' dir='ltr'><strong>doctrina</strong></span> 
     </span>
    </p>
   </div>
   <div class='ocr_carea' id='block_1_54' title="bbox 2093 2770 3692 2841">
    <p class='ocr_par' dir='ltr' id='par_1_54' title="bbox 2093 2770 3692 2841">
     <span class='ocr_line' id='line_1_54' title="bbox 2093 2770 3692 2841; baseline 0 -14"><span class='ocrx_word' id='word_1_376' title='bbox 2093 2786 2216 2827; x_wconf 89' lang='lat' dir='ltr'><strong>cum</strong></span> <span class='ocrx_word' id='word_1_377' title='bbox 2244 2772 2479 2827; x_wconf 89' lang='lat' dir='ltr'><strong>aliorum</strong></span> <span class='ocrx_word' id='word_1_378' title='bbox 2510 2771 2756 2840; x_wconf 86' lang='lat' dir='ltr'><strong>Patrum,</strong></span> <span class='ocrx_word' id='word_1_379' title='bbox 2790 2779 2904 2826; x_wconf 89' lang='lat' dir='ltr'><strong>tum</strong></span> <span class='ocrx_word' id='word_1_380' title='bbox 2933 2779 3220 2841; x_wconf 74' lang='lat' dir='ltr'><strong>poetarum</strong></span> <span class='ocrx_word' id='word_1_381' title='bbox 3248 2770 3692 2841; x_wconf 85' lang='lat' dir='ltr'><strong>christianorum,</strong></span> 
     </span>
    </p>
   </div>
   <div class='ocr_carea' id='block_1_55' title="bbox 2094 2864 3697 2935">
    <p class='ocr_par' dir='ltr' id='par_1_55' title="bbox 2094 2864 3697 2935">
     <span class='ocr_line' id='line_1_55' title="bbox 2094 2864 3697 2935; baseline 0.001 -17"><span class='ocrx_word' id='word_1_382' title='bbox 2094 2880 2233 2935; x_wconf 89' lang='lat' dir='ltr'><strong>quos</strong></span> <span class='ocrx_word' id='word_1_383' title='bbox 2258 2867 2411 2935; x_wconf 85' lang='lat' dir='ltr'><strong>quasi</strong></span> <span class='ocrx_word' id='word_1_384' title='bbox 2437 2865 2542 2919; x_wconf 89' lang='lat' dir='ltr'><strong>alia</strong></span> <span class='ocrx_word' id='word_1_385' title='bbox 2574 2865 2807 2935; x_wconf 85' lang='lat' dir='ltr'><strong>quadam</strong></span> <span class='ocrx_word' id='word_1_386' title='bbox 2844 2865 3024 2934; x_wconf 82' lang='lat' dir='ltr'><strong>lingua</strong></span> <span class='ocrx_word' id='word_1_387' title='bbox 3059 2864 3274 2919; x_wconf 83' lang='lat' dir='ltr'><strong>loeutus</strong></span> <span class='ocrx_word' id='word_1_388' title='bbox 3302 2865 3458 2918; x_wconf 88' lang='lat' dir='ltr'><strong>multi</strong></span> <span class='ocrx_word' id='word_1_389' title='bbox 3477 2868 3583 2920; x_wconf 78' lang='lat' dir='ltr'><strong>non</strong></span> <span class='ocrx_word' id='word_1_390' title='bbox 3601 2874 3697 2921; x_wconf 66' lang='lat' dir='ltr'><strong>suo</strong></span> 
     </span>
    </p>
   </div>
   <div class='ocr_carea' id='block_1_56' title="bbox 2094 2959 3691 3030">
    <p class='ocr_par' dir='ltr' id='par_1_56' title="bbox 2094 2959 3691 3030">
     <span class='ocr_line' id='line_1_56' title="bbox 2094 2959 3691 3030; baseline 0.002 -15"><span class='ocrx_word' id='word_1_391' title='bbox 2094 2960 2541 3030; x_wconf 83' lang='lat' dir='ltr'><strong>dentattingerc,</strong></span> <span class='ocrx_word' id='word_1_392' title='bbox 2600 2959 2700 3014; x_wconf 91' lang='lat' dir='ltr'><strong>nisi</strong></span> <span class='ocrx_word' id='word_1_393' title='bbox 2748 2960 3067 3029; x_wconf 68' lang='lat' dir='ltr'><strong>esplanatio</strong></span> <span class='ocrx_word' id='word_1_394' title='bbox 3115 2960 3296 3027; x_wconf 81' lang='lat' dir='ltr'><strong>aliqua</strong></span> <span class='ocrx_word' id='word_1_395' title='bbox 3350 2960 3691 3018; x_wconf 82' lang='lat' dir='ltr'><strong>adhibeatur.</strong></span> 
     </span>
    </p>
   </div>
   <div class='ocr_carea' id='block_1_57' title="bbox 2092 3052 3695 3126">
    <p class='ocr_par' dir='ltr' id='par_1_57' title="bbox 2092 3052 3695 3126">
     <span class='ocr_line' id='line_1_57' title="bbox 2092 3052 3695 3126; baseline 0.001 -17"><span class='ocrx_word' id='word_1_396' title='bbox 2092 3053 2263 3126; x_wconf 83' lang='lat' dir='ltr'><strong>Igitur</strong></span> <span class='ocrx_word' id='word_1_397' title='bbox 2292 3052 2610 3122; x_wconf 64' lang='lat' dir='ltr'><strong>Prudentia,</strong></span> <span class='ocrx_word' id='word_1_398' title='bbox 2644 3054 2974 3122; x_wconf 86' lang='lat' dir='ltr'><strong>Dracontio,</strong></span> <span class='ocrx_word' id='word_1_399' title='bbox 3028 3062 3084 3109; x_wconf 89' lang='lat' dir='ltr'><strong>et</strong></span> <span class='ocrx_word' id='word_1_400' title='bbox 3126 3054 3373 3110; x_wconf 72' lang='lat' dir='ltr'><strong>torento</strong></span> <span class='ocrx_word' id='word_1_401' title='bbox 3419 3053 3695 3111; x_wconf 82' lang='lat' dir='ltr'><strong>Sedulium</strong></span> 
     </span>
    </p>
   </div>
   <div class='ocr_carea' id='block_1_58' title="bbox 2094 3144 3697 3221">
    <p class='ocr_par' dir='ltr' id='par_1_58' title="bbox 2094 3144 3697 3221">
     <span class='ocr_line' id='line_1_58' title="bbox 2094 3144 3697 3221; baseline 0.002 -19"><span class='ocrx_word' id='word_1_402' title='bbox 2094 3163 2240 3205; x_wconf 89' lang='lat' dir='ltr'><strong>nunc</strong></span> <span class='ocrx_word' id='word_1_403' title='bbox 2255 3147 2624 3219; x_wconf 85' lang='lat' dir='ltr'><strong>adjungitnus.</strong></span> <span class='ocrx_word' id='word_1_404' title='bbox 2645 3148 2722 3203; x_wconf 80' lang='lat' dir='ltr'><strong>Ac</strong></span> <span class='ocrx_word' id='word_1_405' title='bbox 2747 3157 2899 3204; x_wconf 89' lang='lat' dir='ltr'><strong>recte</strong></span> <span class='ocrx_word' id='word_1_406' title='bbox 2921 3148 3141 3219; x_wconf 87' lang='lat' dir='ltr'><strong>quidem</strong></span> <span class='ocrx_word' id='word_1_407' title='bbox 3162 3147 3426 3217; x_wconf 65' lang='lat' dir='ltr'><strong>iuvenco,</strong></span> <span class='ocrx_word' id='word_1_408' title='bbox 3454 3144 3697 3221; x_wconf 62' lang='lat' dir='ltr'><strong>proxime</strong></span> 
     </span>
    </p>
   </div>
   <div class='ocr_carea' id='block_1_59' title="bbox 2093 3235 3697 3316">
    <p class='ocr_par' dir='ltr' id='par_1_59' title="bbox 2093 3235 3697 3316">
     <span class='ocr_line' id='line_1_59' title="bbox 2093 3235 3697 3316; baseline 0.002 -20"><span class='ocrx_word' id='word_1_409' title='bbox 2093 3258 2123 3296; x_wconf 88' lang='lat' dir='ltr'><strong>a</strong></span> <span class='ocrx_word' id='word_1_410' title='bbox 2157 3242 2315 3297; x_wconf 91' lang='lat' dir='ltr'><strong>nobis</strong></span> <span class='ocrx_word' id='word_1_411' title='bbox 2342 3242 2513 3306; x_wconf 83' lang='lat' dir='ltr'><strong>edito,</strong></span> <span class='ocrx_word' id='word_1_412' title='bbox 2543 3257 2728 3299; x_wconf 87' lang='lat' dir='ltr'><strong>comes</strong></span> <span class='ocrx_word' id='word_1_413' title='bbox 2753 3258 2896 3298; x_wconf 90' lang='lat' dir='ltr'><strong>nunc</strong></span> <span class='ocrx_word' id='word_1_414' title='bbox 2916 3242 3139 3299; x_wconf 82' lang='lat' dir='ltr'><strong>additur</strong></span> <span class='ocrx_word' id='word_1_415' title='bbox 3163 3243 3425 3300; x_wconf 81' lang='lat' dir='ltr'><strong>Sedulius</strong></span> <span class='ocrx_word' id='word_1_416' title='bbox 3449 3235 3561 3301; x_wconf 18' lang='lat' dir='ltr'><strong>:‘de</strong></span> <span class='ocrx_word' id='word_1_417' title='bbox 3580 3243 3697 3316; x_wconf 83' lang='lat' dir='ltr'><strong>qui-</strong></span> 
     </span>
    </p>
   </div>
   <div class='ocr_carea' id='block_1_60' title="bbox 2097 3335 3515 3408">
    <p class='ocr_par' dir='ltr' id='par_1_60' title="bbox 2097 3335 3515 3408">
     <span class='ocr_line' id='line_1_60' title="bbox 2097 3335 3515 3408; baseline 0 -17"><span class='ocrx_word' id='word_1_418' title='bbox 2097 3336 2197 3391; x_wconf 88' lang='lat' dir='ltr'><strong>bus</strong></span> <span class='ocrx_word' id='word_1_419' title='bbox 2230 3336 2282 3390; x_wconf 88' lang='lat' dir='ltr'><strong>in</strong></span> <span class='ocrx_word' id='word_1_420' title='bbox 2316 3336 2491 3390; x_wconf 87' lang='lat' dir='ltr'><strong>titulis</strong></span> <span class='ocrx_word' id='word_1_421' title='bbox 2522 3336 2869 3392; x_wconf 68' lang='lat' dir='ltr'><strong>bibliothecae</strong></span> <span class='ocrx_word' id='word_1_422' title='bbox 2901 3335 3094 3392; x_wconf 86' lang='lat' dir='ltr'><strong>lsidori</strong></span> <span class='ocrx_word' id='word_1_423' title='bbox 3125 3336 3205 3392; x_wconf 89' lang='lat' dir='ltr'><strong>sic</strong></span> <span class='ocrx_word' id='word_1_424' title='bbox 3234 3337 3475 3408; x_wconf 77' lang='lat' dir='ltr'><strong>legimus</strong></span> <span class='ocrx_word' id='word_1_425' title='bbox 3502 3348 3515 3391; x_wconf 86' lang='lat'><strong>:</strong></span> 
     </span>
    </p>
   </div>
   <div class='ocr_carea' id='block_1_61' title="bbox 2221 3444 3478 3512">
    <p class='ocr_par' dir='ltr' id='par_1_61' title="bbox 2221 3444 3478 3512">
     <span class='ocr_line' id='line_1_61' title="bbox 2221 3444 3478 3512; baseline 0.001 -14"><span class='ocrx_word' id='word_1_426' title='bbox 2221 3449 2377 3512; x_wconf 75' lang='lat' dir='ltr'><strong>Ambo</strong></span> <span class='ocrx_word' id='word_1_427' title='bbox 2398 3461 2544 3512; x_wconf 87' lang='lat' dir='ltr'><strong>pares</strong></span> <span class='ocrx_word' id='word_1_428' title='bbox 2570 3448 2733 3510; x_wconf 83' lang='lat' dir='ltr'><strong>lingua</strong></span> <span class='ocrx_word' id='word_1_429' title='bbox 2752 3485 2766 3510; x_wconf 94' lang='lat'><strong>,</strong></span> <span class='ocrx_word' id='word_1_430' title='bbox 2791 3444 3035 3499; x_wconf 81' lang='lat' dir='ltr'><strong>ﬂorentes</strong></span> <span class='ocrx_word' id='word_1_431' title='bbox 3057 3450 3285 3500; x_wconf 80' lang='lat' dir='ltr'><strong>versibus</strong></span> <span class='ocrx_word' id='word_1_432' title='bbox 3307 3449 3478 3502; x_wconf 85' lang='lat' dir='ltr'><strong>ambo:</strong></span> 
     </span>
    </p>
   </div>
   <div class='ocr_carea' id='block_1_62' title="bbox 2282 3510 3316 3576">
    <p class='ocr_par' dir='ltr' id='par_1_62' title="bbox 2282 3510 3316 3576">
     <span class='ocr_line' id='line_1_62' title="bbox 2282 3510 3316 3576; baseline 0 -15"><span class='ocrx_word' id='word_1_433' title='bbox 2282 3510 2441 3562; x_wconf 84' lang='lat' dir='ltr'><strong>Fonte</strong></span> <span class='ocrx_word' id='word_1_434' title='bbox 2467 3513 2756 3574; x_wconf 77' lang='lat' dir='ltr'><strong>erangelico</strong></span> <span class='ocrx_word' id='word_1_435' title='bbox 2780 3512 2951 3575; x_wconf 87' lang='lat' dir='ltr'><strong>pocula</strong></span> <span class='ocrx_word' id='word_1_436' title='bbox 2977 3511 3107 3576; x_wconf 81' lang='lat' dir='ltr'><strong>larga</strong></span> <span class='ocrx_word' id='word_1_437' title='bbox 3132 3513 3316 3563; x_wconf 86' lang='lat' dir='ltr'><strong>ferunt.</strong></span> 
     </span>
    </p>
   </div>
   <div class='ocr_carea' id='block_1_63' title="bbox 2097 3616 3715 3699">
    <p class='ocr_par' dir='ltr' id='par_1_63' title="bbox 2097 3616 3715 3699">
     <span class='ocr_line' id='line_1_63' title="bbox 2097 3616 3715 3699; baseline 0.002 -27"><span class='ocrx_word' id='word_1_438' title='bbox 2097 3617 2169 3673; x_wconf 90' lang='lat' dir='ltr'><strong>De</strong></span> <span class='ocrx_word' id='word_1_439' title='bbox 2198 3616 2427 3673; x_wconf 88' lang='lat' dir='ltr'><strong>Sedulio</strong></span> <span class='ocrx_word' id='word_1_440' title='bbox 2451 3632 2579 3699; x_wconf 89' lang='lat' dir='ltr'><strong>ergo</strong></span> <span class='ocrx_word' id='word_1_441' title='bbox 2609 3633 2765 3674; x_wconf 89' lang='lat' dir='ltr'><strong>more</strong></span> <span class='ocrx_word' id='word_1_442' title='bbox 2798 3618 3160 3690; x_wconf 87' lang='lat' dir='ltr'><strong>institutoque</strong></span> <span class='ocrx_word' id='word_1_443' title='bbox 3207 3629 3399 3676; x_wconf 76' lang='lat' dir='ltr'><strong>nostro</strong></span> <span class='ocrx_word' id='word_1_444' title='bbox 3439 3633 3501 3676; x_wconf 86' lang='lat' dir='ltr'><strong>ea</strong></span> <span class='ocrx_word' id='word_1_445' title='bbox 3550 3620 3715 3691; x_wconf 77' lang='lat' dir='ltr'><strong>prius.</strong></span> 
     </span>
    </p>
   </div>
   <div class='ocr_carea' id='block_1_64' title="bbox 380 3706 3688 3794">
    <p class='ocr_par' dir='ltr' id='par_1_64' title="bbox 380 3706 3688 3794">
     <span class='ocr_line' id='line_1_64' title="bbox 380 3706 3688 3794; baseline 0.001 -29"><span class='ocrx_word' id='word_1_446' title='bbox 380 3709 633 3782; x_wconf 86' lang='lat' dir='ltr'><strong>probatis</strong></span> <span class='ocrx_word' id='word_1_447' title='bbox 655 3707 945 3780; x_wconf 85' lang='lat' dir='ltr'><strong>quibusvis</strong></span> <span class='ocrx_word' id='word_1_448' title='bbox 978 3708 1381 3794; x_wconf 47' lang='lat' dir='ltr'><strong>scriptoribus,</strong></span> <span class='ocrx_word' id='word_1_449' title='bbox 1400 3717 1565 3777; x_wconf 90' lang='lat' dir='ltr'><strong>atque</strong></span> <span class='ocrx_word' id='word_1_450' title='bbox 1596 3708 1735 3763; x_wconf 83' lang='lat' dir='ltr'><strong>adeo</strong></span> <span class='ocrx_word' id='word_1_451' title='bbox 1783 3709 1981 3779; x_wconf 81' lang='lat' dir='ltr'><strong>linguae</strong></span> <span class='ocrx_word' id='word_1_452' title='bbox 2011 3706 2056 3769; x_wconf 91' lang='lat' dir='ltr'>C</span> <span class='ocrx_word' id='word_1_453' title='bbox 2090 3709 2448 3780; x_wconf 88' lang='lat' dir='ltr'><strong>disseremus,</strong></span> <span class='ocrx_word' id='word_1_454' title='bbox 2477 3726 2596 3781; x_wconf 66' lang='lat' dir='ltr'><strong>quae</strong></span> <span class='ocrx_word' id='word_1_455' title='bbox 2615 3709 2680 3764; x_wconf 90' lang='lat' dir='ltr'><strong>ad</strong></span> <span class='ocrx_word' id='word_1_456' title='bbox 2705 3709 2822 3781; x_wconf 84' lang='lat' dir='ltr'><strong>ejus</strong></span> <span class='ocrx_word' id='word_1_457' title='bbox 2845 3709 3007 3767; x_wconf 83' lang='lat' dir='ltr'><strong>vitam</strong></span> <span class='ocrx_word' id='word_1_458' title='bbox 3031 3717 3088 3766; x_wconf 87' lang='lat' dir='ltr'><strong>et</strong></span> <span class='ocrx_word' id='word_1_459' title='bbox 3115 3711 3322 3782; x_wconf 88' lang='lat' dir='ltr'><strong>scripta</strong></span> <span class='ocrx_word' id='word_1_460' title='bbox 3352 3713 3688 3784; x_wconf 73' lang='lat' dir='ltr'><strong>potissimum</strong></span> 
     </span>
    </p>
   </div>
   <div class='ocr_carea' id='block_1_65' title="bbox 374 3800 1985 3877">
    <p class='ocr_par' dir='ltr' id='par_1_65' title="bbox 374 3800 1985 3877">
     <span class='ocr_line' id='line_1_65' title="bbox 374 3800 1985 3877; baseline -0.004 -14"><span class='ocrx_word' id='word_1_461' title='bbox 374 3805 477 3877; x_wconf 89' lang='lat' dir='ltr'><strong>ipsi</strong></span> <span class='ocrx_word' id='word_1_462' title='bbox 508 3803 723 3858; x_wconf 73' lang='lat' dir='ltr'><strong>Latina:</strong></span> <span class='ocrx_word' id='word_1_463' title='bbox 753 3802 956 3858; x_wconf 89' lang='lat' dir='ltr'><strong>bellum</strong></span> <span class='ocrx_word' id='word_1_464' title='bbox 986 3800 1320 3857; x_wconf 88' lang='lat' dir='ltr'><strong>indicerent.</strong></span> <span class='ocrx_word' id='word_1_465' title='bbox 1372 3802 1448 3856; x_wconf 89' lang='lat' dir='ltr'><strong>lta</strong></span> <span class='ocrx_word' id='word_1_466' title='bbox 1491 3801 1636 3856; x_wconf 87' lang='lat' dir='ltr'><strong>enim</strong></span> <span class='ocrx_word' id='word_1_467' title='bbox 1667 3800 1787 3857; x_wconf 89' lang='lat' dir='ltr'><strong>tieri</strong></span> <span class='ocrx_word' id='word_1_468' title='bbox 1821 3816 1985 3872; x_wconf 86' lang='lat' dir='ltr'><strong>posse</strong></span> 
     </span>
    </p>
   </div>
   <div class='ocr_carea' id='block_1_66' title="bbox 371 3893 1987 3968">
    <p class='ocr_par' dir='ltr' id='par_1_66' title="bbox 371 3893 1987 3968">
     <span class='ocr_line' id='line_1_66' title="bbox 371 3893 1987 3968; baseline -0.003 -17"><span class='ocrx_word' id='word_1_469' title='bbox 371 3896 691 3968; x_wconf 80' lang='lat' dir='ltr'><strong>sperabant,</strong></span> <span class='ocrx_word' id='word_1_470' title='bbox 726 3911 849 3950; x_wconf 88' lang='lat' dir='ltr'><strong>cum</strong></span> <span class='ocrx_word' id='word_1_471' title='bbox 880 3903 941 3950; x_wconf 92' lang='lat' dir='ltr'><strong>ut</strong></span> <span class='ocrx_word' id='word_1_472' title='bbox 967 3909 1065 3950; x_wconf 87' lang='lat' dir='ltr'><strong>sua</strong></span> <span class='ocrx_word' id='word_1_473' title='bbox 1099 3895 1347 3965; x_wconf 89' lang='lat' dir='ltr'><strong>ipsorum</strong></span> <span class='ocrx_word' id='word_1_474' title='bbox 1378 3893 1730 3966; x_wconf 87' lang='lat' dir='ltr'><strong>eloquentia,</strong></span> <span class='ocrx_word' id='word_1_475' title='bbox 1780 3895 1987 3967; x_wconf 85' lang='lat' dir='ltr'><strong>longis-</strong></span> 
     </span>
    </p>
   </div>
   <div class='ocr_carea' id='block_1_67' title="bbox 372 3988 1980 4061">
    <p class='ocr_par' dir='ltr' id='par_1_67' title="bbox 372 3988 1980 4061">
     <span class='ocr_line' id='line_1_67' title="bbox 372 3988 1980 4061; baseline -0.002 -13"><span class='ocrx_word' id='word_1_476' title='bbox 372 3993 523 4052; x_wconf 85' lang='lat' dir='ltr'><strong>sime</strong></span> <span class='ocrx_word' id='word_1_477' title='bbox 555 4004 688 4046; x_wconf 85' lang='lat' dir='ltr'><strong>sane</strong></span> <span class='ocrx_word' id='word_1_478' title='bbox 720 4006 748 4044; x_wconf 89' lang='lat' dir='ltr'><strong>a</strong></span> <span class='ocrx_word' id='word_1_479' title='bbox 780 3989 1027 4047; x_wconf 86' lang='lat' dir='ltr'><strong>mascula</strong></span> <span class='ocrx_word' id='word_1_480' title='bbox 1072 4001 1325 4046; x_wconf 80' lang='lat' dir='ltr'><strong>veterum</strong></span> <span class='ocrx_word' id='word_1_481' title='bbox 1373 3988 1687 4061; x_wconf 88' lang='lat' dir='ltr'><strong>eloquentia</strong></span> <span class='ocrx_word' id='word_1_482' title='bbox 1743 3990 1980 4055; x_wconf 84' lang='lat' dir='ltr'><strong>distans,</strong></span> 
     </span>
    </p>
   </div>
   <div class='ocr_carea' id='block_1_68' title="bbox 372 4082 1986 4161">
    <p class='ocr_par' dir='ltr' id='par_1_68' title="bbox 372 4082 1986 4161">
     <span class='ocr_line' id='line_1_68' title="bbox 372 4082 1986 4161; baseline -0.002 -18"><span class='ocrx_word' id='word_1_483' title='bbox 372 4086 548 4158; x_wconf 83' lang='lat' dir='ltr'><strong>magis</strong></span> <span class='ocrx_word' id='word_1_484' title='bbox 576 4084 923 4157; x_wconf 88' lang='lat' dir='ltr'><strong>probaretur,</strong></span> <span class='ocrx_word' id='word_1_485' title='bbox 960 4093 1073 4139; x_wconf 91' lang='lat' dir='ltr'><strong>tum</strong></span> <span class='ocrx_word' id='word_1_486' title='bbox 1106 4092 1167 4139; x_wconf 92' lang='lat' dir='ltr'><strong>ut</strong></span> <span class='ocrx_word' id='word_1_487' title='bbox 1196 4083 1279 4138; x_wconf 83' lang='lat' dir='ltr'><strong>sui</strong></span> <span class='ocrx_word' id='word_1_488' title='bbox 1312 4082 1835 4161; x_wconf 12' lang='lat' dir='ltr'><strong>errores‘difticilius</strong></span> <span class='ocrx_word' id='word_1_489' title='bbox 1858 4098 1986 4154; x_wconf 88' lang='lat' dir='ltr'><strong>pos-</strong></span> 
     </span>
    </p>
   </div>
   <div class='ocr_carea' id='block_1_69' title="bbox 371 4175 1981 4248">
    <p class='ocr_par' dir='ltr' id='par_1_69' title="bbox 371 4175 1981 4248">
     <span class='ocr_line' id='line_1_69' title="bbox 371 4175 1981 4248; baseline -0.004 -12"><span class='ocrx_word' id='word_1_490' title='bbox 371 4190 497 4236; x_wconf 84' lang='lat' dir='ltr'><strong>sent</strong></span> <span class='ocrx_word' id='word_1_491' title='bbox 528 4177 730 4235; x_wconf 82' lang='lat' dir='ltr'><strong>refelli.</strong></span> <span class='ocrx_word' id='word_1_492' title='bbox 768 4176 965 4235; x_wconf 89' lang='lat' dir='ltr'><strong>Simile</strong></span> <span class='ocrx_word' id='word_1_493' title='bbox 1004 4175 1265 4248; x_wconf 89' lang='lat' dir='ltr'><strong>quiddam</strong></span> <span class='ocrx_word' id='word_1_494' title='bbox 1294 4184 1407 4243; x_wconf 85' lang='lat' dir='ltr'><strong>est,</strong></span> <span class='ocrx_word' id='word_1_495' title='bbox 1463 4176 1611 4246; x_wconf 90' lang='lat' dir='ltr'><strong>quod</strong></span> <span class='ocrx_word' id='word_1_496' title='bbox 1660 4177 1731 4233; x_wconf 91' lang='lat' dir='ltr'><strong>de</strong></span> <span class='ocrx_word' id='word_1_497' title='bbox 1772 4178 1981 4234; x_wconf 83' lang='lat' dir='ltr'><strong>Seneca</strong></span> 
     </span>
    </p>
   </div>
   <div class='ocr_carea' id='block_1_70' title="bbox 374 4268 1980 4343">
    <p class='ocr_par' dir='ltr' id='par_1_70' title="bbox 374 4268 1980 4343">
     <span class='ocr_line' id='line_1_70' title="bbox 374 4268 1980 4343; baseline -0.003 -15"><span class='ocrx_word' id='word_1_498' title='bbox 374 4270 717 4343; x_wconf 70' lang='lat' dir='ltr'><strong>Piiilmopho</strong></span> <span class='ocrx_word' id='word_1_499' title='bbox 770 4281 959 4326; x_wconf 86' lang='lat' dir='ltr'><strong>narrat</strong></span> <span class='ocrx_word' id='word_1_500' title='bbox 988 4269 1383 4339; x_wconf 79' lang='lat' dir='ltr'><strong>Quintilianus,</strong></span> <span class='ocrx_word' id='word_1_501' title='bbox 1437 4268 1563 4325; x_wconf 90' lang='lat' dir='ltr'><strong>libr.</strong></span> <span class='ocrx_word' id='word_1_502' title='bbox 1604 4285 1675 4338; x_wconf 72' lang='grc' dir='ltr'><strong>κ,</strong></span> <span class='ocrx_word' id='word_1_503' title='bbox 1726 4285 1848 4340; x_wconf 91' lang='lat' dir='ltr'><strong>cap.</strong></span> <span class='ocrx_word' id='word_1_504' title='bbox 1901 4270 1980 4325; x_wconf 79' lang='lat' dir='ltr'><strong>l:</strong></span> 
     </span>
    </p>
   </div>
   <div class='ocr_carea' id='block_1_71' title="bbox 373 4362 1985 4445">
    <p class='ocr_par' dir='ltr' id='par_1_71' title="bbox 373 4362 1985 4445">
     <span class='ocr_line' id='line_1_71' title="bbox 373 4362 1985 4445; baseline -0.002 -22"><span class='ocrx_word' id='word_1_505' title='bbox 373 4366 514 4424; x_wconf 84' lang='lat' dir='ltr'><strong>Tum</strong></span> <span class='ocrx_word' id='word_1_506' title='bbox 535 4376 708 4445; x_wconf 77' lang='lat' dir='ltr'><strong>autem</strong></span> <span class='ocrx_word' id='word_1_507' title='bbox 740 4366 885 4421; x_wconf 84' lang='lat' dir='ltr'><strong>solus</strong></span> <span class='ocrx_word' id='word_1_508' title='bbox 914 4363 1002 4420; x_wconf 84' lang='lat' dir='ltr'><strong>hic</strong></span> <span class='ocrx_word' id='word_1_509' title='bbox 1042 4369 1151 4437; x_wconf 83' lang='lat' dir='ltr'><strong>fere</strong></span> <span class='ocrx_word' id='word_1_510' title='bbox 1190 4365 1245 4420; x_wconf 85' lang='lat' dir='ltr'><strong>in</strong></span> <span class='ocrx_word' id='word_1_511' title='bbox 1286 4364 1525 4419; x_wconf 88' lang='lat' dir='ltr'><strong>ntanibus</strong></span> <span class='ocrx_word' id='word_1_512' title='bbox 1570 4362 1985 4420; x_wconf 73' lang='lat' dir='ltr'><strong>adolescentium</strong></span> 
     </span>
    </p>
   </div>
   <div class='ocr_carea' id='block_1_72' title="bbox 376 4457 1981 4534">
    <p class='ocr_par' dir='ltr' id='par_1_72' title="bbox 376 4457 1981 4534">
     <span class='ocr_line' id='line_1_72' title="bbox 376 4457 1981 4534; baseline -0.003 -18"><span class='ocrx_word' id='word_1_513' title='bbox 376 4463 498 4534; x_wconf 74' lang='lat' dir='ltr'><strong>fuit.</strong></span> <span class='ocrx_word' id='word_1_514' title='bbox 533 4460 696 4528; x_wconf 84' lang='lat' dir='ltr'><strong>Quem</strong></span> <span class='ocrx_word' id='word_1_515' title='bbox 724 4476 829 4513; x_wconf 85' lang='lat' dir='ltr'><strong>non</strong></span> <span class='ocrx_word' id='word_1_516' title='bbox 850 4458 1095 4530; x_wconf 81' lang='lat' dir='ltr'><strong>equidem</strong></span> <span class='ocrx_word' id='word_1_517' title='bbox 1124 4460 1341 4513; x_wconf 88' lang='lat' dir='ltr'><strong>omnino</strong></span> <span class='ocrx_word' id='word_1_518' title='bbox 1361 4458 1586 4513; x_wconf 85' lang='lat' dir='ltr'><strong>conabar</strong></span> <span class='ocrx_word' id='word_1_519' title='bbox 1606 4464 1866 4524; x_wconf 73' lang='lat' dir='ltr'><strong>excutere,</strong></span> <span class='ocrx_word' id='word_1_520' title='bbox 1890 4457 1981 4513; x_wconf 85' lang='lat' dir='ltr'><strong>sed</strong></span> 
     </span>
    </p>
   </div>
   <div class='ocr_carea' id='block_1_73' title="bbox 374 4542 1983 4629">
    <p class='ocr_par' dir='ltr' id='par_1_73' title="bbox 374 4542 1983 4629">
     <span class='ocr_line' id='line_1_73' title="bbox 374 4542 1983 4629; baseline -0.001 -20"><span class='ocrx_word' id='word_1_521' title='bbox 374 4542 668 4629; x_wconf 82' lang='lat' dir='ltr'><strong>potioribus</strong></span> <span class='ocrx_word' id='word_1_522' title='bbox 699 4552 939 4625; x_wconf 71' lang='lat' dir='ltr'><strong>prazfcrri</strong></span> <span class='ocrx_word' id='word_1_523' title='bbox 973 4568 1076 4606; x_wconf 88' lang='lat' dir='ltr'><strong>non</strong></span> <span class='ocrx_word' id='word_1_524' title='bbox 1105 4552 1362 4621; x_wconf 85' lang='lat' dir='ltr'><strong>sinebam,</strong></span> <span class='ocrx_word' id='word_1_525' title='bbox 1386 4569 1517 4621; x_wconf 85' lang='lat' dir='ltr'><strong>quos</strong></span> <span class='ocrx_word' id='word_1_526' title='bbox 1557 4552 1649 4607; x_wconf 90' lang='lat' dir='ltr'><strong>ille</strong></span> <span class='ocrx_word' id='word_1_527' title='bbox 1685 4558 1789 4607; x_wconf 77' lang='lat' dir='ltr'><strong>non</strong></span> <span class='ocrx_word' id='word_1_528' title='bbox 1821 4554 1983 4608; x_wconf 84' lang='lat' dir='ltr'><strong>desti-</strong></span> 
     </span>
    </p>
   </div>
   <div class='ocr_carea' id='block_1_74' title="bbox 374 4647 1982 4727">
    <p class='ocr_par' dir='ltr' id='par_1_74' title="bbox 374 4647 1982 4727">
     <span class='ocr_line' id='line_1_74' title="bbox 374 4647 1982 4727; baseline -0.003 -19"><span class='ocrx_word' id='word_1_529' title='bbox 374 4661 509 4708; x_wconf 86' lang='lat' dir='ltr'><strong>terat</strong></span> <span class='ocrx_word' id='word_1_530' title='bbox 551 4650 831 4716; x_wconf 75' lang='lat' dir='ltr'><strong>incessere,</strong></span> <span class='ocrx_word' id='word_1_531' title='bbox 861 4664 978 4727; x_wconf 84' lang='lat' dir='ltr'><strong>cum</strong></span> <span class='ocrx_word' id='word_1_532' title='bbox 1001 4647 1193 4702; x_wconf 84' lang='lat' dir='ltr'><strong>diversi</strong></span> <span class='ocrx_word' id='word_1_533' title='bbox 1219 4647 1318 4702; x_wconf 87' lang='lat' dir='ltr'><strong>sibi</strong></span> <span class='ocrx_word' id='word_1_534' title='bbox 1349 4650 1585 4704; x_wconf 78' lang='lat' dir='ltr'><strong>conscius</strong></span> <span class='ocrx_word' id='word_1_535' title='bbox 1618 4650 1825 4721; x_wconf 83' lang='lat' dir='ltr'><strong>generis</strong></span> <span class='ocrx_word' id='word_1_536' title='bbox 1867 4648 1982 4722; x_wconf 86' lang='lat' dir='ltr'><strong>pla-</strong></span> 
     </span>
    </p>
   </div>
   <div class='ocr_carea' id='block_1_75' title="bbox 371 4740 1981 4815">
    <p class='ocr_par' dir='ltr' id='par_1_75' title="bbox 371 4740 1981 4815">
     <span class='ocr_line' id='line_1_75' title="bbox 371 4740 1981 4815; baseline -0.005 -13"><span class='ocrx_word' id='word_1_537' title='bbox 371 4763 484 4802; x_wconf 87' lang='lat' dir='ltr'><strong>cere</strong></span> <span class='ocrx_word' id='word_1_538' title='bbox 514 4762 569 4802; x_wconf 89' lang='lat' dir='ltr'><strong>se</strong></span> <span class='ocrx_word' id='word_1_539' title='bbox 590 4746 644 4801; x_wconf 87' lang='lat' dir='ltr'><strong>in</strong></span> <span class='ocrx_word' id='word_1_540' title='bbox 664 4743 885 4799; x_wconf 86' lang='lat' dir='ltr'><strong>dicendo</strong></span> <span class='ocrx_word' id='word_1_541' title='bbox 909 4757 1061 4815; x_wconf 86' lang='lat' dir='ltr'><strong>posse</strong></span> <span class='ocrx_word' id='word_1_542' title='bbox 1087 4742 1173 4810; x_wconf 92' lang='lat' dir='ltr'><strong>iis,</strong></span> <span class='ocrx_word' id='word_1_543' title='bbox 1204 4741 1390 4813; x_wconf 78' lang='lat' dir='ltr'><strong>quibus</strong></span> <span class='ocrx_word' id='word_1_544' title='bbox 1417 4742 1497 4797; x_wconf 86' lang='lat' dir='ltr'><strong>illi</strong></span> <span class='ocrx_word' id='word_1_545' title='bbox 1522 4740 1810 4814; x_wconf 83' lang='lat' dir='ltr'><strong>placerent,</strong></span> <span class='ocrx_word' id='word_1_546' title='bbox 1835 4741 1981 4815; x_wconf 78' lang='lat' dir='ltr'><strong>dif/i-</strong></span> 
     </span>
    </p>
   </div>
   <div class='ocr_carea' id='block_1_76' title="bbox 370 4844 536 4898">
    <p class='ocr_par' dir='ltr' id='par_1_76' title="bbox 370 4844 536 4898">
     <span class='ocr_line' id='line_1_76' title="bbox 370 4844 536 4898; baseline 0 -3"><span class='ocrx_word' id='word_1_547' title='bbox 370 4844 536 4898; x_wconf 83' lang='lat' dir='ltr'><strong>deret.</strong></span> 
     </span>
    </p>
   </div>
   <div class='ocr_carea' id='block_1_77' title="bbox 415 4930 1979 5003">
    <p class='ocr_par' dir='ltr' id='par_1_77' title="bbox 415 4930 1979 5003">
     <span class='ocr_line' id='line_1_77' title="bbox 415 4930 1979 5003; baseline -0.005 -8"><span class='ocrx_word' id='word_1_548' title='bbox 415 4940 496 4995; x_wconf 76' lang='grc'><strong>’5.</strong></span> <span class='ocrx_word' id='word_1_549' title='bbox 539 4930 799 4994; x_wconf 81' lang='lat' dir='ltr'><strong>Profecto</strong></span> <span class='ocrx_word' id='word_1_550' title='bbox 822 4932 1079 5003; x_wconf 85' lang='lat' dir='ltr'><strong>nonnulli</strong></span> <span class='ocrx_word' id='word_1_551' title='bbox 1113 4932 1478 4989; x_wconf 68' lang='lat' dir='ltr'><strong>sanctissima}</strong></span> <span class='ocrx_word' id='word_1_552' title='bbox 1505 4930 1788 5003; x_wconf 76' lang='lat' dir='ltr'><strong>religionis</strong></span> <span class='ocrx_word' id='word_1_553' title='bbox 1825 4945 1979 5002; x_wconf 71' lang='lat' dir='ltr'><strong>aeque</strong></span> 
     </span>
    </p>
   </div>
   <div class='ocr_carea' id='block_1_78' title="bbox 368 5024 1975 5106">
    <p class='ocr_par' dir='ltr' id='par_1_78' title="bbox 368 5024 1975 5106">
     <span class='ocr_line' id='line_1_78' title="bbox 368 5024 1975 5106; baseline -0.007 -14"><span class='ocrx_word' id='word_1_554' title='bbox 368 5050 435 5092; x_wconf 87' lang='lat' dir='ltr'><strong>ac</strong></span> <span class='ocrx_word' id='word_1_555' title='bbox 461 5035 663 5106; x_wconf 64' lang='lat' dir='ltr'><strong>lingua:</strong></span> <span class='ocrx_word' id='word_1_556' title='bbox 688 5031 899 5088; x_wconf 70' lang='lat' dir='ltr'><strong>Latinae</strong></span> <span class='ocrx_word' id='word_1_557' title='bbox 925 5029 1111 5085; x_wconf 87' lang='lat' dir='ltr'><strong>hostes</strong></span> <span class='ocrx_word' id='word_1_558' title='bbox 1135 5029 1251 5100; x_wconf 90' lang='lat' dir='ltr'><strong>jam</strong></span> <span class='ocrx_word' id='word_1_559' title='bbox 1292 5027 1674 5093; x_wconf 87' lang='lat' dir='ltr'><strong>obtinuerunt,</strong></span> <span class='ocrx_word' id='word_1_560' title='bbox 1720 5036 1779 5079; x_wconf 90' lang='lat' dir='ltr'><strong>ut</strong></span> <span class='ocrx_word' id='word_1_561' title='bbox 1819 5024 1975 5080; x_wconf 89' lang='lat' dir='ltr'><strong>multi</strong></span> 
     </span>
    </p>
   </div>
   <div class='ocr_carea' id='block_1_79' title="bbox 2090 3804 3420 3875">
    <p class='ocr_par' dir='ltr' id='par_1_79' title="bbox 2090 3804 3420 3875">
     <span class='ocr_line' id='line_1_79' title="bbox 2090 3804 3420 3875; baseline 0.002 -16"><span class='ocrx_word' id='word_1_562' title='bbox 2090 3804 2472 3875; x_wconf 85' lang='lat' dir='ltr'><strong>cognoscenda</strong></span> <span class='ocrx_word' id='word_1_563' title='bbox 2495 3804 2774 3874; x_wconf 82' lang='lat' dir='ltr'><strong>pertinere</strong></span> <span class='ocrx_word' id='word_1_564' title='bbox 2796 3805 3035 3861; x_wconf 80' lang='lat' dir='ltr'><strong>maxime</strong></span> <span class='ocrx_word' id='word_1_565' title='bbox 3066 3806 3420 3862; x_wconf 82' lang='lat' dir='ltr'><strong>videbuntur.</strong></span> 
     </span>
    </p>
   </div>
   <div class='ocr_carea' id='block_1_80' title="bbox 2162 3896 3684 3970">
    <p class='ocr_par' dir='ltr' id='par_1_80' title="bbox 2162 3896 3684 3970">
     <span class='ocr_line' id='line_1_80' title="bbox 2162 3896 3684 3970; baseline 0.002 -18"><span class='ocrx_word' id='word_1_566' title='bbox 2162 3897 2215 3952; x_wconf 83' lang='lat'><strong>5.</strong></span> <span class='ocrx_word' id='word_1_567' title='bbox 2237 3896 2423 3953; x_wconf 79' lang='lat' dir='ltr'><strong>Codex</strong></span> <span class='ocrx_word' id='word_1_568' title='bbox 2457 3896 2749 3953; x_wconf 77' lang='lat' dir='ltr'><strong>Vaticanus</strong></span> <span class='ocrx_word' id='word_1_569' title='bbox 2780 3898 3081 3963; x_wconf 88' lang='lat' dir='ltr'><strong>Palatinus,</strong></span> <span class='ocrx_word' id='word_1_570' title='bbox 3114 3913 3265 3954; x_wconf 89' lang='lat' dir='ltr'><strong>unm.</strong></span> <span class='ocrx_word' id='word_1_571' title='bbox 3297 3898 3427 3968; x_wconf 70' lang='grc'><strong>242,</strong></span> <span class='ocrx_word' id='word_1_572' title='bbox 3452 3910 3611 3970; x_wconf 82' lang='lat' dir='ltr'><strong>quem</strong></span> <span class='ocrx_word' id='word_1_573' title='bbox 3636 3899 3684 3955; x_wconf 88' lang='lat' dir='ltr'><strong>in</strong></span> 
     </span>
    </p>
   </div>
   <div class='ocr_carea' id='block_1_81' title="bbox 2091 3995 3687 4068">
    <p class='ocr_par' dir='ltr' id='par_1_81' title="bbox 2091 3995 3687 4068">
     <span class='ocr_line' id='line_1_81' title="bbox 2091 3995 3687 4068; baseline -0.001 -16"><span class='ocrx_word' id='word_1_574' title='bbox 2091 3996 2403 4068; x_wconf 84' lang='lat' dir='ltr'><strong>Proleg‘om.</strong></span> <span class='ocrx_word' id='word_1_575' title='bbox 2459 3996 2525 4052; x_wconf 89' lang='lat' dir='ltr'><strong>ad</strong></span> <span class='ocrx_word' id='word_1_576' title='bbox 2572 3995 2931 4053; x_wconf 89' lang='lat' dir='ltr'><strong>Prudentium</strong></span> <span class='ocrx_word' id='word_1_577' title='bbox 2988 4013 3140 4052; x_wconf 90' lang='lat' dir='ltr'><strong>num.</strong></span> <span class='ocrx_word' id='word_1_578' title='bbox 3192 3995 3305 4061; x_wconf 84' lang='lat'><strong>79,</strong></span> <span class='ocrx_word' id='word_1_579' title='bbox 3360 4006 3415 4053; x_wconf 89' lang='lat' dir='ltr'><strong>et</strong></span> <span class='ocrx_word' id='word_1_580' title='bbox 3464 3997 3517 4050; x_wconf 89' lang='lat' dir='ltr'><strong>in</strong></span> <span class='ocrx_word' id='word_1_581' title='bbox 3568 4003 3687 4051; x_wconf 74' lang='lat' dir='ltr'><strong>nota</strong></span> 
     </span>
    </p>
   </div>
   <div class='ocr_carea' id='block_1_82' title="bbox 2090 4086 3686 4160">
    <p class='ocr_par' dir='ltr' id='par_1_82' title="bbox 2090 4086 3686 4160">
     <span class='ocr_line' id='line_1_82' title="bbox 2090 4086 3686 4160; baseline -0.002 -15"><span class='ocrx_word' id='word_1_582' title='bbox 2090 4088 2381 4160; x_wconf 83' lang='lat' dir='ltr'><strong>descripsi,</strong></span> <span class='ocrx_word' id='word_1_583' title='bbox 2411 4100 2469 4145; x_wconf 91' lang='lat' dir='ltr'><strong>ut</strong></span> <span class='ocrx_word' id='word_1_584' title='bbox 2506 4089 2739 4145; x_wconf 87' lang='lat' dir='ltr'><strong>aliorqu</strong></span> <span class='ocrx_word' id='word_1_585' title='bbox 2775 4100 3087 4160; x_wconf 82' lang='lat' dir='ltr'><strong>poetarum,</strong></span> <span class='ocrx_word' id='word_1_586' title='bbox 3137 4089 3217 4145; x_wconf 85' lang='lat' dir='ltr'><strong>sic</strong></span> <span class='ocrx_word' id='word_1_587' title='bbox 3266 4090 3434 4145; x_wconf 88' lang='lat' dir='ltr'><strong>etiam</strong></span> <span class='ocrx_word' id='word_1_588' title='bbox 3484 4086 3686 4145; x_wconf 86' lang='lat' dir='ltr'><strong>Sedulii</strong></span> 
     </span>
    </p>
   </div>
   <div class='ocr_carea' id='block_1_83' title="bbox 2090 4180 3688 4253">
    <p class='ocr_par' dir='ltr' id='par_1_83' title="bbox 2090 4180 3688 4253">
     <span class='ocr_line' id='line_1_83' title="bbox 2090 4180 3688 4253; baseline -0.003 -16"><span class='ocrx_word' id='word_1_589' title='bbox 2090 4183 2254 4237; x_wconf 89' lang='lat' dir='ltr'><strong>vitam</strong></span> <span class='ocrx_word' id='word_1_590' title='bbox 2289 4182 2530 4238; x_wconf 86' lang='lat' dir='ltr'><strong>breviter</strong></span> <span class='ocrx_word' id='word_1_591' title='bbox 2554 4184 2782 4253; x_wconf 79' lang='lat' dir='ltr'><strong>exponit</strong></span> <span class='ocrx_word' id='word_1_592' title='bbox 2814 4201 2825 4235; x_wconf 87' lang='lat'><strong>:</strong></span> <span class='ocrx_word' id='word_1_593' title='bbox 2860 4181 3053 4238; x_wconf 88' lang='lat' dir='ltr'><strong>Laicus</strong></span> <span class='ocrx_word' id='word_1_594' title='bbox 3083 4182 3182 4253; x_wconf 78' lang='lat' dir='ltr'><strong>fuit</strong></span> <span class='ocrx_word' id='word_1_595' title='bbox 3212 4180 3423 4253; x_wconf 82' lang='lat' dir='ltr'><strong>gentilis</strong></span> <span class='ocrx_word' id='word_1_596' title='bbox 3446 4221 3461 4247; x_wconf 89' lang='lat'><strong>,</strong></span> <span class='ocrx_word' id='word_1_597' title='bbox 3501 4181 3589 4236; x_wconf 83' lang='lat' dir='ltr'><strong>sed</strong></span> <span class='ocrx_word' id='word_1_598' title='bbox 3637 4183 3688 4233; x_wconf 83' lang='lat' dir='ltr'><strong>in</strong></span> 
     </span>
    </p>
   </div>
   <div class='ocr_carea' id='block_1_84' title="bbox 2089 4273 3685 4345">
    <p class='ocr_par' dir='ltr' id='par_1_84' title="bbox 2089 4273 3685 4345">
     <span class='ocr_line' id='line_1_84' title="bbox 2089 4273 3685 4345; baseline -0.001 -16"><span class='ocrx_word' id='word_1_599' title='bbox 2089 4273 2254 4331; x_wconf 85' lang='lat' dir='ltr'><strong>Italia</strong></span> <span class='ocrx_word' id='word_1_600' title='bbox 2285 4274 2689 4345; x_wconf 70' lang='lat' dir='ltr'><strong>PhilosoPhiam</strong></span> <span class='ocrx_word' id='word_1_601' title='bbox 2718 4276 2939 4340; x_wconf 86' lang='lat' dir='ltr'><strong>didicit;</strong></span> <span class='ocrx_word' id='word_1_602' title='bbox 2979 4276 3100 4330; x_wconf 86' lang='lat' dir='ltr'><strong>dein</strong></span> <span class='ocrx_word' id='word_1_603' title='bbox 3133 4276 3201 4329; x_wconf 87' lang='lat' dir='ltr'><strong>ad</strong></span> <span class='ocrx_word' id='word_1_604' title='bbox 3242 4275 3521 4329; x_wconf 82' lang='lat' dir='ltr'><strong>Dominum</strong></span> <span class='ocrx_word' id='word_1_605' title='bbox 3572 4291 3685 4329; x_wconf 56' lang='lat' dir='ltr'><strong>conc</strong></span> 
     </span>
    </p>
   </div>
   <div class='ocr_carea' id='block_1_85' title="bbox 2088 4367 3685 4442">
    <p class='ocr_par' dir='ltr' id='par_1_85' title="bbox 2088 4367 3685 4442">
     <span class='ocr_line' id='line_1_85' title="bbox 2088 4367 3685 4442; baseline -0.001 -19"><span class='ocrx_word' id='word_1_606' title='bbox 2088 4385 2284 4437; x_wconf 81' lang='lat' dir='ltr'><strong>uersus,</strong></span> <span class='ocrx_word' id='word_1_607' title='bbox 2339 4379 2448 4425; x_wconf 86' lang='lat' dir='ltr'><strong>eta</strong></span> <span class='ocrx_word' id='word_1_608' title='bbox 2496 4369 2801 4425; x_wconf 79' lang='lat' dir='ltr'><strong>Macedonio</strong></span> <span class='ocrx_word' id='word_1_609' title='bbox 2830 4369 3125 4442; x_wconf 81' lang='lat' dir='ltr'><strong>presbytero</strong></span> <span class='ocrx_word' id='word_1_610' title='bbox 3172 4371 3493 4439; x_wconf 74' lang='lat' dir='ltr'><strong>baptizatus,</strong></span> <span class='ocrx_word' id='word_1_611' title='bbox 3521 4369 3575 4423; x_wconf 87' lang='lat' dir='ltr'><strong>in</strong></span> <span class='ocrx_word' id='word_1_612' title='bbox 3594 4367 3685 4422; x_wconf 80' lang='lat' dir='ltr'><strong>Ar-</strong></span> 
     </span>
    </p>
   </div>
   <div class='ocr_carea' id='block_1_86' title="bbox 2087 4462 3686 4533">
    <p class='ocr_par' dir='ltr' id='par_1_86' title="bbox 2087 4462 3686 4533">
     <span class='ocr_line' id='line_1_86' title="bbox 2087 4462 3686 4533; baseline -0.003 -13"><span class='ocrx_word' id='word_1_613' title='bbox 2087 4464 2296 4520; x_wconf 88' lang='lat' dir='ltr'><strong>cadiam</strong></span> <span class='ocrx_word' id='word_1_614' title='bbox 2336 4464 2494 4530; x_wconf 85' lang='lat' dir='ltr'><strong>venit,</strong></span> <span class='ocrx_word' id='word_1_615' title='bbox 2541 4464 2631 4517; x_wconf 87' lang='lat' dir='ltr'><strong>ubi</strong></span> <span class='ocrx_word' id='word_1_616' title='bbox 2680 4462 2821 4518; x_wconf 87' lang='lat' dir='ltr'><strong>hunc</strong></span> <span class='ocrx_word' id='word_1_617' title='bbox 2869 4463 3059 4517; x_wconf 83' lang='lat' dir='ltr'><strong>librum</strong></span> <span class='ocrx_word' id='word_1_618' title='bbox 3106 4464 3419 4533; x_wconf 87' lang='lat' dir='ltr'><strong>composuit.</strong></span> <span class='ocrx_word' id='word_1_619' title='bbox 3462 4462 3686 4519; x_wconf 81' lang='lat' dir='ltr'><strong>Videtur</strong></span> 
     </span>
    </p>
   </div>
   <div class='ocr_carea' id='block_1_87' title="bbox 2089 4555 3680 4628">
    <p class='ocr_par' dir='ltr' id='par_1_87' title="bbox 2089 4555 3680 4628">
     <span class='ocr_line' id='line_1_87' title="bbox 2089 4555 3680 4628; baseline -0.001 -14"><span class='ocrx_word' id='word_1_620' title='bbox 2089 4560 2205 4614; x_wconf 71' lang='lat' dir='ltr'><strong>ham</strong></span> <span class='ocrx_word' id='word_1_621' title='bbox 2229 4573 2353 4615; x_wconf 89' lang='lat' dir='ltr'><strong>esse</strong></span> <span class='ocrx_word' id='word_1_622' title='bbox 2388 4556 2637 4627; x_wconf 69' lang='lat' dir='ltr'><strong>praefatio</strong></span> <span class='ocrx_word' id='word_1_623' title='bbox 2684 4559 2917 4628; x_wconf 84' lang='lat' dir='ltr'><strong>alicujus</strong></span> <span class='ocrx_word' id='word_1_624' title='bbox 2947 4560 3015 4611; x_wconf 83' lang='lat' dir='ltr'><strong>ad</strong></span> <span class='ocrx_word' id='word_1_625' title='bbox 3046 4572 3266 4613; x_wconf 84' lang='lat' dir='ltr'><strong>carmen</strong></span> <span class='ocrx_word' id='word_1_626' title='bbox 3298 4556 3561 4627; x_wconf 87' lang='lat' dir='ltr'><strong>paschale</strong></span> <span class='ocrx_word' id='word_1_627' title='bbox 3588 4555 3680 4613; x_wconf 71' lang='grc' dir='ltr'><strong>δε·</strong></span> 
     </span>
    </p>
   </div>
   <div class='ocr_carea' id='block_1_88' title="bbox 2086 4649 3682 4723">
    <p class='ocr_par' dir='ltr' id='par_1_88' title="bbox 2086 4649 3682 4723">
     <span class='ocr_line' id='line_1_88' title="bbox 2086 4649 3682 4723; baseline -0.004 -12"><span class='ocrx_word' id='word_1_628' title='bbox 2086 4652 2243 4722; x_wconf 90' lang='lat' dir='ltr'><strong>dulii,</strong></span> <span class='ocrx_word' id='word_1_629' title='bbox 2277 4650 2420 4723; x_wconf 91' lang='lat' dir='ltr'><strong>quod</strong></span> <span class='ocrx_word' id='word_1_630' title='bbox 2450 4654 2520 4707; x_wconf 87' lang='lat' dir='ltr'><strong>ah</strong></span> <span class='ocrx_word' id='word_1_631' title='bbox 2552 4652 2655 4707; x_wconf 89' lang='lat' dir='ltr'><strong>boc</strong></span> <span class='ocrx_word' id='word_1_632' title='bbox 2686 4650 2878 4707; x_wconf 89' lang='lat' dir='ltr'><strong>codice</strong></span> <span class='ocrx_word' id='word_1_633' title='bbox 2919 4651 3100 4706; x_wconf 89' lang='lat' dir='ltr'><strong>abest.</strong></span> <span class='ocrx_word' id='word_1_634' title='bbox 3152 4649 3278 4705; x_wconf 73' lang='lat' dir='ltr'><strong>llaec</strong></span> <span class='ocrx_word' id='word_1_635' title='bbox 3329 4658 3539 4716; x_wconf 82' lang='lat' dir='ltr'><strong>tamen,</strong></span> <span class='ocrx_word' id='word_1_636' title='bbox 3569 4663 3682 4721; x_wconf 75' lang='lat' dir='ltr'><strong>qute</strong></span> 
     </span>
    </p>
   </div>
   <div class='ocr_carea' id='block_1_89' title="bbox 2085 4731 3678 4811">
    <p class='ocr_par' dir='ltr' id='par_1_89' title="bbox 2085 4731 3678 4811">
     <span class='ocr_line' id='line_1_89' title="bbox 2085 4731 3678 4811; baseline -0.002 -8"><span class='ocrx_word' id='word_1_637' title='bbox 2085 4747 2166 4803; x_wconf 90' lang='lat' dir='ltr'><strong>sic</strong></span> <span class='ocrx_word' id='word_1_638' title='bbox 2196 4758 2413 4802; x_wconf 86' lang='lat' dir='ltr'><strong>narrata</strong></span> <span class='ocrx_word' id='word_1_639' title='bbox 2446 4731 2498 4801; x_wconf 81' lang='lat' dir='ltr'><strong>in</strong></span> <span class='ocrx_word' id='word_1_640' title='bbox 2531 4745 2633 4803; x_wconf 90' lang='lat' dir='ltr'><strong>hoc</strong></span> <span class='ocrx_word' id='word_1_641' title='bbox 2664 4744 2854 4802; x_wconf 84' lang='lat' dir='ltr'><strong>codice</strong></span> <span class='ocrx_word' id='word_1_642' title='bbox 2884 4743 3073 4801; x_wconf 77' lang='lat' dir='ltr'><strong>steculi</strong></span> <span class='ocrx_word' id='word_1_643' title='bbox 3098 4744 3320 4802; x_wconf 86' lang='lat' dir='ltr'><strong>circiter</strong></span> <span class='ocrx_word' id='word_1_644' title='bbox 3346 4760 3423 4801; x_wconf 75' lang='lat' dir='ltr'><strong>sn</strong></span> <span class='ocrx_word' id='word_1_645' title='bbox 3450 4753 3678 4811; x_wconf 76' lang='lat' dir='ltr'><strong>exstant,</strong></span> 
     </span>
    </p>
   </div>
   <div class='ocr_carea' id='block_1_90' title="bbox 2083 4838 3680 4917">
    <p class='ocr_par' dir='ltr' id='par_1_90' title="bbox 2083 4838 3680 4917">
     <span class='ocr_line' id='line_1_90' title="bbox 2083 4838 3680 4917; baseline -0.005 -17"><span class='ocrx_word' id='word_1_646' title='bbox 2083 4844 2265 4900; x_wconf 91' lang='lat' dir='ltr'><strong>solum</strong></span> <span class='ocrx_word' id='word_1_647' title='bbox 2298 4858 2363 4898; x_wconf 91' lang='lat' dir='ltr'><strong>ea</strong></span> <span class='ocrx_word' id='word_1_648' title='bbox 2396 4855 2553 4915; x_wconf 88' lang='lat' dir='ltr'><strong>parte</strong></span> <span class='ocrx_word' id='word_1_649' title='bbox 2598 4842 2812 4896; x_wconf 86' lang='lat' dir='ltr'><strong>admitti</strong></span> <span class='ocrx_word' id='word_1_650' title='bbox 2840 4848 3089 4917; x_wconf 85' lang='lat' dir='ltr'><strong>possunt,</strong></span> <span class='ocrx_word' id='word_1_651' title='bbox 3141 4854 3249 4909; x_wconf 84' lang='lat' dir='ltr'><strong>qua</strong></span> <span class='ocrx_word' id='word_1_652' title='bbox 3295 4838 3680 4907; x_wconf 87' lang='lat' dir='ltr'><strong>vetustioribus</strong></span> 
     </span>
    </p>
   </div>
   <div class='ocr_carea' id='block_1_91' title="bbox 2086 4934 3678 5007">
    <p class='ocr_par' dir='ltr' id='par_1_91' title="bbox 2086 4934 3678 5007">
     <span class='ocr_line' id='line_1_91' title="bbox 2086 4934 3678 5007; baseline -0.001 -13"><span class='ocrx_word' id='word_1_653' title='bbox 2086 4940 2455 4997; x_wconf 88' lang='lat' dir='ltr'><strong>monnmentls</strong></span> <span class='ocrx_word' id='word_1_654' title='bbox 2499 4936 2916 4994; x_wconf 83' lang='lat' dir='ltr'><strong>conﬁrmentur.</strong></span> <span class='ocrx_word' id='word_1_655' title='bbox 2952 4934 3034 4991; x_wconf 81' lang='lat' dir='ltr'><strong>Ad</strong></span> <span class='ocrx_word' id='word_1_656' title='bbox 3072 4934 3210 4992; x_wconf 88' lang='lat' dir='ltr'><strong>alios</strong></span> <span class='ocrx_word' id='word_1_657' title='bbox 3257 4934 3427 5007; x_wconf 78' lang='lat' dir='ltr'><strong>igitur</strong></span> <span class='ocrx_word' id='word_1_658' title='bbox 3470 4934 3678 4992; x_wconf 75' lang='lat' dir='ltr'><strong>codices</strong></span> 
     </span>
    </p>
   </div>
   <div class='ocr_carea' id='block_1_92' title="bbox 2085 5032 2459 5089">
    <p class='ocr_par' dir='ltr' id='par_1_92' title="bbox 2085 5032 2459 5089">
     <span class='ocr_line' id='line_1_92' title="bbox 2085 5032 2459 5089; baseline -0.005 0"><span class='ocrx_word' id='word_1_659' title='bbox 2085 5032 2459 5089; x_wconf 87' lang='lat' dir='ltr'><strong>deveniamus.</strong></span> 
     </span>
    </p>
   </div>
   <div class='ocr_carea' id='block_1_93' title="bbox 369 5110 3669 5199">
    <p class='ocr_par' dir='ltr' id='par_1_93' title="bbox 369 5110 3669 5199">
     <span class='ocr_line' id='line_1_93' title="bbox 369 5110 3669 5199; baseline -0.002 -12"><span class='ocrx_word' id='word_1_660' title='bbox 369 5131 708 5198; x_wconf 88' lang='lat' dir='ltr'><strong>mortalium,</strong></span> <span class='ocrx_word' id='word_1_661' title='bbox 743 5125 1092 5197; x_wconf 84' lang='lat' dir='ltr'><strong>antiquitatis</strong></span> <span class='ocrx_word' id='word_1_662' title='bbox 1115 5123 1301 5180; x_wconf 89' lang='lat' dir='ltr'><strong>studio</strong></span> <span class='ocrx_word' id='word_1_663' title='bbox 1324 5123 1600 5195; x_wconf 81' lang='lat' dir='ltr'><strong>neglecto,</strong></span> <span class='ocrx_word' id='word_1_664' title='bbox 1626 5122 1862 5177; x_wconf 81' lang='lat' dir='ltr'><strong>fucatam</strong></span> <span class='ocrx_word' id='word_1_665' title='bbox 1894 5119 1977 5175; x_wconf 86' lang='lat' dir='ltr'><strong>di-</strong></span> <span class='ocrx_word' id='word_1_666' title='bbox 2006 5114 2059 5177; x_wconf 91' lang='lat' dir='ltr'>D</span> <span class='ocrx_word' id='word_1_667' title='bbox 2154 5130 2207 5186; x_wconf 82' lang='grc'><strong>6,</strong></span> <span class='ocrx_word' id='word_1_668' title='bbox 2248 5128 2437 5185; x_wconf 69' lang='lat' dir='ltr'><strong>Codex</strong></span> <span class='ocrx_word' id='word_1_669' title='bbox 2472 5110 2768 5184; x_wconf 86' lang='lat' dir='ltr'><strong>Vaticanus</strong></span> <span class='ocrx_word' id='word_1_670' title='bbox 2796 5127 3007 5199; x_wconf 78' lang='lat' dir='ltr'><strong>regina:</strong></span> <span class='ocrx_word' id='word_1_671' title='bbox 3034 5125 3269 5194; x_wconf 74' lang='lat' dir='ltr'><strong>Suecirc,</strong></span> <span class='ocrx_word' id='word_1_672' title='bbox 3292 5140 3461 5198; x_wconf 89' lang='lat' dir='ltr'><strong>quem</strong></span> <span class='ocrx_word' id='word_1_673' title='bbox 3491 5124 3615 5199; x_wconf 81' lang='lat' dir='ltr'><strong>Reg.</strong></span> <span class='ocrx_word' id='word_1_674' title='bbox 3647 5124 3669 5179; x_wconf 82' lang='lat' dir='ltr'><strong>l</strong></span> 
     </span>
    </p>
   </div>
   <div class='ocr_carea' id='block_1_94' title="bbox 369 5215 1980 5296">
    <p class='ocr_par' dir='ltr' id='par_1_94' title="bbox 369 5215 1980 5296">
     <span class='ocr_line' id='line_1_94' title="bbox 369 5215 1980 5296; baseline -0.009 -11"><span class='ocrx_word' id='word_1_675' title='bbox 369 5226 531 5285; x_wconf 89' lang='lat' dir='ltr'><strong>cendi</strong></span> <span class='ocrx_word' id='word_1_676' title='bbox 562 5239 735 5296; x_wconf 87' lang='lat' dir='ltr'><strong>genus</strong></span> <span class='ocrx_word' id='word_1_677' title='bbox 774 5222 938 5278; x_wconf 86' lang='lat' dir='ltr'><strong>unice</strong></span> <span class='ocrx_word' id='word_1_678' title='bbox 969 5228 1179 5287; x_wconf 81' lang='lat' dir='ltr'><strong>ament,</strong></span> <span class='ocrx_word' id='word_1_679' title='bbox 1206 5219 1598 5275; x_wconf 78' lang='lat' dir='ltr'><strong>commissiones</strong></span> <span class='ocrx_word' id='word_1_680' title='bbox 1625 5215 1835 5272; x_wconf 84' lang='lat' dir='ltr'><strong>scilicet</strong></span> <span class='ocrx_word' id='word_1_681' title='bbox 1874 5230 1980 5271; x_wconf 85' lang='lat' dir='ltr'><strong>me-</strong></span> 
     </span>
    </p>
   </div>
   <div class='ocr_carea' id='block_1_95' title="bbox 366 5309 1978 5388">
    <p class='ocr_par' dir='ltr' id='par_1_95' title="bbox 366 5309 1978 5388">
     <span class='ocr_line' id='line_1_95' title="bbox 366 5309 1978 5388; baseline -0.007 -11"><span class='ocrx_word' id='word_1_682' title='bbox 366 5338 475 5388; x_wconf 71' lang='lat' dir='ltr'><strong>ras,</strong></span> <span class='ocrx_word' id='word_1_683' title='bbox 504 5328 562 5376; x_wconf 86' lang='lat' dir='ltr'><strong>et</strong></span> <span class='ocrx_word' id='word_1_684' title='bbox 589 5334 803 5373; x_wconf 86' lang='lat' dir='ltr'><strong>arenam</strong></span> <span class='ocrx_word' id='word_1_685' title='bbox 830 5316 940 5372; x_wconf 86' lang='lat' dir='ltr'><strong>sine</strong></span> <span class='ocrx_word' id='word_1_686' title='bbox 964 5314 1129 5383; x_wconf 84' lang='lat' dir='ltr'><strong>calce,</strong></span> <span class='ocrx_word' id='word_1_687' title='bbox 1158 5314 1302 5386; x_wconf 86' lang='lat' dir='ltr'><strong>quod</strong></span> <span class='ocrx_word' id='word_1_688' title='bbox 1324 5330 1429 5369; x_wconf 89' lang='lat' dir='ltr'><strong>non</strong></span> <span class='ocrx_word' id='word_1_689' title='bbox 1461 5314 1645 5383; x_wconf 84' lang='lat' dir='ltr'><strong>inepte</strong></span> <span class='ocrx_word' id='word_1_690' title='bbox 1669 5310 1852 5366; x_wconf 71' lang='lat' dir='ltr'><strong>Cmsar</strong></span> <span class='ocrx_word' id='word_1_691' title='bbox 1872 5309 1978 5368; x_wconf 87' lang='lat' dir='ltr'><strong>Ca-</strong></span> 
     </span>
    </p>
   </div>
   <div class='ocr_carea' id='block_1_96' title="bbox 370 5402 1976 5485">
    <p class='ocr_par' dir='ltr' id='par_1_96' title="bbox 370 5402 1976 5485">
     <span class='ocr_line' id='line_1_96' title="bbox 370 5402 1976 5485; baseline -0.007 -15"><span class='ocrx_word' id='word_1_692' title='bbox 370 5415 538 5485; x_wconf 83' lang='lat' dir='ltr'><strong>ngula</strong></span> <span class='ocrx_word' id='word_1_693' title='bbox 564 5412 635 5467; x_wconf 91' lang='lat' dir='ltr'><strong>de</strong></span> <span class='ocrx_word' id='word_1_694' title='bbox 667 5409 887 5480; x_wconf 88' lang='lat' dir='ltr'><strong>scriptis</strong></span> <span class='ocrx_word' id='word_1_695' title='bbox 914 5409 1140 5466; x_wconf 55' lang='lat' dir='ltr'><strong>Senecae</strong></span> <span class='ocrx_word' id='word_1_696' title='bbox 1170 5408 1386 5465; x_wconf 87' lang='lat' dir='ltr'><strong>dicebat</strong></span> <span class='ocrx_word' id='word_1_697' title='bbox 1417 5405 1597 5481; x_wconf 78' lang='lat' dir='ltr'><strong>(Apud</strong></span> <span class='ocrx_word' id='word_1_698' title='bbox 1641 5402 1976 5472; x_wconf 82' lang='lat' dir='ltr'><strong>Stietonium,</strong></span> 
     </span>
    </p>
   </div>
   <div class='ocr_carea' id='block_1_97' title="bbox 372 5502 1978 5579">
    <p class='ocr_par' dir='ltr' id='par_1_97' title="bbox 372 5502 1978 5579">
     <span class='ocr_line' id='line_1_97' title="bbox 372 5502 1978 5579; baseline -0.005 -16"><span class='ocrx_word' id='word_1_699' title='bbox 372 5527 492 5579; x_wconf 75' lang='lat' dir='ltr'><strong>cap.</strong></span> <span class='ocrx_word' id='word_1_700' title='bbox 520 5506 637 5577; x_wconf 76' lang='lat'><strong>55),</strong></span> <span class='ocrx_word' id='word_1_701' title='bbox 673 5506 725 5559; x_wconf 91' lang='lat' dir='ltr'><strong>in</strong></span> <span class='ocrx_word' id='word_1_702' title='bbox 760 5519 869 5575; x_wconf 86' lang='lat' dir='ltr'><strong>quo</strong></span> <span class='ocrx_word' id='word_1_703' title='bbox 900 5504 1166 5559; x_wconf 88' lang='lat' dir='ltr'><strong>orationis</strong></span> <span class='ocrx_word' id='word_1_704' title='bbox 1196 5502 1679 5575; x_wconf 75' lang='lat' dir='ltr'><strong>genere-concisa:</strong></span> <span class='ocrx_word' id='word_1_705' title='bbox 1725 5509 1782 5556; x_wconf 91' lang='lat' dir='ltr'><strong>et</strong></span> <span class='ocrx_word' id='word_1_706' title='bbox 1830 5513 1978 5569; x_wconf 82' lang='lat' dir='ltr'><strong>saepe</strong></span> 
     </span>
    </p>
   </div>
   <div class='ocr_carea' id='block_1_98' title="bbox 365 5593 1975 5670">
    <p class='ocr_par' dir='ltr' id='par_1_98' title="bbox 365 5593 1975 5670">
     <span class='ocr_line' id='line_1_98' title="bbox 365 5593 1975 5670; baseline -0.007 -11"><span class='ocrx_word' id='word_1_707' title='bbox 365 5606 617 5659; x_wconf 72' lang='lat' dir='ltr'><strong>obscura-</strong></span> <span class='ocrx_word' id='word_1_708' title='bbox 635 5603 805 5653; x_wconf 85' lang='lat' dir='ltr'><strong>instar</strong></span> <span class='ocrx_word' id='word_1_709' title='bbox 836 5597 1192 5653; x_wconf 85' lang='lat' dir='ltr'><strong>oraculorum</strong></span> <span class='ocrx_word' id='word_1_710' title='bbox 1224 5596 1430 5670; x_wconf 88' lang='lat' dir='ltr'><strong>periodi</strong></span> <span class='ocrx_word' id='word_1_711' title='bbox 1455 5597 1525 5652; x_wconf 88' lang='lat' dir='ltr'><strong>de</strong></span> <span class='ocrx_word' id='word_1_712' title='bbox 1548 5596 1712 5651; x_wconf 85' lang='lat' dir='ltr'><strong>rebus</strong></span> <span class='ocrx_word' id='word_1_713' title='bbox 1732 5593 1975 5665; x_wconf 86' lang='lat' dir='ltr'><strong>alioquin</strong></span> 
     </span>
    </p>
   </div>
   <div class='ocr_carea' id='block_1_99' title="bbox 365 5692 1974 5770">
    <p class='ocr_par' dir='ltr' id='par_1_99' title="bbox 365 5692 1974 5770">
     <span class='ocr_line' id='line_1_99' title="bbox 365 5692 1974 5770; baseline -0.006 -17"><span class='ocrx_word' id='word_1_714' title='bbox 365 5695 760 5770; x_wconf 86' lang='lat' dir='ltr'><strong>vnlgatissimis</strong></span> <span class='ocrx_word' id='word_1_715' title='bbox 790 5695 860 5748; x_wconf 89' lang='lat' dir='ltr'><strong>ita</strong></span> <span class='ocrx_word' id='word_1_716' title='bbox 891 5703 1284 5763; x_wconf 82' lang='lat' dir='ltr'><strong>congeruntur,</strong></span> <span class='ocrx_word' id='word_1_717' title='bbox 1310 5702 1369 5748; x_wconf 92' lang='lat' dir='ltr'><strong>ut</strong></span> <span class='ocrx_word' id='word_1_718' title='bbox 1399 5708 1493 5749; x_wconf 82' lang='lat' dir='ltr'><strong>eas</strong></span> <span class='ocrx_word' id='word_1_719' title='bbox 1518 5692 1887 5747; x_wconf 88' lang='lat' dir='ltr'><strong>commiscere</strong></span> <span class='ocrx_word' id='word_1_720' title='bbox 1918 5696 1974 5744; x_wconf 88' lang='lat' dir='ltr'><strong>et</strong></span> 
     </span>
    </p>
   </div>
   <div class='ocr_carea' id='block_1_100' title="bbox 364 5784 1969 5857">
    <p class='ocr_par' dir='ltr' id='par_1_100' title="bbox 364 5784 1969 5857">
     <span class='ocr_line' id='line_1_100' title="bbox 364 5784 1969 5857; baseline -0.004 -13"><span class='ocrx_word' id='word_1_721' title='bbox 364 5791 509 5846; x_wconf 88' lang='lat' dir='ltr'><strong>inter</strong></span> <span class='ocrx_word' id='word_1_722' title='bbox 537 5806 597 5844; x_wconf 86' lang='lat' dir='ltr'><strong>se</strong></span> <span class='ocrx_word' id='word_1_723' title='bbox 626 5796 973 5845; x_wconf 85' lang='lat' dir='ltr'><strong>commutare</strong></span> <span class='ocrx_word' id='word_1_724' title='bbox 1012 5800 1201 5855; x_wconf 89' lang='lat' dir='ltr'><strong>queas,</strong></span> <span class='ocrx_word' id='word_1_725' title='bbox 1233 5785 1363 5857; x_wconf 91' lang='lat' dir='ltr'><strong>quin</strong></span> <span class='ocrx_word' id='word_1_726' title='bbox 1414 5784 1519 5848; x_wconf 83' lang='lat' dir='ltr'><strong>ulla</strong></span> <span class='ocrx_word' id='word_1_727' title='bbox 1570 5785 1969 5842; x_wconf 86' lang='lat' dir='ltr'><strong>sententiarum</strong></span> 
     </span>
    </p>
   </div>
   <div class='ocr_carea' id='block_1_101' title="bbox 368 5862 1970 5954">
    <p class='ocr_par' dir='ltr' id='par_1_101' title="bbox 368 5862 1970 5954">
     <span class='ocr_line' id='line_1_101' title="bbox 368 5862 1970 5954; baseline -0.001 -15"><span class='ocrx_word' id='word_1_728' title='bbox 368 5885 635 5941; x_wconf 76' lang='lat' dir='ltr'><strong>connexio</strong></span> <span class='ocrx_word' id='word_1_729' title='bbox 664 5862 976 5954; x_wconf 65' lang='lat' dir='ltr'><strong>depereat:</strong></span> <span class='ocrx_word' id='word_1_730' title='bbox 1011 5894 1186 5951; x_wconf 86' lang='lat' dir='ltr'><strong>neque</strong></span> <span class='ocrx_word' id='word_1_731' title='bbox 1208 5880 1353 5937; x_wconf 90' lang='lat' dir='ltr'><strong>enim</strong></span> <span class='ocrx_word' id='word_1_732' title='bbox 1388 5880 1559 5951; x_wconf 89' lang='lat' dir='ltr'><strong>magis</strong></span> <span class='ocrx_word' id='word_1_733' title='bbox 1590 5881 1730 5938; x_wconf 86' lang='lat' dir='ltr'><strong>inter</strong></span> <span class='ocrx_word' id='word_1_734' title='bbox 1753 5894 1812 5937; x_wconf 91' lang='lat' dir='ltr'><strong>se</strong></span> <span class='ocrx_word' id='word_1_735' title='bbox 1836 5894 1970 5937; x_wconf 88' lang='lat' dir='ltr'><strong>con-</strong></span> 
     </span>
    </p>
   </div>
   <div class='ocr_carea' id='block_1_102' title="bbox 2082 5216 3672 5299">
    <p class='ocr_par' dir='ltr' id='par_1_102' title="bbox 2082 5216 3672 5299">
     <span class='ocr_line' id='line_1_102' title="bbox 2082 5216 3672 5299; baseline -0.003 -21"><span class='ocrx_word' id='word_1_736' title='bbox 2082 5224 2361 5299; x_wconf 83' lang='lat' dir='ltr'><strong>appellare</strong></span> <span class='ocrx_word' id='word_1_737' title='bbox 2390 5222 2561 5290; x_wconf 90' lang='lat' dir='ltr'><strong>volui,</strong></span> <span class='ocrx_word' id='word_1_738' title='bbox 2596 5230 2717 5293; x_wconf 84' lang='lat' dir='ltr'><strong>post</strong></span> <span class='ocrx_word' id='word_1_739' title='bbox 2747 5221 3084 5293; x_wconf 84' lang='lat' dir='ltr'><strong>epigramma</strong></span> <span class='ocrx_word' id='word_1_740' title='bbox 3114 5219 3317 5275; x_wconf 81' lang='lat' dir='ltr'><strong>Asterii</strong></span> <span class='ocrx_word' id='word_1_741' title='bbox 3342 5218 3413 5274; x_wconf 88' lang='lat' dir='ltr'><strong>de</strong></span> <span class='ocrx_word' id='word_1_742' title='bbox 3441 5216 3672 5286; x_wconf 77' lang='lat' dir='ltr'><strong>Sedulio,</strong></span> 
     </span>
    </p>
   </div>
   <div class='ocr_carea' id='block_1_103' title="bbox 2083 5311 3669 5394">
    <p class='ocr_par' dir='ltr' id='par_1_103' title="bbox 2083 5311 3669 5394">
     <span class='ocr_line' id='line_1_103' title="bbox 2083 5311 3669 5394; baseline -0.005 -21"><span class='ocrx_word' id='word_1_743' title='bbox 2083 5324 2139 5373; x_wconf 89' lang='lat' dir='ltr'><strong>et</strong></span> <span class='ocrx_word' id='word_1_744' title='bbox 2166 5316 2414 5389; x_wconf 70' lang='lat' dir='ltr'><strong>qutcdam</strong></span> <span class='ocrx_word' id='word_1_745' title='bbox 2454 5316 2558 5394; x_wconf 84' lang='lat' dir='ltr'><strong>alia</strong></span> <span class='ocrx_word' id='word_1_746' title='bbox 2599 5315 2767 5373; x_wconf 84' lang='lat' dir='ltr'><strong>verba</strong></span> <span class='ocrx_word' id='word_1_747' title='bbox 2798 5314 2869 5372; x_wconf 87' lang='lat' dir='ltr'><strong>de</strong></span> <span class='ocrx_word' id='word_1_748' title='bbox 2900 5314 3125 5387; x_wconf 80' lang='lat' dir='ltr'><strong>prologo</strong></span> <span class='ocrx_word' id='word_1_749' title='bbox 3173 5313 3407 5369; x_wconf 87' lang='lat' dir='ltr'><strong>metrico</strong></span> <span class='ocrx_word' id='word_1_750' title='bbox 3453 5311 3669 5379; x_wconf 79' lang='lat' dir='ltr'><strong>Sedulii,</strong></span> 
     </span>
    </p>
   </div>
   <div class='ocr_carea' id='block_1_104' title="bbox 2083 5408 3669 5485">
    <p class='ocr_par' dir='ltr' id='par_1_104' title="bbox 2083 5408 3669 5485">
     <span class='ocr_line' id='line_1_104' title="bbox 2083 5408 3669 5485; baseline -0.006 -16"><span class='ocrx_word' id='word_1_751' title='bbox 2083 5428 2235 5469; x_wconf 87' lang='lat' dir='ltr'><strong>num.</strong></span> <span class='ocrx_word' id='word_1_752' title='bbox 2267 5414 2335 5470; x_wconf 81' lang='lat'><strong>66</strong></span> <span class='ocrx_word' id='word_1_753' title='bbox 2368 5412 2720 5484; x_wconf 86' lang='lat' dir='ltr'><strong>proferenda,</strong></span> <span class='ocrx_word' id='word_1_754' title='bbox 2755 5413 2836 5469; x_wconf 89' lang='lat' dir='ltr'><strong>sic</strong></span> <span class='ocrx_word' id='word_1_755' title='bbox 2870 5412 3046 5485; x_wconf 84' lang='lat' dir='ltr'><strong>pergit</strong></span> <span class='ocrx_word' id='word_1_756' title='bbox 3082 5429 3094 5463; x_wconf 93' lang='lat'><strong>:</strong></span> <span class='ocrx_word' id='word_1_757' title='bbox 3134 5408 3489 5481; x_wconf 78' lang='lat' dir='ltr'><strong>Hieronymus</strong></span> <span class='ocrx_word' id='word_1_758' title='bbox 3511 5411 3564 5464; x_wconf 82' lang='lat' dir='ltr'><strong>in</strong></span> <span class='ocrx_word' id='word_1_759' title='bbox 3593 5422 3669 5461; x_wconf 82' lang='lat' dir='ltr'><strong>ra-</strong></span> 
     </span>
    </p>
   </div>
   <div class='ocr_carea' id='block_1_105' title="bbox 2081 5504 3669 5580">
    <p class='ocr_par' dir='ltr' id='par_1_105' title="bbox 2081 5504 3669 5580">
     <span class='ocr_line' id='line_1_105' title="bbox 2081 5504 3669 5580; baseline -0.004 -17"><span class='ocrx_word' id='word_1_760' title='bbox 2081 5507 2253 5580; x_wconf 86' lang='lat' dir='ltr'><strong>talogo</strong></span> <span class='ocrx_word' id='word_1_761' title='bbox 2300 5508 2801 5580; x_wconf 78' lang='lat' dir='ltr'><strong>scriptorumdieil:</strong></span> <span class='ocrx_word' id='word_1_762' title='bbox 2850 5504 3104 5562; x_wconf 85' lang='lat' dir='ltr'><strong>Sedulius</strong></span> <span class='ocrx_word' id='word_1_763' title='bbox 3158 5504 3467 5574; x_wconf 75' lang='lat' dir='ltr'><strong>rersiﬁrus,</strong></span> <span class='ocrx_word' id='word_1_764' title='bbox 3520 5506 3669 5575; x_wconf 73' lang='lat' dir='ltr'><strong>primo</strong></span> 
     </span>
    </p>
   </div>
   <div class='ocr_carea' id='block_1_106' title="bbox 2082 5595 3670 5674">
    <p class='ocr_par' dir='ltr' id='par_1_106' title="bbox 2082 5595 3670 5674">
     <span class='ocr_line' id='line_1_106' title="bbox 2082 5595 3670 5674; baseline -0.004 -19"><span class='ocrx_word' id='word_1_765' title='bbox 2082 5600 2279 5669; x_wconf 85' lang='lat' dir='ltr'><strong>laicus,</strong></span> <span class='ocrx_word' id='word_1_766' title='bbox 2338 5603 2393 5656; x_wconf 88' lang='lat' dir='ltr'><strong>in</strong></span> <span class='ocrx_word' id='word_1_767' title='bbox 2446 5601 2607 5656; x_wconf 86' lang='lat' dir='ltr'><strong>Italia</strong></span> <span class='ocrx_word' id='word_1_768' title='bbox 2660 5598 3047 5674; x_wconf 82' lang='lat' dir='ltr'><strong>pltilosOphiam</strong></span> <span class='ocrx_word' id='word_1_769' title='bbox 3092 5595 3294 5663; x_wconf 86' lang='lat' dir='ltr'><strong>didicit,</strong></span> <span class='ocrx_word' id='word_1_770' title='bbox 3332 5608 3514 5669; x_wconf 72' lang='lat' dir='ltr'><strong>postea</strong></span> <span class='ocrx_word' id='word_1_771' title='bbox 3568 5610 3670 5651; x_wconf 73' lang='lat' dir='ltr'><strong>cunt</strong></span> 
     </span>
    </p>
   </div>
   <div class='ocr_carea' id='block_1_107' title="bbox 2082 5691 3669 5765">
    <p class='ocr_par' dir='ltr' id='par_1_107' title="bbox 2082 5691 3669 5765">
     <span class='ocr_line' id='line_1_107' title="bbox 2082 5691 3669 5765; baseline -0.005 -14"><span class='ocrx_word' id='word_1_772' title='bbox 2082 5697 2200 5751; x_wconf 87' lang='lat' dir='ltr'><strong>aliis</strong></span> <span class='ocrx_word' id='word_1_773' title='bbox 2222 5700 2437 5752; x_wconf 76' lang='lat' dir='ltr'><strong>metrum</strong></span> <span class='ocrx_word' id='word_1_774' title='bbox 2463 5696 2733 5752; x_wconf 82' lang='lat' dir='ltr'><strong>heroicum</strong></span> <span class='ocrx_word' id='word_1_775' title='bbox 2767 5694 3078 5750; x_wconf 84' lang='lat' dir='ltr'><strong>Macedonio</strong></span> <span class='ocrx_word' id='word_1_776' title='bbox 3105 5695 3421 5748; x_wconf 78' lang='lat' dir='ltr'><strong>consulente</strong></span> <span class='ocrx_word' id='word_1_777' title='bbox 3443 5691 3669 5765; x_wconf 83' lang='lat' dir='ltr'><strong>(corrigo</strong></span> 
     </span>
    </p>
   </div>
   <div class='ocr_carea' id='block_1_108' title="bbox 2081 5787 3669 5862">
    <p class='ocr_par' dir='ltr' id='par_1_108' title="bbox 2081 5787 3669 5862">
     <span class='ocr_line' id='line_1_108' title="bbox 2081 5787 3669 5862; baseline -0.003 -18"><span class='ocrx_word' id='word_1_778' title='bbox 2081 5790 2398 5862; x_wconf 81' lang='lat' dir='ltr'><strong>consulente)</strong></span> <span class='ocrx_word' id='word_1_779' title='bbox 2424 5791 2606 5845; x_wconf 86' lang='lat' dir='ltr'><strong>docuit</strong></span> <span class='ocrx_word' id='word_1_780' title='bbox 2631 5791 2685 5845; x_wconf 88' lang='lat' dir='ltr'><strong>in</strong></span> <span class='ocrx_word' id='word_1_781' title='bbox 2706 5790 2907 5846; x_wconf 77' lang='lat' dir='ltr'><strong>Achaia</strong></span> <span class='ocrx_word' id='word_1_782' title='bbox 2938 5806 2956 5845; x_wconf 90' lang='lat'><em>:</em></span> <span class='ocrx_word' id='word_1_783' title='bbox 2987 5787 3145 5845; x_wconf 80' lang='lat' dir='ltr'><strong>libros</strong></span> <span class='ocrx_word' id='word_1_784' title='bbox 3167 5805 3292 5845; x_wconf 80' lang='lat' dir='ltr'><strong>suos</strong></span> <span class='ocrx_word' id='word_1_785' title='bbox 3312 5789 3416 5843; x_wconf 77' lang='lat' dir='ltr'><strong>seri</strong></span> <span class='ocrx_word' id='word_1_786' title='bbox 3422 5789 3525 5860; x_wconf 82' lang='lat' dir='ltr'><strong>psit</strong></span> <span class='ocrx_word' id='word_1_787' title='bbox 3553 5796 3669 5843; x_wconf 78' lang='lat' dir='ltr'><strong>tent-</strong></span> 
     </span>
    </p>
   </div>
   <div class='ocr_carea' id='block_1_109' title="bbox 2080 5880 3663 5956">
    <p class='ocr_par' dir='ltr' id='par_1_109' title="bbox 2080 5880 3663 5956">
     <span class='ocr_line' id='line_1_109' title="bbox 2080 5880 3663 5956; baseline -0.005 -16"><span class='ocrx_word' id='word_1_788' title='bbox 2080 5899 2205 5956; x_wconf 84' lang='lat' dir='ltr'><strong>pore</strong></span> <span class='ocrx_word' id='word_1_789' title='bbox 2237 5882 2591 5947; x_wconf 79' lang='lat' dir='ltr'><strong>Valentiniani</strong></span> <span class='ocrx_word' id='word_1_790' title='bbox 2620 5892 2667 5939; x_wconf 86' lang='lat' dir='ltr'><strong>et</strong></span> <span class='ocrx_word' id='word_1_791' title='bbox 2708 5881 3008 5939; x_wconf 82' lang='lat' dir='ltr'><strong>Theodosii.</strong></span> <span class='ocrx_word' id='word_1_792' title='bbox 3040 5880 3396 5939; x_wconf 73' lang='lat' dir='ltr'><strong>Mabillonius</strong></span> <span class='ocrx_word' id='word_1_793' title='bbox 3425 5880 3663 5941; x_wconf 76' lang='lat' dir='ltr'><strong>Analect.</strong></span> 
     </span>
    </p>
   </div>
   <div class='ocr_carea' id='block_1_110' title="bbox 3452 5990 3852 6315">
    <p class='ocr_par' dir='ltr' id='par_1_110' title="bbox 3452 5990 3848 6311">
     <span class='ocr_line' id='line_1_110' title="bbox 3452 5990 3848 6311; baseline 0 0"><span class='ocrx_word' id='word_1_794' title='bbox 3456 5990 3848 6311; x_wconf 53' lang='grc' dir='ltr'><strong>,Δ</strong></span> 
     </span>
    </p>
   </div>
  </div>
