3896 6348
82 397 180 453 457

1468 392 2004 450 PROLEGOMENA.

3288 387 3395 450 #778

85 522 248 565 velcr.
275 521 413 566 tom.
442 511 484 579 l,
509 525 629 582 pag.
654 511 780 581 565,
811 511 1048 565 similem
1099 510 1437 565 notationem
1478 510 1686 580 profert
1715 514 1763 572 Α
1792 525 1918 579 qua,
1945 509 2233 566 deﬁciente
2259 511 2576 566 membrana
2601 511 2706 566 hoc
2732 511 2854 566 loco
2876 511 3224 580 disrupta,-iu
3243 515 3397 583 citius

85 622 144 660 ex
175 620 305 659 mss.
341 606 538 661 codice
577 605 932 662 Corbeieusis
975 605 1317 660 bibliotheca:
1353 625 1363 659 :
1415 603 1469 676 4
1503 604 1690 658 Hiero-

87 715 265 769 nymus
296 699 355 752 in
389 698 674 771 catalogo:
704 699 973 764 Sedulius,
1024 707 1133 754 etc.
1195 699 1296 754 Pro
1351 709 1567 754 metrum
1608 708 1693 753 est

85 801 394 858 metrorum,
419 801 476 846 et
505 791 845 846 lilabillOnius
873 793 1091 864 supplet
1121 803 1403 846 metrorum
1444 791 1690 864 (generi-

87 886 204 956 bus)
231 885 527 950 heroicum,
559 896 664 939 ctc.
700 887 892 941 Postea
925 887 1135 956 scripsit
1162 888 1218 940 in
1240 896 1489 963 tempore.
1522 886 1693 942 Error

90 977 233 1032 illico
255 977 699 1047 deprehenditur
731 979 782 1031 iu
813 979 1133 1050 Hieronymi
1157 979 1376 1034 nomine
1405 997 1418 1031 :
1444 994 1566 1032 nam
1595 977 1693 1034 Se-

93 1073 218 1127 dulii
278 1073 655 1144 Hieronymus
685 1072 735 1126 in
767 1087 867 1126 suo
911 1072 1236 1142 scriptorum
1285 1074 1533 1144 catalogo
1585 1090 1690 1127 non

93 1167 362 1230 meminit,
405 1182 583 1236 neque
613 1167 928 1222 meminisse
953 1168 1150 1237 potuit,
1183 1167 1382 1238 quippe
1433 1169 1523 1238 qui
1567 1184 1689 1222 cum

95 1264 248 1331 longe
272 1271 444 1316 astate
478 1261 838 1330 praecesserit.

160 1358 207 1408 7.
253 1354 544 1410 Librarius
574 1354 759 1424 igitur,
804 1354 924 1424 ejus
971 1355 1267 1409 uotationis
1324 1365 1550 1422 auctor,
1602 1368 1694 1412 aut

93 1451 434 1520 exseriptor,
464 1465 561 1518 pro
603 1448 892 1506 Gcnnadio
918 1450 1310 1522 Hieronymum
1335 1450 1550 1521 posuit:
1577 1466 1696 1521 qua!

99 1544 460 1600 liallueinatio
485 1542 626 1614 apud
668 1543 806 1598 alios
833 1543 997 1599 etiam
1041 1543 1384 1611 observatur,
1440 1543 1566 1598 inde
1593 1587 1608 1610 ,
1640 1555 1697 1598 ut

97 1649 242 1708 puto,
278 1647 499 1707 exorta,
532 1638 674 1709 quod
707 1637 1021 1694 Gennadius
1043 1638 1348 1708 catalogum
1370 1637 1697 1707 scriptorum

95 1733 148 1788 S.
182 1733 501 1806 Hieronymi
534 1733 960 1799 continuaverit,
994 1744 1048 1789 et
1076 1745 1301 1804 uterque
1336 1733 1615 1804 catalogus
1645 1733 1697 1787 in

99 1844 254 1882 nmini
289 1829 550 1883 volumen
584 1842 728 1896 saepe
761 1838 1076 1905 compactos
1118 1827 1298 1883 fuerit.
1351 1827 1696 1883 Genuadium

1798 615 1951 674 tergo
1985 606 2200 676 legitur,
2234 605 2430 674 Incipit
2460 607 2634 679 glossa
2663 609 2724 661 de
2748 624 2903 677 prosa
2929 607 3164 673 Sedulii;
3191 618 3245 663 et
3268 624 3400 678 pau-

1795 714 1876 752 cae
1909 699 2064 753 linea:
2111 699 2418 769 glossarum
2453 701 2838 770 subjiciuntur.
2869 699 3164 771 Georgius,
3197 701 3252 756 in
3287 711 3397 758 not.

1796 793 1885 846 ad.
1919 792 2209 847 Baronium
2239 840 2251 860 ,
2281 810 2426 848 anno
2455 796 2560 852 494
2585 839 2598 863 ,
2632 796 2802 850 refert
2852 795 3018 850 verba
3049 793 3403 864 hujuscemet

1797 888 2002 943 codicis
2030 931 2042 952 ,
2069 903 2228 958 quem
2260 891 2400 944 inter
2431 891 2830 946 Ottobonianos
2859 899 3031 958 notat,
3066 908 3214 946 num.
3250 893 3357 948 555
3378 933 3394 961 ,

1798 982 1926 1036 olim
1980 983 2032 1037 in
2069 982 2404 1038 bibliotheca
2441 985 2642 1055 regina:
2694 985 3182 1050 Suecorurnhum.
3221 985 3402 1042 i596:

1796 1075 2135 1147 interpungit
2165 1086 2370 1142 autem,
2407 1087 2460 1132 et
2493 1078 2644 1148 legit,
2679 1079 2874 1132 docuit.
2913 1077 2985 1132 In'
3021 1077 3219 1133 Achaia
3248 1080 3407 1135 libros

1794 1188 1917 1226 suos
1936 1173 2142 1243 scripsit
2169 1173 2220 1226 in
2241 1183 2467 1243 tempore.
2489 1173 2868 1240 imperatorum
2888 1174 3103 1228 minoris
3129 1173 3406 1230 Theodosii
3442 1227 3444 1230 ,

1797 1266 1895 1334 ﬁlii
1926 1257 2168 1332 Arcadii,
2198 1277 2244 1321 et
2285 1267 2662 1323 Valentiniani.
2699 1269 2991 1324 Constantii
3039 1285 3165 1340 pax.
3199 1268 3308 1325 Sed
3348 1272 3401 1324 in

1798 1359 1985 1414 codice
2018 1362 2091 1414 ita
2120 1362 2381 1431 scriptum
2415 1373 2500 1417 est
2532 1407 2544 1430 ,
2581 1373 2640 1417 ut
2688 1379 2792 1433 ego
2819 1363 3088 1433 descripsi
3139 1382 3152 1419 :
3198 1362 3268 1418 de
3297 1378 3406 1434 quo

1800 1454 2016 1508 iterum.
2045 1454 2315 1510 Scribitur
2338 1466 2524 1511 autem
2539 1456 2793 1510 Archadii
2819 1466 2895 1523 et,
2923 1457 3210 1525 mendose,
3242 1457 3402 1512 Vale-
3471 1507 3483 1515 .

1801 1547 1935 1599 tiani
1960 1589 1975 1613 ,
2010 1548 2090 1601 vel
2131 1549 2466 1613 Valenliani,
2500 1565 2600 1618 pro
2653 1549 3034 1603 Valentiniani.
3064 1550 3408 1606 Mabillonius

1804 1643 1908 1697 loc.
1945 1645 2038 1696 cit.
2076 1645 2319 1698 Analect.
2360 1687 2373 1705 ,
2408 1661 2473 1699 ex
2508 1655 2725 1700 vetusto
2756 1648 3053 1718 exemplari
3089 1650 3408 1704 monasterii

1804 1737 2069 1801 Lirensis,
2105 1738 2269 1792 verba
2302 1738 2492 1792 eadem
2525 1754 2645 1807 quae
2677 1748 2807 1793 sunt
2841 1739 2892 1793 in
2926 1738 3038 1793 Ott.
3067 1741 3089 1793 l
3126 1739 3406 1797 describit:

1806 1830 2002 1897 Incipit
2031 1847 2148 1895 ars,
2185 1840 2316 1897 etc.,
2347 1829 2440 1885 sed
2479 1830 2705 1886 exhibet
2733 1833 3043 1887 cumulante
3085 1847 3185 1901 pro
3223 1849 3411 1888 consu-

99 1923 270 1992 ipsum
299 1922 625 1977 Toletanum
652 1923 950 1976 antistitem
982 1922 1083 1977 :ibl
1113 1919 1560 1976 tinxitNmkerus
1582 1919 1705 1974 Bal-
1736 1913 1779 1972 Β
1812 1925 1963 1990 lente,
2000 1936 2048 1977 et
2085 1924 2288 1979 omittit
2321 1926 2373 1977 in
2404 1937 2523 1996 pOSt
2555 1926 2802 1997 scripsit,
2834 1939 2889 1982 et
2932 1928 3159 1984 verbum
3193 1938 3406 1998 postre-

101 2018 276 2083 bulus,
302 2015 471 2085 quod,
499 2026 558 2070 ut
586 2016 868 2083 conjicere
900 2015 1059 2083 libet,
1095 2014 1425 2069 lldefonsum
1476 2013 1698 2069 Toleta-

100 2123 220 2163 num
252 2107 587 2176 antistitem,
624 2107 678 2161 in
712 2107 895 2178 aliquo
917 2107 1182 2162 Geunadii
1205 2108 1389 2162 codice
1409 2107 1696 2162 continua-

105 2212 270 2255 torcm
303 2200 612 2254 istiusmodi
644 2200 873 2270 eatulogi
905 2201 1228 2272 scriptorum
1266 2200 1568 2255 illustrium
1615 2216 1700 2255 re-

104 2296 356 2363 pet-isset.
395 2292 570 2348 Verba
604 2291 844 2348 Nmkerii
895 2302 1051 2360 sunt,
1102 2307 1222 2362 cap.
1259 2295 1312 2360 7,
1357 2293 1425 2348 de
1467 2294 1694 2363 interpr.

102 2389 154 2444 S.
183 2387 483 2458 Scriptura!
515 2405 528 2441 :
581 2385 642 2440 Si
674 2397 845 2442 tamen
870 2389 1111 2458 antiquos
1152 2396 1389 2442 auctores
1425 2403 1574 2441 nosse
1612 2403 1699 2440 vo-

103 2482 275 2550 lucris,
307 2481 418 2555 lege
438 2480 629 2534 librum
659 2481 790 2535 beati
814 2480 1127 2551 Hieronymi
1168 2483 1230 2535 de
1255 2479 1545 2534 illustribus
1576 2480 1700 2534 viris

103 2597 128 2630 a
169 2578 227 2632 S.
267 2576 430 2633 Petro
474 2593 638 2647 usque
664 2576 731 2628 ad
765 2577 1024 2648 seipsum,
1077 2586 1124 2629 et
1171 2573 1424 2629 Gcnnadii
1468 2573 1703 2628 Toletani

103 2672 324 2743 episcopi
353 2671 416 2724 ab
438 2670 712 2725 Ambrosio
761 2687 926 2742 usque
971 2669 1039 2724 ad
1072 2669 1308 2723 eumdem
1347 2667 1699 2723 Gennadium.

103 2764 240 2819 Idem
273 2763 390 2819 fere
417 2765 620 2832 repetit
647 2777 766 2833 cap.
801 2766 890 2819 11.

171 2856 222 2911 8.
265 2855 454 2910 Refert
480 2854 824 2921 Sirmondus,
861 2855 928 2910 ad
955 2854 1262 2910 Enuodium
1316 2856 1411 2910 lib.
1445 2871 1484 2916 ι,
1542 2854 1701 2925 epist.

105 2950 191 3013 24,
224 2966 288 3004 ex
321 2949 554 3020 integris
581 2947 852 3005 Gennadii
903 2948 1312 3019 exemplaribus
1336 2964 1394 3002 se
1421 2931 1700 3015 didicisse,

107 3045 378 3104 Sedulium
407 3045 553 3101 diem
579 3061 735 3099 suum
768 3044 995 3110 obiisse,
1019 3044 1331 3099 Theodosio
1354 3044 1596 3112 juniore,
1621 3041 1705 3096 cui

109 3155 239 3206 opus
280 3138 506 3200 dicavit,
558 3148 610 3190 et
657 3137 1040 3192 Valentiniano
1087 3136 1470 3208 regnantibus.
1525 3133 1703 3189 Verba

111 3231 371 3287 chnadii
404 3249 468 3286 ex
502 3231 729 3301 integris
781 3229 1191 3298 exemplaribus
1230 3229 1554 3284 Sirtnondus
1599 3243 1702 3281 non

1807 2033 1952 2072 mum
1982 2036 2107 2088 pax.

1883 2112 1967 2167 lt).
2004 2113 2262 2168 Nonnihil
2295 2113 2364 2168 ab
2389 2113 2477 2171 his
2509 2113 2765 2170 ilitl'erunt
2794 2115 2903 2171 duo
2934 2117 3027 2171 alii
3062 2118 3304 2184 codices,
3328 2120 3411 2173 al-

1806 2213 1888 2259 ter
1914 2205 2451 2273 Almeloveenianus,
2479 2223 2644 2277 quem
2677 2209 3006 2264 Arntzenius
3036 2209 3410 2278 laudat;altcr

1804 2299 2182 2362 Britannicus,
2218 2317 2376 2369 quem
2412 2302 2516 2356 5'00
2544 2317 2809 2358 annorum
2843 2303 2976 2358 dicit
3005 2301 3272 2359 Cellarius
3300 2351 3312 2373 ,
3342 2320 3411 2361 ex

1805 2391 2030 2449 Usserio
2057 2437 2071 2459 ,
2103 2394 2171 2449 de
2223 2395 2354 2449 Brit.
2391 2395 2591 2450 eecles.
2624 2396 2896 2464 primord.
2932 2412 3054 2465 cap.
3107 2399 3192 2452 16.
3225 2396 3411 2453 Codex

1809 2483 2330 2540 Altneltweeniauus
2369 2487 2448 2541 sic
2483 2487 2648 2541 habet
2680 2504 2691 2540 :
2727 2487 2981 2542 Sedulius
3007 2490 3274 2558 versi/ictis
3308 2492 3418 2560 pri-

1807 2594 1890 2630 mo
1918 2578 2100 2633 laicus.
2135 2578 2188 2631 in
2223 2578 2388 2633 Italia
2418 2578 2815 2650 philosOphiam
2848 2582 3058 2648 didicit;
3089 2593 3268 2653 postea
3296 2601 3412 2639 cum

1806 2671 1927 2724 aliis
1958 2683 2177 2726 metrum
2231 2674 2461 2727 eroisum
2497 2672 2804 2730 Macedonio
2834 2676 3102 2742 esulante,
3135 2679 3415 2734 itfdchaia

1809 2764 1970 2819 libros
1999 2781 2120 2819 suos
2150 2765 2362 2838 scripsit
2393 2771 2446 2820 in
2470 2776 2699 2835 tempore
2743 2766 3003 2823 Valentini
3041 2779 3087 2822 et
3111 2769 3412 2827 Theodosii.

1812 2857 2169 2914 Emendatior
2197 2869 2281 2914 est
2319 2859 2489 2916 codex
2541 2860 2886 2916 Britannicus
2912 2903 2925 2927 ,
2956 2863 3050 2933 qui
3090 2864 3165 2917 sic
3197 2862 3368 2920 refert
3398 2883 3410 2918 :

1812 2952 2061 3008 Sedulius
2085 2954 2350 3024 versiﬁcus
2377 2955 2544 3026 primo
2568 2956 2734 3009 laicus
2759 2956 2810 3008 in
2836 2956 2997 3009 [ralia
3020 2956 3410 3026 philosophiam

1811 3045 1994 3099 didicit
2028 3063 2046 3100 :
2071 3058 2250 3117 postea
2281 3063 2396 3101 cum
2427 3048 2548 3100 aliis
2580 3050 2832 3102 consociis
2875 3049 3139 3103 heroicum
3170 3061 3406 3113 metrum,

1817 3137 2123 3193 Macedonio
2148 3141 2480 3205 consulente,
2513 3141 2712 3194 didicit.
2752 3140 2815 3194 In
2845 3143 3042 3196 Achaia
3073 3142 3232 3196 libros
3285 3160 3408 3196 ron-

1811 3234 2018 3304 scripsit
2043 3243 2269 3304 tempore
2292 3233 2572 3288 Theodosii
2595 3246 2641 3288 et
2679 3235 3053 3290 Valentiniani.
3079 3236 3170 3291 llis
3193 3237 3249 3308 6
3270 3237 3412 3292 addo

114 3324 310 3393 profert
337 3343 349 3377 :
379 3323 499 3388 sed,
532 3332 592 3378 ut
616 3323 874 3388 arbitror,
903 3322 1045 3392 apud
1077 3321 1418 3377 Gennadium
1450 3323 1704 3376 inexem-
1733 3312 1778 3374 C
1812 3326 2060 3382 eodicem
2113 3328 2406 3396 quemdam
2456 3343 2634 3382 meum
2664 3330 3045 3395 chartaceum,
3077 3330 3166 3397 qui
3202 3332 3253 3385 in
3302 3331 3410 3387 line

115 3418 352 3486 plarihus
378 3416 607 3487 integris
638 3417 788 3487 legit,
818 3409 1024 3472 obiisse
1056 3415 1363 3477 Sedulium.
1392 3415 1705 3470 Theodosio

114 3512 324 3580 juniore
365 3521 419 3566 et
470 3510 855 3566 Valentiniano
884 3508 1286 3580 regnantibus:
1334 3507 1478 3579 quod
1522 3517 1705 3564 autem

116 3607 357 3663 Sedulius
388 3606 705 3670 Theodosio
729 3607 934 3676 juniori
967 3621 1104 3675 Opus
1141 3621 1296 3661 suum
1329 3603 1616 3668 dicaverit,
1655 3602 1706 3657 id

119 3716 179 3756 ex
207 3698 597 3773 prazconeepta
629 3715 722 3754 sua
771 3699 1030 3770 opinione
1079 3698 1318 3773 adjicere
1345 3696 1560 3751 videtur
1595 3696 1708 3752 Sir-

120 3772 340 3849 mondus
367 3812 380 3860 ;
412 3809 517 3865 qua
547 3794 617 3849 de
656 3808 714 3849 re
744 3794 887 3848 alius
929 3804 1112 3863 postea
1145 3772 1250 3864 erit
1280 3791 1585 3846 disserendi
1629 3790 1707 3843 lo—

118 3903 228 3942 cus.
260 3887 315 3942 In
347 3887 584 3959 vulgatis
611 3886 879 3945 Gennadii
915 3885 1068 3941 libris
1089 3883 1220 3938 nihil
1251 3883 1482 3954 legimus
1510 3881 1580 3937 de
1609 3881 1706 3938 Se-

122 3983 283 4050 dulio,
309 3997 484 4053 neque
509 3980 726 4036 videtur
753 3979 1052 4050 quidquam
1100 3976 1243 4047 apud
1274 3977 1527 4031 eumdem
1559 3975 1705 4031 Gen.

125 4078 331 4134 nadium
365 4078 636 4147 reperisse
669 4075 928 4141 Isidorus,
975 4075 1067 4145 qui
1119 4077 1173 4128 in
1225 4072 1365 4131 libro
1409 4073 1484 4127 de
1523 4071 1701 4143 Scrip.

123 4173 308 4227 eccles.
326 4152 604 4228 Sedulium
631 4172 899 4234 recenset,
916 4178 969 4223 et
983 4182 1078 4222 eos
1095 4177 1603 4238 tantumrecensere
1621 4179 1706 4221 so-

122 4264 211 4330 let,
244 4265 329 4333 qui
359 4278 386 4316 a
418 4261 704 4318 Gennadio
736 4259 1092 4330 prsetermissi
1131 4268 1278 4313 sunt.
1315 4258 1571 4314 Fortasse
1592 4258 1704 4326 jam

123 4367 225 4412 tum
253 4359 567 4429 imperfecta
599 4357 753 4428 plura
792 4364 952 4411 erant
994 4347 1332 4424 exemplaria
1383 4354 1652 4410 Gennadii
1690 4371 1702 4406 :

122 4452 212 4509 sed
242 4453 533 4520 Optandum
569 4451 807 4506 maxime
855 4449 1068 4513 fuisset,
1102 4458 1160 4503 ut
1187 4448 1513 4521 Sirmomlus
1567 4449 1706 4501 inte-

123 4561 268 4615 grum
295 4545 561 4601 Gennadii
604 4545 881 4615 exemplar
912 4542 1070 4598 nobis
1115 4557 1221 4597 non
1260 4534 1566 4596 invidisset.
1600 4539 1705 4594 Alii

122 4640 444 4710 exemplaria
470 4637 765 4702 Genuadii,
794 4652 915 4707 quae
945 4635 1187 4705 perlecta
1214 4633 1499 4699 dicuntur,
1535 4633 1702 4687 inter-

125 4734 296 4801 polata
325 4734 508 4803 potius
536 4746 658 4786 esse
685 4740 900 4802 putant.

193 4829 241 4900 5
269 4828 320 4882 9.
365 4827 440 4882 Ex
493 4824 797 4893 Gennadio,
834 4823 950 4878 sive
980 4823 1119 4877 alius
1150 4824 1222 4877 sit
1267 4831 1460 4875 auctor
1485 4861 1499 4886 ,
1524 4821 1706 4874 corri-

123 4920 324 4989 gendos
353 4928 436 4974 est
463 4916 636 4973 codex
669 4915 974 4982 Palatinus,
1007 4930 1167 4986 quem
1200 4929 1349 4968 num.
1385 4914 1418 4967 5
1451 4912 1708 4980 excitavi,

132 5011 182 5066 in
211 5028 310 5079 quo
357 5010 624 5066 asseritur
651 5051 665 5074 ,
706 5008 987 5065 Sedulium
1032 5009 1086 5060 in
1137 5006 1420 5061 Arcadiam
1473 5007 1706 5061 venisse.

133 5104 251 5174 Legi
280 5105 420 5161 enim
461 5103 623 5160 debet
659 5104 713 5155 in
753 5101 1004 5156 Achaiam
1051 5102 1182 5155 venit
1225 5118 1244 5166 ;
1286 5101 1529 5170 quamvis
1561 5101 1706 5156 enim

132 5199 344 5253 Arcadia
375 5212 498 5269 pars
527 5198 598 5252 sit
626 5194 868 5261 Achaiae,
903 5204 1082 5249 tamen
1113 5192 1325 5249 Achaia:
1354 5211 1553 5249 nomen
1577 5211 1711 5264 prte-

135 5291 402 5347 fereudum
436 5300 544 5346 est.
579 5287 869 5344 Cousentit
897 5287 1068 5342 codex
1099 5287 1523 5354 Ottobonianus,
1559 5304 1704 5342 num.

135 5387 216 5451 '55,
246 5401 398 5455 quem
434 5384 542 5438 Ott.
582 5385 602 5437 t
641 5372 888 5445 nomino,
920 5380 1007 5449 qui
1039 5389 1162 5449 post
1204 5380 1430 5449 elegiam
1466 5381 1705 5445 Sedulii,

136 5478 392 5534 Contentus
412 5521 426 5543 ,
455 5478 532 5532 sic
564 5475 733 5531 refert
763 5493 774 5528 :
806 5472 1000 5543 Incipit
1029 5488 1114 5524 ars
1170 5471 1373 5526 Sedulii
1411 5481 1595 5540 poene,
1621 5473 1708 5540 qui

137 5575 288 5640 primo
310 5578 469 5630 laicus
493 5577 546 5628 in
579 5572 743 5628 Italia
766 5567 1144 5643 phiIOSOphiam
1165 5568 1365 5632 didicit,
1395 5577 1566 5633 postea
1591 5584 1704 5620 cum

134 5670 242 5721 aliis
267 5680 540 5724 metrorum
555 5669 829 5739 generibus
849 5666 1111 5720 heroicum
1135 5672 1372 5725 metrum,
1396 5660 1708 5716 Macedonio

136 5764 432 5827 consulente,
464 5764 638 5816 docuit
688 5762 741 5815 in
783 5759 1001 5814 Achaia.
1049 5757 1230 5810 Libros
1271 5772 1391 5808 suos
1420 5757 1624 5826 scripsit
1657 5758 1708 5809 in

139 5864 344 5922 tempore
373 5859 745 5926 imperatorum
771 5855 982 5907 minoris
1017 5849 1319 5912 Theodosii,
1344 5849 1441 5914 ﬁlii
1474 5849 1704 5915 Arcadii,

143 5957 185 5998 et
223 5946 596 6020 Valentiniani,
631 5948 730 6017 ﬁlii
761 5945 1069 6003 Constantii.
1109 5943 1293 5998 Pax...
1332 5943 1534 6002 Dtsuat
1584 5944 1705 5998 reli-

1734 4702 1785 4760 D

1809 3417 2022 3474 Sedulii
2052 3419 2132 3474 sic
2164 3418 2328 3473 habet
2374 3437 2385 3472 :
2420 3419 2670 3474 Sedulius
2703 3433 2853 3490 poeta
2875 3464 2889 3485 ,
2923 3419 3228 3477 consulibus
3249 3421 3413 3478 Theo-

1810 3511 1957 3566 dosio
1981 3523 2026 3566 et
2060 3513 2453 3575 Valentiniano,
2481 3515 2534 3566 in
2580 3513 2740 3568 Italia
2783 3513 3166 3584 philosOphiam
3202 3515 3408 3570 didicit.

1775 3607 1948 3678 ‘Indc
1998 3609 2066 3661 ad
2110 3607 2266 3677 ﬁdem
2318 3607 2624 3662 catholicam
2673 3624 2986 3674 conversus,
3022 3625 3052 3661 a
3104 3609 3413 3666 Macedonio
3450 3614 3460 3622 ’

1812 3702 2108 3773 presbytero
2135 3701 2425 3772 baptizatus
2469 3712 2564 3768 est,
2597 3711 2645 3756 et
2677 3703 2729 3755 in
2769 3701 3022 3756 Achaiam
3053 3710 3313 3773 prolectus
3350 3703 3416 3758 li-

1811 3795 1957 3847 brum
1981 3795 2118 3847 hunc
2148 3804 2327 3847 contra
2358 3810 2607 3858 errorem,
2637 3804 2682 3846 et
2716 3795 2767 3846 in
2797 3794 3096 3849 christiana:
3117 3795 3242 3865 ﬁdei
3264 3811 3409 3849 com-

1813 3886 2190 3940 mendationem
2237 3887 2470 3939 carmine
2521 3889 2825 3958 composuit.
2866 3888 2971 3942 Pro
3022 3887 3412 3958 Valentiniano,

1811 3983 1861 4036 in
1893 3998 2033 4038 nexu
2068 3982 2397 4049 litterarum,
2428 3981 2532 4052 legi
2570 3992 2746 4050 potest
2783 3981 3081 4037 Valentino.

1886 4078 1973 4131 Η.
2009 4075 2135 4129 llaec
2171 4089 2338 4144 pauca
2389 4090 2451 4130 ex
2485 4075 2721 4130 vetustis
2765 4075 2974 4131 Sedulii
3026 4076 3304 4132 codicibus
3343 4077 3414 4133 de

1811 4171 1927 4240 ejus
1951 4170 2058 4223 vi'a
2086 4169 2345 4239 colligere
2372 4169 2522 4233 licet,
2554 4185 2730 4240 neque
2756 4171 2860 4223 alia
2884 4170 3189 4239 antiquiora
3211 4170 3409 4226 adsunt

1811 4273 2188 4326 monumenta,
2215 4278 2278 4317 ex
2314 4263 2512 4331 quibus
2537 4264 2686 4332 plura
2719 4264 3002 4317 addamus.
3048 4263 3156 4318 Sed
3190 4273 3246 4318 ut
3287 4281 3406 4334 qua:

1809 4357 1878 4411 de
1911 4371 1979 4411 eo
2009 4357 2172 4426 vulgo
2203 4356 2479 4422 dicuntur,
2518 4355 2856 4409 enucleatius
2888 4355 3259 4424 explicentur,
3293 4358 3411 4427 pris

1811 4468 1959 4506 mum
1988 4451 2368 4506 disserendum
2399 4460 2480 4503 est
2506 4451 2572 4504 de
2603 4449 2796 4519 patria.
2843 4447 3099 4520 Plerique
3125 4450 3408 4505 Sedulium

1811 4545 2034 4601 Scotum
2089 4543 2254 4598 fuisse
2305 4543 2604 4597 affirmant.
2654 4543 2724 4594 At
2770 4538 3039 4596 Cellarius
3096 4550 3285 4610 tenet,
3319 4543 3411 4601 illa

1810 4645 1970 4689 :ctale
2005 4635 2316 4689 Hiberniam
2367 4635 2536 4713 fuisse
2569 4632 2810 4689 Scotiam
2838 4677 2852 4701 ,
2887 4640 2943 4688 et
2967 4648 3034 4688 ex
3082 4635 3174 4689 illa
3214 4632 3412 4692 minori

1813 4730 1990 4783 insula
2022 4743 2217 4782 nomen
2252 4729 2576 4782 translatum
2610 4727 2782 4783 fuisse
2811 4729 2864 4782 in
2893 4728 3186 4800 majorem,
3211 4731 3327 4786 sive
3353 4730 3412 4786 in

1814 4834 2021 4894 partem
2046 4823 2371 4878 Britannicae
2391 4822 2580 4876 insula:
2603 4824 3077 4891 septentrionibus
3099 4825 3408 4880 obversam:

1813 4933 1879 4970 ex
1907 4932 2018 4987 quo
2045 4917 2243 4985 arguit,
2270 4913 2556 4971 Sedulium
2592 4915 2760 4970 luisse
2793 4915 3229 4973 lliberniensem.
3261 4919 3410 4974 llanc

1818 5011 1989 5080 ipsam
2041 5011 2353 5080 opinionem
2411 5018 2663 5064 tenuerat
2730 5006 2984 5062 Ussuius
3041 5011 3109 5064 de
3159 5011 3407 5065 Britann.

1816 5103 2016 5158 eccles.
2069 5103 2330 5170 primord.
2376 5117 2494 5170 cap.
2534 5102 2599 5155 16
2646 5117 2656 5153 :
2693 5099 2769 5151 De
2816 5100 2988 5169 patria
3031 5118 3128 5155 sua
3159 5101 3406 5158 Sedulius

1815 5212 1989 5255 noster
2015 5197 2253 5250 dubitare
2286 5211 2379 5248 nos
2404 5211 2504 5246 non
2530 5194 2675 5257 sinit,
2704 5208 2816 5243 cum
2845 5193 2897 5242 in
2929 5191 3262 5258 epistolarum
3283 5210 3404 5246 sua-

1815 5312 1931 5349 rum
1972 5290 2186 5346 exordio
2233 5299 2284 5342 ut
2326 5304 2388 5342 ea:
2418 5285 2703 5340 Trithemio
2733 5282 3096 5348 intelleximus,
3127 5283 3406 5337 Sedulium

1816 5387 2150 5455 ScOtigenam
2173 5401 2224 5436 se
2251 5388 2525 5449 nuncupet,
2559 5375 2889 5448 ejusdemque
2909 5375 2963 5427 in
2991 5374 3232 5445 epistolas
3260 5374 3404 5430 Pan-

1811 5480 1945 5532 linas
1983 5476 2340 5531 annotationes
2369 5516 2380 5536 ,
2409 5487 2473 5525 ex
2507 5469 2760 5523 Fuldensi
2810 5468 3070 5521 vetustatis
3119 5469 3403 5522 adorandm

1811 5571 2094 5641 exemplari
2128 5568 2276 5621 edita:
2297 5564 2428 5616 hanc
2454 5563 2841 5631 inscriptionem
2863 5561 3167 5627 pra’ferant:
3196 5562 3405 5619 Sedulii

1811 5666 1956 5719 Scoti
1983 5659 2337 5714 Hibernicnsis
2368 5658 2420 5708 in
2462 5672 2636 5708 omnes
2665 5655 2910 5722 epistolas
2943 5653 3104 5707 Pauli
3147 5654 3402 5711 Collecta-

1810 5771 1982 5808 neunt.
2010 5753 2392 5817 Dempsterus,
2427 5749 2476 5800 in
2532 5747 2732 5801 llistor.
2779 5747 2977 5800 ecclcs.
3012 5747 3247 5808 Scomr..
3278 5765 3401 5806 cum

1813 5852 1877 5903 de
1908 5848 2132 5907 Sedulio
2166 5846 2294 5912 agit,
2323 5842 2577 5906 aflirmat,
2610 5841 2748 5896 hanc
2780 5856 2971 5896 vocem
3001 5842 3188 5898 Scottis
3213 5842 3404 5899 Hiber-

1814 5944 2006 5999 niensis
2034 5947 2345 6009 usurpatam
2374 5951 2480 5993 non
2510 5933 2676 5992 fuisse
2705 5935 2913 5992 Sedulii
2941 5952 3078 6006 aevo,
3099 5939 3195 5997 sed
3219 5955 3404 6012 postea
