3904 6338
459 366 569 425 639

1780 358 2066 418 C(ELIUS
2103 358 2464 418 SEDULIUS.

3682 365 3786 423 “0

459 486 530 543 ad
552 482 968 558 distinguendos
999 483 1194 539 Scotos
1236 479 1518 534 silvestres
1541 523 1554 546 ,
1588 492 1682 532 seu
1715 488 2006 534 montanos
2034 493 2065 534 a
2095 484 2142 542 Α
2173 478 2285 534 fere
2315 476 2722 534 commentitius
2752 479 2919 535 etiam
2949 480 3259 537 Haubertns
3291 483 3346 538 in
3377 481 3681 553 Chronico,
3713 487 3781 543 ad

461 579 907 636 mediterraneis.
941 571 1009 630 At
1043 569 1301 630 Usseritis
1331 571 1648 636 contendit,
1681 570 2074 627 llibernienses

462 677 615 744 ipsos
663 674 835 730 dictos
878 671 1047 727 fuisse
1090 669 1276 725 Scotos
1327 667 1694 724 Hibernienses
1723 667 1911 740 ,‘quod
1959 668 2072 738 jam

459 768 634 825 Orosii
669 777 912 837 tempore
954 764 1169 820 videtur
1192 763 1244 817 in
1272 777 1372 818 usu
1399 761 1584 816 fuisse.
1608 759 1896 816 Distiuctio
1915 761 2075 816 Dem-

460 862 628 934 psteri
656 861 798 916 inter
828 858 1060 928 populos
1083 857 1231 926 ipsos
1247 856 1446 911 Scotiae
1475 853 1837 925 posteriorum
1859 863 2070 924 tempo-

457 971 576 1020 rum
598 963 705 1021 est,
740 961 797 1008 ut
818 968 885 1006 ex
914 952 1146 1006 Diction.
1176 949 1480 1021 geograplt.
1505 947 1740 1003 Ferrarii
1770 947 2065 1019 colligitur.

533 1049 623 1106 12.
650 1047 1004 1111 Arntzenins,
1034 1061 1158 1100 cum
1189 1044 1436 1113 Bartbio,
1467 1044 1815 1114 Dempstero,
1840 1055 2071 1100 auctore

460 1145 724 1200 Natarum
758 1143 824 1197 ad
858 1140 1163 1213 Gyraldum
1196 1181 1211 1206 ,
1241 1138 1552 1204 Borriebio,
1589 1137 1783 1193 Vossio
1810 1180 1824 1204 ,
1855 1151 1909 1193 et
1949 1137 2070 1193 aliis

458 1252 666 1307 censet,
692 1240 905 1297 Sedulii
933 1237 1163 1310 patriam
1188 1235 1358 1292 luiSSe
1379 1246 1592 1306 partem
1621 1237 1815 1290 insulae
1843 1235 2068 1304 majoris

457 1337 810 1400 Britannicae,
841 1351 963 1405 qua:
991 1348 1135 1388 nunc
1158 1333 1345 1389 Scotia
1377 1332 1597 1386 dicitur.
1627 1331 1787 1384 Certe
1817 1329 2067 1398 plerique

456 1430 683 1487 Scotum
713 1444 836 1484 cum
870 1427 1202 1498 simpliciter
1230 1435 1428 1480 vocant
1473 1422 1755 1479 Sedulium
1781 1463 1793 1482 .
1821 1421 1870 1476 id
1906 1421 2071 1476 intelé

456 1525 630 1596 ligere
657 1523 945 1588 videntur,
977 1521 1228 1590 quamvis
1261 1515 1490 1575 alteram
1528 1517 1596 1572 ab
1626 1517 1795 1572 altera
1822 1515 2063 1570 Sc0tiam

455 1617 717 1672 distincte
751 1629 859 1669 non
895 1623 1192 1683 separent.
1229 1613 1368 1667 Huic
1409 1626 1543 1665 sane
1581 1610 1868 1665 sententia:
1899 1606 2063 1662 veluti

459 1726 525 1768 ex
558 1710 608 1780 7
638 1709 914 1763 communi
967 1706 1266 1761 traditione
1311 1704 1514 1776 \igenti
1549 1703 1724 1758 libens
1769 1701 2063 1770 accedam:

462 1804 557 1858 sed
593 1802 811 1866 vellem,
841 1817 959 1856 eam
993 1799 1350 1855 validioribus
1381 1801 1717 1870 argumentis
1750 1813 1909 1867 posse
1936 1812 2066 1853 cou-

2179 587 2378 628 annum
2393 570 2521 628 628.
2537 570 2802 627 Cellarius
2818 573 2886 630 de
2910 574 3016 631 lide
3037 575 3346 631 istiusmodi
3369 575 3779 636 Cltronicorum

2178 665 2396 730 videtur
2422 664 2698 721 dubitare.
2725 664 2840 721 Nic.
2873 666 3177 736 Antonius,
3207 668 3428 724 Bibtiot.
3463 669 3584 726 Vet.
3621 671 3776 744 llisp.

2179 761 2272 816 lib.
2306 776 2394 827 ιιι,
2425 774 2553 832 cap.
2590 760 2644 829 5,
2680 776 2829 816 num.
2867 763 3008 828 115,
3044 764 3203 832 plane
3233 779 3352 819 eam
3387 763 3570 834 rejicit
3601 781 3613 817 :
3646 763 3780 818 Pro-

2177 852 2320 908 clivis
2348 870 2484 917 sum,
2514 863 2570 907 ut
2598 854 2827 921 credam,
2861 856 2934 910 ait
2955 897 2969 923 ,
3001 857 3284 929 episcopali
3312 874 3522 912 munere
3548 859 3602 912 in
3651 858 3781 914 His-

2174 949 2331 1020 pania
2363 947 2576 1016 tributo,
2604 947 2868 1022 Hispanos
2889 967 3089 1022 quoque
3111 953 3311 1008 natales
3339 955 3667 1009 subindicare
3692 972 3780 1010 to-

2174 1043 2329 1098 luisse
2355 1053 2636 1099 auctorem.
2672 1044 2781 1101 Sed
2809 1055 2912 1099 tant
2949 1045 3140 1115 [alsum
3177 1057 3253 1101 est
3295 1056 3464 1102 ortum
3513 1052 3652 1120 apud
3683 1067 3777 1104 nos

2173 1136 2471 1206 Seduliunt,
2497 1154 2655 1211 quant
2682 1140 2979 1212 episcopum
3009 1139 3200 1194 alicubi
3230 1141 3411 1211 fuisse.
3444 1141 3564 1197 Nic.
3594 1143 3773 1198 Anto-

2173 1232 2297 1288 nins
2330 1232 2382 1286 iit
2413 1232 2733 1288 relellendis
2766 1233 2913 1289 falsis
2936 1234 3242 1300 Cbronicis,
3270 1252 3391 1308 qua:
3417 1238 3620 1293 sarculo
3649 1254 3778 1309 pro-

2172 1326 2316 1381 xime
2363 1325 2551 1396 elapso
2598 1317 2956 1383 disseminata
3015 1345 3111 1399 per
3168 1330 3483 1397 llisiianiam
3537 1333 3775 1389 maxime

2171 1430 2317 1486 sunt,
2350 1435 2496 1490 saepe
2530 1421 2690 1487 ultra,
2715 1431 2874 1493 quam
2910 1439 3005 1492 par
3033 1437 3136 1489 est,
3163 1439 3481 1495 progressus
3507 1425 3623 1482 fuit.
3652 1425 3774 1482 Non

2173 1512 2341 1567 fuerit
2375 1513 2644 1584 Hispanus
2693 1515 2945 1571 Sedulius
2989 1535 3002 1569 :
3037 1534 3214 1586 neque
3258 1519 3402 1573 enim
3439 1519 3490 1574 id
3533 1519 3775 1575 auditum

2167 1617 2386 1662 Censuit
2411 1617 2540 1662 ante
2566 1608 2864 1664 conﬁctum
2919 1611 3445 1679 pseudo-Dextrum.
3489 1614 3595 1668 Sed
3630 1613 3775 1684 quod

2167 1701 2370 1758 alicubi
2398 1705 2691 1774 episcopus
2737 1703 2906 1760 fuerit
2933 1747 2947 1770 ,
2974 1708 3211 1776 graviori
3243 1709 3573 1762 auctoritate
3619 1725 3773 1764 eom-

2169 1798 2452 1867 probatur,
2485 1806 2544 1851 ut
2595 1808 2780 1867 postea
2812 1814 3107 1868 exponam.
3141 1799 3416 1869 Hispanos
3443 1811 3628 1856 autem
3681 1817 3774 1855 ns-

452 1897 683 1953 ﬁrtnari.
720 1895 928 1951 Poterit
977 1894 1081 1950 ltuc
1115 1893 1261 1950 trabi
1305 1894 1688 1964 interpretatio
1743 1892 1944 1947 Bartltii
1998 1892 2063 1948 ad
2097 1881 2145 1943 Β
2175 1894 2310 1948 tales
2341 1893 2552 1950 Sedulii
2586 1908 2652 1956 ex
2696 1894 3061 1965 supposititiis
3099 1893 3385 1950 Cltronicis
3439 1895 3777 1966 collegerunt

461 2008 610 2050 vers.
643 1991 715 2048 20
743 1991 869 2046 libr.
898 2007 938 2056 t,
970 1991 1058 2045 ubi
1092 1993 1258 2046 verba
1290 1989 1601 2044 Ridiculove
1651 1989 1793 2044 Getis
1842 1989 2067 2059 exponit

451 2087 521 2142 de
551 2086 789 2156 quodam
822 2086 1063 2142 ridiculo
1103 2086 1206 2142 deo
1253 2095 1500 2143 veterum
1545 2085 1874 2149 Scotorum,
1909 2087 2066 2151 cujus

452 2179 834 2251 genealogiam
862 2178 1100 2234 Asserus
1133 2177 1423 2234 describit.
1453 2177 1533 2232 Ex
1556 2193 1664 2249 quo
1694 2177 2064 2246 conjecturam

452 2273 618 2328 ducet
647 2270 848 2341 aliquis
873 2265 1209 2338 ,'Sedulium
1241 2271 1696 2341 superstitionem
1744 2285 1856 2325 sua:
1886 2269 2065 2340 gentis

456 2380 654 2426 notare
694 2369 965 2424 voluisse.
1000 2367 1109 2424 Sed
1144 2367 1233 2423 illa
1265 2367 1475 2422 Bartbii
1507 2408 1522 2432 ,
1554 2367 1738 2423 Asseri
1781 2366 1945 2420 etiam
1976 2407 1988 2430 ,
2012 2376 2068 2421 et

456 2462 695 2518 aliorum
729 2462 1027 2533 explicatio
1061 2476 1163 2518 suo
1207 2462 1327 2517 loco
1354 2477 1388 2516 a
1419 2461 1577 2516 nobis
1618 2460 1918 2532 rejieietur.
1951 2460 2066 2516 Non

451 2558 671 2616 invenio
709 2559 1084 2628 antiquiorem
1116 2557 1426 2613 Tritltemio
1457 2556 1796 2629 probabilem
1830 2556 2064 2626 scripto-

453 2669 573 2709 rem
604 2697 619 2722 ,
651 2653 745 2724 qui
794 2651 1027 2708 Sedulio
1079 2653 1322 2713 Scotiam
1375 2653 1604 2723 patriam
1648 2650 2066 2721 adjudicaveril.

455 2745 800 2801 Tritbemius
832 2757 1014 2801 autem
1042 2745 1210 2816 plura
1241 2744 1404 2800 liabet
1425 2745 1548 2799 aliis
1572 2745 1757 2814 ignota
1782 2761 1795 2797 τ
1821 2743 2070 2800 Sedulius

451 2839 716 2911 presbyter
748 2840 958 2893 natione
989 2839 1201 2904 Scelus,
1234 2838 1533 2892 Hildeberti
1564 2838 1841 2894 Scotorum
1873 2829 2097 2892 archie?

449 2933 645 3004 piscopi
667 2930 731 2985 ab
754 2932 963 2987 ineunte
989 2941 1143 2986 wtate
1164 2931 1482 3002 discipulus,
1505 2934 1585 2986 vir
1609 2933 1660 2984 in
1677 2932 1864 2985 divin-is
1890 2932 2073 3003 Scrip-

448 3026 578 3081 turis
600 3025 931 3092 exercitatus,
951 3035 998 3079 ct
1021 3025 1074 3080 in
1095 3025 1432 3080 saecularibus
1455 3023 1642 3079 litteris
1662 3025 2064 3091 eruditissimus,

453 3119 686 3174 carmine
716 3119 975 3174 excellens
999 3161 1013 3184 ,
1037 3131 1084 3173 et
1115 3135 1273 3189 prosa
1298 3159 1314 3185 ,
1347 3134 1526 3173 amore
1555 3119 1789 3173 discendi
1836 3118 2068 3174 Scotiant

451 3215 772 3283 relinquens,
808 3216 942 3268 venit
966 3213 1020 3268 in
1052 3212 1361 3278 Franciam,
1391 3213 1580 3267 deinde
1610 3211 1825 3268 Italiam
1856 3215 2063 3284 perlus-

2175 1987 2467 2044 Damianus
2492 2005 2522 2043 a
2555 1988 2722 2053 Gues,
2758 2002 2812 2044 et
2839 1989 3199 2045 Sebastianus
3230 1991 3546 2046 Munstcrus
3576 1992 3629 2046 in
3684 1992 3776 2048 dc-

2171 2082 2366 2151 script.
2401 2082 2580 2152 Hisp.,
2614 2081 2707 2152 qui
2751 2083 2898 2138 nulla
2926 2083 3282 2160 distinctione
3303 2083 3570 2149 adhibita,
3601 2094 3658 2139 ut
3686 2085 3776 2140 ob-

2170 2185 2354 2229 servat
2397 2173 2688 2243 Usserius,
2719 2175 3001 2230 Sedulium
3048 2186 3265 2248 poetam
3317 2178 3372 2232 in
3411 2177 3775 2249 llispanornm

2171 2283 2401 2324 numero
2449 2268 2818 2324 collocarunt.
2867 2270 3117 2326 Bivarius
3181 2286 3314 2324 vero
3377 2276 3777 2328 commentator

2173 2366 2599 2437 pseudo-Dextri
2619 2366 2828 2422 dubitat
2849 2408 2863 2433 ,
2897 2383 2964 2420 an
2997 2367 3104 2421 duo
3121 2365 3323 2422 fuerint
3344 2365 3556 2422 Sedulii
3579 2379 3774 2436 poene.

2246 2459 2333 2514 13.
2368 2458 2593 2515 Sedulio
2646 2459 2772 2514 addi
2824 2459 2963 2514 solet
3014 2473 3332 2530 praenomen
3384 2457 3615 2524 Cwlins,
3662 2460 3777 2515 sive

2173 2552 2384 2629 Caelius,
2413 2552 2580 2622 quod,
2614 2553 2689 2607 ait
2722 2554 3076 2619 Arntzenius,
3109 2552 3357 2608 tnelioris
3389 2563 3530 2608 notre
3561 2552 3776 2609 codices

2173 2658 2496 2718 agnoscunt.
2524 2646 2703 2703 Facile
2727 2647 2972 2714 credant,
3002 2663 3314 2719 praenomen
3341 2647 3491 2703 Czelii
3515 2648 3569 2702 in
3592 2649 3776 2704 multis

2173 2758 2307 2798 mss.
2342 2745 2573 2814 reperiri
2607 2762 2621 2799 :
2651 2761 2776 2800 nam
2805 2753 2860 2800 et
2888 2745 3200 2800 veterrimae
3221 2744 3494 2800 editiones
3524 2744 3656 2799 illud
3684 2761 3777 2798 ex-

2174 2836 2392 2895 hibent.
2419 2837 2691 2906 Labbeus,
2719 2838 2788 2894 de
2816 2838 3020 2908 Script.
3060 2839 3294 2905 eeclcs.,
3326 2841 3611 2894 contirmat
3638 2881 3654 2906 ,
3681 2839 3775 2895 Se-

2173 2931 2313 2987 dulii
2343 2947 2654 3002 pNBIIOIIICll
2689 2932 2900 3000 C.,_aut
2944 2931 3114 2998 Cwlii,
3147 2946 3236 2988 aut
3281 2933 3646 3004 chiliiapud
3692 2950 3774 2989 re-

2172 3026 2448 3084 centiores
2465 3027 2755 3083 csse.Hinc
2773 3029 3006 3083 fortasse
3028 3032 3078 3082 in
3101 3029 3333 3084 Diction.
3349 3029 3549 3100 SciipI.
3573 3030 3772 3085 eccles.

2172 3121 2467 3177 conlictutn
2496 3120 2596 3177 fuit
2624 3119 2789 3200 Gaius
2818 3121 3058 3177 thcilius
3089 3122 3356 3178 Sedulius.
3395 3124 3772 3193 Dempsterus,

2173 3216 2227 3271 in
2261 3217 2469 3273 llistor.
2503 3219 2701 3274 eccles.
2734 3218 2881 3275 Scot.
2902 3261 2916 3286 ,
2948 3218 3164 3287 Caium,
3195 3229 3285 3272 aut
3319 3217 3585 3273 Cweilium
3619 3219 3767 3274 dicit.

454 3309 607 3362 travit
627 3347 642 3374 ,
674 3316 721 3361 et
748 3308 950 3374 Asiam,
982 3315 1244 3378 postremo
1277 3306 1490 3359 Achaia:
1517 3306 1708 3376 ﬁnibus
1739 3306 1987 3360 excedens
2011 3305 2066 3360 in
2094 3279 2138 3340 C
2173 3309 2349 3365 Meum
2394 3322 2576 3366 tamen
2609 3321 2693 3366 est
2728 3313 2967 3382 prollteti
2998 3353 3014 3380 ,
3043 3313 3096 3367 in
3122 3312 3408 3368 codicibus
3453 3329 3482 3365 a
3515 3329 3602 3368 me
3643 3313 3772 3366 visis

451 3403 576 3457 urbe
602 3400 768 3456 Roma
799 3402 1026 3456 mirabili
1049 3401 1288 3455 doctrina
1315 3402 1491 3456 clarus
1521 3399 1735 3468 eﬁulsit.

530 3498 616 3552 15.
645 3496 761 3551 Non
790 3507 873 3550 est
898 3505 1064 3552 tantae
1093 3496 1437 3550 auctoritatis
1460 3495 1822 3559 Tritltemins,
1842 3494 1928 3549 cui
1950 3493 2070 3549 sine

408 3605 412 3609 ‘
450 3589 564 3644 alio
591 3589 730 3644 duce
783 3588 946 3643 ﬁdem
1000 3599 1264 3659 praestare
1322 3587 1639 3643 debeamus.
1684 3585 1840 3655 Quod
1888 3597 2068 3641 autem

456 3683 602 3739 idem
637 3682 972 3738 Tritliemius
1006 3683 1218 3737 initium
1251 3683 1608 3752 epistolarnm
1651 3680 1862 3736 Sedulii
1888 3681 1954 3734 ad
1985 3680 2070 3735 di-

457 3779 758 3852 versosait
784 3791 929 3844 esse,
964 3775 1219 3831 Sedulius
1247 3775 1550 3849 Scotigena,
1578 3775 1915 3845 Sedulioque
1942 3790 2065 3830 nos-

462 3882 548 3925 tro
577 3869 832 3924 attribuit
861 3870 1275 3926 Collectaneum
1310 3870 1363 3924 in
1411 3869 1672 3939 epistolas
1702 3869 1877 3935 Pauli,
1910 3872 2068 3939 cujus

453 3974 650 4021 auctor
677 3965 999 4020 inscribitur
1041 3963 1289 4020 Sedulius
1319 3964 1510 4021 Scottis
1539 3964 1926 4032 Hiberniensis,
1951 3968 2068 4021 haec

453 4076 570 4116 rem
625 4059 796 4115 multo
850 4058 1024 4130 magis
1077 4059 1343 4115 incertam
1405 4058 1661 4114 reddunt.
1704 4058 2070 4115 Consentiunt

458 4155 603 4210 enim
638 4154 738 4208 viri
769 4154 968 4220 critici,
1006 4156 1123 4208 lnec
1154 4169 1320 4224 opera
1356 4170 1464 4207 non
1497 4169 1618 4208 esse
1651 4153 1860 4210 Sedulii
1894 4154 2068 4209 nostri

456 4257 631 4321 p0et:e
651 4292 666 4318 ,
701 4250 797 4304 sed
826 4250 1053 4305 alterius
1099 4249 1305 4306 Sedulii
1332 4249 1569 4320 junioris
1595 4293 1610 4318 ,
1641 4249 1709 4304 de
1738 4264 1848 4320 quo
1880 4257 2066 4318 postea

458 4342 661 4398 dicant.
695 4343 975 4410 Suspicari
1005 4358 1138 4414 ergo
1178 4343 1465 4412 quisquam
1513 4341 1712 4410 poterit
1739 4386 1752 4409 ,
1785 4340 2066 4396 Seduliuut

455 4450 677 4508 poetam
712 4453 739 4490 a
774 4437 1084 4492 'l‘ritliemio
1117 4450 1172 4493 et
1205 4439 1328 4493 aliis
1356 4438 1581 4493 Scotum
1611 4437 1834 4491 natione
1862 4451 2070 4491 nuncu-

458 4533 598 4601 pari,
629 4531 752 4600 quia
788 4531 908 4600 ejus
937 4531 1202 4601 putabant
1230 4547 1353 4586 esse
1377 4548 1570 4600 Opera,
1599 4548 1722 4602 qua:
1749 4530 1954 4586 Sedulii
1981 4530 2069 4600 ju-

455 4627 630 4682 nioris
657 4634 805 4690 sunt,
836 4633 892 4680 et
911 4642 1110 4680 nomen
1139 4626 1346 4680 Sedulii
1372 4629 1518 4681 Scoti
1543 4626 1863 4694 praeferunt.
1895 4625 2066 4679 lmmo

453 4718 732 4784 Labbens,
763 4717 832 4773 de
857 4718 1065 4788 Script.
1095 4721 1294 4774 eecles.
1325 4729 1456 4774 tom.
1490 4720 1553 4784 ll,
1588 4730 1777 4790 aperte
1806 4719 2063 4786 affirmat,

457 4812 824 4877 recentiores,
861 4805 1216 4883 ltomonyniia
1249 4812 1531 4875 confusos.
1560 4823 1670 4867 tres
1697 4815 1748 4866 in
1775 4813 1939 4867 unum
1970 4813 2067 4867 Se-

454 4904 638 4960 dulios
670 4904 1019 4970 coaludisse,
1054 4903 1338 4960 Seduliuut
1378 4913 1592 4973 poetam
1628 4905 1812 4958 s:eculi
1861 4921 1932 4966 tv,
1968 4905 2066 4958 Se-

453 4999 666 5055 dulium
702 5000 1024 5070 episcopum
1075 4998 1272 5054 smculi
1309 5014 1400 5052 vut
1429 5041 1444 5066 ,
1477 5007 1533 5051 et
1577 4997 1856 5052 Sedulium
1900 5000 2069 5053 inter-

453 5102 664 5164 pretent
689 5107 858 5148 sacra:
880 5093 1179 5162 Scriptura:
1197 5091 1381 5145 saeculi
1414 5105 1488 5144 lx.

529 5185 617 5241 14.
659 5185 768 5242 Sed
800 5185 1168 5241 abutemurue
1199 5200 1300 5240 nos
1334 5184 1433 5238 hac
1465 5181 1805 5253 conjectura,
1839 5191 1894 5236 ut
1929 5181 2068 5236 llis-

453 5281 608 5350 panis
637 5279 839 5335 nostris
888 5279 1172 5335 Sedulium
1207 5288 1445 5349 poetam
1503 5276 1854 5330 annumerari
1907 5289 2068 5343 posse

455 5373 919 5440 pronuntiemus?
943 5371 1188 5427 Minime.
1223 5369 1480 5426 Veritatis
1496 5369 1642 5424 enim
1669 5383 1826 5422 amor
1857 5382 1923 5422 eo
1969 5381 2068 5420 nos

452 5463 626 5532 ducit,
659 5465 1052 5536 utﬁabulosnm
1082 5480 1408 5521 censeamus
1457 5463 1833 5518 narrationem
1887 5460 2069 5515 Cltro-

451 5558 559 5615 nici
590 5557 1062 5628 pseudo—Dextri
1094 5559 1160 5614 ad
1185 5575 1388 5615 annum
1412 5557 1540 5624 428,
1567 5557 1766 5612 num.1
1798 5553 2063 5610 :Ftetadio

449 5653 593 5722 ponti
596 5653 686 5722 ﬁci
704 5649 958 5706 Toletano
976 5651 1204 5706 succedit
1220 5649 1410 5706 Isicius
1425 5649 1710 5706 monac/tus
1735 5648 1933 5704 Palesti
1939 5665 1968 5701 n
1978 5665 2060 5716 us,

443 5745 601 5817 aqui
621 5742 901 5799 Sedulium
929 5745 1351 5816 amicuntguum,
1368 5754 1415 5798 et
1431 5747 1435 5750 ’
1449 5744 1734 5800 Oretanum
1761 5745 2062 5815 episc0pum

444 5837 832 5906 prtedicatiouis
865 5837 1041 5909 gratia
1079 5835 1250 5891 Toleti
1294 5839 1484 5891 detinet
1517 5882 1529 5903 ,
1555 5838 1644 5906 qui
1682 5837 1821 5890 dono
1868 5835 1962 5888 Dei
2008 5834 2062 5887 in

443 5925 587 5990 poesi
609 5930 946 5994 oratorinque
973 5929 1258 5991 prrt'rl'n'us
1282 5929 1470 5982 multo:
1497 5932 1655 5983 libros
1679 5930 1960 5999 componit.
1988 5927 2062 5980 Ila

2175 3407 2281 3461 tale
2311 3422 2628 3478 pra-nomen
2663 3422 2769 3462 non
2801 3422 3072 3478 apparere
3096 3449 3111 3474 ,
3140 3417 3371 3478 excepto
3399 3406 3594 3462 codice
3624 3405 3770 3461 Vati-

2172 3513 2311 3554 cano
2358 3499 2561 3570 regina:
2601 3485 2904 3555 Succorum
2935 3541 2949 3564 ,
2983 3515 3131 3554 nunt.
3165 3501 3270 3554 535
3295 3541 3308 3564 ,
3342 3515 3506 3570 quem
3558 3498 3687 3570 Reg.
3725 3501 3766 3564 Ι,

2174 3607 2330 3657 voco,
2357 3591 2407 3646 in
2439 3581 2546 3662 quo
2579 3593 2796 3647 inverso
2826 3592 3020 3648 ordine
3047 3604 3131 3647 est
3162 3591 3414 3647 Sedulius
3456 3591 3643 3647 Ctelius
3671 3634 3687 3658 ,
3721 3601 3772 3646 ct

2172 3685 2361 3741 codice
2392 3688 2556 3742 etiam
2590 3688 2813 3758 regium,
2849 3703 3000 3742 num.
3028 3687 3118 3752 29,
3154 3703 3316 3759 quem
3351 3687 3481 3761 Reg.
3513 3689 3568 3750 5,
3596 3689 3772 3758 appel-

2174 3778 2319 3844 labo,
2352 3778 2443 3833 ubi
2471 3776 2662 3834 Cadius
2683 3821 2697 3845 ,
2729 3781 2846 3835 sive
2877 3778 3051 3835 Celius
3082 3771 3330 3836 Sedulius
3366 3781 3693 3836 nominatur.
3724 3783 3770 3836 Is

2171 3881 2354 3926 autem
2387 3871 2562 3928 codex
2609 3873 3024 3928 recentissimus
3053 3883 3156 3939 est,
3188 3889 3251 3928 ac
3282 3875 3370 3928 vix
3417 3890 3514 3945 pro
3545 3863 3771 3940 msql'ia-

2171 3965 2286 4018 beri
2319 3965 2522 4020 debet:
2553 3981 2758 4021 censeo
2805 3968 2952 4022 enim
2983 4009 2997 4033 ,
3026 3967 3364 4037 exscriptum
3407 3984 3530 4022 eum
3558 3982 3677 4023 esse
3703 3983 3765 4023 ex

2171 4060 2294 4116 Aldi
2323 4061 2582 4129 editione,
2610 4072 2763 4117 certe
2790 4062 3064 4133 posterior
3087 4077 3150 4116 ea
3182 4062 3403 4131 quidem
3432 4074 3532 4117 est.
3562 4061 3614 4116 ln
3634 4077 3768 4132 quo—

2171 4156 2293 4210 dam
2323 4156 2530 4210 Barthii
2550 4156 2738 4212 codice
2761 4156 3088 4212 acrosticltis
3112 4157 3316 4212 Liberii
3341 4157 3540 4212 dicitur
3563 4172 3677 4213 eSse
3705 4160 3768 4210 de

2173 4245 2334 4302 σιειὶο
2368 4247 2609 4313 Sedulio,
2641 4250 2698 4321 9
2725 4259 2784 4304 ut
2815 4250 3046 4304 referam
3089 4253 3141 4304 in
3173 4251 3426 4320 Appeud.
3457 4250 3601 4320 Apud
3625 4251 3765 4303 ami-

2173 4341 2394 4406 quiores
2426 4340 2708 4395 Romanos
2738 4339 2938 4396 Caelius
2973 4330 3171 4396 nomen
3215 4351 3378 4408 erat,
3413 4357 3516 4396 non
3563 4357 3766 4410 pra-Lo-

2175 4449 2320 4498 meu,
2353 4443 2409 4487 ut
2442 4432 2518 4486 M.
2545 4432 2735 4489 Caelius
2767 4432 2937 4506 Rufus
2966 4477 2980 4495 .
3015 4433 3077 4487 L.
3111 4433 3302 4489 Cadius
3331 4436 3594 4505 Antipa:er
3620 4451 3637 4488 :
3664 4434 3762 4488 sed

2173 4527 2275 4580 sub
2299 4527 2719 4596 imperatoribus
2743 4541 2941 4598 magna
2965 4526 3182 4583 invecta
3206 4537 3291 4583 est
3315 4527 3642 4599 perturbatio
3666 4544 3762 4582 nn-

2175 4621 2380 4674 minum
2408 4629 2464 4674 et
2495 4622 2911 4688 pra‘nominum.

2250 4714 2333 4767 1(5.
2367 4711 2577 4768 Nomen
2629 4713 2877 4770 Sedulius
2925 4717 3166 4771 occurrit
3211 4715 3355 4786 apud
3414 4714 3754 4780 Ciceronem,

2175 4809 2278 4862 Pro
2301 4808 2464 4861 domo
2495 4823 2589 4862 sua
2638 4825 2760 4878 cap.
2811 4811 2898 4875 5t);
2933 4809 2985 4865 in
3037 4807 3487 4881 inscriptionibus
3514 4809 3751 4876 Gruteri,

2176 4916 2292 4970 pag.
2328 4901 2384 4964 4,
2423 4916 2474 4953 n.
2511 4900 2564 4964 7,
2602 4899 2664 4954 P.
2700 4901 2946 4956 Sedulius
2991 4901 3271 4968 Julianus;
3303 4913 3358 4959 et
3392 4921 3439 4970 p.
3471 4904 3587 4968 181,
3611 4920 3658 4958 n.
3696 4903 3750 4968 9,

2176 4993 2238 5057 ρ.
2269 4993 2517 5047 Sedulius
2545 5010 2563 5058 ;
2609 4996 2752 5064 apud
2781 4995 3151 5064 Muratoriutu,
3185 5014 3304 5068 pag.
3349 4991 3506 5066 19.15,
3551 4997 3751 5054 Sedulio

2176 5084 2354 5151 Lana;
2379 5095 2433 5141 et
2455 5103 2572 5157 pag.
2613 5089 2748 5153 ηδ,
2782 5107 2832 5143 n.
2866 5091 2920 5155 4,
2955 5091 3069 5146 [nec
3110 5091 3309 5163 legitur
3351 5090 3619 5164 inscriptio
3655 5105 3748 5161 pa-

2173 5196 2291 5236 rum
2326 5192 2594 5251 correcta,
2627 5193 2686 5238 ut
2711 5183 2962 5239 videtur:

2743 5294 2792 5341 ρ.
2819 5292 3086 5333 ssovuvs.
3116 5295 3204 5335 rit.

2759 5365 2964 5404 SEDVLI.
2992 5366 3156 5405 κλιοκ

2745 5435 2843 5474 υιε.
2880 5438 3059 5478 IANS.
3092 5438 3159 5479 AC

2807 5509 2924 5549 Ανο.
2957 5509 3132 5549 Αιιενι

2762 5581 3018 5620 δτΑτνΑε.
3056 5582 3182 5622 ΙΒΕΙ

2857 5653 3057 5692 ι.υ.ο
3136 5645 3146 5652 “

2243 5747 2385 5804 Inter
2410 5748 2752 5807 Christianos
2791 5753 3039 5810 nonnulli
3087 5769 3352 5826 apparent
3407 5759 3510 5812 hoc
3547 5752 3742 5812 nomine

2171 5845 2483 5911 nuncupati.
2534 5843 2589 5898 la
2648 5846 2870 5900 Dissert.
2920 5847 3428 5919 lsagog.Bernardi
3479 5847 3633 5912 Perii,
3673 5843 3738 5903 ad

2174 5941 2304 5984 tom.
2341 5932 2374 5985 1.
2411 5934 2674 5989 'l‘lwsaur.
2737 5940 2940 5990 Anccd.
2989 5955 3109 6001 pag.
3145 5943 3178 5992 fi
3228 5956 3404 6002 suam.
3443 5946 3735 5992 recensent!
