3904 6402
248 366 362 428 Ml

1628 377 1996 438 PROLEGOM
2006 381 2131 438 ENA
2145 423 2158 438 .

3441 394 3547 452 “3

255 489 636 561 necrologium
687 506 785 546 ms.
819 490 1064 547 Abbatiaa
1114 492 1172 551 S.
1204 493 1348 550 Petri
1407 494 1706 563 Salisburgi
1751 494 1855 550 sub
1885 502 1934 573 Α
1960 498 2164 569 dulius,
2197 504 2287 574 qui
2329 503 2430 560 hoc
2478 504 2597 576 ipso
2647 515 2900 579 tempore
2928 508 3200 575 ﬂorebat,
3233 509 3301 565 ab
3341 510 3560 570 ineunte

255 582 485 638 Arnone
531 585 711 653 primo
763 584 1180 656 archiepiscopo
1226 586 1628 658 Salisburgensi
1690 585 1858 641 scribi

252 683 498 748 emptum
531 687 586 733 et
619 692 648 732 a
682 678 879 734 comis
910 695 1080 750 usque
1111 681 1178 735 ad
1216 682 1476 737 saeculum
1504 699 1576 736 xu
1625 681 1858 752 perduc-

257 778 398 848 tum.
449 771 503 825 In
538 773 729 829 ordine
768 777 1146 847 episcoporum
1201 787 1255 831 et
1308 776 1565 831 abbatum
1614 776 1858 831 diverso-

257 879 382 919 rum
415 866 655 922 locorum
678 869 996 940 designatur
1021 870 1260 926 Sedolius
1289 872 1590 943 episcOpus:
1615 872 1694 926 sic
1711 871 1853 925 enim

257 961 540 1016 scribitur.
573 962 846 1020 Prmterea
875 980 1019 1020 anno
1046 967 1171 1032 721,
1204 966 1255 1019 in
1291 968 1467 1034 primo
1494 966 1727 1020 concilio
1748 965 1864 1020 Ποο·

256 1067 422 1108 manu
451 1055 552 1110 sub
579 1055 844 1126 Gregorio
874 1057 938 1123 ll,
964 1058 1220 1114 Sedulius
1254 1061 1545 1126 Britannia:
1567 1059 1854 1128 cpiscopus

254 1147 622 1218 conspicitur.
654 1149 729 1206 De
754 1151 861 1206 alio
890 1150 1115 1208 Sedulio
1137 1152 1321 1206 saeculi
1352 1167 1404 1206 Ix
1433 1147 1540 1222 agit
1583 1150 1857 1220 llepidan-

253 1254 366 1296 nus
395 1241 694 1296 monachus
735 1241 795 1298 S.
819 1241 982 1308 Galli,
1019 1243 1068 1294 in
1119 1241 1424 1297 Annalibus
1463 1257 1490 1294 a
1539 1242 1855 1297 Duchesnio

253 1332 446 1395 editis,
480 1345 607 1389 tom.
641 1333 710 1389 lll
763 1335 1018 1389 llistoric.
1053 1334 1319 1398 Franciac,
1380 1349 1498 1404 pag.
1535 1335 1661 1389 475.
1694 1335 1855 1389 Anno

249 1424 383 1494 8l8,
421 1427 669 1482 Sedulius
700 1429 888 1483 Scotus
916 1429 1090 1482 clarus
1111 1427 1351 1491 habetur.
1391 1429 1485 1484 Est
1515 1429 1678 1484 etiam
1710 1428 1856 1498 ejus-

251 1519 380 1578 dem
425 1522 680 1589 nominis,
731 1523 849 1577 sive
897 1523 1236 1594 COguomiuis
1289 1523 1572 1583 Henricus
1602 1522 1853 1593 Sedulius

249 1616 466 1673 ordinis
497 1616 788 1685 Minormn,
820 1618 1053 1689 scriptor
1075 1619 1264 1674 surculi
1297 1635 1400 1673 xvn
1432 1636 1537 1674 non
1572 1619 1727 1675 valde
1759 1634 1855 1674 no-

250 1717 364 1774 tus,
397 1711 644 1781 quamvis
669 1727 805 1779 Opus
837 1727 934 1782 pro
977 1712 1179 1767 celebri
1228 1713 1365 1767 libro
1396 1711 1850 1768 Conformitatum

246 1800 312 1860 S.
343 1801 618 1858 Francisci
642 1806 942 1875 scripserit.
967 1806 1186 1861 Samuel
1212 1806 1460 1861 llundius
1488 1808 1658 1862 latere
1685 1808 1855 1861 voluit

1961 604 2125 650 aetate
2158 599 2478 668 magistrum
2535 599 2791 657 habuerit
2845 603 3228 660 llildebettum
3269 604 3558 663 Scotorum

1959 692 2428 763 archiepiscopum
2451 695 2474 748 ?

2033 785 2123 839 18.
2160 786 2275 840 Etsi
2305 797 2488 842 autem
2522 803 2628 842 non
2662 799 2902 857 constat,
2936 795 3037 848 sub
3078 793 3239 863 cujus
3266 792 3555 865 disciplina

1970 875 2226 933 Sedulius
2259 878 2330 934 ab
2368 879 2588 935 ineunte
2619 893 2776 938 astate
2815 883 3147 954 profecerit,
3184 897 3362 942 tamen
3407 886 3556 942 nulla

1958 985 2119 1025 causa
2149 981 2234 1027 est
2261 987 2358 1026 cur
2379 972 2670 1028 credamus
2693 991 2812 1030 eum
2847 978 3043 1039 laicnm
3067 981 3327 1050 gentilem
3356 980 3546 1051 fuisse,

1959 1071 2033 1128 et,
2061 1053 2348 1133 postquam
2378 1063 2776 1136 pbilosolibiam
2827 1058 2926 1142 ιι
2949 1069 3237 1140 didicerat,
3271 1073 3335 1127 ad
3381 1075 3552 1129 Deum

1958 1171 2306 1223 conversum,
2359 1157 2774 1214 Sacranientum
2835 1161 3095 1232 Baptismi
3155 1181 3183 1218 a
3229 1165 3550 1224 Macedonio

1958 1248 2288 1328 suscepisse,
2321 1259 2378 1304 ut
2405 1261 2657 1306 narratur
2689 1254 2741 1307 in
2768 1254 2956 1310 codice
2988 1254 3280 1323 Vaticano;
3311 1274 3463 1312 num.
3496 1258 3551 1324 5,

1958 1343 2152 1406 relato,
2187 1353 2243 1398 et
2275 1344 2326 1398 in
2350 1345 2542 1400 codice
2566 1361 2690 1400 meo
2721 1347 3036 1415 chartacco,
3068 1364 3219 1404 num.
3247 1351 3333 1405 10.
3369 1350 3424 1406 ld
3450 1366 3548 1405 au-

1956 1446 2064 1492 tem
2091 1453 2158 1492 eo
2183 1439 2364 1492 minus
2396 1439 2588 1501 credo,
2623 1455 2729 1508 quo
2762 1441 3006 1506 apertius
3027 1441 3188 1494 video
3224 1442 3366 1496 unde
3395 1457 3549 1499 error

1957 1541 2121 1584 natus
2147 1530 2334 1586 fuerit.
2363 1531 2454 1586 Ait
2487 1531 2745 1587 Sedulius
2779 1532 2831 1585 in
2861 1533 3091 1602 epistola
3128 1533 3467 1589 dcdicatoria
3486 1535 3555 1590 ad

1957 1622 2368 1678 Macedouiunt:
2401 1621 2528 1677 Cum
2554 1624 2896 1679 stecularibus
2919 1625 3079 1698 igitur
3107 1625 3291 1680 studiis
3335 1643 3558 1695 occupa-

1956 1725 2037 1769 tus
2068 1715 2167 1768 vim
2215 1715 2532 1784 impatientis
2574 1715 2789 1786 ingenii,
2839 1716 2980 1786 quod
3020 1715 3326 1772 Divinitatis
3376 1720 3429 1771 in
3480 1735 3563 1774 me

1957 1809 2281 1878 proridentia
2303 1809 2583 1878 generavit,
2635 1825 2739 1862 non
2772 1808 2992 1863 utilitati
3023 1811 3238 1875 animae,
3290 1810 3378 1863 sed
3421 1810 3564 1866 inani

242 1893 353 1949 sub
378 1897 597 1950 nomine
630 1896 836 1951 Sedulii
864 1897 1068 1964 iV'mnte,
1105 1900 1156 1953 iu
1191 1915 1381 1968 opere,
1413 1900 1570 1954 Bulla
1592 1899 1852 1956 Innocen-
1885 1881 1926 1943 Β
1955 1903 2072 1957 vim?
2099 1903 2460 1972 dependerem,
2507 1913 2552 1956 et
2583 1902 2855 1957 litteraria:
2897 1903 3108 1964 solertia
3139 1905 3436 1974 disciplina:
3475 1905 3558 1959 lu—

243 1989 310 2042 tii
332 1987 383 2043 X
409 1990 648 2044 adversus
672 1993 897 2062 quinque
929 1994 1328 2064 prapositiones,
1358 2001 1463 2049 etc.
1512 1994 1588 2048 De
1627 1994 1846 2051 Sedulio

247 2098 404 2151 vero,
438 2085 527 2155 qui
561 2086 792 2140 concilio
817 2087 1065 2142 Romano
1095 2088 1196 2143 sub
1219 2089 1483 2160 Gregorio
1514 2091 1553 2145 ll
1580 2092 1838 2158 interfuit,

242 2174 501 2233 Labbeus
533 2179 671 2233 hanc
713 2178 884 2235 refert
915 2180 1405 2250 subseriptioni-m:
1449 2182 1697 2238 Sedulius
1737 2186 1845 2256 epi-

241 2285 434 2342 scopus
477 2268 765 2326 Britannia:
798 2270 862 2326 de
890 2289 1072 2343 genere
1110 2273 1386 2350 Scotorum
1418 2274 1538 2327 huic
1566 2276 1843 2330 constituto

243 2377 278 2415 a
310 2362 460 2417 nobis
500 2365 825 2437 promulgata
853 2366 1165 2437 subscripsi.
1207 2367 1262 2422 in
1283 2368 1483 2424 codice
1516 2370 1636 2424 Vat.
1672 2371 1842 2436 1542,

246 2464 336 2509 est
363 2455 614 2512 collectio
641 2472 934 2521 canonum,
959 2476 1118 2528 quam
1145 2461 1248 2533 ιο
1261 2461 1511 2515 eamdem
1538 2476 1688 2524 esse,
1726 2476 1844 2530 qua:

240 2544 612 2604 Cresconiana
639 2553 842 2620 passim
865 2568 892 2605 a
920 2551 1158 2607 Baronio
1182 2555 1234 2607 in
1265 2555 1569 2608 Annalibus
1590 2563 1842 2616 vocatur,

238 2643 444 2711 aliquis
475 2645 629 2699 initio
660 2646 864 2700 codicis
895 2649 1196 2702 annmavit.
1245 2647 1349 2702 Sed
1396 2649 1695 2713 Ballerinii,
1753 2649 1842 2719 qui

240 2734 301 2791 in
334 2736 574 2793 editione
621 2753 846 2808 Operum
898 2740 957 2795 S.
987 2740 1186 2796 Leonis
1216 2741 1284 2796 de
1313 2742 1730 2796 collectionibus
1759 2757 1846 2796 ca-

241 2845 451 2885 nonum
479 2832 852 2887 eruditissime
881 2843 1069 2905 agunt,
1104 2845 1254 2889 reete
1282 2834 1610 2898 observant,
1662 2833 1845 2889 diver-

238 2937 360 2979 sam
401 2924 540 2982 hanc
569 2942 689 2982 esse
739 2928 806 2982 ab
836 2943 922 2995 ea,
967 2944 1085 2995 quae
1134 2923 1500 2984 Crescimiana
1554 2945 1582 2981 a
1612 2928 1845 2983 Baronio

241 3033 611 3088 nuncupatur.
668 3019 798 3090 Pag.
834 3022 930 3074 liii
967 3021 1128 3090 hujus
1158 3019 1361 3076 codicis
1393 3032 1518 3074 sunt
1557 3020 1715 3074 Tituli
1757 3022 1846 3074 dc-

241 3124 498 3166 cretorum
533 3113 769 3186 Gregorii
802 3130 953 3183 papa:
972 3115 1228 3187 junion‘s,
1264 3115 1312 3167 Ιι.
1362 3130 1436 3179 e.,
1468 3114 1720 3185 Gregorii
1774 3114 1835 3169 ll.

245 3207 445 3273 Initio,
493 3208 632 3264 inter
678 3209 966 3279 episcopos
998 3222 1356 3265 recensentur
1400 3209 1696 3264 Sinderado
1745 3190 1869 3263 At“.

1952 1996 2089 2050 sibus
2110 1995 2418 2064 infructuosi
2441 1996 2635 2064 aperis,
2662 2011 2765 2048 non
2789 1997 2992 2049 auctori
3012 1996 3317 2064 deserviret,
3346 1996 3557 2052 tandem

1950 2090 2237 2144 misericors
2263 2105 2435 2143 rerum
2462 2087 2714 2145 Conditor
2735 2088 3042 2143 clementius
3076 2088 3329 2160 fabricam
3361 2091 3442 2144 sui
3462 2091 3554 2160 ju-

1945 2183 2020 2236 ris
2049 2183 2270 2252 aspexit,
2296 2194 2342 2235 et
2365 2182 2550 2235 stultos
2584 2183 2636 2235 in
2662 2198 2741 2234 me.
2759 2181 3041 2235 mandante.
3061 2181 3332 2252 sapientite
3360 2181 3556 2236 diutius

1946 2274 2123 2329 haberi
2146 2291 2325 2328 sensus
2349 2273 2595 2342 indoluit,
2639 2284 2753 2329 etc.
2789 2274 2913 2328 llaec
2936 2284 3142 2340 autem,
3177 2282 3230 2328 et
3257 2273 3358 2327 alia
3384 2275 3541 2328 simi-

1950 2369 2041 2435 ha,
2075 2383 2196 2438 qu:e
2228 2376 2555 2435 sequuntur,
2593 2382 2700 2420 non
2734 2376 2967 2437 arguunt
2998 2365 3274 2422 Sedulium
3299 2365 3405 2420 hoc
3428 2367 3546 2436 ipso

1913 2522 1916 2524 η
1951 2469 2197 2529 tempore
2226 2458 2459 2514 ethnica:
2489 2457 2867 2529 superstitioni
2898 2458 3176 2514 addictum
3193 2459 3380 2526 fuisse,
3404 2459 3551 2530 quod

1947 2551 2290 2620 gravioribus
2318 2552 2502 2606 verbis
2519 2550 2708 2608 debuit
2732 2551 3036 2616 declarari;
3064 2551 3158 2606 sed
3183 2551 3362 2606 solum
3386 2550 3557 2608 deno-

1951 2642 2320 2696 tautanimum
2345 2641 2464 2711 ejus
2487 2641 2730 2712 profanis
2752 2641 2992 2698 deditum
3018 2642 3343 2714 disciplinis,
3371 2657 3433 2697 ac
3457 2657 3551 2712 pa-

1947 2753 2068 2792 rum
2099 2737 2306 2791 divinas
2337 2715 2644 2793 curantem.

2021 2835 2110 2892 19.
2144 2834 2332 2904 itaque
2358 2836 2499 2907 quod
2534 2847 2723 2906 postea
2756 2838 2928 2907 addit,
2974 2839 3360 2894 Macedonium
3403 2840 3548 2897 allo-

1946 2945 2151 3000 quens,
2205 2928 2294 2982 Me
2341 2946 2604 2995 noveram,
2643 2932 2721 2984 uel
2772 2943 2882 2994 tua.
2918 2940 3063 3002 pater
3112 2931 3422 2996 beatissime,
3465 2933 3546 2988 vel

1945 3023 2192 3090 aliorum,
2225 3040 2352 3091 quos
2382 3025 2552 3097 gratia
2590 3025 2831 3079 similiter
2860 3026 3077 3085 cwlestis
3109 3024 3372 3101 illustrat,
3392 3027 3546 3096 quid-

1944 3102 2067 3170 dam
2119 3117 2396 3189 profecisse
2444 3119 2706 3184 doctrina,
2764 3118 2815 3171 id
2862 3133 2969 3172 non
3002 3117 3229 3185 indicat,
3263 3117 3548 3174 Sedulium

1945 3226 2104 3266 sacro
2147 3211 2484 3281 Baptismate
2515 3225 2545 3263 a
2577 3209 2896 3266 Macedonio
2931 3210 3174 3264 ablutum
3223 3210 3414 3276 fuisse,
3448 3210 3548 3266 sed

238 3302 571 3372 chiepiscopo
621 3302 946 3372 Hispaniae;
984 3304 1199 3360 Sedulio
1246 3306 1486 3376 episcOpo
1518 3305 1802 3360 Britannice
1824 3349 1837 3370 ,
1870 3274 1916 3337 C
1951 3306 2129 3375 potius
2169 3319 2452 3358 sacrarum
2494 3291 2802 3357 litterarum
2834 3303 3117 3356 scientiam
3164 3301 3235 3356 ab
3268 3317 3335 3357 eo
3362 3317 3552 3373 perce-

241 3394 504 3470 Fergusto
573 3399 812 3470 episcopo
882 3397 1130 3454 Scothite.
1215 3399 1273 3454 In
1350 3399 1841 3470 subscriptionibus

239 3504 430 3545 vero:
491 3489 818 3546 Sinderadus
875 3490 1298 3561 archiepiscopus
1369 3492 1592 3564 regionis
1650 3491 1844 3561 Hispa—

237 3583 344 3636 nia:
380 3585 501 3636 huic
532 3585 829 3651 constituto,
865 3593 1005 3649 etc.;
1056 3585 1307 3639 Sedulius
1350 3586 1616 3655 episcopus
1645 3583 1708 3636 de
1757 3599 1844 3653 ge-

239 3692 365 3730 nere
387 3675 677 3731 Britannia:
705 3676 826 3731 huic
875 3679 1177 3744 constituto,
1203 3689 1309 3732 etc.
1347 3694 1360 3742 ;
1419 3675 1706 3748 Fergustus
1737 3678 1841 3747 epi«

236 3786 428 3834 scapus
483 3787 548 3825 ex
580 3788 767 3845 genere
824 3770 1119 3826 Gothorum
1166 3773 1286 3826 huic
1356 3772 1658 3836 constituto,
1732 3782 1836 3826 etc.

237 3865 350 3921 Pro
425 3851 712 3920 Gothorum
781 3867 1068 3938 legendum
1135 3867 1348 3922 videtur
1423 3866 1716 3921 Scotorum.
1783 3866 1838 3918 ln

238 3957 350 4013 alio
377 3959 566 4014 codice
592 3959 712 4014 Vat.
736 3959 895 4026 15H,
930 3961 1279 4014 nominantur
1306 3962 1469 4014 etiam
1501 3960 1553 4013 in
1584 3959 1684 4013 hoc
1710 3959 1844 4013 cen-

239 4051 371 4107 ciliu
400 4052 721 4107 Sinderedus
749 4051 1166 4126 archiepiswpus
1198 4054 1430 4126 Spanitc.
1464 4052 1712 4107 Sedulius
1735 4052 1842 4120 epi-

238 4163 429 4218 scopus
464 4147 777 4202 Britannice.
835 4147 901 4202 Et
946 4148 1279 4202 Siuderedus
1317 4147 1562 4218 quidem,
1597 4148 1665 4200 ita
1696 4145 1840 4200 enim

242 4241 301 4297 in
332 4243 593 4313 catalogis
626 4244 916 4313 pra-salum
951 4243 1344 4312 Toletanorum
1383 4242 1706 4312 appellatur,
1735 4256 1844 4308 quo

239 4343 490 4405 tempore
514 4336 774 4392 Saraceni
819 4336 1136 4406 llispauiam
1171 4345 1534 4411 occuparunt,
1583 4334 1840 4389 Toletana

237 4430 374 4486 sede
400 4446 500 4486 sua
529 4431 745 4496 relicta,
793 4431 1019 4487 Romam
1053 4430 1325 4501 confugit:
1359 4429 1612 4485 Sedulius
1638 4443 1741 4498 qua
1775 4427 1843 4482 de

235 4539 405 4581 causa
439 4525 667 4580 llomam
696 4525 1036 4588 convenerit,
1066 4525 1332 4579 incettnm
1363 4522 1494 4577 mihi
1522 4531 1622 4576 est.

314 4619 400 4672 -l7.
436 4617 715 4674 Sedulium
741 4610 1289 4687 poetam‘llildeberti
1317 4618 1599 4671 Scotorum
1629 4614 1842 4668 antisti-

240 4713 311 4767 tis
351 4711 680 4780 discipulum
711 4711 778 4765 ab
811 4710 1037 4766 ineunte
1066 4721 1226 4768 aetate
1257 4709 1446 4771 fuisse,
1480 4706 1834 4772 'l‘rithemius,

239 4816 299 4858 ut
334 4801 595 4867 vidimus,
630 4811 834 4856 narrat.
885 4802 992 4860 Sed
1026 4801 1075 4854 id
1110 4801 1310 4856 refellit
1351 4801 1619 4854 Bai-unius
1647 4799 1710 4852 ad
1744 4814 1842 4852 an-

245 4912 377 4951 num
418 4894 548 4960 429,
580 4910 730 4948 num.
758 4895 791 4948 4
819 4911 833 4960 ;
867 4896 1128 4947 observat
1155 4879 1336 4955 enim,
1369 4893 1604 4962 primmu
1641 4892 1844 4946 Seutizu

242 4991 564 5061 episc0pum
594 4988 765 5043 fuisse
795 4986 1124 5052 Palladium,
1151 5001 1183 5040 a
1204 4986 1504 5042 Caelestino
1539 4985 1684 5052 Papa
1711 4986 1841 5038 mis-

238 5099 386 5150 sum,
418 5082 566 5152 quod
592 5085 882 5160 conlirmat
910 5097 976 5134 ex
1001 5080 1292 5147 Prospero,
1331 5080 1382 5132 in
1409 5076 1706 5150 Chronico,
1739 5078 1840 5131 sub

240 5177 561 5232 consulibus
591 5173 905 5230 Theodosio
935 5185 991 5228 et
1044 5173 1454 5238 Valentiniano,
1506 5181 1560 5225 et
1588 5172 1644 5225 in
1676 5186 1841 5241 Opere

243 5273 511 5328 adversus
541 5269 900 5337 Collatorem,
936 5269 988 5322 in
1023 5268 1146 5335 lin.,
1176 5268 1266 5322 ubi
1309 5264 1672 5323 Caelestinum
1727 5265 1841 5318 lae--

241 5367 400 5433 dans,
433 5367 538 5420 ait:
588 5362 846 5418 Ordinato
879 5363 1050 5418 Scotis
1073 5364 1341 5433 episwpo,
1387 5361 1508 5414 dum
1547 5359 1843 5414 Romanam

239 5460 472 5515 insulam
496 5459 666 5514 studet
710 5475 912 5513 servare
945 5456 1275 5524 catholicam,
1312 5457 1437 5528 fecit
1481 5457 1639 5508 etiam
1661 5452 1842 5506 barba-

238 5571 355 5608 ram
377 5555 740 5621 christianum.
779 5553 1122 5609 Britanniam
1171 5565 1325 5607 Vocat
1357 5551 1648 5606 Romanam
1693 5550 1840 5602 insu-

239 5649 366 5712 lam,
422 5648 666 5703 Scotiam
717 5648 1006 5702 Barbarum
1048 5648 1205 5714 dicit,
1248 5646 1371 5716 quia
1405 5643 1509 5698 etsi
1554 5643 1666 5710 jam
1712 5643 1839 5696 olim

241 5741 403 5799 multi
430 5741 481 5796 in
526 5740 716 5796 Scotia
761 5741 971 5796 Christi
1006 5741 1168 5796 tidem
1209 5737 1452 5808 amplexi
1487 5735 1721 5802 fuerant,
1759 5746 1836 5788 ta-

242 5851 370 5892 men
400 5835 636 5906 maxima
669 5834 944 5903 parsejus
970 5834 1148 5903 gentis
1182 5832 1327 5887 idola
1360 5829 1730 5886 venerabatur
1750 5871 1762 5893 ,
1788 5837 1842 5884 et

243 5930 602 5988 barbaroium
637 5928 749 5984 ritu
773 5926 1012 5984 vivebat.
1044 5926 1148 5994 Qui
1173 5940 1299 5994 ergo
1325 5923 1439 5979 fieri
1464 5921 1643 5995 potuit
1668 5921 1841 5977 utSe-

1871 4674 1920 4732 D

1948 3400 2116 3470 pisse.
2159 3399 2227 3453 Et
2272 3396 2678 3466 cumSedulius
2710 3406 2894 3466 postea
2942 3396 3182 3451 rationes
3213 3396 3404 3451 atTerat
3450 3412 3550 3451 cur

1948 3490 2268 3545 Macedonio
2295 3505 2404 3559 prae
2434 3490 2649 3545 caeteris
2665 3505 2801 3559 opus
2828 3504 2985 3543 suum
3012 3488 3254 3558 dedicet,
3287 3506 3393 3544 non
3416 3506 3553 3560 prte-

1950 3585 2274 3639 termisisset
2306 3584 2453 3638 clare
2501 3586 2835 3653 exprimere,
2872 3582 2915 3636 si
2966 3578 3152 3636 verum
3209 3592 3382 3648 esset,
3416 3582 3560 3654 quod

1947 3678 2251 3747 baptizatus
2283 3679 2352 3732 ab
2395 3695 2461 3734 eo
2515 3678 2751 3732 fuisset:
2791 3679 3093 3747 pra-sertim
3147 3692 3269 3731 eum
3316 3677 3383 3732 de
3431 3676 3552 3732 aliis

1946 3763 2111 3828 dicat.
2149 3774 2214 3826 ad
2264 3773 2519 3827 eumdem
2572 3773 2948 3828 Macedonium
2991 3791 3005 3846 ;
3039 3773 3186 3827 Alios
3228 3774 3366 3828 intra
3408 3782 3553 3844 septa

1945 3867 2114 3939 gregis
2147 3867 2220 3919 tui
2245 3883 2363 3919 ores
2390 3867 2578 3936 fecisti.

2017 3959 2106 4014 20.
2151 3959 2336 4014 Refert
2364 3957 2720 4025 'l‘ritheniins,
2757 3957 3042 4012 Sedulium
3085 3971 3272 4012 amore
3301 3957 3547 4012 discendi

1947 4053 2160 4107 venisse
2201 4054 2253 4106 in
2303 4037 2615 4114 Franciam,
2651 4051 2856 4105 deinde
2908 4050 3111 4104 Italiam
3160 4050 3545 4119 perlustrasse,

1946 4146 2129 4200 Asiam
2160 4158 2213 4200 et
2245 4146 2530 4214 Achaiam,
2563 4156 2844 4214 postremo
2865 4144 3050 4197 ltomtr
3073 4143 3360 4198 claruisse.
3398 4143 3547 4199 lianc

1949 4243 2318 4294 lt.trl'alit)tt0ttt
2352 4240 2666 4309 ampliﬁcat,
2703 4249 2755 4292 et
2788 4249 3017 4293 exornat
3050 4237 3254 4309 Xystus
3285 4237 3548 4292 Senensis

1949 4333 1984 4387 Ι.
2030 4347 2077 4386 tv
2127 4332 2382 4386 Biblioth.
2433 4341 2634 4399 sanct.,
2681 4331 2769 4386 ubi
2811 4331 2877 4385 de
2927 4331 3099 4385 Caelio
3138 4327 3360 4385 Sedulio
3406 4331 3477 4381 ait
3535 4344 3548 4380 :

1953 4424 2105 4479 Velut
2130 4426 2259 4478 alter
2283 4423 2594 4492 Apollonius
2638 4421 2899 4493 Tyana'us
2931 4423 3213 4493 fugientem
3241 4420 3550 4491 sapientiam

1946 4527 2052 4571 tcto
2074 4528 2328 4572 terrarum
2342 4516 2462 4569 orbe
2485 4516 2810 4585 perquirens,
2833 4512 3186 4580 Britanniam,
3205 4510 3545 4580 Hispaniain,

1947 4609 2195 4673 Galliam,
2242 4609 2479 4676 Italiam,
2518 4606 2777 4662 Grieciam
2827 4617 2897 4678 et,
2925 4608 3103 4661 Asiam
3139 4605 3271 4659 miro
3314 4606 3549 4660 discendi

1946 4705 2130 4759 ardore
2158 4703 2484 4776 perlustravit
2526 4719 2540 4755 :
2587 4703 2893 4773 tandemque
2941 4701 3118 4755 [lenite
3147 4699 3338 4754 divinis
3379 4709 3425 4752 et
3454 4697 3547 4752 hn-

1946 4800 2109 4852 manis
2141 4797 2387 4851 doctrinis
2419 4795 2640 4849 illudr-is
2687 4795 2782 4848 sub
2831 4793 3123 4849 Theodosio
3173 4794 3408 4865 Augusto
3451 4794 3550 4863 flo-

1944 4891 2066 4958 ruit,
2089 4891 2316 4945 carmine
2332 4888 2587 4945 excellens
2602 4897 2646 4944 et
2661 4906 2835 4961 prosa.
2862 4888 3016 4958 Quod
3033 4888 3288 4944 Sedulius
3313 4889 3364 4942 in
3383 4887 3546 4942 Frau-

1946 4986 2084 5038 ciam
2113 4985 2348 5048 venerit,
2382 4982 2514 5036 alibi
2554 4999 2658 5036 non
2694 4982 2926 5053 legitur:
2965 4985 3065 5053 12
3093 4981 3185 5036 sed
3217 4981 3392 5035 simile
3417 4996 3545 5034 vero

1947 5090 2048 5142 est,
2081 5078 2131 5131 id
2156 5078 2227 5132 ita
2259 5077 2546 5141 accidisse,
2572 5077 2615 5128 si
2652 5075 2835 5130 natn‘le
2860 5075 3035 5127 solum
3070 5074 3273 5129 Sedulii
3304 5072 3542 5126 Scotiam

1944 5172 2189 5228 dicamus
2215 5187 2356 5228 esse.
2391 5170 2644 5238 Plerique
2688 5168 2904 5223 codices
2929 5181 3051 5220 eum
3092 5166 3140 5218 iu
3189 5166 3335 5219 Italia
3372 5165 3548 5235 philo-

1944 5267 2190 5337 sophiam
2242 5265 2502 5320 didicisse
2550 5263 2904 5318 continuant:
2949 5259 3044 5313 sed
3094 5274 3201 5328 quo
3252 5260 3542 5330 magistro,

1944 5370 2038 5417 aut
2061 5377 2164 5429 qua
2191 5363 2243 5415 iu
2274 5360 2499 5426 regione
2531 5357 2717 5420 Italite,
2753 5372 2858 5410 non
2885 5363 3125 5408 constat.
3147 5355 3304 5408 'Asia:
3335 5355 3545 5410 mentio

1945 5455 2086 5526 apud
2121 5433 2480 5509 Trithemiitm
2525 5451 2784 5514 occurrit,
2815 5449 2956 5518 apud
2992 5450 3130 5504 alios
3162 5467 3270 5504 non
3300 5451 3450 5506 item.
3487 5452 3543 5508 In

1952 5549 2178 5614 Achaia,
2219 5559 2295 5612 et,
2330 5548 2373 5600 si
2408 5546 2486 5599 vis
2516 5545 2691 5598 codici
2727 5545 2993 5608 Palatino,
3027 5560 3177 5598 num.
3211 5545 3262 5607 5,
3301 5546 3546 5601 exhibito

1949 5641 2192 5704 credere,
2247 5640 2297 5693 in
2333 5637 2567 5692 Arcadia
2607 5636 2861 5692 Sedulius
2883 5637 3050 5704 ‘vixit,
3096 5648 3378 5710 postquam
3428 5639 3549 5708 phis

1945 5732 2252 5802 losolihiam
2278 5734 2330 5784 in
2355 5729 2508 5784 ltalia
2533 5729 2824 5786 didicerat.

2017 5826 2110 5880 2|.
2143 5823 2278 5890 Quid
2334 5832 2513 5878 autem
2561 5822 2815 5880 Sedulius
2852 5823 3027 5893 egerit
3069 5823 3123 5878 in
3171 5822 3395 5889 Achaia,
3435 5840 3542 5878 non

1951 5935 2059 5974 uno
2107 5916 2265 5974 modo
2312 5915 2531 5974 codices
2584 5931 2716 5974 mss.
2767 5925 3066 5987 exponunt.
3125 5916 3284 5973 Alius
3334 5915 3548 5973 refert:
