3896 6410
301 325 408 423 tr.

1612 358 1905 418 COELIUS
1944 353 2304 431 SEDULIUS,

3530 367 3640 426 ιιι

303 484 433 541 Cant
457 484 578 538 aliis
604 480 819 538 metrum
847 481 1121 538 heroicum
1156 475 1470 532 Macedonio
1495 477 1791 533 consulente
1822 478 1918 531 do-
1945 476 1994 538 Α
2025 487 2213 533 narrat
2240 477 2297 533 in
2329 476 2562 549 epistola
2586 475 2654 535 ad
2685 477 3096 547 Macedoniam;
3143 481 3493 540 Eustathium
3539 500 3640 541 au-

307 580 413 633 cuit
463 579 515 632 in
540 576 760 631 Achaia.
792 574 949 629 Alius
981 590 994 627 :
1028 570 1159 627 Cum
1184 571 1308 627 aliis
1336 580 1617 624 metrorum
1647 571 1920 641 generibus

309 672 574 727 heroicum
604 678 843 732 metrum,
884 677 992 722 etc.
1030 664 1187 721 Alius
1215 683 1227 718 :
1257 661 1387 719 Cum
1405 664 1524 717 aliis
1552 664 1807 717 comociis
1831 661 1919 718 he-

309 770 512 822 roicum
565 774 804 828 metrum,
858 758 1168 815 Macedonio
1217 760 1539 822 consulente,
1597 756 1802 811 didicit.
1854 755 1920 811 In

310 863 511 919 Achaia
538 860 694 914 libros
724 857 1061 929 conscripsit,
1081 863 1188 911 etc.
1220 854 1361 924 Quid
1395 867 1525 924 ergo
1548 850 1923 908 retinendum?

314 960 509 1015 Haereo
540 969 695 1010 sane.
730 951 970 1008 Verbum
1004 950 1303 1005 consulente
1329 964 1396 1004 eo
1430 948 1601 1019 magis
1632 961 1718 1001 nte
1749 945 1922 1012 ducit,

316 1061 376 1108 ut
424 1050 642 1106 credam
698 1045 981 1103 Sedulium
1034 1045 1266 1101 consilio
1314 1041 1623 1100 Macedonii
1670 1040 1925 1096 docuisse
1962 1073 1987 1087 -ο

310 1146 445 1201 alios
479 1153 710 1201 metrum
746 1143 1027 1197 heroicum
1072 1155 1202 1195 cum
1249 1141 1374 1195 aliis
1414 1151 1712 1195 metrorum
1759 1151 1924 1208 gene-

315 1239 496 1304 ribus;
533 1253 642 1310 quo
676 1237 933 1309 pertinet,
964 1251 1088 1290 eum
1114 1234 1304 1290 multis
1336 1234 1391 1290 in
1424 1233 1563 1288 locis
1591 1231 1775 1286 vocari
1801 1224 1927 1285 rhe-

317 1343 514 1389 torem.
554 1332 688 1387 Vide
720 1326 900 1387 Schol.
929 1329 998 1385 ad
1034 1329 1254 1385 titulum
1289 1316 1541 1398 epistola:
1568 1327 1634 1381 ad
1675 1325 1925 1381 Maccdo-

315 1428 489 1493 nium,
531 1427 659 1482 etin
702 1427 787 1481 his
816 1425 1035 1495 Proleg.
1087 1437 1238 1479 num.
1271 1422 1365 1489 25,
1409 1421 1500 1488 9t),
1551 1430 1606 1476 et
1638 1419 1817 1475 scltol.
1858 1418 1925 1474 ad

314 1538 466 1579 vers.
520 1521 587 1577 60
626 1521 737 1577 1.ι.
782 1520 890 1577 Sed
940 1517 1228 1588 probabile
1274 1519 1440 1572 etiam
1495 1515 1729 1579 videtur,
1777 1529 1927 1580 eum,

322 1618 643 1677 Macedonio
698 1615 1047 1681 consulente,
1104 1614 1220 1669 sive
1273 1612 1529 1678 docente,
1588 1610 1751 1666 simul
1805 1598 1928 1664 cum

318 1713 442 1769 aliis
474 1710 773 1774 consocils,
801 1725 896 1765 seu
926 1706 1346 1777 coitdiscipolis,
1380 1715 1613 1760 metrum
1647 1704 1929 1759 heroicum

321 1808 602 1863 didicisse.
638 1806 776 1861 Huic
805 1815 985 1859 tamen
1016 1801 1452 1871 interpretationi
1500 1815 1608 1854 non
1672 1798 1799 1853 nihil
1834 1798 1931 1852 ob—

2027 580 2134 627 tetn
2166 571 2329 641 paulo
2358 580 2480 641 post
2518 570 2867 629 Constantini
2901 574 3162 630 smcnlum
3188 574 3469 645 ﬂoruisse,
3504 594 3643 635 non-

2028 663 2190 719 nullis
2230 664 2407 719 visum
2456 672 2559 720 est.
2610 664 2799 737 Neque
2844 667 2989 722 aliud
3041 670 3110 723 de
3160 667 3263 725 hoc
3315 668 3643 729 Macedonio

2027 761 2233 813 rescire
2282 757 2450 821 licuit,
2480 774 2641 827 quem
2671 762 2849 816 minus
2883 768 3031 817 recte
3078 761 3334 818 abbatem
3369 765 3641 835 appellari

2027 854 2081 909 in
2120 869 2233 908 var.
2283 854 2413 910 lect.
2459 854 2525 912 ad
2558 855 2772 934 titulum
2822 857 2987 928 epist.
3037 858 3393 915 dedicatorite
3425 858 3640 918 Sedulii

2027 950 2543 1035 animadvertemus.
2597 952 2854 1022 Ejusdem
2906 953 3208 1012 M‘medonii
3260 954 3489 1011 hortatu
3541 956 3641 1013 Sc-

2027 1044 2209 1100 dnlins
2240 1060 2463 1103 carmen
2495 1046 2753 1116 paschale
2794 1048 2849 1101 in
2883 1063 3101 1118 pros:tm
3150 1048 3466 1104 orationem
3502 1064 3639 1107 con-

2030 1140 2213 1205 vertit,
2248 1146 2305 1194 ut
2347 1155 2415 1196 ex
2457 1140 2690 1212 epistola
2737 1140 3073 1198 dedicatoria
3102 1142 3404 1213 colligitur.
3437 1142 3643 1200 Fertur

2028 1234 2214 1297 etiam,
2243 1234 2578 1305 epigramma
2608 1234 2829 1300 Asturii,
2864 1236 2955 1305 qui
2983 1234 3192 1292 Sedulii
3222 1235 3469 1290 carmina
3518 1245 3641 1307 post

2032 1327 2140 1381 luta
2183 1326 2302 1398 ejus
2347 1328 2590 1399 collegit,
2623 1326 2944 1384 Macedonio
2974 1328 3290 1386 dedicatum
3324 1328 3522 1396 fuisse,
3552 1330 3639 1386 cui

2033 1418 2283 1476 Sedulius
2311 1435 2451 1492 opus
2497 1436 2655 1477 suum
2688 1421 3057 1478 dedicaverat.
3088 1422 3248 1491 Quod
3279 1437 3389 1479 non
3417 1422 3494 1479 ita
3521 1437 3642 1488 cer-
3716 1480 3721 1484 .

2032 1521 2145 1569 tum
2163 1528 2306 1581 esse,
2338 1530 2437 1569 suo
2461 1514 2583 1570 loco
2610 1515 2922 1571 ostendam.

2103 1607 2194 1662 25.
2220 1607 2293 1662 De
2326 1618 2574 1678 tempore
2605 1624 2717 1678 quo
2747 1610 3005 1666 Sedulius
3033 1611 3204 1667 libros
3235 1628 3367 1668 suos
3395 1614 3641 1683 scripsit,

2036 1700 2151 1756 hate
2200 1701 2466 1758 habemus
2513 1717 2544 1758 e
2587 1719 2720 1759 mss.
2768 1704 3076 1762 codicibus.
3112 1706 3347 1783 Quidam
3382 1694 3641 1766 exhibet:

2037 1798 2222 1853 Libros
2244 1814 2367 1853 suos
2392 1800 2602 1869 scripsit
2626 1810 2857 1871 tempore
2883 1800 3239 1857 Valentiniani
3262 1813 3309 1858 et
3340 1802 3642 1863 Theodosii.

323 1913 453 1969 stat,
476 1901 624 1972 quod
647 1900 900 1956 Sedulius
924 1899 976 1953 in
1002 1897 1231 1966 epistola
1256 1893 1593 1950 dedicatoria
1618 1907 1725 1947 non
1750 1891 1927 1948 solum
1962 1892 2010 1952 B
2037 1890 2217 1959 Alius,
2254 1890 2308 1944 in
2334 1900 2565 1961 tempore
2591 1892 2964 1963 imperatorum
2986 1895 3205 1949 minoris
3233 1892 3517 1952 Theodosii
3546 1896 3648 1966 lilii

324 2013 431 2052 non
481 1994 732 2065 agnoscit
781 2008 841 2049 se
894 1992 945 2046 itt
990 1988 1299 2061 hujusmodi
1354 1986 1552 2041 studiis
1597 1985 1927 2056 discipulum

326 2088 647 2153 Macedonii,
696 2086 791 2141 sed
827 2086 1009 2157 potius
1057 2084 1257 2147 innuit,
1292 2079 1670 2136 Macedonium
1723 2094 1829 2134 non
1876 2078 1929 2132 in

326 2182 426 2237 has
458 2180 696 2236 humiles
727 2178 1071 2247 disciplinas.
1118 2177 1212 2232 sed
1244 2178 1294 2228 in
1323 2172 1677 2229 sublimiores
1721 2171 1929 2225 incutno

326 2279 457 2334 bere
487 2275 713 2332 Solitum
746 2274 934 2342 fuisse.
967 2274 1039 2327 Ex
1064 2271 1282 2327 diversa
1306 2269 1468 2325 etiam
1491 2267 1931 2337 interpunctione

329 2384 527 2426 sensus
558 2366 958 2438 aliquantulum
990 2366 1238 2420 diversus
1272 2361 1536 2417 redditur.
1569 2359 1701 2415 Nam
1732 2359 1778 2413 si
1814 2369 1931 2428 post

331 2464 529 2529 docuit,
565 2461 651 2516 vel
685 2461 863 2515 didicit
894 2469 1157 2530 punctum
1186 2467 1515 2527 apponatur,
1563 2465 1690 2513 tunc
1736 2456 1935 2511 intelli-

332 2569 512 2629 getur,
553 2556 836 2612 Sedulinm
880 2555 933 2609 in
976 2552 1179 2609 Achaia
1212 2553 1383 2607 libros
1423 2550 1841 2621 conscripsisse.
1878 2549 1935 2607 Si

332 2651 508 2708 Oratio
540 2650 915 2717 contionetur,
959 2658 1015 2704 et
1060 2658 1185 2718 post
1216 2648 1413 2701 Achaia
1463 2656 1718 2715 pnnctunt
1768 2646 1934 2702 collo-

270 2738 292 2800 λ
334 2753 509 2805 cctur.
531 2743 920 2815 tuncsignilica
932 2742 1076 2797 bitur
1098 2741 1350 2797 eumdem
1368 2744 1420 2796 in
1436 2740 1637 2796 Achaia
1654 2741 1932 2797 docuisse.

332 2841 391 2896 In
421 2838 682 2896 Ottobon.
723 2836 747 2893 l
776 2851 829 2895 et
859 2840 910 2893 in
942 2837 1100 2903 aliis,
1146 2852 1325 2906 neque
1356 2846 1476 2907 post
1507 2836 1714 2903 didicit,
1761 2850 1941 2907 neque

332 2933 670 3005 postAchma
700 2940 960 3003 punctum
980 2932 1304 3002 apponitur;
1334 2930 1428 2985 sed
1458 2931 1640 2985 omnia
1672 2931 1791 2985 sine
1833 2928 1939 2985 ulla

332 3027 684 3083 distinctione
709 3025 1008 3097 procedunt
1025 3042 1037 3078 :
1054 3025 1149 3080 sed
1175 3026 1226 3079 in
1250 3024 1416 3094 Ptng
1436 3022 1588 3079 clare
1605 3022 1943 3094 interpungi-

335 3131 421 3176 tur
450 3121 623 3176 docuit
638 3121 700 3174 ‘in
727 3120 958 3185 Achaia;
981 3119 1140 3174 libros
1164 3137 1288 3174 suos
1320 3118 1526 3190 scripsit
1558 3128 1803 3187 tempore,
1829 3127 1937 3173 etc.

403 3216 495 3270 ἐξ.
546 3215 654 3272 Sed
700 3215 908 3270 utrovis
964 3213 1129 3270 modo
1186 3213 1443 3283 periodus
1496 3214 1937 3285 interpungatur,

2034 1982 2287 2053 Arcadii,
2339 1992 2387 2037 et
2419 1979 2775 2039 Valentiniani
2818 1984 2915 2056 lilii
2955 1985 3268 2043 Constantii.
3318 1988 3476 2045 Alius
3501 2030 3517 2057 ,
3576 1988 3645 2046 In

2037 2086 2264 2145 tempore
2301 2076 2566 2132 Valentini
2601 2087 2649 2133 et
2674 2076 2971 2135 Theodosii.
3008 2079 3197 2147 Alius,
3240 2081 3351 2156 14
3393 2082 3651 2156 Tempore

2036 2165 2315 2221 Theodosii
2329 2178 2375 2221 et
2402 2166 2771 2225 Valentiniani.
2791 2170 2848 2225 In
2868 2172 2951 2227 his
2973 2170 3238 2229 Valentini
3255 2176 3514 2232 mendum
3538 2186 3647 2245 est,

2035 2276 2135 2329 pro
2172 2259 2546 2316 Valentiniani.
2579 2262 2703 2318 Alio
2731 2263 2893 2317 modo
2922 2264 3167 2321 codicem
3195 2267 3465 2323 Ottobmr.’
3500 2270 3527 2323 ὓ
3566 2272 3645 2325 Ie-

2041 2356 2205 2425 gcltat
2259 2356 2577 2412 Dominicus
2625 2356 2934 2427 Georgius,
2970 2368 3026 2413 ut
3078 2358 3191 2414 dixi
3236 2376 3389 2415 num.
3443 2362 3519 2429 9,
3548 2363 3650 2418 sed

2040 2447 2374 2504 membrana:
2398 2449 2467 2504 ita
2501 2448 2739 2514 habent,
2767 2459 2825 2505 ut
2850 2452 3113 2523 exscripsi
3139 2495 3154 2521 ,
3184 2453 3237 2508 in
3267 2455 3467 2525 quibus
3490 2454 3642 2512 clare

2040 2550 2165 2611 post
2206 2542 2498 2597 Constantii
2540 2552 2804 2613 punctum
2832 2542 3073 2625 aliigitur
3096 2555 3227 2603 ante
3251 2546 3478 2604 verbum
3520 2567 3651 2620 pax,

2039 2636 2185 2706 quod
2220 2636 2432 2692 initium
2465 2646 2553 2693 est
2583 2640 2812 2694 alterius
2845 2640 3082 2710 periodi.
3115 2641 3345 2698 Dubium
3376 2659 3510 2716 ergo
3541 2660 3652 2701 non

2041 2740 2148 2794 est,
2177 2730 2307 2800 quin
2354 2729 2611 2786 Sedulius
2639 2731 2893 2788 ﬂoruerit
2925 2744 3176 2805 tempore
3202 2735 3501 2792 Theodosii
3550 2737 3658 2793 mi-

2044 2825 2196 2879 noris
2251 2834 2305 2878 et
2354 2825 2743 2904 Valentiniani.
2810 2827 3047 2885 Proinde
3098 2829 3425 2901 Sigehertus
3490 2834 3657 2904 longe

2042 2919 2340 2985 aberravit,
2376 2921 2467 2992 qui
2500 2922 2552 2975 itt
2578 2922 2719 2978 libro
2748 2922 2816 2977 de
2848 2923 3053 2993 Scripl.
3084 2926 3284 2980 cccles.
3320 2926 3390 2981 de
3421 2926 3655 2983 Sedulio

2043 3015 2118 3067 ait
2144 3029 2156 3069 :
2185 3010 2387 3068 Claruit
2412 3024 2641 3087 tempore
2666 3015 2962 3072 Constantis
2984 3028 3032 3073 et
3060 3018 3381 3087 Constantii,
3418 3022 3655 3091 ﬁliorum

2046 3105 2393 3163 Constantini.
2438 3111 2622 3181 Neque
2666 3112 2970 3169 audiendus
3022 3124 3106 3169 est
3152 3114 3449 3184 Heinsius,
3478 3117 3649 3188 epist.

2045 3202 2111 3257 ad
2164 3203 2480 3260 Reinesium
2514 3206 2641 3272 t76,
2679 3213 2811 3261 tom.
2835 3206 2871 3261 V
2903 3208 3155 3281 Sylloges
3197 3209 3385 3265 Burin.
3412 3228 3467 3281 p.
3521 3211 3647 3279 l98,

336 3311 464 3364 satis
494 3309 622 3364 inde
644 3308 942 3378 colligitur,
974 3282 1257 3362 Sedulium
1284 3309 1337 3363 in
1370 3307 1569 3363 Achaia
1603 3282 1937 3362 tuisse'cotn-
1963 3282 2009 3345 (ἶ
2043 3299 2131 3369 qui
2174 3313 2297 3354 cum
2352 3299 2475 3355 aliis
2499 3310 2716 3355 ειςιειιειιι
2748 3300 2961 3358 Sedulii
2995 3298 3081 3372 .itd
3128 3302 3499 3359 TheodOsimn
3540 3303 3658 3360 lla-

336 3404 770 3473 moratum,‘cnm
787 3404 971 3458 omnia
990 3412 1081 3457 aut
1096 3403 1356 3473 pleraque
1368 3404 1609 3457 carmina
1626 3417 1778 3459 sacra
1790 3417 1937 3458 com-

341 3500 551 3569 posuit.
577 3498 764 3553 Codex
794 3498 1097 3563 Palatinus,
1134 3514 1283 3552 num.
1310 3499 1343 3553 5
1371 3498 1471 3571 13
1498 3499 1720 3566 relatus,
1750 3508 1940 3568 aperte

336 3593 441 3646 ait:
498 3591 647 3645 Venit
688 3591 738 3644 in
762 3591 1063 3653 Arcadiam,
1104 3590 1189 3645 ubi
1221 3591 1359 3645 hunc
1404 3591 1590 3646 librum
1632 3595 1939 3664 composuit.

338 3688 411 3738 Ac
468 3684 683 3738 videtur
730 3683 985 3739 Sedulius
1030 3683 1320 3756 presbyter
1370 3685 1422 3738 in
1470 3684 1660 3740 eadem
1697 3684 1939 3741 Ecclesia

336 3775 533 3839 factus,
568 3774 621 3829 in
663 3792 766 3846 qua
815 3777 1101 3849 presbyter
1147 3789 1268 3833 erat
1297 3778 1665 3846 Macedonius,
1715 3782 1942 3837 antistes

344 3865 589 3935 Ursinus,
646 3867 951 3939 presbyteri
1000 3871 1166 3926 etiam
1215 3869 1568 3938 Laurentius,
1600 3871 1938 3939 Gallicanos,

342 3959 595 4025 Ursinus,
646 3959 734 4015 vel
767 3959 1073 4027 Ursicinus,
1118 3971 1173 4017 et
1212 3962 1433 4033 quidam
1482 3963 1662 4031 Felix,
1696 3966 1785 4034 qui
1820 3981 1939 4032 ,nou

339 4052 647 4121 appellatur
676 4054 984 4125 presbyter.
1022 4054 1075 4109 In
1125 4054 1318 4109 eadem
1368 4056 1643 4133 Ecclesia.
1683 4057 1766 4112 vel
1819 4074 1939 4128 pro-

343 4146 536 4215 vincia,
589 4147 843 4201 ﬂoruisse
881 4147 1095 4203 videtur
1139 4150 1451 4221 Synclctice
1483 4152 1635 4221 virgo
1666 4153 1938 4223 ministra,

344 4240 456 4294 sive
490 4238 816 4304 diaconissa,
853 4256 1012 4309 quam
1046 4241 1302 4298 Sedulius
1353 4245 1404 4298 in
1439 4244 1672 4315 cpistola
1723 4245 1788 4301 ad
1832 4246 1941 4302 Ma-

345 4331 632 4387 cedoniunt
665 4332 930 4398 celebrat,
962 4348 1081 4389 eam
1112 4335 1364 4402 laudans,
1398 4337 1542 4412 quod
1584 4340 1781 4407 praeter
1805 4338 1941 4395 alias

345 4425 572 4479 virtutes
618 4425 918 4497 Scripturas
962 4427 1291 4483 ecclesiastici
1320 4431 1579 4503 dogmatis
1603 4431 1784 4486 sitiens
1812 4447 1937 4502 epo-

344 4516 547 4569 laverit.
581 4515 693 4570 Non
727 4532 855 4586 ergo
887 4519 1104 4574 videtur
1133 4535 1255 4575 esse
1284 4521 1506 4577 diversa
1554 4522 1621 4577 ab
1653 4522 1748 4577 illa
1797 4523 1941 4596 Syn-

2043 3406 2208 3461 gnum
2248 3401 2469 3447 revocat
2496 3408 2559 3447 ex
2591 3393 2939 3451 dedicatione
2967 3395 3032 3450 ad
3076 3394 3460 3452 Theodosium
3490 3438 3507 3461 ,
3538 3397 3661 3455 Ro-

2043 3482 2321 3551 mulidum,
2350 3494 2477 3550 etc.,
2503 3502 2664 3556 quam
2696 3487 2905 3543 Sedulii
2935 3504 3041 3544 non
3069 3504 3195 3545 esse
3221 3490 3362 3545 infra
3391 3490 3658 3547 demons-

2045 3575 2297 3634 trabitnr.
2336 3580 2688 3651 Dempsterns
2711 3592 2979 3651 ptaetet'ea
3010 3582 3246 3652 graviter
3268 3584 3491 3647 labitur,
3519 3598 3653 3641 cum

2046 3674 2140 3738 ait,
2171 3673 2448 3730 Sedulintn
2480 3675 2779 3733 secundum
2808 3678 3072 3748 quosdam
3105 3680 3312 3736 vixisse
3338 3681 3440 3736 sub
3468 3680 3653 3737 Theo.

2044 3769 2200 3825 dosio
2227 3770 2455 3825 Seniore
2480 3786 2624 3825 attito
2652 3770 2782 3838 450,
2802 3788 3035 3844 eamque
3065 3776 3334 3830 veriorem
3364 3790 3490 3832 esse
3520 3791 3653 3832 seo-

2047 3863 2272 3917 tentium
2303 3880 2314 3916 :
2347 3861 2579 3919 fortasse
2613 3880 2709 3934 pro
2731 3881 2877 3919 anno
2906 3867 3043 3933 450,
3074 3866 3240 3922 alium
3271 3867 3516 3925 indicare
3541 3884 3649 3925 vo—

2045 3954 2161 4012 luit.
2194 3956 2300 4013 Alii
2349 3973 2552 4013 annum
2596 3960 2702 4014 578
2729 4002 2742 4026 ,
2775 3976 2883 4031 qtto
2913 3960 3169 4016 Sedulius
3216 3960 3515 4031 claruerit,
3548 3961 3651 4019 alii

2049 4067 2250 4107 annum
2285 4053 2381 4108 581
2417 4055 2720 4124 assignant.

2114 4147 2203 4202 9.4.
2222 4149 2353 4203 Cum
2374 4148 2784 4204 Valentinianus
2806 4149 3107 4206 Constantii
3132 4149 3273 4205 ﬁlius
3286 4165 3643 4222 regnarece-

2042 4243 2185 4311 perit
2214 4256 2355 4296 anno
2388 4240 2508 4306 426,
2537 4240 2876 4296 Theodosius
2896 4242 3081 4312 juninr
3108 4260 3137 4297 e
3169 4244 3307 4298 vivis
3341 4244 3652 4303 excesserit

2043 4348 2187 4390 anno
2216 4333 2341 4397 4:30,
2361 4350 2706 4404 consequens
2730 4346 2833 4400 est,
2853 4346 2910 4391 ut
2936 4335 3074 4390 intra
3100 4350 3300 4390 annum
3318 4335 3425 4391 414
3455 4347 3511 4393 et
3534 4338 3647 4396 450

2044 4427 2321 4485 Sedulium
2355 4429 2523 4484 libros
2546 4441 2673 4483 suos
2696 4431 3089 4499 conscripsisse
3118 4431 3384 4487 dicamus.
3419 4430 3653 4491 Tritheo

2046 4525 2185 4579 mins
2208 4540 2406 4579 annum
2438 4538 2545 4594 quo
2569 4522 2824 4579 Sedulius
2854 4522 3065 4590 claruit,
3093 4515 3367 4579 ita'nobis
3400 4524 3605 4581 indicat
3635 4546 3650 4582 :

348 4609 546 4663 cletice
576 4610 660 4664 cui
688 4609 1002 4665 Eustathius
1033 4610 1275 4668 Latinam
1305 4612 1694 4671 vcrsionemin
1725 4616 1937 4674 Hexae-
1999 4673 2002 4677 λ
2046 4614 2351 4671 Claruitsub
2370 4614 2679 4682 Theodosio,
2705 4631 2843 4670 anno
2866 4614 3073 4670 Domini
3095 4615 3425 4673 430Justus
3452 4617 3657 4673 Fonta-

352 4715 540 4755 meron
589 4701 646 4757 S.
694 4701 875 4757 Basilii
920 4703 1213 4761 dedicavit.
1247 4707 1445 4763 Exstat,
1467 4724 1528 4763 ea
1577 4711 1754 4765 versio
1798 4711 1940 4767 inter
1964 4683 2018 4743 Β
2046 4710 2301 4775 ninus,de
2333 4710 2601 4778 Antiquit.
2627 4708 2810 4764 Horta:
2849 4710 2887 4764 Ι.
2919 4724 2956 4764 ιι
2980 4751 2994 4774 ,
3028 4724 3079 4765 c.
3106 4713 3161 4777 5,
3188 4719 3404 4781 censet,
3434 4711 3655 4771 Sedulii

349 4794 679 4865 appendices
713 4804 849 4849 tom.
900 4810 915 4847 ι
960 4811 1188 4865 operum
1228 4799 1434 4865 Basilii,
1483 4796 1809 4858 recensente
1843 4803 1941 4859 lu-

349 4889 496 4944 liano
541 4887 773 4963 Garnier
816 4890 1254 4958 congregationis
1303 4892 1362 4949 S.
1417 4894 1608 4949 Μηιιιί.
1663 4897 1940 4956 Dedicatio

352 4982 430 5036 sic
475 4981 661 5049 incipit
698 4998 710 5034 :
743 4977 1054 5036 Eustathius
1086 4982 1395 5054 Synclcticat
1443 4985 1713 5043 Germana:
1758 4992 1941 5044 diae-ol-

349 5075 501 5129 nissa:
545 5074 767 5130 salutem
798 5075 852 5128 in
894 5072 1122 5129 Christo.
1176 5075 1493 5146 Religiosus,
1538 5080 1790 5150 simulque
1833 5094 1944 5136 stu-

351 5172 532 5225 diosus
574 5171 780 5225 animus
828 5180 932 5225 tua:
974 5172 1351 5244 germanitatis,
1409 5174 1529 5227 dum
1577 5175 1944 5247 plenitudinem

354 5267 631 5319 calestium
649 5282 798 5320 nosse
818 5265 1079 5320 desiderat
1100 5266 1518 5337 Scripturarum,
1534 5280 1742 5324 cunctas
1764 5269 1944 5326 biblio-

357 5357 528 5411 thecas
559 5359 948 5421 ecclesiasticas,
980 5367 1027 5411 et
1058 5376 1236 5413 eorum
1279 5362 1367 5431 qui
1397 5360 1587 5430 fuerint
1630 5364 1945 5428 conditores,

352 5452 544 5505 crebris
597 5451 891 5505 lectionibus
944 5454 1279 5523 inrestigans,
1333 5455 1560 5523 pervenit
1614 5454 1825 5508 tandem
1877 5459 1946 5511 ad

358 5542 737 5606 Hexaemeron,
770 5553 875 5598 etc.
926 5541 1031 5599 Sed
1062 5556 1238 5613 neque
1268 5561 1334 5600 ex
1369 5545 1651 5601 Eustathio
1683 5535 1832 5613 plura
1877 5548 1944 5603 de

359 5638 458 5689 hac
489 5635 799 5706 Synclctice
828 5628 1027 5691 addere
1050 5652 1367 5705 possumus,
1404 5654 1581 5709 neque
1631 5640 1946 5710 Bollandns,

358 5729 444 5795 qui
490 5728 577 5781 die
610 5728 642 5782 5
682 5726 920 5783 Januarii
947 5730 1281 5801 Synclctices
1307 5750 1335 5787 a
1366 5733 1592 5789 Seanio
1626 5735 1860 5791 laudatae
1892 5738 1944 5792 in

532 5824 673 5876 ‘iwne
699 5822 834 5878 Vita:
862 5824 918 5878 S.
955 5825 1281 5893 Apollinaris
1308 5828 1643 5898 Synclctices
1663 5814 1970 5898 memiriit,‘

698 5917 839 5973 aliud
898 5916 1127 5989 profert,
1179 5920 1280 5974 nisi
1334 5921 1475 5992 quod
1526 5922 1777 5979 Sedulius
1834 5925 1950 5995 ipse

2043 4821 2264 4861 carmen
2288 4804 2355 4859 ab
2383 4805 2501 4876 ipso
2526 4806 2799 4875 vulgatum
2856 4804 3021 4861 fuisse
3066 4806 3209 4860 circa
3266 4821 3466 4860 annum
3498 4806 3651 4875 434;

2045 4898 2312 4971 Georgius
2358 4915 2486 4954 vero
2537 4900 2877 4969 suspicatur,
2911 4901 2963 4953 id
3020 4900 3273 4956 evenisse
3315 4914 3459 4955 anno
3490 4901 3643 4970 520,

2047 4991 2188 5057 (ιιιού
2227 4992 2407 5060 arguit
2454 5007 2522 5046 ex
2576 4991 2798 5045 nomine
2827 4991 3160 5059 Constantii,
3195 4994 3337 5063 quod
3372 4996 3423 5047 in
3453 4995 3656 5052 codice

2048 5081 2411 5135 Uttobnninno
2454 5092 2698 5151 apparet;
2749 5083 3105 5139 Constantius
3136 5086 3280 5140 enim
3331 5101 3473 5140 anno
3510 5088 3650 5152 417,

2051 5175 2338 5229 l’Lcidiazn
2403 5176 2626 5230 Honorii
2677 5184 2919 5233 sororem
2974 5179 3126 5233 duxit
3184 5194 3438 5245 uxorem;
3496 5197 3653 5239 anno

2047 5269 2141 5323 hil
2160 5312 2173 5334 ,
2204 5274 2472 5339 Angustus
2496 5279 2583 5324 est
2613 5274 2975 5341 renuntiatus,
3002 5274 3302 5342 eodemque
3332 5275 3510 5343 periit.
3536 5274 3651 5330 Ve-

2040 5364 2189 5425 rum,
2226 5362 2411 5427 ntjam
2441 5364 2646 5426 monui,
2678 5361 2978 5420 Constantii
3025 5365 3230 5420 mentio
3263 5364 3318 5418 lit
3366 5366 3418 5419 in
3450 5366 3651 5424 codice

2049 5452 2414 5509 Ottoboniano
2442 5498 2455 5521 ,
2490 5464 2547 5509 ut
2577 5455 2697 5527 ejus
2723 5457 2869 5512 illius
2910 5458 3124 5512 dicatur
3154 5473 3274 5512 esse
3306 5457 3652 5513 Valentinia-

2053 5561 2151 5599 nus
2178 5572 2196 5613 δ
2226 5562 2286 5600 ac
2341 5547 2706 5617 distinguatur
2758 5563 2786 5601 τι
2820 5549 3031 5603 duobus
3076 5544 3471 5605 Valcntinianis
3498 5593 3511 5615 ,
3543 5554 3646 5623 qui

2051 5653 2448 5709 praecesserant
2474 5684 2487 5705 ,
2513 5642 2733 5699 Seniore
2753 5644 2931 5697 altero
2948 5674 2965 5707 -,
2998 5643 3171 5698 altero
3194 5642 3414 5699 laniare
3434 5662 3650 5701 nuncn-

2053 5742 2195 5802 pato.
2233 5733 2394 5788 Multo
2424 5750 2555 5789 vero
2584 5735 2754 5804 magis
2779 5734 3071 5803 rejicienda
3096 5746 3176 5790 est
3199 5736 3381 5806 opittlo
3403 5737 3648 5806 Usserii,

2053 5826 2140 5894 qui
2174 5826 2445 5883 Sedulium
2476 5828 2541 5883 ad
2574 5844 2776 5883 annum
2812 5843 2982 5898 usque
3004 5829 3131 5893 494,
3160 5830 3352 5885 saltem
3394 5840 3516 5900 post
3540 5846 3650 5886 an-

2055 5935 2181 5976 num
2208 5919 2339 5991 470,
2372 5922 2577 5993 dcjicit.
2610 5924 3001 5993 Argumentum
3046 5922 3179 5994 petit
3202 5938 3266 5980 ex
3294 5921 3650 5981 dedicatione
