3896 6366
134 345 237 400 HS

1517 329 2051 390 PROLEGOMENA.

3331 311 3437 377 456

139 462 336 514 Asteni
383 461 447 514 ad
479 460 860 515 Macedoniutn
891 499 904 523 ,
937 472 1093 528 quem
1126 468 1412 524 perperam
1446 459 1594 520 putat
1623 464 1743 503 esse
1771 449 1821 506 Α
1851 464 1952 501 non
2006 447 2306 502 antistitem
2351 446 2696 516 simpliciter,
2752 443 2846 499 sed
2895 444 3077 497 (.rtline
3118 443 3166 495 in
3217 445 3440 500 secundo

137 554 412 616 eumdem,
445 554 512 607 ad
547 570 707 621 quem
739 554 990 609 Sedulius
1023 549 1263 618 scripsit,
1299 558 1358 601 ut
1396 542 1740 615 postmodum

137 645 364 700 docebo.
387 643 594 714 Xystus
615 645 900 711 Senensis,
924 644 1024 717 15
1040 647 1157 712 ipso
1171 656 1312 694 anno
1335 637 1443 694 450
1459 634 1738 692 Sedulium

137 740 340 795 abiisse
369 739 610 791 aliirmat
639 755 651 788 ε
683 738 774 791 alii
807 739 1138 792 recentiores
1164 749 1306 790 anno
1335 731 1465 798 449,
1495 738 1587 785 aut
1611 728 1738 793 450,

137 833 338 888 vixisse
366 827 614 884 tradunt.
648 827 755 883 Sed
783 828 851 882 de
877 840 1026 882 certo
1053 843 1198 882 anno
1226 826 1359 881 nihil
1395 831 1573 895 pOIesl.
1605 819 1741 876 deli-

137 927 261 983 uiri.

202 1025 291 1078 25.
325 1022 590 1078 Dubitant
625 1015 904 1082 nonnulli,
949 1029 1018 1068 an
1060 1012 1313 1068 Sedulius
1355 1029 1448 1070 sua
1496 1013 1738 1068 carmina

137 1119 409 1184 ediderit,
471 1132 536 1170 an
588 1115 765 1169 solum
812 1115 956 1166 intra
1000 1107 1242 1178 privatos
1284 1108 1518 1175 parietes
1569 1106 1741 1160 couti-

139 1215 335 1271 nuerit.
379 1213 490 1269 Sed
533 1211 648 1266 ha‘c
691 1205 1066 1264 controversia
1110 1202 1306 1258 melius
1355 1201 1737 1272 explicabitur,

138 1326 254 1365 cum
287 1310 357 1364 de
389 1306 648 1372 Asteria,
680 1305 768 1374 qui
802 1301 1010 1358 Sedulii
1052 1299 1291 1354 carmina
1324 1297 1644 1366 collegisse.
1690 1305 1746 1350 et

139 1403 454 1473 divulgasse
478 1400 701 1465 dicitur,
730 1411 910 1452 sermo
936 1395 1269 1450 instituatur.
1308 1388 1742 1460 luvesrigaudum

140 1506 407 1570 przeterea
433 1506 556 1560 est,
588 1494 672 1548 cui
705 1489 1058 1545 fundamento
1087 1486 1346 1541 innitatur
1374 1484 1606 1538 assertio
1626 1481 1749 1536 Tri-

142 1593 347 1658 themii,
387 1590 535 1662 quod
565 1585 826 1645 Sedulius
857 1595 1115 1657 postremo
1146 1582 1360 1637 Achaite
1379 1578 1569 1649 ﬁnibus
1597 1593 1741 1631 cxce-

141 1692 260 1742 drns
289 1689 346 1741 in
370 1687 503 1740 urbe
536 1683 705 1738 Roma
743 1679 968 1735 mirabili
1013 1676 1256 1732 doctrina
1303 1673 1481 1727 clarus
1523 1669 1740 1738 e/fulsit.

142 1784 515 1837 Vehementer
549 1777 653 1832 hac
684 1775 750 1831 de
797 1773 1143 1830 re-dubitant
1189 1769 1457 1839 plerique.
1508 1765 1744 1832 Reperio

1851 548 2012 591 voeat
2042 557 2053 591 :
2087 554 2152 592 ex
2184 554 2292 608 quo
2332 540 2579 594 nonnulli
2613 539 2820 609 lingunt
2844 578 2856 601 ,
2894 536 3060 591 luisse
3090 533 3437 606 ehorepisco-

1848 647 2005 699 pum,
2038 633 2153 686 sive
2183 633 2447 687 vicarium
2479 634 2786 702 generalem
2808 633 2890 687 sui
2916 632 3181 702 episcopi.
3208 632 3438 689 Prmter-

1848 739 1910 778 ea
1967 725 2318 793 episc0patus
2356 725 2559 778 Sedulii
2603 726 2993 797 comprobatur
3021 741 3084 781 ex
3125 725 3314 782 codice
3343 725 3443 789 Ur-

1846 819 2028 874 binate
2061 819 2163 873 584
2192 860 2206 884 ,
2238 818 2368 872 olim
2418 819 2551 880 8'28,
2592 821 2645 872 in
2691 836 2796 890 quo
2826 822 3027 890 passim
3062 822 3298 894 egregius
3336 822 3446 891 epi-

1844 929 2031 983 scopus
2080 912 2330 968 Sedulius
2355 912 2700 977 nominatur,
2759 922 2817 966 ut
2874 915 2925 967 in
2979 916 3139 969 variis
3189 915 3442 970 lectioni—

1845 1008 1946 1063 bus
1985 1007 2052 1061 ad
2099 1006 2312 1062 initium
2361 1016 2417 1061 et
2466 1009 2626 1062 linem
2680 1007 2939 1062 librorum
2978 1010 3268 1065 constabit.
3313 1008 3446 1064 Vide

1847 1118 1994 1157 num.
2025 1102 2113 1158 89.

1915 1198 2004 1251 27.
2043 1197 2244 1267 Aperte
2276 1197 2438 1252 etiam
2486 1196 2804 1268 episcopum
2846 1207 3003 1252 vocat
3041 1195 3324 1253 Sedulium
3353 1197 3448 1254 Al-

1848 1290 2006 1344 binus
2032 1330 2048 1355 ,
2081 1290 2196 1345 sive
2222 1291 2514 1357 Alc-uinus,
2546 1292 2599 1346 in
2630 1291 2834 1345 Olilciis
2861 1305 2952 1360 per
2982 1289 3162 1356 ferias,
3197 1290 3446 1358 sabbato,

1847 1383 1940 1436 ubi
1974 1384 2174 1454 hymno
2201 1384 2529 1440 abccedario
2573 1384 2779 1439 Sedulii
2805 1427 2818 1449 ,
2870 1385 2912 1438 Α
2939 1387 3066 1439 solis
3096 1393 3272 1445 ortus.
3323 1385 3449 1439 titu-

1851 1477 1957 1530 lum
2009 1479 2348 1545 pra'scribit,
2392 1478 2455 1530 B.
2489 1480 2718 1548 episcopi
2747 1479 2952 1533 Sedulii
3001 1483 3245 1549 hymnus.
3296 1474 3448 1534 Hunc

1853 1571 2065 1626 titulum
2101 1588 2130 1624 a
2174 1574 2478 1628 recentiore
2525 1587 2646 1627 esse
2693 1585 2850 1627 tnanu
2882 1573 2957 1627 ait
2999 1573 3249 1628 Labbeus
3285 1591 3296 1626 :
3353 1573 3448 1627 sed

1850 1666 1982 1720 tnihi
2035 1675 2226 1719 contra
2258 1666 2499 1733 videtur,
2550 1665 2618 1719 ει)
2655 1665 2829 1733 ipsius
2870 1663 3048 1718 Albini
3098 1679 3258 1719 manu
3304 1675 3447 1720 esse.

1851 1760 1946 1815 His
1988 1774 2121 1830 ergo
2167 1759 2486 1824 codicibus,
2531 1761 2583 1814 itt
2627 1759 2823 1829 quibus
2868 1757 3121 1814 Sedulius
3162 1761 3451 1828 episcopus

141 1885 349 1936 tamen.
403 1869 725 1926 conﬁrmari
777 1866 828 1922 id
879 1879 1040 1936 posse
1089 1861 1414 1917 auctoritate
1468 1853 1740 1911 Paschasii
1769 1834 2069 1936 Bdicitur,
2118 1865 2358 1908 consona
2395 1864 2520 1908 sunt
2571 1859 2678 1908 tum
2722 1857 3109 1923 epigrammata
3152 1839 3352 1908 Liberii
3397 1861 3451 1908 et

145 1961 412 2031 ltatberti,
453 1967 502 2020 in
537 1964 680 2020 libro
709 1963 777 2018 de
807 1956 966 2016 Partu
995 1957 1238 2028 Virginis
1261 1999 1274 2021 ,
1305 1955 1395 2024 qui
1426 1954 1552 2009 olim
1580 1953 1637 2008 S.
1675 1950 1743 2005 ll-

141 2061 366 2118 del‘onso
397 2058 743 2113 tribuebatur
775 2073 788 2108 :
815 2052 912 2108 sed
942 2049 1412 2106 eminentissimus
1448 2043 1742 2100 cardinalis

144 2157 467 2212 Franciscus
494 2152 816 2208 Lorenzana
843 2150 1169 2213 {sacrarum
1205 2142 1511 2197 litterarum
1547 2149 1601 2192 et
1627 2137 1741 2192 culo

142 2262 242 2321 tur,
277 2261 334 2305 et
361 2261 630 2320 patronus
665 2244 958 2316 egregius,-
1008 2240 1063 2294 in
1115 2251 1378 2308 perquam
1423 2232 1635 2289 erudita
1687 2239 1741 2284 et

142 2347 372 2419 eleganti
402 2343 649 2400 editione
695 2340 914 2394 Patrum
946 2335 1339 2390 Toletanorum
1368 2345 1504 2399 opus
1531 2324 1738 2381 auctori

140 2458 232 2497 suo
278 2439 550 2496 Ratherto
593 2435 863 2499 restituit,
909 2441 1076 2502 atque
1123 2429 1266 2483 inter
1306 2427 1411 2479 alia
1453 2421 1617 2477 dubia
1650 2427 1741 2507 aut

140 2533 482 2606 supposititia
512 2529 770 2586 ildeionsi
801 2526 1014 2596 reiecit.
1049 2523 1344 2581 Ralliertus
1374 2533 1527 2587 ergo,
1558 2525 1689 2568 tom.
1722 2512 1741 2566 i

142 2605 356 2683 Patrum
388 2624 569 2678 Tolet.
619 2637 739 2691 pag.
765 2619 870 2674 5M
892 2659 908 2684 ,
942 2617 1055 2670 ait:
1102 2613 1244 2667 Hinc
1276 2611 1527 2667 Sedulius
1568 2605 1742 2659 rhetor

142 2722 386 2775 Romanae
425 2716 675 2770 Ecclesiae
701 2715 750 2766 in
787 2710 1019 2782 paschali
1054 2723 1146 2762 suo
1188 2722 1340 2778 opere
1361 2703 1453 2756 ait.
1491 2700 1647 2757 Adde
1676 2714 1739 2753 cx

141 2815 356 2872 Usserio
386 2812 563 2869 verba
600 2808 883 2864 relerenda
928 2822 983 2859 n.
1020 2804 1123 2859 180
1149 2815 1265 2870 seq.
1301 2798 1511 2853 chiorl
1554 2794 1743 2848 nititur

143 2913 496 2970 fundamento
525 2906 764 2963 narratio
787 2897 856 2960 de
879 2901 1082 2959 Sedulii
1107 2897 1335 2961 divitiis,
1367 2909 1502 2965 quas
1517 2890 1742 2947 Guiliel-

144 3023 254 3062 mus
287 3004 626 3078 Eysengrein
670 3006 940 3056 memorat
973 2998 1026 3050 in
1067 2994 1241 3049 Calai.
1289 2997 1412 3045 test.
1459 2986 1640 3048 verit.,
1672 2984 1739 3038 ad

141 3117 259 3154 ann.
283 3099 389 3154 M2
423 3113 437 3151 :
464 3094 600 3151 Cum
631 3091 762 3147 nihil
809 3108 908 3145 non
941 3088 1226 3151 didicisset,
1281 3086 1357 3137 ait
1380 3084 1445 3136 de
1476 3079 1729 3146 Sedulio,

143 3196 272 3266 quod
295 3193 537 3263 theologo
563 3186 948 3243 absolutissima
976 3180 1319 3237 necessarium
1342 3175 1628 3239 videbatur,
1659 3183 1740 3225 at-

143 3308 232 3363 que
262 3308 364 3344 non
392 3289 567 3342 minus
593 3285 810 3338 internis
851 3280 1012 3334 animi
1041 3277 1248 3331 dotibus
1274 3317 1287 3340 ,
1324 3288 1480 3343 quant
1517 3271 1738 3324 externis

145 3382 432 3436 divitiarum
464 3376 645 3451 opibus
669 3375 910 3438 eniteret,
950 3381 1055 3426 etc.

207 3477 294 3533 ‘26.
330 3477 556 3532 Diversa
591 3471 732 3527 ratio
762 3478 848 3526 est
878 3467 943 3522 tle
973 3466 1287 3536 episcopatu
1319 3459 1547 3523 Sedulii,
1577 3471 1738 3528 quem

147 3571 250 3625 Nic.
283 3567 559 3625 Antonius
581 3607 595 3632 ,
629 3572 778 3619 num.
808 3561 872 3616 ιι
904 3558 1173 3619 laudatus,
1205 3554 1431 3610 omnino
1457 3558 1737 3623 pernegat.

148 3662 265 3718 Mihi
306 3671 499 3716 eontra
546 3667 754 3712 certum
789 3652 1029 3714 videtur,
1059 3646 1344 3706 Sedulium
1379 3644 1588 3698 'alirubi
1624 3651 1737 3695 tan-

148 3756 259 3810 dem
284 3754 604 3825 eplscOpum
637 3747 1008 3804 renuntiatum
1051 3743 1238 3798 fuisSc.
1282 3739 1348 3796 Ut
1387 3739 1529 3794 enim
1577 3736 1737 3790 omit-

148 3862 280 3916 tam,
325 3849 628 3918 episc0pum
678 3842 858 3897 vocari
906 3852 935 3894 δ
977 3837 1287 3908 Sigebertn,
1329 3845 1380 3888 et
1417 3833 1486 3886 ab
1515 3837 1740 3885 auctore

149 3945 342 4009 veteri,
397 3944 494 4012 qui
527 3934 830 3995 decretum
879 3921 1081 3990 Gelasii
1132 3925 1460 3995 descripsit,
1510 3941 1538 3978 a
1585 3922 1740 3978 nobis

148 4033 494 4109 producendo
527 4049 678 4097 num.
711 4029 851 4095 i552,
887 4028 992 4081 duo
1031 4035 1153 4080 sunt
1203 4022 1586 4091 antiquissima
1616 4033 1730 4072 car-

148 4134 282 4188 mina
311 4136 362 4188 itt
396 4131 614 4187 laudem
645 4123 892 4188 Sedulii,
919 4138 948 4176 a
982 4121 1245 4177 Belisario
1273 4129 1325 4172 et
1350 4115 1577 4192 Liberio
1597 4128 1740 4167 cotu-

150 4228 347 4296 posita,
407 4242 436 4279 a
493 4223 651 4279 nobis
709 4222 760 4275 in
819 4215 1216 4289 appendicibus
1272 4209 1622 4280 exponenda.
1685 4210 1738 4260 In

151 4330 366 4392 utroque
398 4329 483 4374 est
515 4313 858 4383 acrusticbis,
891 4317 1006 4368 sive
1031 4306 1445 4391 anacrosuchis,
1481 4304 1738 4358 nimirum

149 4428 205 4469 es
233 4414 426 4484 primis
449 4410 651 4467 litteris
674 4423 958 4471 versuum,
991 4419 1053 4460 ac
1083 4404 1336 4459 similiter
1359 4418 1422 4455 ex
1449 4397 1742 4470 postremis

149 4508 420 4564 coniicitur
468 4517 670 4561 nomen
718 4501 964 4559 Sedulius
1000 4498 1258 4554 antistes:
1291 4509 1396 4565 quo
1434 4493 1597 4547 etiam
1646 4505 1740 4544 uo-

150 4603 286 4657 mine
315 4601 599 4657 Sedulium
627 4597 864 4668 appellat
894 4603 1201 4663 anonymus
1231 4589 1560 4645 Mellicensis
1589 4586 1739 4656 Sige-

152 4693 274 4750 bcrti
307 4690 553 4766 aqualis,
588 4692 652 4746 de
676 4690 779 4762 ιθ
808 4687 1011 4757 Script.
1039 4685 1238 4741 eccles.
1271 4682 1585 4738 Censebant
1606 4691 1739 4750 ergo

151 4787 429 4843 Belisarius
455 4793 517 4841 et
557 4783 838 4849 Liberius,
871 4780 1172 4835 antistitem
1214 4775 1380 4831 fuisse
1427 4773 1735 4829 Sedulium.

152 4880 426 4936 Christiani
457 4889 643 4934 autem
691 4876 990 4946 scriptores
1036 4872 1120 4928 vix
1162 4883 1417 4939 umquam
1450 4867 1737 4939 presbyte-

151 4987 257 5029 rum
286 4981 552 5030 vocarunt
581 4972 895 5037 antistitem,
926 4967 1021 5024 sed
1067 4966 1173 5022 hoc
1220 4976 1414 5020 nomen
1454 4962 1739 5033 proprium

153 5087 260 5128 esse
287 5073 581 5128 voluerunt
609 5067 852 5138 episcdpi
872 5107 885 5133 ,
920 5072 979 5120 ut
1003 5063 1188 5118 videre
1213 5061 1342 5116 licet
1372 5059 1425 5114 in
1456 5056 1579 5112 cod.
1611 5056 1734 5112 Jus-

151 5169 240 5221 titi.
287 5167 410 5223 libr.
466 5173 517 5230 ι,
561 5162 645 5218 tit.
679 5161 741 5228 5,
771 5162 878 5231 leg.
913 5159 1013 5225 18,-
1045 5158 1148 5223 22,
1179 5155 1278 5222 25,
1314 5157 1370 5210 et
1408 5153 1535 5209 alibi
1569 5153 1737 5223 saepti.

155 5260 238 5316 llis
283 5260 573 5324 Labbcus,
624 5272 785 5328 quem
832 5254 948 5310 Nic.
1002 5250 1273 5307 Antonius
1321 5252 1372 5305 in
1419 5244 1741 5319 episeOpani

154 5355 341 5412 Sedulii
375 5352 626 5428 negando
653 5360 872 5408 secutus
903 5348 1138 5412 videtur,
1175 5345 1502 5417 respondet,
1539 5343 1741 5397 mrtistio

158 5457 221 5504 tes
247 5451 421 5505 ordine
448 5451 503 5503 in
534 5444 784 5508 secundo,
822 5444 920 5497 hoc
943 5451 1046 5509 est,
1079 5439 1430 5510 presbyteros
1455 5454 1482 5489 τι
1513 5435 1742 5490 Sidonio

157 5542 202 5596 in
228 5541 525 5598 Claudiano
547 5538 836 5603 Mamerco,
868 5544 920 5591 et
949 5535 1018 5589 ab
1042 5533 1165 5587 aliis
1194 5531 1472 5587 veteribus
1495 5528 1734 5600 agnosci.

155 5634 250 5690 Sed
292 5637 504 5692 etiamsi
550 5631 844 5704 aliquando
884 5625 1128 5686 nonnulli
1168 5624 1472 5699 presbyteri
1515 5624 1582 5678 ab
1613 5623 1738 5679 aliis

155 5729 362 5785 honoris
399 5744 564 5786 causa
611 5732 680 5784 ita
731 5725 932 5783 fuerint
978 5719 1272 5796 appellati,
1319 5725 1497 5777 tamen
1552 5720 1738 5791 negati

157 5821 321 5894 neqbit
347 5867 361 5892 ,
397 5825 448 5879 id
481 5833 680 5878 nomen
725 5821 1054 5892 simpliciter
1093 5819 1366 5890 positum,
1401 5823 1456 5870 ut
1487 5809 1737 5870 ordinem

159 5917 374 5986 indicet,
404 5918 718 5990 episcopum
753 5916 1082 5988 significare.
1119 5911 1373 5969 Sidonius
1404 5911 1734 5966 Mamercum

1849 1945 2096 2004 Belisarii
2123 1991 2137 2015 ,
2172 1953 2281 2005 tum
2310 1960 2466 2003 vetus
2515 1949 2802 2017 inscriptio
2831 1960 3006 2016 prosa:
3037 1943 3349 2003 Seduliaua:
3381 1963 3445 2003 ex

1845 2042 2134 2097 Pithmann
2158 2040 2345 2096 codice
2373 2058 2384 2092 :
2417 2040 2610 2112 incipit
2633 2041 2876 2111 prtefatio
2901 2039 3104 2095 Sedulii
3129 2039 3373 2093 antistitis
3397 2041 3449 2094 in

1845 2136 2014 2189 soluta
2044 2136 2283 2190 oratione
2311 2133 2574 2205 paschalis
2607 2134 2874 2186 carminis.
2908 2133 2984 2187 Ac
3018 2132 3248 2188 fortasse
3276 2133 3452 2187 Sedu-

1845 2230 1948 2284 li’us
1973 2230 2262 2299 episcopus
2281 2229 2390 2298 jam
2418 2237 2556 2292 erat,
2588 2236 2716 2280 cum
2737 2241 2955 2281 carmen
2988 2224 3245 2295 paschale
3274 2226 3452 2281 soluto

1845 2337 2100 2377 sermone
2130 2320 2388 2384 reddidit,
2418 2316 2565 2389 quod
2596 2318 2775 2373 adhuc
2798 2318 3083 2390 presbyter
3105 2319 3411 2387 composuit
3439 2335 3451 2372 :

1845 2432 1910 2471 ex
1954 2431 2061 2484 quo
2104 2411 2302 2469 laciittn
2354 2423 2471 2477 est,
2524 2424 2580 2467 ut
2627 2413 2680 2466 in
2713 2412 2958 2467 carmine
3004 2411 3244 2482 paSchaii
3291 2415 3454 2482 vulgo

1848 2512 2133 2582 presbyter
2166 2510 2497 2564 nominetur.
2535 2507 2744 2564 Deinde
2785 2521 2916 2562 cum
2941 2519 3162 2561 carmen
3196 2503 3455 2575 paschale

1848 2606 1900 2659 in
1924 2605 2167 2658 omnium
2199 2604 2450 2658 manibus
2493 2611 2641 2657 esset
2669 2645 2682 2669 ,
2718 2613 2916 2656 nomen
2952 2601 3256 2672 presbyteri
3285 2599 3455 2655 Sedu-

1848 2697 1920 2751 lin
1949 2696 2217 2762 adhaesit,
2246 2696 2454 2751 omisso
2483 2696 2589 2750 alio
2616 2697 2894 2765 episcopi,
2929 2695 3074 2765 quod
3109 2710 3218 2748 non
3250 2694 3318 2747 ita
3353 2707 3451 2763 pa-

1849 2800 1968 2844 tetis
1995 2799 2130 2845 erat.
2165 2788 2223 2844 lu
2267 2789 2570 2860 appendice
2601 2786 2952 2844 Bibliotheca:
2991 2787 3211 2842 Patrum
3240 2787 3452 2858 Mat-ga-

1848 2884 1954 2938 rini
1987 2884 2059 2939 De
2091 2884 2137 2938 la
2181 2884 2344 2955 Bigne
2369 2924 2382 2950 ,
2414 2896 2638 2939 \ocatnr
2666 2885 2720 2938 in
2769 2883 2947 2937 indice
2981 2882 3169 2937 Caelius
3202 2881 3452 2937 Sedulius

1847 2976 2039 3032 Scelus
2085 2976 2372 3048 presbyter,
2416 2977 2521 3031 sive
2563 2977 2802 3030 antistes.
2847 2975 3231 3037 Mabillonius,
3259 2985 3400 3030 tum.
3435 2975 3452 3030 Ι

1843 3075 2100 3128 ΑιηιΙθοι.
2140 3083 2310 3128 veter.
2335 3087 2457 3143 pag.
2484 3074 2587 3128 563
2613 3115 2625 3138 ,
2661 3089 2725 3126 ex
2762 3073 3010 3127 versibus
3039 3070 3367 3126 acrestichis
3397 3071 3448 3124 in

1845 3168 2127 3222 Srdulinut
2162 3167 2403 3237 colligit,
2432 3182 2566 3221 .eunt
2609 3166 2942 3232 antistitem,
2986 3179 3084 3220 seu
3128 3165 3450 3235 episc0putrt

1766 3235 1814 3301 (ἶ
1849 3263 2010 3315 luisse
2045 3278 2056 3312 :
2096 3261 2192 3315 sed
2234 3259 2458 3314 omnino
2485 3247 2582 3329 pro
2629 3260 2821 3314 eodem
2864 3259 3060 3329 accipit
3103 3258 3450 3323 antistitem,

1851 3356 1949 3426 17
1982 3365 2144 3428 atque
2175 3355 2518 3425 episcopum,
2556 3362 2613 3407 nt
2639 3362 2786 3423 patet
2808 3368 2874 3414 ex
2923 3354 3120 3419 indice,
3154 3361 3208 3408 et
3233 3367 3297 3406 ex
3327 3363 3453 3407 auc.

1848 3447 2364 3518 turitate'Sigebcrti
2409 3449 2458 3501 in
2492 3447 2632 3502 hanc
2673 3447 3004 3500 sententiam
3048 3445 3298 3514 allegala.
3334 3444 3449 3499 Nic.

1845 3544 2112 3599 Antonius
2155 3543 2346 3613 objicit
2396 3557 2616 3596 versum
2658 3541 2859 3597 Asterii
2909 3541 2975 3594 de
3028 3539 3297 3595 Sedutio:
3352 3538 3453 3592 l’et'

1844 3657 1997 3710 quant
2019 3644 2200 3713 justus
2228 3641 2302 3693 ait
2333 3641 2462 3692 talia
2494 3637 2740 3694 Sedulius
2776 3654 2792 3690 :
2830 3647 2954 3690 nam
2999 3637 3245 3689 Asterius
3278 3634 3453 3690 Sedu-=

1846 3737 1973 3789 lium
1999 3737 2131 3805 justi
2166 3734 2322 3789 titulo
2363 3740 2573 3789 tantum
2595 3748 2711 3787 'non
2747 3733 3110 3801 appellasset,
3160 3731 3204 3784 si
3232 3731 3450 3798 episcu-

1843 3844 1972 3897 pum
2017 3825 2240 3882 laudare
2271 3828 2555 3881 voluisset.
2593 3825 2698 3881 Sed
2735 3825 2851 3878 litec
2897 3827 3212 3893 conjectura
3256 3831 3451 3893 parum

1845 3937 2064 3976 movere
2083 3921 2279 3977 debet:
2316 3935 2438 3976 nam
2467 3920 2519 3974 in
2548 3919 2745 3973 Asterii
2775 3918 3171 3989 epigrammate
3197 3916 3452 3972 Sedulius

1845 4030 2018 4085 neque
2059 4015 2356 4088 presbyter
2400 4025 2627 4068 vocatur
2674 4032 2683 4065 :
2740 4022 2794 4068 et
2843 4012 3020 4081 potuit
3068 4011 3320 4066 ASIerius
3363 4009 3450 4065 vel

1847 4112 2096 4181 ignorare
2123 4150 2136 4176 ,
2184 4110 2499 4180 episcopum
2550 4109 2717 4164 fuisse
2761 4107 3043 4163 Seduliutn
3069 4153 3081 4175 ,
3118 4102 3204 4162 vel
3236 4106 3304 4161 dc
3348 4105 3450 4162 hac

1843 4209 1964 4278 ejus
1995 4208 2297 4278 dignitate,
2336 4214 2609 4276 ltmtquutn
2638 4205 2705 4259 de
2738 4219 2799 4260 re
2829 4212 2991 4272 nota,
3027 4218 3204 4274 neque
3249 4201 3315 4255 ad
3364 4201 3446 4256 sui

1845 4302 2254 4374 epigrammatis
2284 4311 2665 4373 argumentum
2705 4298 3088 4370 expllCandum
3114 4298 3449 4364 neteSsaria‘,

1847 4409 2052 4457 taeere;
2084 4396 2261 4451 Min‘us
2291 4399 2513 4450 movere
2547 4410 2645 4449 nos
2674 4391 2877 4448 debent
2902 4397 3223 4462 argumenta
3249 4387 3450 4462 hyper-

1847 4491 2019 4546 criticl
2080 4489 2370 4560 Basnagii,
2428 4490 2519 4560 Qui
2575 4498 2707 4543 tom.
2769 4485 2837 4542 lli
2889 4485 3086 4542 Annal.
3158 4483 3314 4554 polit.
3384 4473 3451 4538 ali

1848 4601 1973 4641 ann.
2005 4585 2107 4640 454
2138 4593 2294 4655 negat
2321 4583 2482 4638 etiam
2538 4582 2917 4652 presbyterum
2944 4578 3112 4634 fuisse
3144 4576 3449 4645 Sedulium,

1848 4682 1974 4754 quia
2018 4680 2395 4736 Macedoniam
2437 4678 2818 4750 presbyterum
2851 4684 3052 4746 patrem
3084 4682 3277 4738 vocat,
3311 4677 3364 4727 et
3393 4675 3452 4726 se

1848 4774 1998 4830 nulla
2025 4774 2208 4830 ueteris
2248 4773 2480 4843 scientite
2516 4771 2862 4844 prwrogativa
2901 4761 3210 4834 sti/fultum,
3257 4771 3313 4821 et
3355 4779 3452 4820 ste-

1848 4863 2112 4924 cu‘laribus
2155 4867 2343 4922 studiis
2375 4870 2683 4939 occupatum
2721 4863 2875 4918 dicit.
2920 4861 3046 4916 [huc
3083 4861 3227 4916 enim
3273 4858 3450 4915 solum

1851 4959 2115 5035 probant,
2139 4962 2422 5019 Sedulium
2453 4961 2698 5017 modeste
2723 4960 2964 5014 iaculum
2997 4955 3192 5020 l'niSse,
3227 4955 3314 5026 Qui
3339 4951 3451 5008 Ma-

1852 5059 2142 5114 cedonium
2168 5057 2543 5129 presbyterum
2569 5053 2882 5124 magistrum
2906 5056 3062 5104 suum
3091 5048 3142 5102 iu
3167 5048 3452 5104 ecclesias-

1846 5155 1971 5209 ticis
2000 5149 2338 5223 disciplinis,
2373 5156 2427 5207 tit
2455 5151 2684 5206 aliorum
2726 5145 2962 5216 plurium
2984 5186 2996 5209 ,
3023 5137 3220 5215 patrem
3264 5139 3450 5209 appel-

1847 5247 2078 5314 laverit,
2111 5255 2165 5302 et
2191 5257 2251 5302 se
2285 5246 2337 5300 in
2370 5241 2656 5300 smeularia
2691 5237 2898 5300 studia.
2928 5236 3056 5291 dam
3088 5235 3258 5289 laicus
3291 5237 3448 5300 erat,

1850 5344 2192 5418 potissimum
2243 5339 2553 5396 incubuisse
2599 5333 2878 5404 professus
2929 5330 3114 5384 fuerit.
3167 5329 3450 5384 Grunerus

1849 5432 2534 5506 expoliebat,Sedulium,
2580 5431 2701 5483 curti
2746 5423 3120 5504 Mttccdunium
3159 5434 3358 5495 patrem
3394 5423 3445 5477 in

1848 5498 2076 5600 epistola
2108 5498 2437 5581 dedicatoria
2470 5521 2713 5584 Vocavit,
2747 5517 2988 5572 nondum
3019 5498 3189 5571 luisse
3223 5515 3450 5585 presby-

1849 5634 2044 5678 terum.
3477 5606 3482 5614 “

1915 5719 2004 5773 28.
2049 5717 2290 5783 Quonam
2319 5722 2500 5766 autem
2533 5709 2585 5764 in
2616 5709 2736 5765 loco
2763 5705 3019 5763 Sedulius
3048 5701 3291 5773 episc0pi
3320 5700 3446 5755 mu.-

1846 5816 1948 5869 ntts
1978 5809 2195 5874 abierit,
2223 5805 2626 5863 ortininolatet:
2650 5813 2773 5856 nam
2795 5785 3068 5856 Oretanus
3091 5796 3448 5867 episcopatus

1846 5903 2055 5962 Sedulii
2086 5897 2261 5960 fabula
2293 5909 2376 5956 est
2417 5913 2446 5953 a
2493 5897 2648 5955 nobis
2693 5895 2918 5968 explosa
2947 5901 3097 5948 num.
3137 5890 3224 5945 lii.
3262 5888 3443 5944 Donec
