3904 6332
427 293 533 354 “7

1741 293 2027 354 C(ELIUS
2067 294 2435 359 SEDULIUS.
2464 288 2467 291 r

3657 310 3764 372 448

428 410 579 472 aliud
598 388 810 469 clarius
839 411 1025 483 lumen
1057 408 1335 483 atl‘ulgcat.
1367 409 1643 481 conjicere
1675 410 1832 477 libet,
1862 413 2041 470 Sedu-
2068 416 2123 477 Α
2146 432 2367 490 cumque
2396 419 2596 489 dapes;
2625 422 2689 477 2°
2722 424 2786 478 In
2818 439 2995 482 omnes
3036 427 3283 499 epistolas
3317 428 3482 485 Pauli
3527 433 3768 503 prosaice

431 505 566 565 lium
615 507 670 565 in
717 509 949 577 Achaia,
983 508 1075 563 ttbi
1107 506 1401 580 presbyter
1430 515 1568 575 erat,
1602 515 1659 564 et
1700 506 1873 564 libros
1912 525 2042 567 suos

396 660 399 663 .
433 605 781 676 composuit,
832 604 898 660 ad
939 604 1127 660 sedem
1157 601 1525 673 episcopalem
1567 601 1737 660 fuisse
1767 613 2039 671 evectum,

432 708 600 772 atque
637 698 709 754 ibi
745 698 965 754 tandem
998 696 1156 753 diem
1190 711 1510 768 supremum
1556 696 1782 753 obiisse.
1815 697 2045 773 .Dubitet

433 794 597 851 etiam
624 793 860 865 aliquis,
902 809 971 848 an
1001 792 1208 849 alicubi
1238 792 1477 855 Sedulio
1531 793 1820 866 religiosus
1865 794 2043 851 honor

435 886 712 958 priestitus
768 886 948 941 luerit.
1009 885 1266 943 Asterius
1324 903 1449 943 eum
1507 894 1662 943 vocat
1711 887 1943 961 justum,
1988 897 2046 945 ct

433 977 694 1038 Alcuinus
720 979 961 1049 Beatum,
998 992 1057 1036 ιιι
1089 997 1269 1053 nuper
1297 981 1557 1038 vidimus.
1608 980 1688 1037 lta
1736 981 1900 1038 etiam
1948 998 2043 1053 ap-

437 1076 608 1145 pellat
659 1076 969 1150 exscrjptor
1012 1076 1220 1134 codicis
1267 1076 1615 1135 bibliotheca:
1662 1078 2044 1137 Laurentianus

433 1172 765 1232 Florentium
825 1173 1100 1230 referendi
1156 1190 1310 1230 num.
1376 1174 1467 1241 86,
1524 1184 1579 1230 et
1630 1186 1821 1232 noster
1860 1175 2041 1232 codex

434 1264 567 1337 Reg.
621 1266 678 1331 2,
734 1276 793 1322 ut
849 1267 1001 1339 leges
1030 1268 1082 1323 in
1110 1266 1352 1325 Scholiis
1400 1269 1469 1323 ad
1517 1268 1729 1325 titulum
1780 1271 2043 1327 carminis

432 1359 733 1430 paschalis.
767 1360 1123 1417 Mabillonius
1151 1360 1335 1418 Veter.
1382 1363 1625 1419 Analect.
1660 1362 1833 1420 Paris.
1869 1366 2040 1436 1725‘,

443 1467 563 1523 pag.
615 1452 742 1521 548,
798 1469 866 1510 ex
919 1454 1110 1512 codice
1140 1454 1409 1512 Vaticano
1439 1470 1707 1519 annorum
1758 1469 1885 1513 tunc
1931 1457 2044 1514 fere

436 1548 861 1620 quingentorum
882 1550 1093 1623 profert
1111 1567 1246 1623 opus
1269 1551 1343 1609 ita
1370 1552 1730 1624 inscriptum:
1757 1552 2040 1624 Revelatio,

432 1656 549 1712 qute
575 1650 777 1699 ostensa
806 1655 880 1699 est
907 1644 1187 1700 venerabili
1234 1646 1345 1701 viro
1378 1646 1728 1720 Hispaniensi
1758 1647 2044 1720 Eldefonso

381 1758 385 1761 ·
434 1738 677 1809 episcopo
706 1738 879 1811 (anno
908 1740 1059 1810 845).
1091 1739 1151 1797 ln
1199 1741 1304 1797 hoc
1351 1759 1520 1813 opere
1550 1744 1629 1800 sic
1662 1745 1918 1806 laudatur
1939 1747 2040 1804 Sc-

2145 505 2265 562 libri
2296 525 2411 574 nv,
2436 511 2731 583 Antequam
2757 514 3059 585 Apostolica
3088 518 3279 587 verba;
3308 520 3371 575 3°
3394 520 3474 575 De
3495 524 3768 581 miraculis

2145 597 2341 657 Christi
2369 602 2498 658 liber
2524 620 2571 672 ι,
2606 606 2651 660 Α
2676 608 2802 664 solis
2828 620 2977 667 ortus
3009 613 3260 681 cardine;
3290 613 3355 669 4°
3392 617 3478 671 Ad
3514 615 3763 676 Theodo-

2144 697 2277 768 sium
2307 697 2675 771 imperatorem
2719 702 2854 759 liber
2888 721 2940 772 ι,
2988 708 3335 765 Romulidum
3373 710 3566 766 ductor
3591 714 3763 781 clari;

2146 790 2207 846 5°
2230 789 2298 845 In
2322 796 2493 865 majus
2517 794 2756 851 volumen
2783 795 3046 855 Prisciani
3070 802 3264 870 liberi;
3289 804 3351 860 6°
3376 803 3445 859 In
3470 806 3758 863 secundum

2144 883 2423 940 editionem
2454 885 2649 943 Donati
2681 890 2809 945 liber
2837 908 2880 958 l;
2913 894 2973 947 7°
3013 891 3452 952 Exhortatoriunt
3481 898 3555 953 ad
3579 900 3759 970 ﬁdeles

2146 974 2273 1035 liber
2301 997 2319 1035 ι
2343 1024 2356 1046 ,
2389 980 2691 1055 Cantemus,
2724 988 2877 1056 socii,
2901 985 3162 1058 Domino;
3191 992 3254 1047 8°
3280 991 3557 1065 Epistolas
3584 995 3761 1065 plures

2144 1074 2216 1128 ad
2246 1075 2475 1132 diversos
2501 1078 2631 1134 liber
2660 1096 2709 1148 ι,
2748 1081 2999 1138 Sedulius
3033 1083 3360 1161 Scotigena;
3391 1088 3457 1143 9°
3486 1086 3569 1144 De
3598 1090 3762 1146 mira—

2146 1171 2277 1226 culis
2302 1169 2497 1229 Christi
2525 1175 2759 1245 prosaice
2790 1175 2908 1232 libri
2933 1193 2993 1233 ll.

2220 1264 2309 1321 50.
2337 1266 2503 1322 Addit
2526 1267 2878 1338 Trithemius,
2905 1273 3010 1329 alia
3037 1275 3298 1332 nonnulla
3323 1274 3610 1335 Sedulium
3639 1279 3759 1338 edi-

2147 1357 2316 1429 disse,
2348 1362 2564 1431 quazad
2592 1377 2745 1419 suam
2766 1354 2775 1365 Ὗ
2799 1367 3051 1424 notitiam
3080 1384 3188 1426 non
3220 1382 3507 1428 venerant.
3559 1372 3761 1445 Singil-

2146 1450 2301 1507 latim
2354 1453 2472 1509 Iucc
2528 1455 2650 1527 ipsa
2702 1473 2803 1515 nos
2851 1459 3236 1520 discutiemus.
3309 1463 3756 1526 Celeberrimum

2146 1542 2358 1599 Sedulii
2389 1560 2526 1616 opus
2553 1557 2879 1608 estcarmen
2932 1554 3216 1624 paschale.
3253 1556 3308 1613 In
3340 1574 3458 1615 var.
3502 1560 3633 1616 lect.
3691 1561 3758 1618 ad

2146 1636 2436 1708 epistolam
2491 1642 2883 1703 dedicatoriam
2936 1649 3197 1721 observo,
3231 1653 3645 1724 Macedonium,
3673 1659 3759 1715 cui

2152 1746 2343 1801 poema
2368 1732 2471 1791 hoc
2493 1735 2729 1794 dicatum
2756 1748 2863 1809 est,
2895 1742 2948 1799 in
2974 1760 3108 1800 mss.
3138 1750 3321 1803 vocari
3346 1748 3758 1822 presbyterum,

431 1829 617 1885 (iulius
643 1849 654 1884 :
682 1829 879 1901 Deﬁnit
931 1822 1144 1889 sanctus
1195 1835 1448 1892 Sedulius
1490 1838 1800 1894 mirabiliter
1827 1841 2003 1897 dicens
2026 1858 2045 1897 :

2154 1842 2260 1882 non
2318 1829 2576 1901 abbatem,
2626 1846 2683 1889 ut
2735 1835 3071 1895 'l‘ritbemius
3122 1825 3244 1896 cum
3298 1821 3562 1913 appellat.
3610 1843 3759 1901 ldent

434 1920 560 1978 Non
590 1925 716 1996 quia
742 1926 831 1998 qui
857 1943 1088 1983 summus
1130 1939 1281 2000 pater
1315 1940 1424 1998 est,
1456 1942 1565 1987 etc.
1603 1933 1708 2005 18
1751 1932 1887 1991 Vide
1921 1934 1958 1990 l.
1994 1951 2040 2001 ι,

434 2026 581 2073 vers.
631 2017 758 2074 διε).
808 2017 887 2075 De
934 2029 1160 2078 auctore
1211 2022 1375 2093 hujus
1419 2025 1640 2096 operis,
1685 2034 1781 2082 aut
1822 2027 1890 2084 de
1941 2030 2045 2086 hoc

438 2110 703 2182 episcOpo
758 2112 1106 2186 Hispaniensi
1161 2116 1434 2173 lldefonso
1491 2118 1624 2174 nihil
1682 2119 1905 2177 aliunde
1950 2137 2046 2177 ex-

433 2204 638 2277 piscari
664 2207 837 2278 potui,
867 2209 970 2266 nisi
999 2208 1266 2283 suspicari
1293 2212 1479 2282 libeat,
1506 2214 1675 2273 fuisse
1706 2216 2041 2274 Adefonsum

430 2300 757 2373 episcopum
790 2304 1213 2378 Salmantinum,
1245 2310 1405 2381 cujus
1433 2311 1797 2383 epitaphium,
1830 2328 1857 2368 a
1881 2313 2044 2371 Petro

436 2394 768 2455 Pictavieusi
794 2404 1191 2473 coitscriptum,
1215 2404 1416 2477 legitur
1438 2415 1573 2464 tom.
1597 2406 1742 2464 XXII
1780 2409 2040 2465 Biblioth.

437 2489 661 2548 Patrum
696 2493 867 2566 Lugd.
916 2497 1053 2570 Ejus
1082 2514 1192 2555 non
1225 2490 1474 2557 meminit
1514 2501 1635 2559 Nic.
1689 2501 1962 2560 Antonius
1990 2503 2042 2560 in

436 2585 699 2671 Bibliotb.
738 2590 890 2662 liisp.
924 2594 1116 2666 Agitur
1163 2611 1231 2652 eo
1282 2596 1335 2652 in
1386 2613 1567 2669 opere.
1605 2597 1674 2654 de
1713 2598 1945 2671 panibus
1989 2603 2044 2656 in

439 2670 685 2741 Ecclesia
716 2686 1037 2756 otl’erendis,
1073 2700 1128 2747 et
1163 2691 1235 2750 de
1263 2693 1455 2766 signis,
1490 2710 1611 2764 quae
1638 2670 1819 2752 inesse
1846 2697 2049 2753 debent

440 2775 635 2833 hostia:
686 2782 1104 2839 consecrandus.
1163 2785 1393 2857 Incipit:
1428 2789 1580 2842 Anno
1632 2789 2048 2861 octingentesimo

353 2890 357 2893 ·
436 2869 833 2944 quadragesimo
854 2875 1038 2944 quinto
1066 2874 1452 2950 Incarnationis
1479 2879 1694 2936 Domini
1719 2884 1880 2937 nostri
1920 2882 2047 2938 Iesu

439 2958 703 3017 Christi...
744 2965 800 3017 in
826 2966 940 3020 visu
969 2970 1220 3038 apparuit
1249 2969 1409 3039 mihi,
1463 2983 1576 3030 etc.
1630 2972 1752 3028 Vidi
1799 2974 2044 3032 codicem

437 3053 617 3121 ipsum
652 3056 968 3114 Vaticanum
1003 3062 1172 3125 15H,
1228 3064 1283 3118 in
1328 3079 1439 3134 quo
1492 3074 1614 3136 post
1660 3066 2043 3123 collectionem

439 3146 837 3218 Couciliorum,
871 3154 1074 3209 szcculo
1104 3155 1324 3211 circiter
1351 3161 1381 3211 ‘x
1411 3159 1697 3229 scriptam,
1726 3158 2045 3218 charactere

2150 1919 2490 1980 Trithemius
2516 1930 2767 1999 agnoscit
2789 1932 3073 2006 prologum
3099 1936 3421 2005 metricum,
3469 1937 3761 1996 Paschales

2146 2014 2466 2089 quicumque
2494 2021 2681 2094 dapes;
2731 2041 2837 2081 non
2889 2037 3078 2085 tamen
3109 2029 3328 2087 videtur
3358 2030 3488 2088 huic
3530 2033 3761 2091 carmini

2147 2120 2442 2170 annectere
2490 2117 2827 2188 epigramma
2858 2112 2925 2176 ad
2956 2122 3351 2194 Theodosium,
3414 2127 3761 2184 Romulidum

2147 2205 2357 2276 ductor,
2390 2209 2534 2280 quod
2588 2227 2687 2281 pro
2709 2222 2970 2284 separato
3000 2232 3065 2271 ac
3120 2218 3339 2273 diverso
3391 2219 3533 2276 libro
3586 2222 3757 2292 ponit.

2150 2300 2435 2367 Fabricius
2466 2305 2517 2361 in
2544 2304 2806 2364 Biblimh.
2835 2318 2944 2365 vet.
2972 2310 3097 2366 Lat.
3145 2311 3406 2379 afﬁrmat,
3464 2313 3759 2384 epistolam

2149 2397 2492 2467 prazntissam
2546 2400 2613 2455 ad
2644 2400 3020 2457 lllaccdouium
3061 2415 3182 2474 post
3206 2402 3420 2460 Sedulii
3463 2413 3697 2461 mortem
3728 2420 3759 2461 ι

2148 2490 2351 2549 Turcio
2404 2494 2562 2551 Rullo
2613 2493 2835 2574 Asteria
2887 2496 3129 2552 additam
3166 2496 3526 2557 ,fuisse:sed
3549 2496 3759 2556 fallitur

2149 2594 2319 2653 certe,
2354 2586 2719 2645 ballucinatus
2750 2588 2985 2647 fortasse
3013 2606 3079 2647 ex
3104 2592 3496 2664 epigrammate
3521 2592 3753 2661 Asterii,

2152 2676 2334 2746 Same,
2362 2696 2534 2749 sacer,
2564 2690 2675 2739 etc.

2222 2774 2312 2831 51.
2352 2772 2743 2834 Cmitroversia
2793 2794 2982 2850 magna
3013 2788 3097 2836 est
3119 2780 3189 2835 de
3218 2795 3452 2837 numero
3481 2780 3752 2837 librorum

2150 2868 2411 2924 carminis
2443 2870 2739 2940 paschalis,
2771 2887 2908 2941 quos
2960 2881 3194 2943 quatuor
3218 2886 3344 2928 esse
3372 2871 3510 2927 dicit
3535 2872 3756 2930 Tritheo

2153 2960 2314 3015 mius.
2349 2961 2670 3019 Parrhasius
2701 2965 2970 3034 integrum
3004 2979 3194 3035 poema
3222 2963 3438 3021 Sedulii
3492 2965 3615 3022 sine
3646 2967 3752 3021 ulla

2150 3051 2506 3111 distinctione
2526 3056 2785 3111 librorum
2809 3056 3000 3112 edidit.
3026 3055 3210 3114 Codex
3239 3056 3535 3114 Vaticanus
3564 3074 3755 3115 secun-

2149 3144 2275 3213 dus,
2332 3164 2494 3218 quem
2551 3164 2700 3204 num.
2753 3150 2821 3206 65
2869 3148 3203 3217 describam,
3241 3160 3414 3206 totum
3442 3166 3666 3207 carmen
3701 3154 3751 3209 in

438 3243 737 3299 recentiori
793 3257 1020 3301 exarata
1072 3255 1163 3325 est
1203 3233 1485 3306 Revelatio
1537 3241 1896 3309 Eldefonsiin
1940 3255 2044 3312 fine

2154 3244 2285 3299 duos
2340 3254 2551 3300 tantum
2591 3245 2759 3303 libros
2808 3245 3020 3302 dividit.
3076 3245 3135 3301 ld
3164 3255 3386 3303 secutus
3415 3255 3504 3304 est
3532 3249 3753 3320 Anony-

440 3334 751 3391 voluminis.
800 3338 1065 3395 Mendose
1104 3350 1288 3397 autem
1334 3343 1531 3414 legitur
1574 3345 1673 3399 hoc
1719 3355 1766 3400 et
1805 3346 1946 3415 ﬁlius
1974 3359 2047 3404 est

438 3441 540 3499 pro
597 3438 643 3484 et
684 3430 827 3499 ﬁlius
873 3433 968 3487 hoc
1021 3444 1117 3489 est.
1167 3436 1322 3504 Quod
1364 3438 1557 3494 attinet
1602 3440 1667 3494 ad
1724 3440 2043 3511 Sedulium,

439 3521 711 3591 ejusmodi
741 3525 922 3596 elogia
938 3529 1097 3597 justi,
1130 3530 1288 3597 beati,
1321 3541 1484 3603 atque
1510 3533 1647 3589 adeo
1672 3537 1841 3591 sancti
1866 3538 2046 3607 probi-

441 3625 608 3671 tatem
658 3618 782 3688 ejus
833 3622 963 3676 vitte
1012 3633 1244 3693 possunt
1287 3627 1651 3696 conﬁrmare,
1717 3647 1823 3687 non
1866 3626 2044 3690 autem

437 3710 681 3778 cflicere,
717 3723 776 3768 ut
807 3714 1205 3787 intelligamus,
1240 3721 1496 3778 ctelcstes
1526 3725 1760 3780 honores
1807 3726 1881 3781 illi
1928 3743 2044 3782 um-

445 3821 607 3876 quam
656 3807 935 3865 cxhibitos
967 3810 1180 3879 fuisse,
1211 3828 1336 3869 cum
1388 3816 1506 3885 ejus
1556 3833 1751 3874 nomen
1800 3819 1852 3875 in
1898 3822 2047 3878 nullo

442 3900 837 3972 martyrologio
883 3902 1210 3975 inscriptum
1256 3907 1400 3963 inter
1446 3919 1669 3967 sanctos
1720 3916 2044 3985 reperiatur,

443 4004 619 4061 neque
650 3992 769 4063 ejus
801 3997 1065 4051 memoria
1085 3998 1145 4053 in
1174 3999 1302 4054 ullis
1328 4001 1482 4057 libris
1507 4003 1771 4076 liturgicis
1794 4008 2049 4079 religioso

441 4086 590 4140 cultu
641 4077 971 4145 celebretur.
1019 4091 1364 4149 Bollandiaui
1396 4096 1464 4151 ad
1496 4096 1640 4153 diem
1674 4101 1739 4154 12
1769 4077 2048 4156 Februarii

441 4175 586 4232 inter
618 4183 1020 4249 prietermissos
1052 4184 1297 4241 referunt
1344 4188 1406 4244 C.
1463 4188 1695 4247 Ctelium
1745 4192 2045 4251 Sedulium.

441 4265 717 4342 Colganus
746 4275 813 4327 ad
848 4274 987 4333 hanc
1030 4278 1176 4335 diem
1210 4281 1327 4352 ejus
1360 4285 1633 4351 meminit,
1689 4286 1785 4343 sed
1838 4299 2048 4347 tantum

445 4362 551 4418 sub
584 4366 739 4422 titulo
782 4367 1225 4439 Venerabtlis;ita
1251 4376 1468 4447 quidem
1495 4389 1722 4436 vocatur
1749 4382 1802 4436 in
1816 4382 2051 4440 Decreto

448 4452 762 4527 Gelasiano,
816 4473 874 4516 ut
919 4464 987 4518 ab
1036 4467 1329 4523 lliucmaro
1382 4471 1455 4527 de
1508 4487 1615 4528 non
1659 4473 1798 4529 trina
1838 4474 2052 4533 Deitate

449 4554 792 4609 venerandus.
831 4557 1179 4627 Dempsterus
1208 4564 1245 4618 Ι.
1288 4580 1347 4621 ιιι
1373 4565 1512 4622 HiSt.
1548 4564 1763 4624 Eacles.
1794 4569 1969 4635 Scot.,
1997 4581 2051 4627 ct

2152 3353 2274 3392 mus
2298 3337 2631 3395 Mellicensis
2660 3354 2781 3410 cap.
2816 3339 2886 3404 55
2910 3338 2979 3395 de
3008 3338 3210 3411 Script.
3263 3340 3572 3396 ecclesiast.
3634 3352 3753 3413 post

2118 3439 2120 3441 ’
2151 3429 2416 3486 Biblioth.
2476 3432 2839 3488 Benedictino
2863 3461 2888 3473 -
2914 3431 3249 3487 Maurianam
3304 3432 3567 3505 Bernardi
3601 3432 3706 3489 Pes
3734 3449 3749 3489 :

2152 3523 2408 3581 Sedulius
2458 3526 2675 3582 antistes
2703 3528 2769 3582 ad
2801 3525 3177 3581 Macedoniam
3233 3527 3593 3601 presbyterum
3643 3543 3753 3580 ma-

2150 3622 2371 3694 gistrum
2429 3638 2581 3676 suum
2634 3620 2795 3676 libros
2833 3622 2986 3687 duos,
3019 3622 3083 3675 de
3104 3622 3260 3676 veteri
3304 3621 3525 3703 scilicet,
3553 3629 3603 3675 et
3626 3636 3751 3674 noro

2155 3712 2508 3782 Testamento,
2537 3725 2702 3770 metro
2742 3714 3049 3786 conscripsit
3078 3714 3311 3784 heroico,
3341 3714 3531 3786 quibus
3558 3724 3608 3768 et
3632 3730 3751 3786 pro.

2152 3802 2314 3863 lituum
2344 3816 2585 3880 prosaice‘
2608 3812 2859 3881 scriptum
2890 3810 3177 3881 praposuit
3199 3809 3490 3881 prologum.
3517 3808 3750 3864 Isidorus

2151 3902 2220 3958 de
2249 3901 2453 3973 Script.
2483 3904 2708 3970 cccles.,
2740 3904 2855 3959 sive
2874 3903 2943 3959 de
2966 3902 3085 3959 Vir.
3120 3904 3320 3958 illustr.
3354 3919 3475 3972 cap.
3518 3904 3605 3967 eo,
3636 3911 3747 3957 tres

2156 4005 2364 4053 Lintqu
2400 4000 2567 4053 libros
2598 4001 2679 4055 sic
2704 3999 2991 4069 distinguit
3022 4016 3035 4051 :
3069 3996 3318 4054 Sedulius
3360 3999 3614 4069 presbyter
3640 3995 3751 4048 rdi-

2154 4091 2232 4145 dit
2259 4101 2359 4147 tres
2393 4091 2549 4146 libros
2580 4092 2844 4163 dactylico
2874 4092 3081 4146 heroico
3104 4101 3265 4145 metro
3283 4090 3748 4159 eo;npositos,qno-

2154 4202 2269 4239 rum
2298 4187 2497 4256 prinms
2526 4187 2700 4259 signa,
2730 4194 2777 4240 et
2803 4186 3015 4239 virtutes
3066 4185 3247 4239 ueteris
3301 4182 3608 4239 Testamenti
3648 4198 3748 4249 pa-

2157 4280 2437 4334 tentissime
2466 4262 2707 4345 resonat;
2765 4280 2947 4350 reliqui
2996 4294 3118 4333 vero
3146 4290 3414 4351 gestorum
3438 4278 3544 4350 20
3560 4275 3746 4332 Christi

2154 4382 2475 4431 sacramenta
2510 4416 2525 4441 ,
2554 4376 2633 4429 vel
2658 4373 2909 4428 miracula
2940 4373 3195 4426 intonant.
3228 4373 3584 4443 Suspicantur
3607 4386 3743 4425 non-

2156 4468 2311 4533 nulli,
2330 4468 2382 4523 iu
2414 4482 2547 4524 mss.
2567 4467 2987 4523 codiceslsidori
3001 4480 3247 4521 errorem
3265 4464 3646 4536 incidisse,qui
3666 4463 3743 4518 fa-

2155 4564 2261 4619 cile
2284 4564 2428 4620 solet
2456 4564 2507 4617 in
2539 4563 2782 4618 numeris
2795 4562 3115 4632 contingere
3144 4572 3199 4615 ut
3224 4576 3283 4615 ut
3301 4576 3400 4632 pro
3427 4577 3476 4615 iv
3497 4570 3683 4629 autpro
3705 4573 3734 4613 ν

453 4641 624 4699 David
655 4644 1000 4706 Camerarius
1027 4654 1061 4707 Ι.
1103 4670 1160 4708 ιιι
1198 4656 1264 4711 de
1296 4656 1447 4713 Scot.
1495 4661 1625 4731 pici.
1670 4662 1737 4717 ad
1788 4663 1932 4720 diem
1960 4631 2053 4720 '20
2082 4631 2134 4691 D
2160 4660 2422 4731 scriptum
2476 4656 2656 4713 fuerit.
2710 4657 2939 4713 Librarii
2964 4631 3143 4711 autem
3177 4631 3336 4711 facile
3359 4669 3612 4711 numeros
3635 4669 3728 4725 per

456 4736 741 4795 Februarii
770 4741 1024 4799 Sanctum
1052 4746 1239 4803 dicunt
1263 4766 1276 4804 :
1303 4751 1650 4810 Camerarius
1676 4757 1771 4823 ait,
1820 4758 1887 4813 ab
1932 4758 2051 4814 aliis
2078 4756 2081 4761 ’

454 4828 601 4886 diem
645 4831 840 4889 festum
892 4840 1019 4907 poni
1072 4841 1336 4899 l3Junii.
1390 4846 1729 4906 Bollandiaui
1781 4852 1835 4907 in
1888 4854 2049 4911 nullis

456 4924 613 4983 fastis
642 4945 839 4987 nomen
882 4933 1090 4990 Sedulii
1142 4953 1487 5009 repererunt.
1539 4946 1889 5015 Dempsterus
1941 4950 2044 5004 loc.

452 5021 547 5074 cit.
584 5024 1055 5091 tradit,Joaunem
1080 5030 1421 5097 Gl’ODDcrllltl
1450 5044 1489 5090 t.
1510 5036 1756 5105 l,deAlt.
1783 5057 2043 5108 sacram.,

455 5124 577 5182 pag.
608 5115 733 5182 560,
764 5132 832 5172 ex
864 5120 1118 5176 versione
1161 5120 1541 5196 Christophori
1572 5128 1818 5187 Cassiani
1844 5134 2049 5189 Traba—

452 5205 672 5264 chcnsis
726 5212 997 5282 probare,
1047 5214 1331 5274 Sedulium
1378 5223 1582 5278 sanctis
1631 5240 2048 5287 aunumeratum

455 5316 578 5359 esse
588 5342 602 5357 .

1074 5406 1308 5466 CAPUT
1349 5408 1413 5463 ll.

853 5494 1027 5567 Opera
1059 5498 1271 5556 Sedulii
1299 5512 1653 5558 recensentur.

518 5585 609 5641 29.
643 5587 963 5661 Catalogum
986 5606 1217 5661 operum
1241 5594 1449 5651 Sedulii
1474 5598 1552 5652 sic
1574 5599 1817 5653 contexit
1836 5598 2051 5655 Trithe-

448 5680 589 5735 mius
632 5698 646 5735 :
694 5682 755 5738 l0
810 5683 892 5738 Ad
940 5684 1310 5742 Macedoniam
1362 5689 1608 5745 Abbatent
1655 5708 1782 5764 opus
1835 5693 2048 5765 insigne

440 5774 595 5842 juxta
622 5776 808 5832 seriem
841 5780 999 5835 totius
1045 5780 1351 5855 Evangelii,
1403 5786 1507 5857 ιθ
1551 5787 1690 5857 quod
1733 5789 2046 5860 prtenotauit

354 5854 355 5857 “
444 5863 661 5925 Carmen
692 5872 954 5945 paschale,
987 5878 1225 5949 ‘metrice,
1281 5877 1534 5949 libri_tv,
1598 5879 1877 5937 Puscltales
1926 5884 2047 5953 qui-

2162 4752 2374 4806 litteras
2402 4750 2812 4820 exprimebant,
2844 4758 2903 4803 ut
2924 4748 2969 4804 si
3004 4748 3318 4803 invenirent
3341 4763 3398 4802 Ill
3431 4746 3601 4813 libros,
3642 4745 3737 4814 ipsi

2161 4844 2543 4901 describerent
2570 4856 2669 4898 tres
2694 4844 2873 4899 libros.
2908 4842 3162 4897 Fortasse
3186 4841 3428 4898 Isidorus
3457 4858 3574 4898 cum
3602 4842 3739 4896 Aue-

2161 4954 2325 5010 nytnu
2348 4938 2647 4993 Mellicensi
2677 4952 2899 4992 carmen
2952 4935 3205 5007 paschale
3229 4938 3280 4991 in
3310 4935 3449 4991 duos
3478 4936 3639 4990 libros
3660 4932 3738 4987 di-

2156 5030 2399 5097 videbat,
2428 5030 2759 5101 tertiumque
2788 5018 3042 5095 addebat,
3092 5028 3323 5099 elegiam
3376 5028 3643 5094 nimirum,
3684 5035 3734 5081 et

2154 5124 2439 5196 hymnum,
2468 5123 2666 5194 quibus
2695 5124 2857 5177 etiam
2880 5123 2990 5177 vita
3020 5119 3222 5177 Christi
3254 5122 3562 5192 exponitur.
3584 5118 3731 5176 Jonas

2155 5219 2561 5276 Aurelianensis
2589 5218 2625 5272 Ι.
2660 5234 2699 5273 ιι
2729 5217 2797 5273 de
2819 5217 2958 5272 Cult.
2986 5214 3280 5286 imaginum
3311 5215 3507 5271 librum
3535 5212 3729 5285 tertium

2154 5314 2424 5371 carminis
2450 5325 2630 5380 vocat,
2662 5329 2823 5382 quem
2854 5329 2951 5367 nos
2973 5312 3223 5384 quintum
3253 5310 3514 5367 dicimus.
3554 5308 3650 5366 Sed
3671 5322 3728 5361 ει

2154 5408 2368 5465 duobus
2392 5424 2522 5463 mss.
2583 5408 2864 5464 codicibus
2891 5407 3078 5463 lSidOl’i
3105 5408 3175 5462 de
3210 5406 3325 5461 Vir.
3361 5407 3583 5473 illustr.,
3607 5416 3725 5475 quos

2155 5500 2289 5567 vidi,
2345 5502 2578 5571 colligo,
2628 5503 3001 5572 conjecturam
3057 5499 3421 5570 quorumdam
3466 5498 3533 5555 de
3565 5511 3725 5553 errore

2156 5610 2511 5649 numerorum
2545 5595 2597 5650 in
2621 5594 2764 5650 libro
2794 5593 2853 5650 S.
2893 5591 3088 5648 lsitlori
3144 5590 3501 5646 fundamento
3527 5604 3622 5645 non
3643 5603 3723 5641 ca-

2154 5704 2297 5746 rere.
2350 5689 2613 5746 Nimirum
2663 5690 2716 5744 in
2745 5687 2936 5744 codice
2965 5685 3090 5740 Vat.
3145 5684 3281 5755 Reg.
3334 5683 3441 5741 549
3462 5685 3725 5740 chartaceo

2155 5782 2625 5840 Miscellaneorum
2660 5798 2781 5853 pag.
2819 5781 2919 5837 107
2943 5787 3119 5834 exstat
3150 5778 3343 5834 lsidori
3376 5779 3516 5834 liber
3536 5775 3599 5833 de
3624 5772 3718 5831 Vir.

2155 5879 2351 5934 illustr.
2406 5878 2514 5942 ium
2568 5875 2794 5934 editioni
2858 5882 3100 5945 paratus,
3131 5881 3188 5928 ut
3214 5889 3282 5931 ex
3307 5872 3419 5930 line
3460 5880 3618 5944 patet,
3644 5865 3719 5922 ubi
