  <div class='ocr_page' id='page_1' title='image "/cluster/home/n/w/nwhite01/storage/ocr_20150623/18-19/uva.x000826554/1016.png"; bbox 0 0 3896 6364; ppageno 0'>
   <div class='ocr_carea' id='block_1_1' title="bbox 118 250 213 305">
    <p class='ocr_par' dir='ltr' id='par_1_1' title="bbox 118 250 213 305">
     <span class='ocr_line' id='line_1_1' title="bbox 118 250 213 305; baseline -0.042 0"><span class='ocrx_word' id='word_1_1' title='bbox 118 250 213 305; x_wconf 64' lang='grc' dir='ltr'>Η]</span> 
     </span>
    </p>
   </div>
   <div class='ocr_carea' id='block_1_2' title="bbox 1481 248 2015 306">
    <p class='ocr_par' dir='ltr' id='par_1_2' title="bbox 1481 248 2015 306">
     <span class='ocr_line' id='line_1_2' title="bbox 1481 248 2015 306; baseline 0 -2"><span class='ocrx_word' id='word_1_2' title='bbox 1481 248 1848 306; x_wconf 71' lang='grc' dir='ltr'>ινιιυιεϐυιι</span> <span class='ocrx_word' id='word_1_3' title='bbox 1862 251 2015 306; x_wconf 64' lang='lat' dir='ltr'><strong>ENA.</strong></span> 
     </span>
    </p>
   </div>
   <div class='ocr_carea' id='block_1_3' title="bbox 3311 248 3418 304">
    <p class='ocr_par' dir='ltr' id='par_1_3' title="bbox 3311 248 3418 304">
     <span class='ocr_line' id='line_1_3' title="bbox 3311 248 3418 304; baseline 0.019 -2"><span class='ocrx_word' id='word_1_4' title='bbox 3311 248 3418 304; x_wconf 74' lang='grc'><strong>450</strong></span> 
     </span>
    </p>
   </div>
   <div class='ocr_carea' id='block_1_4' title="bbox 117 359 3432 436">
    <p class='ocr_par' dir='ltr' id='par_1_4' title="bbox 117 359 3432 436">
     <span class='ocr_line' id='line_1_4' title="bbox 117 359 3432 436; baseline -0.002 -20"><span class='ocrx_word' id='word_1_5' title='bbox 117 361 297 432; x_wconf 82' lang='lat' dir='ltr'><strong>legitur</strong></span> <span class='ocrx_word' id='word_1_6' title='bbox 329 380 339 413; x_wconf 93' lang='lat'>:</span> <span class='ocrx_word' id='word_1_7' title='bbox 377 362 434 415; x_wconf 64' lang='lat' dir='ltr'><strong>Si</strong></span> <span class='ocrx_word' id='word_1_8' title='bbox 466 362 722 415; x_wconf 60' lang='lat' dir='ltr'><strong>t-idsbitur</strong></span> <span class='ocrx_word' id='word_1_9' title='bbox 760 359 821 414; x_wconf 75' lang='grc' dir='ltr'><strong>Β.</strong></span> <span class='ocrx_word' id='word_1_10' title='bbox 865 359 1012 414; x_wconf 86' lang='lat' dir='ltr'><strong>Patri</strong></span> <span class='ocrx_word' id='word_1_11' title='bbox 1043 363 1174 416; x_wconf 89' lang='lat' dir='ltr'><strong>sacri</strong></span> <span class='ocrx_word' id='word_1_12' title='bbox 1201 365 1385 432; x_wconf 86' lang='lat' dir='ltr'><strong>palatii</strong></span> <span class='ocrx_word' id='word_1_13' title='bbox 1438 366 1716 436; x_wconf 84' lang='lat' dir='ltr'><strong>magistro,</strong></span> <span class='ocrx_word' id='word_1_14' title='bbox 1745 363 1798 423; x_wconf 76' lang='grc' dir='ltr'>Α</span> <span class='ocrx_word' id='word_1_15' title='bbox 1826 363 1996 435; x_wconf 86' lang='lat' dir='ltr'><strong>pitula</strong></span> <span class='ocrx_word' id='word_1_16' title='bbox 2051 365 2234 418; x_wconf 70' lang='lat' dir='ltr'><strong>veteris</strong></span> <span class='ocrx_word' id='word_1_17' title='bbox 2281 364 2625 420; x_wconf 79' lang='lat' dir='ltr'><strong>Testamrnti.</strong></span> <span class='ocrx_word' id='word_1_18' title='bbox 2679 360 2951 431; x_wconf 78' lang='lat' dir='ltr'><strong>Incipiunt</strong></span> <span class='ocrx_word' id='word_1_19' title='bbox 3025 359 3254 429; x_wconf 78' lang='lat' dir='ltr'><strong>capitula</strong></span> <span class='ocrx_word' id='word_1_20' title='bbox 3313 361 3432 413; x_wconf 81' lang='lat' dir='ltr'><strong>libri</strong></span> 
     </span>
    </p>
   </div>
   <div class='ocr_carea' id='block_1_5' title="bbox 116 446 1712 525">
    <p class='ocr_par' dir='ltr' id='par_1_5' title="bbox 116 446 1712 525">
     <span class='ocr_line' id='line_1_5' title="bbox 116 446 1712 525; baseline 0.001 -18"><span class='ocrx_word' id='word_1_21' title='bbox 116 446 454 524; x_wconf 67' lang='lat' dir='ltr'><strong>impr-ineatur.</strong></span> <span class='ocrx_word' id='word_1_22' title='bbox 495 455 571 510; x_wconf 79' lang='grc' dir='ltr'><strong>Μ.</strong></span> <span class='ocrx_word' id='word_1_23' title='bbox 605 455 858 508; x_wconf 79' lang='lat' dir='ltr'><strong>Antonius</strong></span> <span class='ocrx_word' id='word_1_24' title='bbox 890 454 1136 525; x_wconf 76' lang='lat' dir='ltr'><strong>Archiep.</strong></span> <span class='ocrx_word' id='word_1_25' title='bbox 1168 455 1377 512; x_wconf 87' lang='lat' dir='ltr'><strong>Wasiu.</strong></span> <span class='ocrx_word' id='word_1_26' title='bbox 1406 460 1423 524; x_wconf 94' lang='lat'>(</span> <span class='ocrx_word' id='word_1_27' title='bbox 1453 455 1712 525; x_wconf 86' lang='lat' dir='ltr'><strong>obscure)</strong></span> 
     </span>
    </p>
   </div>
   <div class='ocr_carea' id='block_1_6' title="bbox 131 548 1717 622">
    <p class='ocr_par' dir='ltr' id='par_1_6' title="bbox 131 548 1717 622">
     <span class='ocr_line' id='line_1_6' title="bbox 131 548 1717 622; baseline 0 -18"><span class='ocrx_word' id='word_1_28' title='bbox 131 549 461 622; x_wconf 73' lang='lat' dir='ltr'><strong>Vicrsgcrens.</strong></span> <span class='ocrx_word' id='word_1_29' title='bbox 517 551 571 605; x_wconf 89' lang='lat' dir='ltr'><strong>lu</strong></span> <span class='ocrx_word' id='word_1_30' title='bbox 627 550 731 605; x_wconf 89' lang='lat' dir='ltr'><strong>hoc</strong></span> <span class='ocrx_word' id='word_1_31' title='bbox 785 548 922 603; x_wconf 93' lang='lat' dir='ltr'><strong>libro</strong></span> <span class='ocrx_word' id='word_1_32' title='bbox 955 549 1037 604; x_wconf 92' lang='lat' dir='ltr'><strong>bis</strong></span> <span class='ocrx_word' id='word_1_33' title='bbox 1069 551 1307 621; x_wconf 78' lang='lat' dir='ltr'><strong>elogium</strong></span> <span class='ocrx_word' id='word_1_34' title='bbox 1341 551 1552 608; x_wconf 84' lang='lat' dir='ltr'><strong>Sedulii</strong></span> <span class='ocrx_word' id='word_1_35' title='bbox 1585 566 1717 605; x_wconf 90' lang='lat' dir='ltr'><strong>con-</strong></span> 
     </span>
    </p>
   </div>
   <div class='ocr_carea' id='block_1_7' title="bbox 119 642 1716 712">
    <p class='ocr_par' dir='ltr' id='par_1_7' title="bbox 119 642 1716 712">
     <span class='ocr_line' id='line_1_7' title="bbox 119 642 1716 712; baseline 0.001 -17"><span class='ocrx_word' id='word_1_36' title='bbox 119 642 330 706; x_wconf 76' lang='lat' dir='ltr'><strong>texitur,</strong></span> <span class='ocrx_word' id='word_1_37' title='bbox 359 643 715 712; x_wconf 80' lang='lat' dir='ltr'><strong>scilicetcap.</strong></span> <span class='ocrx_word' id='word_1_38' title='bbox 750 643 837 706; x_wconf 90' lang='grc'><strong>11,</strong></span> <span class='ocrx_word' id='word_1_39' title='bbox 867 650 919 696; x_wconf 92' lang='lat' dir='ltr'><strong>et</strong></span> <span class='ocrx_word' id='word_1_40' title='bbox 944 643 1170 710; x_wconf 63' lang='lat' dir='ltr'><strong>cap.&#39;:’.l;</strong></span> <span class='ocrx_word' id='word_1_41' title='bbox 1202 642 1297 696; x_wconf 85' lang='lat' dir='ltr'><strong>sed</strong></span> <span class='ocrx_word' id='word_1_42' title='bbox 1323 645 1569 712; x_wconf 58' lang='lat' dir='ltr'><strong>catiutﬂi</strong></span> <span class='ocrx_word' id='word_1_43' title='bbox 1593 659 1716 698; x_wconf 89' lang='lat' dir='ltr'><strong>cum</strong></span> 
     </span>
    </p>
   </div>
   <div class='ocr_carea' id='block_1_8' title="bbox 125 734 1714 805">
    <p class='ocr_par' dir='ltr' id='par_1_8' title="bbox 125 734 1714 805">
     <span class='ocr_line' id='line_1_8' title="bbox 125 734 1714 805; baseline 0 -15"><span class='ocrx_word' id='word_1_44' title='bbox 125 735 264 790; x_wconf 89' lang='lat' dir='ltr'><strong>edito</strong></span> <span class='ocrx_word' id='word_1_45' title='bbox 287 737 468 805; x_wconf 90' lang='lat' dir='ltr'><strong>elogio</strong></span> <span class='ocrx_word' id='word_1_46' title='bbox 511 734 806 799; x_wconf 90' lang='lat' dir='ltr'><strong>consentit,</strong></span> <span class='ocrx_word' id='word_1_47' title='bbox 840 743 1009 805; x_wconf 90' lang='lat' dir='ltr'><strong>caput</strong></span> <span class='ocrx_word' id='word_1_48' title='bbox 1039 750 1169 789; x_wconf 85' lang='lat' dir='ltr'><strong>vero</strong></span> <span class='ocrx_word' id='word_1_49' title='bbox 1219 736 1276 790; x_wconf 84' lang='grc'><strong>11</strong></span> <span class='ocrx_word' id='word_1_50' title='bbox 1317 737 1472 791; x_wconf 81' lang='lat' dir='ltr'><strong>valde</strong></span> <span class='ocrx_word' id='word_1_51' title='bbox 1513 737 1714 802; x_wconf 81' lang='lat' dir='ltr'><strong>dillert,</strong></span> 
     </span>
    </p>
   </div>
   <div class='ocr_carea' id='block_1_9' title="bbox 119 829 1718 900">
    <p class='ocr_par' dir='ltr' id='par_1_9' title="bbox 119 829 1718 900">
     <span class='ocr_line' id='line_1_9' title="bbox 119 829 1718 900; baseline -0.001 -16"><span class='ocrx_word' id='word_1_52' title='bbox 119 837 268 899; x_wconf 81' lang='lat' dir='ltr'><strong>atque</strong></span> <span class='ocrx_word' id='word_1_53' title='bbox 295 833 363 884; x_wconf 89' lang='lat' dir='ltr'><strong>ita</strong></span> <span class='ocrx_word' id='word_1_54' title='bbox 407 829 574 885; x_wconf 82' lang='lat' dir='ltr'><strong>habet</strong></span> <span class='ocrx_word' id='word_1_55' title='bbox 607 848 619 883; x_wconf 90' lang='lat'>:</span> <span class='ocrx_word' id='word_1_56' title='bbox 655 829 909 884; x_wconf 76' lang='lat' dir='ltr'><strong>Sedulius</strong></span> <span class='ocrx_word' id='word_1_57' title='bbox 933 829 1218 900; x_wconf 76' lang='lat' dir='ltr'><strong>presbyter,</strong></span> <span class='ocrx_word' id='word_1_58' title='bbox 1251 831 1602 898; x_wconf 79' lang='lat' dir='ltr'><strong>grammatica:</strong></span> <span class='ocrx_word' id='word_1_59' title='bbox 1629 846 1718 899; x_wconf 85' lang='lat' dir='ltr'><strong>pe-</strong></span> 
     </span>
    </p>
   </div>
   <div class='ocr_carea' id='block_1_10' title="bbox 118 920 1723 994">
    <p class='ocr_par' dir='ltr' id='par_1_10' title="bbox 118 920 1723 994">
     <span class='ocr_line' id='line_1_10' title="bbox 118 920 1723 994; baseline -0.001 -18"><span class='ocrx_word' id='word_1_60' title='bbox 118 925 242 977; x_wconf 81' lang='lat' dir='ltr'><strong>ritia:</strong></span> <span class='ocrx_word' id='word_1_61' title='bbox 263 925 448 978; x_wconf 86' lang='lat' dir='ltr'><strong>studiis</strong></span> <span class='ocrx_word' id='word_1_62' title='bbox 481 925 550 977; x_wconf 89' lang='lat' dir='ltr'><strong>ad</strong></span> <span class='ocrx_word' id='word_1_63' title='bbox 578 928 860 994; x_wconf 73' lang='lat' dir='ltr'><strong>perfectum</strong></span> <span class='ocrx_word' id='word_1_64' title='bbox 885 924 1138 987; x_wconf 88' lang='lat' dir='ltr'><strong>imbutus,</strong></span> <span class='ocrx_word' id='word_1_65' title='bbox 1187 921 1349 974; x_wconf 80' lang='lat' dir='ltr'><strong>edidit</strong></span> <span class='ocrx_word' id='word_1_66' title='bbox 1377 920 1586 976; x_wconf 80' lang='lat' dir='ltr'><strong>heroico</strong></span> <span class='ocrx_word' id='word_1_67' title='bbox 1616 938 1723 975; x_wconf 87' lang='lat' dir='ltr'><strong>me-</strong></span> 
     </span>
    </p>
   </div>
   <div class='ocr_carea' id='block_1_11' title="bbox 123 1016 1724 1090">
    <p class='ocr_par' dir='ltr' id='par_1_11' title="bbox 123 1016 1724 1090">
     <span class='ocr_line' id='line_1_11' title="bbox 123 1016 1724 1090; baseline -0.001 -18"><span class='ocrx_word' id='word_1_68' title='bbox 123 1028 192 1073; x_wconf 90' lang='lat' dir='ltr'><strong>tro</strong></span> <span class='ocrx_word' id='word_1_69' title='bbox 218 1023 440 1090; x_wconf 88' lang='lat' dir='ltr'><strong>quinque</strong></span> <span class='ocrx_word' id='word_1_70' title='bbox 469 1019 789 1073; x_wconf 86' lang='lat' dir='ltr'><strong>mirabilium</strong></span> <span class='ocrx_word' id='word_1_71' title='bbox 821 1018 1117 1072; x_wconf 84' lang='lat' dir='ltr'><strong>divinorum</strong></span> <span class='ocrx_word' id='word_1_72' title='bbox 1160 1016 1384 1079; x_wconf 85' lang='lat' dir='ltr'><strong>libellos,</strong></span> <span class='ocrx_word' id='word_1_73' title='bbox 1443 1017 1724 1086; x_wconf 72' lang='lat' dir='ltr'><strong>expediens</strong></span> 
     </span>
    </p>
   </div>
   <div class='ocr_carea' id='block_1_12' title="bbox 120 1110 1720 1184">
    <p class='ocr_par' dir='ltr' id='par_1_12' title="bbox 120 1110 1720 1184">
     <span class='ocr_line' id='line_1_12' title="bbox 120 1110 1720 1184; baseline -0.003 -18"><span class='ocrx_word' id='word_1_74' title='bbox 120 1113 168 1167; x_wconf 90' lang='lat' dir='ltr'><strong>in</strong></span> <span class='ocrx_word' id='word_1_75' title='bbox 195 1115 357 1184; x_wconf 86' lang='lat' dir='ltr'><strong>primo</strong></span> <span class='ocrx_word' id='word_1_76' title='bbox 386 1113 571 1168; x_wconf 79' lang='lat' dir='ltr'><strong>veteris</strong></span> <span class='ocrx_word' id='word_1_77' title='bbox 590 1112 901 1166; x_wconf 73' lang='lat' dir='ltr'><strong>Testamenti</strong></span> <span class='ocrx_word' id='word_1_78' title='bbox 931 1112 1168 1175; x_wconf 76' lang='lat' dir='ltr'><strong>virtutes,</strong></span> <span class='ocrx_word' id='word_1_79' title='bbox 1197 1110 1249 1163; x_wconf 88' lang='lat' dir='ltr'><strong>in</strong></span> <span class='ocrx_word' id='word_1_80' title='bbox 1277 1110 1492 1179; x_wconf 85' lang='lat' dir='ltr'><strong>reliquis</strong></span> <span class='ocrx_word' id='word_1_81' title='bbox 1524 1117 1720 1176; x_wconf 81' lang='lat' dir='ltr'><strong>autem,</strong></span> 
     </span>
    </p>
   </div>
   <div class='ocr_carea' id='block_1_13' title="bbox 121 1204 1723 1279">
    <p class='ocr_par' dir='ltr' id='par_1_13' title="bbox 121 1204 1723 1279">
     <span class='ocr_line' id='line_1_13' title="bbox 121 1204 1723 1279; baseline -0.003 -17"><span class='ocrx_word' id='word_1_82' title='bbox 121 1218 171 1262; x_wconf 85' lang='lat' dir='ltr'><strong>ut</strong></span> <span class='ocrx_word' id='word_1_83' title='bbox 196 1208 302 1274; x_wconf 88' lang='lat' dir='ltr'><strong>ipse</strong></span> <span class='ocrx_word' id='word_1_84' title='bbox 333 1208 592 1275; x_wconf 84' lang='lat' dir='ltr'><strong>meminit,</strong></span> <span class='ocrx_word' id='word_1_85' title='bbox 621 1217 840 1275; x_wconf 77' lang='lat' dir='ltr'><strong>quatuor</strong></span> <span class='ocrx_word' id='word_1_86' title='bbox 869 1205 1270 1279; x_wconf 73' lang='lat' dir='ltr'><strong>Et&#39;angeliorum</strong></span> <span class='ocrx_word' id='word_1_87' title='bbox 1295 1204 1549 1258; x_wconf 86' lang='lat' dir='ltr'><strong>miracula</strong></span> <span class='ocrx_word' id='word_1_88' title='bbox 1579 1204 1723 1257; x_wconf 85' lang='lat' dir='ltr'><strong>ordi-</strong></span> 
     </span>
    </p>
   </div>
   <div class='ocr_carea' id='block_1_14' title="bbox 121 1295 1729 1372">
    <p class='ocr_par' dir='ltr' id='par_1_14' title="bbox 121 1295 1729 1372">
     <span class='ocr_line' id='line_1_14' title="bbox 121 1295 1729 1372; baseline -0.001 -19"><span class='ocrx_word' id='word_1_89' title='bbox 121 1302 267 1362; x_wconf 76' lang='lat' dir='ltr'><strong>navit,</strong></span> <span class='ocrx_word' id='word_1_90' title='bbox 322 1301 470 1370; x_wconf 79' lang='lat' dir='ltr'><strong>eique</strong></span> <span class='ocrx_word' id='word_1_91' title='bbox 512 1300 654 1372; x_wconf 87' lang='lat' dir='ltr'><strong>aperi</strong></span> <span class='ocrx_word' id='word_1_92' title='bbox 690 1315 878 1353; x_wconf 89' lang='lat' dir='ltr'><strong>nontcn</strong></span> <span class='ocrx_word' id='word_1_93' title='bbox 897 1297 1175 1352; x_wconf 79' lang='lat' dir='ltr'><strong>Paschalis</strong></span> <span class='ocrx_word' id='word_1_94' title='bbox 1196 1298 1445 1351; x_wconf 80' lang='lat' dir='ltr'><strong>carminis</strong></span> <span class='ocrx_word' id='word_1_95' title='bbox 1475 1297 1636 1351; x_wconf 80' lang='lat' dir='ltr'><strong>dedit.</strong></span> <span class='ocrx_word' id='word_1_96' title='bbox 1670 1295 1729 1351; x_wconf 91' lang='lat' dir='ltr'><strong>ln</strong></span> 
     </span>
    </p>
   </div>
   <div class='ocr_carea' id='block_1_15' title="bbox 123 1389 1732 1461">
    <p class='ocr_par' dir='ltr' id='par_1_15' title="bbox 123 1389 1732 1461">
     <span class='ocr_line' id='line_1_15' title="bbox 123 1389 1732 1461; baseline -0.001 -13"><span class='ocrx_word' id='word_1_97' title='bbox 123 1393 223 1448; x_wconf 86' lang='lat' dir='ltr'><strong>alio</strong></span> <span class='ocrx_word' id='word_1_98' title='bbox 250 1394 442 1449; x_wconf 77' lang='lat' dir='ltr'><strong>Codice</strong></span> <span class='ocrx_word' id='word_1_99' title='bbox 498 1392 621 1447; x_wconf 82' lang='lat' dir='ltr'><strong>Vat.</strong></span> <span class='ocrx_word' id='word_1_100' title='bbox 674 1392 896 1461; x_wconf 76' lang='lat' dir='ltr'><strong>Reginae</strong></span> <span class='ocrx_word' id='word_1_101' title='bbox 946 1392 1073 1457; x_wconf 74' lang='grc'><strong>551,</strong></span> <span class='ocrx_word' id='word_1_102' title='bbox 1108 1390 1202 1461; x_wconf 88' lang='lat' dir='ltr'><strong>qui</strong></span> <span class='ocrx_word' id='word_1_103' title='bbox 1235 1399 1352 1446; x_wconf 90' lang='lat' dir='ltr'><strong>erat</strong></span> <span class='ocrx_word' id='word_1_104' title='bbox 1402 1389 1732 1446; x_wconf 83' lang='lat' dir='ltr'><strong>Petavianus</strong></span> 
     </span>
    </p>
   </div>
   <div class='ocr_carea' id='block_1_16' title="bbox 112 1486 1733 1556">
    <p class='ocr_par' dir='ltr' id='par_1_16' title="bbox 112 1486 1733 1556">
     <span class='ocr_line' id='line_1_16' title="bbox 112 1486 1733 1556; baseline -0.002 -13"><span class='ocrx_word' id='word_1_105' title='bbox 112 1503 262 1543; x_wconf 79' lang='lat' dir='ltr'><strong>stum.</strong></span> <span class='ocrx_word' id='word_1_106' title='bbox 288 1491 415 1551; x_wconf 70' lang='lat' dir='ltr'><strong>2H,</strong></span> <span class='ocrx_word' id='word_1_107' title='bbox 451 1487 639 1543; x_wconf 87' lang='lat' dir='ltr'><strong>in-lol.</strong></span> <span class='ocrx_word' id='word_1_108' title='bbox 673 1487 976 1542; x_wconf 87' lang='lat' dir='ltr'><strong>membran.</strong></span> <span class='ocrx_word' id='word_1_109' title='bbox 1013 1487 1198 1541; x_wconf 84' lang='lat' dir='ltr'><strong>saeculi</strong></span> <span class='ocrx_word' id='word_1_110' title='bbox 1228 1501 1322 1540; x_wconf 66' lang='grc' dir='ltr'>χιιι</span> <span class='ocrx_word' id='word_1_111' title='bbox 1351 1486 1593 1552; x_wconf 87' lang='lat' dir='ltr'><strong>circiter,</strong></span> <span class='ocrx_word' id='word_1_112' title='bbox 1613 1494 1733 1556; x_wconf 88' lang='lat' dir='ltr'><strong>post</strong></span> 
     </span>
    </p>
   </div>
   <div class='ocr_carea' id='block_1_17' title="bbox 127 1580 1731 1651">
    <p class='ocr_par' dir='ltr' id='par_1_17' title="bbox 127 1580 1731 1651">
     <span class='ocr_line' id='line_1_17' title="bbox 127 1580 1731 1651; baseline -0.002 -15"><span class='ocrx_word' id='word_1_113' title='bbox 127 1581 219 1636; x_wconf 88' lang='lat' dir='ltr'><strong>alia</strong></span> <span class='ocrx_word' id='word_1_114' title='bbox 268 1597 438 1650; x_wconf 80' lang='lat' dir='ltr'><strong>opera</strong></span> <span class='ocrx_word' id='word_1_115' title='bbox 493 1593 618 1636; x_wconf 89' lang='lat' dir='ltr'><strong>sunt</strong></span> <span class='ocrx_word' id='word_1_116' title='bbox 663 1581 782 1636; x_wconf 91' lang='lat' dir='ltr'><strong>libri</strong></span> <span class='ocrx_word' id='word_1_117' title='bbox 819 1581 884 1636; x_wconf 88' lang='lat' dir='ltr'><strong>de</strong></span> <span class='ocrx_word' id='word_1_118' title='bbox 917 1581 1032 1636; x_wconf 82' lang='lat' dir='ltr'><strong>Vir.</strong></span> <span class='ocrx_word' id='word_1_119' title='bbox 1061 1582 1258 1636; x_wconf 86' lang='lat' dir='ltr'><strong>illustr.</strong></span> <span class='ocrx_word' id='word_1_120' title='bbox 1296 1580 1353 1636; x_wconf 92' lang='lat' dir='ltr'><strong>S.</strong></span> <span class='ocrx_word' id='word_1_121' title='bbox 1388 1581 1731 1651; x_wconf 86' lang='lat' dir='ltr'><strong>llicronymi,</strong></span> 
     </span>
    </p>
   </div>
   <div class='ocr_carea' id='block_1_18' title="bbox 127 1673 1733 1746">
    <p class='ocr_par' dir='ltr' id='par_1_18' title="bbox 127 1673 1733 1746">
     <span class='ocr_line' id='line_1_18' title="bbox 127 1673 1733 1746; baseline 0.001 -18"><span class='ocrx_word' id='word_1_122' title='bbox 127 1674 397 1743; x_wconf 77' lang='lat' dir='ltr'><strong>cujusdam</strong></span> <span class='ocrx_word' id='word_1_123' title='bbox 431 1674 715 1746; x_wconf 83' lang='lat' dir='ltr'><strong>auonymi,</strong></span> <span class='ocrx_word' id='word_1_124' title='bbox 751 1675 1046 1738; x_wconf 86' lang='lat' dir='ltr'><strong>Gennadii,</strong></span> <span class='ocrx_word' id='word_1_125' title='bbox 1076 1686 1130 1728; x_wconf 84' lang='lat' dir='ltr'><strong>et</strong></span> <span class='ocrx_word' id='word_1_126' title='bbox 1165 1675 1379 1730; x_wconf 82' lang='lat' dir='ltr'><strong>Isidori.</strong></span> <span class='ocrx_word' id='word_1_127' title='bbox 1417 1673 1550 1746; x_wconf 86' lang='lat' dir='ltr'><strong>Cap.</strong></span> <span class='ocrx_word' id='word_1_128' title='bbox 1586 1677 1614 1728; x_wconf 86' lang='lat'><strong>7</strong></span> <span class='ocrx_word' id='word_1_129' title='bbox 1673 1677 1733 1730; x_wconf 93' lang='lat' dir='ltr'><strong>li-</strong></span> 
     </span>
    </p>
   </div>
   <div class='ocr_carea' id='block_1_19' title="bbox 1818 453 3429 528">
    <p class='ocr_par' dir='ltr' id='par_1_19' title="bbox 1818 453 3429 528">
     <span class='ocr_line' id='line_1_19' title="bbox 1818 453 3429 528; baseline -0.001 -18"><span class='ocrx_word' id='word_1_130' title='bbox 1818 458 1976 528; x_wconf 89' lang='lat' dir='ltr'><strong>primi</strong></span> <span class='ocrx_word' id='word_1_131' title='bbox 2007 461 2122 512; x_wconf 79' lang='lat' dir='ltr'><strong>novi</strong></span> <span class='ocrx_word' id='word_1_132' title='bbox 2161 457 2477 512; x_wconf 82' lang='lat' dir='ltr'><strong>Testameuti</strong></span> <span class='ocrx_word' id='word_1_133' title='bbox 2501 475 2519 512; x_wconf 87' lang='lat'><em>:</em></span> <span class='ocrx_word' id='word_1_134' title='bbox 2553 456 2694 528; x_wconf 90' lang='lat' dir='ltr'><strong>quod</strong></span> <span class='ocrx_word' id='word_1_135' title='bbox 2721 472 2748 511; x_wconf 89' lang='lat' dir='ltr'><strong>a</strong></span> <span class='ocrx_word' id='word_1_136' title='bbox 2777 464 2964 511; x_wconf 87' lang='lat' dir='ltr'><strong>vetere</strong></span> <span class='ocrx_word' id='word_1_137' title='bbox 3007 453 3232 508; x_wconf 88' lang='lat' dir='ltr'><strong>librario</strong></span> <span class='ocrx_word' id='word_1_138' title='bbox 3284 453 3429 508; x_wconf 87' lang='lat' dir='ltr'><strong>litte-</strong></span> 
     </span>
    </p>
   </div>
   <div class='ocr_carea' id='block_1_20' title="bbox 1821 546 3393 621">
    <p class='ocr_par' dir='ltr' id='par_1_20' title="bbox 1821 546 3393 621">
     <span class='ocr_line' id='line_1_20' title="bbox 1821 546 3393 621; baseline -0.003 -17"><span class='ocrx_word' id='word_1_139' title='bbox 1821 550 1896 604; x_wconf 87' lang='lat' dir='ltr'><strong>ris</strong></span> <span class='ocrx_word' id='word_1_140' title='bbox 1926 549 1994 605; x_wconf 88' lang='lat' dir='ltr'><strong>de</strong></span> <span class='ocrx_word' id='word_1_141' title='bbox 2014 551 2182 604; x_wconf 90' lang='lat' dir='ltr'><strong>minio</strong></span> <span class='ocrx_word' id='word_1_142' title='bbox 2213 551 2537 606; x_wconf 87' lang='lat' dir='ltr'><strong>rubentibus</strong></span> <span class='ocrx_word' id='word_1_143' title='bbox 2566 552 2862 621; x_wconf 82' lang='lat' dir='ltr'><strong>aSCriptum</strong></span> <span class='ocrx_word' id='word_1_144' title='bbox 2903 548 3115 604; x_wconf 88' lang='lat' dir='ltr'><strong>notavit</strong></span> <span class='ocrx_word' id='word_1_145' title='bbox 3147 546 3393 603; x_wconf 82' lang='lat' dir='ltr'><strong>Juretus.</strong></span> 
     </span>
    </p>
   </div>
   <div class='ocr_carea' id='block_1_21' title="bbox 1895 639 3431 709">
    <p class='ocr_par' dir='ltr' id='par_1_21' title="bbox 1895 639 3431 709">
     <span class='ocr_line' id='line_1_21' title="bbox 1895 639 3431 709; baseline -0.002 -11"><span class='ocrx_word' id='word_1_146' title='bbox 1895 643 1986 698; x_wconf 77' lang='lat'><strong>53.</strong></span> <span class='ocrx_word' id='word_1_147' title='bbox 2035 641 2338 709; x_wconf 90' lang='lat' dir='ltr'><strong>Grunerus,</strong></span> <span class='ocrx_word' id='word_1_148' title='bbox 2375 652 2430 698; x_wconf 91' lang='lat' dir='ltr'><strong>et</strong></span> <span class='ocrx_word' id='word_1_149' title='bbox 2471 645 2798 699; x_wconf 76' lang='lat' dir='ltr'><strong>Arntzenius</strong></span> <span class='ocrx_word' id='word_1_150' title='bbox 2828 659 3051 699; x_wconf 90' lang='lat' dir='ltr'><strong>carmen</strong></span> <span class='ocrx_word' id='word_1_151' title='bbox 3098 641 3348 696; x_wconf 85' lang='lat' dir='ltr'><strong>dividunt</strong></span> <span class='ocrx_word' id='word_1_152' title='bbox 3377 639 3431 695; x_wconf 94' lang='lat' dir='ltr'><strong>in</strong></span> 
     </span>
    </p>
   </div>
   <div class='ocr_carea' id='block_1_22' title="bbox 1822 735 3437 806">
    <p class='ocr_par' dir='ltr' id='par_1_22' title="bbox 1822 735 3437 806">
     <span class='ocr_line' id='line_1_22' title="bbox 1822 735 3437 806; baseline -0.001 -16"><span class='ocrx_word' id='word_1_153' title='bbox 1822 735 2063 806; x_wconf 92' lang='lat' dir='ltr'><strong>quinque</strong></span> <span class='ocrx_word' id='word_1_154' title='bbox 2093 736 2288 802; x_wconf 86' lang='lat' dir='ltr'><strong>libros,</strong></span> <span class='ocrx_word' id='word_1_155' title='bbox 2323 737 2446 806; x_wconf 84' lang='lat' dir='ltr'><strong>quia</strong></span> <span class='ocrx_word' id='word_1_156' title='bbox 2484 737 2556 790; x_wconf 90' lang='lat' dir='ltr'><strong>ita</strong></span> <span class='ocrx_word' id='word_1_157' title='bbox 2589 736 2643 791; x_wconf 95' lang='lat' dir='ltr'><strong>in</strong></span> <span class='ocrx_word' id='word_1_158' title='bbox 2683 737 2960 806; x_wconf 84' lang='lat' dir='ltr'><strong>plerisque</strong></span> <span class='ocrx_word' id='word_1_159' title='bbox 2992 736 3330 792; x_wconf 89' lang='lat' dir='ltr'><strong>editionibus</strong></span> <span class='ocrx_word' id='word_1_160' title='bbox 3351 735 3437 789; x_wconf 83' lang='lat' dir='ltr'><strong>di-</strong></span> 
     </span>
    </p>
   </div>
   <div class='ocr_carea' id='block_1_23' title="bbox 1821 827 3431 899">
    <p class='ocr_par' dir='ltr' id='par_1_23' title="bbox 1821 827 3431 899">
     <span class='ocr_line' id='line_1_23' title="bbox 1821 827 3431 899; baseline 0 -19"><span class='ocrx_word' id='word_1_161' title='bbox 1821 828 2000 882; x_wconf 82' lang='lat' dir='ltr'><strong>visum</strong></span> <span class='ocrx_word' id='word_1_162' title='bbox 2048 838 2393 898; x_wconf 86' lang='lat' dir='ltr'><strong>repererunt.</strong></span> <span class='ocrx_word' id='word_1_163' title='bbox 2446 827 2550 897; x_wconf 91' lang='lat' dir='ltr'><strong>lpsi</strong></span> <span class='ocrx_word' id='word_1_164' title='bbox 2611 835 2792 883; x_wconf 88' lang='lat' dir='ltr'><strong>tamen</strong></span> <span class='ocrx_word' id='word_1_165' title='bbox 2835 837 3086 889; x_wconf 81' lang='lat' dir='ltr'><strong>censent.</strong></span> <span class='ocrx_word' id='word_1_166' title='bbox 3138 831 3431 899; x_wconf 81' lang='lat' dir='ltr'><strong>genuinam</strong></span> 
     </span>
    </p>
   </div>
   <div class='ocr_carea' id='block_1_24' title="bbox 1825 920 3436 991">
    <p class='ocr_par' dir='ltr' id='par_1_24' title="bbox 1825 920 3436 991">
     <span class='ocr_line' id='line_1_24' title="bbox 1825 920 3436 991; baseline -0.001 -16"><span class='ocrx_word' id='word_1_167' title='bbox 1825 921 2092 990; x_wconf 79' lang='lat' dir='ltr'><strong>poematis</strong></span> <span class='ocrx_word' id='word_1_168' title='bbox 2120 920 2446 976; x_wconf 73' lang='lat' dir='ltr'><strong>divisionem</strong></span> <span class='ocrx_word' id='word_1_169' title='bbox 2477 935 2602 976; x_wconf 87' lang='lat' dir='ltr'><strong>esse</strong></span> <span class='ocrx_word' id='word_1_170' title='bbox 2632 921 2683 975; x_wconf 92' lang='lat' dir='ltr'><strong>in</strong></span> <span class='ocrx_word' id='word_1_171' title='bbox 2715 928 2946 991; x_wconf 81' lang='lat' dir='ltr'><strong>quatuor</strong></span> <span class='ocrx_word' id='word_1_172' title='bbox 2977 921 3174 976; x_wconf 88' lang='lat' dir='ltr'><strong>libros:</strong></span> <span class='ocrx_word' id='word_1_173' title='bbox 3207 937 3306 991; x_wconf 90' lang='lat' dir='ltr'><strong>pro</strong></span> <span class='ocrx_word' id='word_1_174' title='bbox 3330 935 3436 991; x_wconf 86' lang='lat' dir='ltr'><strong>qua</strong></span> 
     </span>
    </p>
   </div>
   <div class='ocr_carea' id='block_1_25' title="bbox 1829 1012 3442 1084">
    <p class='ocr_par' dir='ltr' id='par_1_25' title="bbox 1829 1012 3442 1084">
     <span class='ocr_line' id='line_1_25' title="bbox 1829 1012 3442 1084; baseline -0.001 -18"><span class='ocrx_word' id='word_1_175' title='bbox 1829 1012 2092 1083; x_wconf 87' lang='lat' dir='ltr'><strong>opinione</strong></span> <span class='ocrx_word' id='word_1_176' title='bbox 2134 1013 2376 1084; x_wconf 78' lang='lat' dir='ltr'><strong>allegant</strong></span> <span class='ocrx_word' id='word_1_177' title='bbox 2403 1012 2624 1068; x_wconf 86' lang='lat' dir='ltr'><strong>codices</strong></span> <span class='ocrx_word' id='word_1_178' title='bbox 2668 1027 2804 1068; x_wconf 88' lang='lat' dir='ltr'><strong>mss.</strong></span> <span class='ocrx_word' id='word_1_179' title='bbox 2847 1013 3298 1078; x_wconf 82' lang='lat' dir='ltr'><strong>Arntzeuianum,</strong></span> <span class='ocrx_word' id='word_1_180' title='bbox 3347 1012 3442 1068; x_wconf 84' lang='lat' dir='ltr'><strong>Al-</strong></span> 
     </span>
    </p>
   </div>
   <div class='ocr_carea' id='block_1_26' title="bbox 1830 1104 3437 1177">
    <p class='ocr_par' dir='ltr' id='par_1_26' title="bbox 1830 1104 3437 1177">
     <span class='ocr_line' id='line_1_26' title="bbox 1830 1104 3437 1177; baseline 0 -17"><span class='ocrx_word' id='word_1_181' title='bbox 1830 1104 2328 1173; x_wconf 85' lang='lat' dir='ltr'><strong>meloveenianum,</strong></span> <span class='ocrx_word' id='word_1_182' title='bbox 2354 1116 2589 1174; x_wconf 84' lang='lat' dir='ltr'><strong>quatuor</strong></span> <span class='ocrx_word' id='word_1_183' title='bbox 2619 1104 2762 1177; x_wconf 92' lang='lat' dir='ltr'><strong>apud</strong></span> <span class='ocrx_word' id='word_1_184' title='bbox 2793 1104 3124 1169; x_wconf 82' lang='lat' dir='ltr'><strong>Fabricium,</strong></span> <span class='ocrx_word' id='word_1_185' title='bbox 3180 1106 3437 1161; x_wconf 87' lang='lat' dir='ltr'><strong>nimirum</strong></span> 
     </span>
    </p>
   </div>
   <div class='ocr_carea' id='block_1_27' title="bbox 1829 1196 3442 1266">
    <p class='ocr_par' dir='ltr' id='par_1_27' title="bbox 1829 1196 3442 1266">
     <span class='ocr_line' id='line_1_27' title="bbox 1829 1196 3442 1266; baseline 0.001 -13"><span class='ocrx_word' id='word_1_186' title='bbox 1829 1196 2306 1262; x_wconf 88' lang='lat' dir='ltr'><strong>Chemnicensem,</strong></span> <span class='ocrx_word' id='word_1_187' title='bbox 2337 1198 2786 1266; x_wconf 83' lang='lat' dir='ltr'><strong>Gandavensem,</strong></span> <span class='ocrx_word' id='word_1_188' title='bbox 2810 1207 2866 1253; x_wconf 87' lang='lat' dir='ltr'><strong>et</strong></span> <span class='ocrx_word' id='word_1_189' title='bbox 2898 1198 3058 1254; x_wconf 88' lang='lat' dir='ltr'><strong>binos</strong></span> <span class='ocrx_word' id='word_1_190' title='bbox 3091 1197 3442 1266; x_wconf 84' lang='lat' dir='ltr'><strong>Leodienses,</strong></span> 
     </span>
    </p>
   </div>
   <div class='ocr_carea' id='block_1_28' title="bbox 1835 1292 3446 1366">
    <p class='ocr_par' dir='ltr' id='par_1_28' title="bbox 1835 1292 3446 1366">
     <span class='ocr_line' id='line_1_28' title="bbox 1835 1292 3446 1366; baseline -0.001 -17"><span class='ocrx_word' id='word_1_191' title='bbox 1835 1293 2103 1349; x_wconf 85' lang='lat' dir='ltr'><strong>editiones</strong></span> <span class='ocrx_word' id='word_1_192' title='bbox 2148 1296 2256 1366; x_wconf 90' lang='lat'><strong>22</strong></span> <span class='ocrx_word' id='word_1_193' title='bbox 2281 1293 2540 1364; x_wconf 88' lang='lat' dir='ltr'><strong>plurimas</strong></span> <span class='ocrx_word' id='word_1_194' title='bbox 2564 1295 2842 1364; x_wconf 86' lang='lat' dir='ltr'><strong>antiquas,</strong></span> <span class='ocrx_word' id='word_1_195' title='bbox 2874 1303 2932 1347; x_wconf 90' lang='lat' dir='ltr'><strong>ut</strong></span> <span class='ocrx_word' id='word_1_196' title='bbox 2952 1292 3261 1363; x_wconf 46' lang='lat' dir='ltr'><strong>Veterem}</strong></span> <span class='ocrx_word' id='word_1_197' title='bbox 3305 1304 3358 1350; x_wconf 89' lang='lat' dir='ltr'><strong>et</strong></span> <span class='ocrx_word' id='word_1_198' title='bbox 3387 1295 3446 1361; x_wconf 59' lang='grc' dir='ltr'><strong>ἓ,</strong></span> 
     </span>
    </p>
   </div>
   <div class='ocr_carea' id='block_1_29' title="bbox 1836 1387 3451 1458">
    <p class='ocr_par' dir='ltr' id='par_1_29' title="bbox 1836 1387 3451 1458">
     <span class='ocr_line' id='line_1_29' title="bbox 1836 1387 3451 1458; baseline 0.001 -16"><span class='ocrx_word' id='word_1_199' title='bbox 1836 1387 1888 1443; x_wconf 89' lang='lat' dir='ltr'><strong>in</strong></span> <span class='ocrx_word' id='word_1_200' title='bbox 1930 1387 2126 1457; x_wconf 90' lang='lat' dir='ltr'><strong>quibus</strong></span> <span class='ocrx_word' id='word_1_201' title='bbox 2161 1397 2344 1442; x_wconf 87' lang='lat' dir='ltr'><strong>tamen</strong></span> <span class='ocrx_word' id='word_1_202' title='bbox 2373 1403 2435 1442; x_wconf 76' lang='lat' dir='ltr'><strong>ex</strong></span> <span class='ocrx_word' id='word_1_203' title='bbox 2475 1389 2651 1458; x_wconf 89' lang='lat' dir='ltr'><strong>primo</strong></span> <span class='ocrx_word' id='word_1_204' title='bbox 2686 1388 2827 1443; x_wconf 91' lang='lat' dir='ltr'><strong>libro</strong></span> <span class='ocrx_word' id='word_1_205' title='bbox 2857 1397 2912 1444; x_wconf 91' lang='lat' dir='ltr'><strong>et</strong></span> <span class='ocrx_word' id='word_1_206' title='bbox 2937 1389 3178 1444; x_wconf 85' lang='lat' dir='ltr'><strong>secundo</strong></span> <span class='ocrx_word' id='word_1_207' title='bbox 3222 1390 3279 1443; x_wconf 89' lang='lat' dir='ltr'><strong>lit</strong></span> <span class='ocrx_word' id='word_1_208' title='bbox 3310 1404 3451 1444; x_wconf 88' lang='lat' dir='ltr'><strong>unus</strong></span> 
     </span>
    </p>
   </div>
   <div class='ocr_carea' id='block_1_30' title="bbox 1841 1481 3453 1553">
    <p class='ocr_par' dir='ltr' id='par_1_30' title="bbox 1841 1481 3453 1553">
     <span class='ocr_line' id='line_1_30' title="bbox 1841 1481 3453 1553; baseline 0.001 -16"><span class='ocrx_word' id='word_1_209' title='bbox 1841 1492 2073 1547; x_wconf 88' lang='lat' dir='ltr'><strong>tantum,</strong></span> <span class='ocrx_word' id='word_1_210' title='bbox 2101 1494 2159 1536; x_wconf 91' lang='lat' dir='ltr'><strong>ut</strong></span> <span class='ocrx_word' id='word_1_211' title='bbox 2192 1483 2244 1536; x_wconf 93' lang='lat' dir='ltr'><strong>in</strong></span> <span class='ocrx_word' id='word_1_212' title='bbox 2274 1481 2435 1550; x_wconf 81' lang='lat' dir='ltr'><strong>Aldo,</strong></span> <span class='ocrx_word' id='word_1_213' title='bbox 2467 1482 2712 1553; x_wconf 89' lang='lat' dir='ltr'><strong>adeoque</strong></span> <span class='ocrx_word' id='word_1_214' title='bbox 2736 1484 2950 1552; x_wconf 86' lang='lat' dir='ltr'><strong>primus</strong></span> <span class='ocrx_word' id='word_1_215' title='bbox 2983 1482 3122 1538; x_wconf 91' lang='lat' dir='ltr'><strong>liber</strong></span> <span class='ocrx_word' id='word_1_216' title='bbox 3159 1493 3243 1538; x_wconf 88' lang='lat' dir='ltr'><strong>est</strong></span> <span class='ocrx_word' id='word_1_217' title='bbox 3283 1481 3453 1538; x_wconf 87' lang='lat' dir='ltr'><strong>veluti</strong></span> 
     </span>
    </p>
   </div>
   <div class='ocr_carea' id='block_1_31' title="bbox 1842 1577 3453 1650">
    <p class='ocr_par' dir='ltr' id='par_1_31' title="bbox 1842 1577 3453 1650">
     <span class='ocr_line' id='line_1_31' title="bbox 1842 1577 3453 1650; baseline 0.002 -18"><span class='ocrx_word' id='word_1_218' title='bbox 1842 1577 2170 1632; x_wconf 86' lang='lat' dir='ltr'><strong>introductio</strong></span> <span class='ocrx_word' id='word_1_219' title='bbox 2195 1578 2259 1632; x_wconf 89' lang='lat' dir='ltr'><strong>ad</strong></span> <span class='ocrx_word' id='word_1_220' title='bbox 2301 1593 2460 1647; x_wconf 89' lang='lat' dir='ltr'><strong>opus,</strong></span> <span class='ocrx_word' id='word_1_221' title='bbox 2497 1594 2618 1632; x_wconf 91' lang='lat' dir='ltr'><strong>cum</strong></span> <span class='ocrx_word' id='word_1_222' title='bbox 2650 1577 2699 1633; x_wconf 95' lang='lat' dir='ltr'><strong>in</strong></span> <span class='ocrx_word' id='word_1_223' title='bbox 2741 1593 2871 1634; x_wconf 87' lang='lat' dir='ltr'><strong>mss.</strong></span> <span class='ocrx_word' id='word_1_224' title='bbox 2908 1579 3183 1650; x_wconf 88' lang='lat' dir='ltr'><strong>plerisque</strong></span> <span class='ocrx_word' id='word_1_225' title='bbox 3218 1589 3453 1650; x_wconf 87' lang='lat' dir='ltr'><strong>quatuor</strong></span> 
     </span>
    </p>
   </div>
   <div class='ocr_carea' id='block_1_32' title="bbox 1842 1671 3453 1746">
    <p class='ocr_par' dir='ltr' id='par_1_32' title="bbox 1842 1671 3453 1746">
     <span class='ocr_line' id='line_1_32' title="bbox 1842 1671 3453 1746; baseline 0.003 -20"><span class='ocrx_word' id='word_1_226' title='bbox 1842 1671 1963 1727; x_wconf 87' lang='lat' dir='ltr'><strong>libri</strong></span> <span class='ocrx_word' id='word_1_227' title='bbox 2011 1673 2079 1727; x_wconf 86' lang='lat' dir='ltr'><strong>ita</strong></span> <span class='ocrx_word' id='word_1_228' title='bbox 2133 1673 2244 1727; x_wconf 91' lang='lat' dir='ltr'><strong>sint</strong></span> <span class='ocrx_word' id='word_1_229' title='bbox 2275 1673 2537 1738; x_wconf 87' lang='lat' dir='ltr'><strong>ordinati,</strong></span> <span class='ocrx_word' id='word_1_230' title='bbox 2567 1685 2623 1728; x_wconf 92' lang='lat' dir='ltr'><strong>ut</strong></span> <span class='ocrx_word' id='word_1_231' title='bbox 2678 1673 2817 1729; x_wconf 84' lang='lat' dir='ltr'><strong>liber</strong></span> <span class='ocrx_word' id='word_1_232' title='bbox 2869 1685 3095 1746; x_wconf 91' lang='lat' dir='ltr'><strong>quartus</strong></span> <span class='ocrx_word' id='word_1_233' title='bbox 3127 1684 3453 1731; x_wconf 85' lang='lat' dir='ltr'><strong>annectatur</strong></span> 
     </span>
    </p>
   </div>
   <div class='ocr_carea' id='block_1_33' title="bbox 127 1751 3453 1843">
    <p class='ocr_par' dir='ltr' id='par_1_33' title="bbox 127 1751 3453 1843">
     <span class='ocr_line' id='line_1_33' title="bbox 127 1751 3453 1843; baseline 0.001 -20"><span class='ocrx_word' id='word_1_234' title='bbox 127 1768 202 1824; x_wconf 89' lang='lat' dir='ltr'><strong>bri</strong></span> <span class='ocrx_word' id='word_1_235' title='bbox 230 1767 420 1822; x_wconf 77' lang='lat' dir='ltr'><strong>lsidori</strong></span> <span class='ocrx_word' id='word_1_236' title='bbox 446 1769 529 1824; x_wconf 92' lang='lat' dir='ltr'><strong>sic</strong></span> <span class='ocrx_word' id='word_1_237' title='bbox 552 1770 698 1823; x_wconf 85' lang='lat' dir='ltr'><strong>clare</strong></span> <span class='ocrx_word' id='word_1_238' title='bbox 725 1769 966 1837; x_wconf 77' lang='lat' dir='ltr'><strong>legitur:</strong></span> <span class='ocrx_word' id='word_1_239' title='bbox 1002 1769 1251 1825; x_wconf 77' lang='lat' dir='ltr'><strong>Sedulius</strong></span> <span class='ocrx_word' id='word_1_240' title='bbox 1285 1772 1548 1840; x_wconf 79' lang='lat' dir='ltr'><strong>presbyter</strong></span> <span class='ocrx_word' id='word_1_241' title='bbox 1577 1771 1735 1824; x_wconf 76' lang='lat' dir='ltr'><strong>edidit</strong></span> <span class='ocrx_word' id='word_1_242' title='bbox 1767 1751 1826 1822; x_wconf 80' lang='grc' dir='ltr'><strong>Β</strong></span> <span class='ocrx_word' id='word_1_243' title='bbox 1845 1769 2024 1832; x_wconf 85' lang='lat' dir='ltr'><strong>tertio,</strong></span> <span class='ocrx_word' id='word_1_244' title='bbox 2056 1776 2167 1822; x_wconf 91' lang='lat' dir='ltr'><strong>tum</strong></span> <span class='ocrx_word' id='word_1_245' title='bbox 2217 1783 2283 1824; x_wconf 87' lang='lat' dir='ltr'><strong>ex</strong></span> <span class='ocrx_word' id='word_1_246' title='bbox 2339 1769 2532 1839; x_wconf 90' lang='lat' dir='ltr'><strong>quinto</strong></span> <span class='ocrx_word' id='word_1_247' title='bbox 2585 1781 2834 1826; x_wconf 86' lang='lat' dir='ltr'><strong>remanet</strong></span> <span class='ocrx_word' id='word_1_248' title='bbox 2883 1783 3128 1840; x_wconf 89' lang='lat' dir='ltr'><strong>quartus.</strong></span> <span class='ocrx_word' id='word_1_249' title='bbox 3181 1771 3453 1843; x_wconf 86' lang='lat' dir='ltr'><strong>Georgius</strong></span> 
     </span>
    </p>
   </div>
   <div class='ocr_carea' id='block_1_34' title="bbox 127 1861 1740 1934">
    <p class='ocr_par' dir='ltr' id='par_1_34' title="bbox 127 1861 1740 1934">
     <span class='ocr_line' id='line_1_34' title="bbox 127 1861 1740 1934; baseline 0.004 -21"><span class='ocrx_word' id='word_1_250' title='bbox 127 1872 334 1933; x_wconf 79' lang='lat' dir='ltr'><strong>quatuor</strong></span> <span class='ocrx_word' id='word_1_251' title='bbox 385 1861 552 1915; x_wconf 88' lang='lat' dir='ltr'><strong>libros</strong></span> <span class='ocrx_word' id='word_1_252' title='bbox 581 1863 841 1934; x_wconf 79' lang='lat' dir='ltr'><strong>dactylico</strong></span> <span class='ocrx_word' id='word_1_253' title='bbox 864 1862 1076 1918; x_wconf 84' lang='lat' dir='ltr'><strong>heroico</strong></span> <span class='ocrx_word' id='word_1_254' title='bbox 1106 1875 1282 1924; x_wconf 85' lang='lat' dir='ltr'><strong>metro,</strong></span> <span class='ocrx_word' id='word_1_255' title='bbox 1318 1874 1446 1929; x_wconf 89' lang='lat' dir='ltr'><strong>etc.,</strong></span> <span class='ocrx_word' id='word_1_256' title='bbox 1477 1875 1532 1918; x_wconf 93' lang='lat' dir='ltr'><strong>ut</strong></span> <span class='ocrx_word' id='word_1_257' title='bbox 1562 1865 1612 1918; x_wconf 91' lang='lat' dir='ltr'><strong>in</strong></span> <span class='ocrx_word' id='word_1_258' title='bbox 1643 1879 1740 1920; x_wconf 84' lang='lat' dir='ltr'><strong>ex-</strong></span> 
     </span>
    </p>
   </div>
   <div class='ocr_carea' id='block_1_35' title="bbox 129 1956 1738 2029">
    <p class='ocr_par' dir='ltr' id='par_1_35' title="bbox 129 1956 1738 2029">
     <span class='ocr_line' id='line_1_35' title="bbox 129 1956 1738 2029; baseline 0.002 -16"><span class='ocrx_word' id='word_1_259' title='bbox 129 1956 281 2014; x_wconf 89' lang='lat' dir='ltr'><strong>cusis.</strong></span> <span class='ocrx_word' id='word_1_260' title='bbox 317 1957 530 2013; x_wconf 81' lang='lat' dir='ltr'><strong>incerta</strong></span> <span class='ocrx_word' id='word_1_261' title='bbox 582 1957 748 2029; x_wconf 90' lang='lat' dir='ltr'><strong>igitur</strong></span> <span class='ocrx_word' id='word_1_262' title='bbox 769 1968 856 2013; x_wconf 89' lang='lat' dir='ltr'><strong>est</strong></span> <span class='ocrx_word' id='word_1_263' title='bbox 901 1975 1056 2015; x_wconf 90' lang='lat' dir='ltr'><strong>mens</strong></span> <span class='ocrx_word' id='word_1_264' title='bbox 1089 1959 1279 2015; x_wconf 89' lang='lat' dir='ltr'><strong>lsidori</strong></span> <span class='ocrx_word' id='word_1_265' title='bbox 1312 1960 1380 2016; x_wconf 89' lang='lat' dir='ltr'><strong>de</strong></span> <span class='ocrx_word' id='word_1_266' title='bbox 1411 1977 1644 2016; x_wconf 90' lang='lat' dir='ltr'><strong>numero</strong></span> <span class='ocrx_word' id='word_1_267' title='bbox 1673 1961 1738 2016; x_wconf 91' lang='lat' dir='ltr'><strong>li-</strong></span> 
     </span>
    </p>
   </div>
   <div class='ocr_carea' id='block_1_36' title="bbox 130 2052 1734 2127">
    <p class='ocr_par' dir='ltr' id='par_1_36' title="bbox 130 2052 1734 2127">
     <span class='ocr_line' id='line_1_36' title="bbox 130 2052 1734 2127; baseline 0.003 -20"><span class='ocrx_word' id='word_1_268' title='bbox 130 2052 342 2107; x_wconf 88' lang='lat' dir='ltr'><strong>brorum</strong></span> <span class='ocrx_word' id='word_1_269' title='bbox 391 2053 660 2108; x_wconf 89' lang='lat' dir='ltr'><strong>carminis</strong></span> <span class='ocrx_word' id='word_1_270' title='bbox 707 2055 1009 2126; x_wconf 85' lang='lat' dir='ltr'><strong>paschalis,</strong></span> <span class='ocrx_word' id='word_1_271' title='bbox 1065 2064 1119 2110; x_wconf 90' lang='lat' dir='ltr'><strong>et</strong></span> <span class='ocrx_word' id='word_1_272' title='bbox 1149 2056 1388 2127; x_wconf 87' lang='lat' dir='ltr'><strong>elogium</strong></span> <span class='ocrx_word' id='word_1_273' title='bbox 1423 2056 1633 2112; x_wconf 90' lang='lat' dir='ltr'><strong>Sedulii</strong></span> <span class='ocrx_word' id='word_1_274' title='bbox 1669 2074 1734 2114; x_wconf 84' lang='lat' dir='ltr'><strong>ex</strong></span> 
     </span>
    </p>
   </div>
   <div class='ocr_carea' id='block_1_37' title="bbox 130 2148 1743 2223">
    <p class='ocr_par' dir='ltr' id='par_1_37' title="bbox 130 2148 1743 2223">
     <span class='ocr_line' id='line_1_37' title="bbox 130 2148 1743 2223; baseline 0.002 -19"><span class='ocrx_word' id='word_1_275' title='bbox 130 2162 241 2220; x_wconf 88' lang='lat' dir='ltr'><strong>cap.</strong></span> <span class='ocrx_word' id='word_1_276' title='bbox 271 2149 330 2204; x_wconf 83' lang='grc'><strong>11</strong></span> <span class='ocrx_word' id='word_1_277' title='bbox 365 2148 575 2205; x_wconf 89' lang='lat' dir='ltr'><strong>codicis</strong></span> <span class='ocrx_word' id='word_1_278' title='bbox 607 2149 726 2205; x_wconf 83' lang='lat' dir='ltr'><strong>Vat.</strong></span> <span class='ocrx_word' id='word_1_279' title='bbox 761 2149 892 2221; x_wconf 79' lang='lat' dir='ltr'><strong>Reg.</strong></span> <span class='ocrx_word' id='word_1_280' title='bbox 947 2151 1050 2206; x_wconf 69' lang='grc'><strong>519</strong></span> <span class='ocrx_word' id='word_1_281' title='bbox 1081 2151 1250 2208; x_wconf 90' lang='lat' dir='ltr'><strong>multo</strong></span> <span class='ocrx_word' id='word_1_282' title='bbox 1299 2153 1470 2223; x_wconf 79' lang='lat' dir='ltr'><strong>magis</strong></span> <span class='ocrx_word' id='word_1_283' title='bbox 1502 2153 1566 2208; x_wconf 88' lang='lat' dir='ltr'><strong>ad</strong></span> <span class='ocrx_word' id='word_1_284' title='bbox 1597 2154 1743 2210; x_wconf 84' lang='lat' dir='ltr'><strong>veri-</strong></span> 
     </span>
    </p>
   </div>
   <div class='ocr_carea' id='block_1_38' title="bbox 135 2241 584 2298">
    <p class='ocr_par' dir='ltr' id='par_1_38' title="bbox 135 2241 584 2298">
     <span class='ocr_line' id='line_1_38' title="bbox 135 2241 584 2298; baseline -0.002 -1"><span class='ocrx_word' id='word_1_285' title='bbox 135 2253 292 2298; x_wconf 84' lang='lat' dir='ltr'><strong>tatem</strong></span> <span class='ocrx_word' id='word_1_286' title='bbox 343 2241 584 2298; x_wconf 74' lang='lat' dir='ltr'><strong>accodit.</strong></span> 
     </span>
    </p>
   </div>
   <div class='ocr_carea' id='block_1_39' title="bbox 198 2336 1742 2407">
    <p class='ocr_par' dir='ltr' id='par_1_39' title="bbox 198 2336 1742 2407">
     <span class='ocr_line' id='line_1_39' title="bbox 198 2336 1742 2407; baseline 0.001 -15"><span class='ocrx_word' id='word_1_287' title='bbox 198 2339 282 2392; x_wconf 75' lang='lat'><strong>52.</strong></span> <span class='ocrx_word' id='word_1_288' title='bbox 327 2336 379 2392; x_wconf 90' lang='lat' dir='ltr'><strong>lu</strong></span> <span class='ocrx_word' id='word_1_289' title='bbox 417 2348 546 2392; x_wconf 91' lang='lat' dir='ltr'><strong>nota</strong></span> <span class='ocrx_word' id='word_1_290' title='bbox 571 2337 641 2391; x_wconf 77' lang='lat'><strong>95</strong></span> <span class='ocrx_word' id='word_1_291' title='bbox 670 2337 736 2392; x_wconf 86' lang='lat' dir='ltr'><strong>ad</strong></span> <span class='ocrx_word' id='word_1_292' title='bbox 759 2338 1049 2407; x_wconf 86' lang='lat' dir='ltr'><strong>epistolam</strong></span> <span class='ocrx_word' id='word_1_293' title='bbox 1079 2337 1478 2394; x_wconf 89' lang='lat' dir='ltr'><strong>dedicatoriatn</strong></span> <span class='ocrx_word' id='word_1_294' title='bbox 1532 2339 1742 2394; x_wconf 88' lang='lat' dir='ltr'><strong>Sedulii</strong></span> 
     </span>
    </p>
   </div>
   <div class='ocr_carea' id='block_1_40' title="bbox 138 2431 1744 2504">
    <p class='ocr_par' dir='ltr' id='par_1_40' title="bbox 138 2431 1744 2504">
     <span class='ocr_line' id='line_1_40' title="bbox 138 2431 1744 2504; baseline 0.001 -16"><span class='ocrx_word' id='word_1_295' title='bbox 138 2431 270 2488; x_wconf 88' lang='lat' dir='ltr'><strong>inter</strong></span> <span class='ocrx_word' id='word_1_296' title='bbox 294 2434 477 2487; x_wconf 85' lang='lat' dir='ltr'><strong>varias</strong></span> <span class='ocrx_word' id='word_1_297' title='bbox 507 2432 774 2489; x_wconf 89' lang='lat' dir='ltr'><strong>lectiones</strong></span> <span class='ocrx_word' id='word_1_298' title='bbox 803 2433 1132 2498; x_wconf 71' lang='lat' dir='ltr'><strong>observabo,</strong></span> <span class='ocrx_word' id='word_1_299' title='bbox 1181 2433 1474 2504; x_wconf 87' lang='lat' dir='ltr'><strong>plerosque</strong></span> <span class='ocrx_word' id='word_1_300' title='bbox 1525 2435 1744 2489; x_wconf 86' lang='lat' dir='ltr'><strong>codices</strong></span> 
     </span>
    </p>
   </div>
   <div class='ocr_carea' id='block_1_41' title="bbox 141 2518 1748 2597">
    <p class='ocr_par' dir='ltr' id='par_1_41' title="bbox 141 2518 1748 2597">
     <span class='ocr_line' id='line_1_41' title="bbox 141 2518 1748 2597; baseline 0 -15"><span class='ocrx_word' id='word_1_301' title='bbox 141 2527 248 2597; x_wconf 84' lang='lat' dir='ltr'><strong>ejus</strong></span> <span class='ocrx_word' id='word_1_302' title='bbox 274 2518 524 2596; x_wconf 73' lang='lat' dir='ltr'><strong>epistolae</strong></span> <span class='ocrx_word' id='word_1_303' title='bbox 553 2525 837 2591; x_wconf 89' lang='lat' dir='ltr'><strong>exhibere,</strong></span> <span class='ocrx_word' id='word_1_304' title='bbox 875 2526 1113 2593; x_wconf 86' lang='lat' dir='ltr'><strong>Quatuor</strong></span> <span class='ocrx_word' id='word_1_305' title='bbox 1135 2528 1295 2597; x_wconf 82' lang='lat' dir='ltr'><strong>igitur</strong></span> <span class='ocrx_word' id='word_1_306' title='bbox 1319 2528 1637 2583; x_wconf 87' lang='lat' dir='ltr'><strong>mirabilium</strong></span> <span class='ocrx_word' id='word_1_307' title='bbox 1669 2529 1748 2582; x_wconf 87' lang='lat' dir='ltr'><strong>di-</strong></span> 
     </span>
    </p>
   </div>
   <div class='ocr_carea' id='block_1_42' title="bbox 142 2620 1746 2693">
    <p class='ocr_par' dir='ltr' id='par_1_42' title="bbox 142 2620 1746 2693">
     <span class='ocr_line' id='line_1_42' title="bbox 142 2620 1746 2693; baseline 0.002 -18"><span class='ocrx_word' id='word_1_308' title='bbox 142 2622 363 2675; x_wconf 78' lang='lat' dir='ltr'><strong>vinorum</strong></span> <span class='ocrx_word' id='word_1_309' title='bbox 390 2620 620 2687; x_wconf 77' lang='lat' dir='ltr'><strong>libellos,</strong></span> <span class='ocrx_word' id='word_1_310' title='bbox 654 2623 910 2692; x_wconf 89' lang='lat' dir='ltr'><strong>quamvis</strong></span> <span class='ocrx_word' id='word_1_311' title='bbox 937 2621 1136 2677; x_wconf 88' lang='lat' dir='ltr'><strong>alicubi</strong></span> <span class='ocrx_word' id='word_1_312' title='bbox 1167 2623 1330 2678; x_wconf 90' lang='lat' dir='ltr'><strong>etiam</strong></span> <span class='ocrx_word' id='word_1_313' title='bbox 1363 2624 1592 2693; x_wconf 79' lang='lat' dir='ltr'><strong>legatur,</strong></span> <span class='ocrx_word' id='word_1_314' title='bbox 1640 2624 1746 2679; x_wconf 82' lang='lat' dir='ltr'><strong>Mi-</strong></span> 
     </span>
    </p>
   </div>
   <div class='ocr_carea' id='block_1_43' title="bbox 140 2713 1749 2790">
    <p class='ocr_par' dir='ltr' id='par_1_43' title="bbox 140 2713 1749 2790">
     <span class='ocr_line' id='line_1_43' title="bbox 140 2713 1749 2790; baseline 0.002 -22"><span class='ocrx_word' id='word_1_315' title='bbox 140 2715 372 2769; x_wconf 85' lang='lat' dir='ltr'><strong>rabilium</strong></span> <span class='ocrx_word' id='word_1_316' title='bbox 405 2715 706 2769; x_wconf 87' lang='lat' dir='ltr'><strong>divinorum</strong></span> <span class='ocrx_word' id='word_1_317' title='bbox 739 2725 839 2769; x_wconf 88' lang='lat' dir='ltr'><strong>tres</strong></span> <span class='ocrx_word' id='word_1_318' title='bbox 868 2713 1094 2769; x_wconf 85' lang='lat' dir='ltr'><strong>libellos.</strong></span> <span class='ocrx_word' id='word_1_319' title='bbox 1145 2715 1384 2772; x_wconf 81' lang='lat' dir='ltr'><strong>Funcius</strong></span> <span class='ocrx_word' id='word_1_320' title='bbox 1411 2719 1514 2790; x_wconf 79' lang='lat'><strong>21</strong></span> <span class='ocrx_word' id='word_1_321' title='bbox 1549 2733 1669 2788; x_wconf 86' lang='lat' dir='ltr'><strong>cap.</strong></span> <span class='ocrx_word' id='word_1_322' title='bbox 1717 2719 1749 2772; x_wconf 81' lang='grc'><strong>5</strong></span> 
     </span>
    </p>
   </div>
   <div class='ocr_carea' id='block_1_44' title="bbox 140 2802 1750 2880">
    <p class='ocr_par' dir='ltr' id='par_1_44' title="bbox 140 2802 1750 2880">
     <span class='ocr_line' id='line_1_44' title="bbox 140 2802 1750 2880; baseline 0.002 -17"><span class='ocrx_word' id='word_1_323' title='bbox 140 2807 202 2863; x_wconf 89' lang='lat' dir='ltr'><strong>de</strong></span> <span class='ocrx_word' id='word_1_324' title='bbox 228 2808 423 2880; x_wconf 84' lang='lat' dir='ltr'><strong>Vegct.</strong></span> <span class='ocrx_word' id='word_1_325' title='bbox 453 2808 590 2879; x_wconf 90' lang='lat' dir='ltr'><strong>Iing.</strong></span> <span class='ocrx_word' id='word_1_326' title='bbox 618 2807 734 2863; x_wconf 91' lang='lat' dir='ltr'><strong>Lat.</strong></span> <span class='ocrx_word' id='word_1_327' title='bbox 769 2816 978 2864; x_wconf 90' lang='lat' dir='ltr'><strong>senect.</strong></span> <span class='ocrx_word' id='word_1_328' title='bbox 1017 2807 1067 2863; x_wconf 90' lang='lat' dir='ltr'><strong>id</strong></span> <span class='ocrx_word' id='word_1_329' title='bbox 1099 2810 1170 2864; x_wconf 87' lang='lat' dir='ltr'><strong>ita</strong></span> <span class='ocrx_word' id='word_1_330' title='bbox 1220 2802 1540 2880; x_wconf 86' lang='lat' dir='ltr'><strong>accipiebat,</strong></span> <span class='ocrx_word' id='word_1_331' title='bbox 1596 2811 1750 2880; x_wconf 88' lang='lat' dir='ltr'><strong>quasi</strong></span> 
     </span>
    </p>
   </div>
   <div class='ocr_carea' id='block_1_45' title="bbox 142 2900 1754 2990">
    <p class='ocr_par' dir='ltr' id='par_1_45' title="bbox 142 2900 1754 2990">
     <span class='ocr_line' id='line_1_45' title="bbox 142 2900 1754 2990; baseline 0 -33"><span class='ocrx_word' id='word_1_332' title='bbox 142 2900 390 2958; x_wconf 88' lang='lat' dir='ltr'><strong>Sedulius</strong></span> <span class='ocrx_word' id='word_1_333' title='bbox 451 2911 584 2957; x_wconf 90' lang='lat' dir='ltr'><strong>tunc</strong></span> <span class='ocrx_word' id='word_1_334' title='bbox 633 2903 806 2956; x_wconf 91' lang='lat' dir='ltr'><strong>solum</strong></span> <span class='ocrx_word' id='word_1_335' title='bbox 864 2902 1182 2972; x_wconf 89' lang='lat' dir='ltr'><strong>scripsisset</strong></span> <span class='ocrx_word' id='word_1_336' title='bbox 1239 2913 1473 2990; x_wconf 74' lang='lat' dir='ltr'><strong>quatuor</strong></span> <span class='ocrx_word' id='word_1_337' title='bbox 1496 2921 1652 2974; x_wconf 87' lang='lat' dir='ltr'><strong>usque</strong></span> <span class='ocrx_word' id='word_1_338' title='bbox 1683 2905 1754 2990; x_wconf 72' lang='lat' dir='ltr'><strong>ad</strong></span> 
     </span>
    </p>
   </div>
   <div class='ocr_carea' id='block_1_46' title="bbox 143 2972 1751 3069">
    <p class='ocr_par' dir='ltr' id='par_1_46' title="bbox 143 2972 1751 3069">
     <span class='ocr_line' id='line_1_46' title="bbox 143 2972 1751 3069; baseline 0.003 -18"><span class='ocrx_word' id='word_1_339' title='bbox 143 2999 446 3067; x_wconf 77' lang='lat' dir='ltr'><strong>passionem,</strong></span> <span class='ocrx_word' id='word_1_340' title='bbox 483 3006 618 3062; x_wconf 83' lang='lat' dir='ltr'><strong>etc.,</strong></span> <span class='ocrx_word' id='word_1_341' title='bbox 649 2997 846 3068; x_wconf 90' lang='lat' dir='ltr'><strong>quibus</strong></span> <span class='ocrx_word' id='word_1_342' title='bbox 883 3005 1074 3066; x_wconf 88' lang='lat' dir='ltr'><strong>postea</strong></span> <span class='ocrx_word' id='word_1_343' title='bbox 1103 2972 1380 3053; x_wconf 85' lang='lat' dir='ltr'><strong>addiderit</strong></span> <span class='ocrx_word' id='word_1_344' title='bbox 1410 2972 1657 3069; x_wconf 73' lang='lat' dir='ltr'><strong>quintum</strong></span> <span class='ocrx_word' id='word_1_345' title='bbox 1685 2972 1751 3056; x_wconf 61' lang='lat' dir='ltr'><strong>de</strong></span> 
     </span>
    </p>
   </div>
   <div class='ocr_carea' id='block_1_47' title="bbox 143 3089 1754 3164">
    <p class='ocr_par' dir='ltr' id='par_1_47' title="bbox 143 3089 1754 3164">
     <span class='ocr_line' id='line_1_47' title="bbox 143 3089 1754 3164; baseline 0.004 -22"><span class='ocrx_word' id='word_1_346' title='bbox 143 3090 404 3159; x_wconf 83' lang='lat' dir='ltr'><strong>passione,</strong></span> <span class='ocrx_word' id='word_1_347' title='bbox 441 3089 875 3154; x_wconf 85' lang='lat' dir='ltr'><strong>resurrectione,</strong></span> <span class='ocrx_word' id='word_1_348' title='bbox 907 3099 962 3144; x_wconf 87' lang='lat' dir='ltr'><strong>et</strong></span> <span class='ocrx_word' id='word_1_349' title='bbox 989 3091 1530 3147; x_wconf 87' lang='lat' dir='ltr'><strong>ascensione.Minus</strong></span> <span class='ocrx_word' id='word_1_350' title='bbox 1557 3092 1608 3148; x_wconf 92' lang='lat' dir='ltr'><strong>id</strong></span> <span class='ocrx_word' id='word_1_351' title='bbox 1642 3095 1754 3164; x_wconf 87' lang='lat' dir='ltr'><strong>pla-</strong></span> 
     </span>
    </p>
   </div>
   <div class='ocr_carea' id='block_1_48' title="bbox 145 3171 1830 3260">
    <p class='ocr_par' dir='ltr' id='par_1_48' title="bbox 145 3171 1830 3260">
     <span class='ocr_line' id='line_1_48' title="bbox 145 3171 1830 3260; baseline 0.001 -19"><span class='ocrx_word' id='word_1_352' title='bbox 145 3187 458 3242; x_wconf 78' lang='lat' dir='ltr'><strong>cetzverba</strong></span> <span class='ocrx_word' id='word_1_353' title='bbox 494 3187 644 3242; x_wconf 91' lang='lat' dir='ltr'><strong>enim</strong></span> <span class='ocrx_word' id='word_1_354' title='bbox 679 3185 886 3242; x_wconf 82' lang='lat' dir='ltr'><strong>Sedulii</strong></span> <span class='ocrx_word' id='word_1_355' title='bbox 909 3203 1068 3257; x_wconf 87' lang='lat' dir='ltr'><strong>usque</strong></span> <span class='ocrx_word' id='word_1_356' title='bbox 1124 3187 1190 3240; x_wconf 91' lang='lat' dir='ltr'><strong>ad</strong></span> <span class='ocrx_word' id='word_1_357' title='bbox 1246 3188 1559 3260; x_wconf 80' lang='lat' dir='ltr'><strong>passionem,</strong></span> <span class='ocrx_word' id='word_1_358' title='bbox 1619 3197 1750 3258; x_wconf 89' lang='lat' dir='ltr'><strong>etc.,</strong></span> <span class='ocrx_word' id='word_1_359' title='bbox 1783 3171 1830 3236; x_wconf 71' lang='grc' dir='ltr'>Ο</span> 
     </span>
    </p>
   </div>
   <div class='ocr_carea' id='block_1_49' title="bbox 149 3277 1752 3352">
    <p class='ocr_par' dir='ltr' id='par_1_49' title="bbox 149 3277 1752 3352">
     <span class='ocr_line' id='line_1_49' title="bbox 149 3277 1752 3352; baseline 0.004 -19"><span class='ocrx_word' id='word_1_360' title='bbox 149 3277 216 3334; x_wconf 86' lang='lat' dir='ltr'><strong>ita</strong></span> <span class='ocrx_word' id='word_1_361' title='bbox 244 3289 366 3334; x_wconf 90' lang='lat' dir='ltr'><strong>sunt</strong></span> <span class='ocrx_word' id='word_1_362' title='bbox 396 3281 780 3352; x_wconf 88' lang='lat' dir='ltr'><strong>intelligenda,</strong></span> <span class='ocrx_word' id='word_1_363' title='bbox 815 3289 874 3334; x_wconf 92' lang='lat' dir='ltr'><strong>ut</strong></span> <span class='ocrx_word' id='word_1_364' title='bbox 906 3281 1216 3350; x_wconf 88' lang='lat' dir='ltr'><strong>passionem</strong></span> <span class='ocrx_word' id='word_1_365' title='bbox 1244 3283 1434 3348; x_wconf 87' lang='lat' dir='ltr'><strong>etiam,</strong></span> <span class='ocrx_word' id='word_1_366' title='bbox 1469 3299 1752 3340; x_wconf 80' lang='lat' dir='ltr'><strong>resurrec-</strong></span> 
     </span>
    </p>
   </div>
   <div class='ocr_carea' id='block_1_50' title="bbox 151 3375 1750 3446">
    <p class='ocr_par' dir='ltr' id='par_1_50' title="bbox 151 3375 1750 3446">
     <span class='ocr_line' id='line_1_50' title="bbox 151 3375 1750 3446; baseline 0.004 -19"><span class='ocrx_word' id='word_1_367' title='bbox 151 3375 368 3441; x_wconf 86' lang='lat' dir='ltr'><strong>tionem,</strong></span> <span class='ocrx_word' id='word_1_368' title='bbox 417 3387 472 3432; x_wconf 90' lang='lat' dir='ltr'><strong>et</strong></span> <span class='ocrx_word' id='word_1_369' title='bbox 523 3377 910 3431; x_wconf 89' lang='lat' dir='ltr'><strong>ascensionem</strong></span> <span class='ocrx_word' id='word_1_370' title='bbox 962 3377 1438 3446; x_wconf 87' lang='lat' dir='ltr'><strong>comprehendere</strong></span> <span class='ocrx_word' id='word_1_371' title='bbox 1492 3380 1750 3435; x_wconf 85' lang='lat' dir='ltr'><strong>voluerit.</strong></span> 
     </span>
    </p>
   </div>
   <div class='ocr_carea' id='block_1_51' title="bbox 149 3462 1759 3539">
    <p class='ocr_par' dir='ltr' id='par_1_51' title="bbox 149 3462 1759 3539">
     <span class='ocr_line' id='line_1_51' title="bbox 149 3462 1759 3539; baseline 0.004 -18"><span class='ocrx_word' id='word_1_372' title='bbox 149 3462 362 3523; x_wconf 87' lang='lat' dir='ltr'><strong>Carmen</strong></span> <span class='ocrx_word' id='word_1_373' title='bbox 413 3469 676 3539; x_wconf 91' lang='lat' dir='ltr'><strong>ipsumiu</strong></span> <span class='ocrx_word' id='word_1_374' title='bbox 712 3470 916 3525; x_wconf 88' lang='lat' dir='ltr'><strong>nostris</strong></span> <span class='ocrx_word' id='word_1_375' title='bbox 948 3469 1230 3525; x_wconf 83' lang='lat' dir='ltr'><strong>codicibus</strong></span> <span class='ocrx_word' id='word_1_376' title='bbox 1285 3487 1390 3525; x_wconf 91' lang='lat' dir='ltr'><strong>non</strong></span> <span class='ocrx_word' id='word_1_377' title='bbox 1443 3487 1552 3528; x_wconf 93' lang='lat' dir='ltr'><strong>uno</strong></span> <span class='ocrx_word' id='word_1_378' title='bbox 1596 3473 1759 3527; x_wconf 87' lang='lat' dir='ltr'><strong>modo</strong></span> 
     </span>
    </p>
   </div>
   <div class='ocr_carea' id='block_1_52' title="bbox 156 3559 1762 3635">
    <p class='ocr_par' dir='ltr' id='par_1_52' title="bbox 156 3559 1762 3635">
     <span class='ocr_line' id='line_1_52' title="bbox 156 3559 1762 3635; baseline 0.006 -21"><span class='ocrx_word' id='word_1_379' title='bbox 156 3559 376 3617; x_wconf 85' lang='lat' dir='ltr'><strong>divisum</strong></span> <span class='ocrx_word' id='word_1_380' title='bbox 407 3573 512 3618; x_wconf 91' lang='lat' dir='ltr'><strong>est.</strong></span> <span class='ocrx_word' id='word_1_381' title='bbox 551 3565 685 3635; x_wconf 81' lang='lat' dir='ltr'><strong>Reg.</strong></span> <span class='ocrx_word' id='word_1_382' title='bbox 721 3565 743 3619; x_wconf 83' lang='grc'><strong>1</strong></span> <span class='ocrx_word' id='word_1_383' title='bbox 783 3574 835 3619; x_wconf 89' lang='lat' dir='ltr'><strong>ct</strong></span> <span class='ocrx_word' id='word_1_384' title='bbox 866 3564 978 3620; x_wconf 89' lang='lat' dir='ltr'><strong>Ott.</strong></span> <span class='ocrx_word' id='word_1_385' title='bbox 1014 3565 1035 3619; x_wconf 85' lang='grc'><strong>-1</strong></span> <span class='ocrx_word' id='word_1_386' title='bbox 1075 3567 1312 3635; x_wconf 91' lang='lat' dir='ltr'><strong>primum</strong></span> <span class='ocrx_word' id='word_1_387' title='bbox 1360 3567 1556 3623; x_wconf 90' lang='lat' dir='ltr'><strong>librum</strong></span> <span class='ocrx_word' id='word_1_388' title='bbox 1589 3569 1762 3624; x_wconf 86' lang='lat' dir='ltr'><strong>veteri</strong></span> 
     </span>
    </p>
   </div>
   <div class='ocr_carea' id='block_1_53' title="bbox 153 3652 1762 3729">
    <p class='ocr_par' dir='ltr' id='par_1_53' title="bbox 153 3652 1762 3729">
     <span class='ocr_line' id='line_1_53' title="bbox 153 3652 1762 3729; baseline 0.003 -19"><span class='ocrx_word' id='word_1_389' title='bbox 153 3652 496 3712; x_wconf 82' lang='lat' dir='ltr'><strong>Testamento</strong></span> <span class='ocrx_word' id='word_1_390' title='bbox 526 3659 827 3729; x_wconf 86' lang='lat' dir='ltr'><strong>assignant,</strong></span> <span class='ocrx_word' id='word_1_391' title='bbox 866 3658 1065 3714; x_wconf 87' lang='lat' dir='ltr'><strong>librum</strong></span> <span class='ocrx_word' id='word_1_392' title='bbox 1090 3660 1388 3715; x_wconf 88' lang='lat' dir='ltr'><strong>secundum</strong></span> <span class='ocrx_word' id='word_1_393' title='bbox 1420 3661 1607 3716; x_wconf 89' lang='lat' dir='ltr'><strong>dicunt</strong></span> <span class='ocrx_word' id='word_1_394' title='bbox 1639 3676 1762 3717; x_wconf 88' lang='lat' dir='ltr'><strong>esse</strong></span> 
     </span>
    </p>
   </div>
   <div class='ocr_carea' id='block_1_54' title="bbox 157 3753 1765 3828">
    <p class='ocr_par' dir='ltr' id='par_1_54' title="bbox 157 3753 1765 3828">
     <span class='ocr_line' id='line_1_54' title="bbox 157 3753 1765 3828; baseline 0.004 -22"><span class='ocrx_word' id='word_1_395' title='bbox 157 3753 375 3822; x_wconf 90' lang='lat' dir='ltr'><strong>primum</strong></span> <span class='ocrx_word' id='word_1_396' title='bbox 415 3757 540 3810; x_wconf 87' lang='lat' dir='ltr'><strong>novi</strong></span> <span class='ocrx_word' id='word_1_397' title='bbox 599 3754 963 3820; x_wconf 89' lang='lat' dir='ltr'><strong>Testamenti,</strong></span> <span class='ocrx_word' id='word_1_398' title='bbox 1024 3767 1187 3827; x_wconf 89' lang='lat' dir='ltr'><strong>atque</strong></span> <span class='ocrx_word' id='word_1_399' title='bbox 1219 3759 1320 3812; x_wconf 89' lang='lat' dir='ltr'><strong>hoc</strong></span> <span class='ocrx_word' id='word_1_400' title='bbox 1345 3757 1538 3813; x_wconf 90' lang='lat' dir='ltr'><strong>ordine</strong></span> <span class='ocrx_word' id='word_1_401' title='bbox 1573 3774 1765 3828; x_wconf 84' lang='lat' dir='ltr'><strong>proce-</strong></span> 
     </span>
    </p>
   </div>
   <div class='ocr_carea' id='block_1_55' title="bbox 156 3847 1765 3923">
    <p class='ocr_par' dir='ltr' id='par_1_55' title="bbox 156 3847 1765 3923">
     <span class='ocr_line' id='line_1_55' title="bbox 156 3847 1765 3923; baseline 0.002 -20"><span class='ocrx_word' id='word_1_402' title='bbox 156 3847 279 3904; x_wconf 89' lang='lat' dir='ltr'><strong>dunt</strong></span> <span class='ocrx_word' id='word_1_403' title='bbox 300 3867 470 3921; x_wconf 84' lang='lat' dir='ltr'><strong>usque</strong></span> <span class='ocrx_word' id='word_1_404' title='bbox 496 3851 566 3905; x_wconf 86' lang='lat' dir='ltr'><strong>ad</strong></span> <span class='ocrx_word' id='word_1_405' title='bbox 593 3851 840 3905; x_wconf 88' lang='lat' dir='ltr'><strong>ultimum</strong></span> <span class='ocrx_word' id='word_1_406' title='bbox 875 3851 1098 3913; x_wconf 90' lang='lat' dir='ltr'><strong>librum,</strong></span> <span class='ocrx_word' id='word_1_407' title='bbox 1133 3852 1221 3923; x_wconf 90' lang='lat' dir='ltr'><strong>qui</strong></span> <span class='ocrx_word' id='word_1_408' title='bbox 1260 3861 1489 3922; x_wconf 89' lang='lat' dir='ltr'><strong>quartus</strong></span> <span class='ocrx_word' id='word_1_409' title='bbox 1542 3863 1765 3908; x_wconf 80' lang='lat' dir='ltr'><strong>vocatur</strong></span> 
     </span>
    </p>
   </div>
   <div class='ocr_carea' id='block_1_56' title="bbox 159 3945 1763 4016">
    <p class='ocr_par' dir='ltr' id='par_1_56' title="bbox 159 3945 1763 4016">
     <span class='ocr_line' id='line_1_56' title="bbox 159 3945 1763 4016; baseline 0.002 -18"><span class='ocrx_word' id='word_1_410' title='bbox 159 3946 269 3998; x_wconf 86' lang='lat' dir='ltr'><strong>novi</strong></span> <span class='ocrx_word' id='word_1_411' title='bbox 291 3945 652 4008; x_wconf 87' lang='lat' dir='ltr'><strong>Tcstamenti,</strong></span> <span class='ocrx_word' id='word_1_412' title='bbox 683 3959 807 4000; x_wconf 91' lang='lat' dir='ltr'><strong>cum</strong></span> <span class='ocrx_word' id='word_1_413' title='bbox 829 3945 898 4000; x_wconf 91' lang='lat' dir='ltr'><strong>sit</strong></span> <span class='ocrx_word' id='word_1_414' title='bbox 928 3947 1149 4016; x_wconf 87' lang='lat' dir='ltr'><strong>quintus</strong></span> <span class='ocrx_word' id='word_1_415' title='bbox 1179 3947 1468 4015; x_wconf 75' lang='lat' dir='ltr'><strong>poematis.</strong></span> <span class='ocrx_word' id='word_1_416' title='bbox 1496 3947 1571 4001; x_wconf 89' lang='lat' dir='ltr'><strong>lta</strong></span> <span class='ocrx_word' id='word_1_417' title='bbox 1599 3949 1763 4002; x_wconf 89' lang='lat' dir='ltr'><strong>etiam</strong></span> 
     </span>
    </p>
   </div>
   <div class='ocr_carea' id='block_1_57' title="bbox 159 4035 1764 4110">
    <p class='ocr_par' dir='ltr' id='par_1_57' title="bbox 159 4035 1764 4110">
     <span class='ocr_line' id='line_1_57' title="bbox 159 4035 1764 4110; baseline 0.003 -17"><span class='ocrx_word' id='word_1_418' title='bbox 159 4035 313 4094; x_wconf 78' lang='lat' dir='ltr'><strong>refert</strong></span> <span class='ocrx_word' id='word_1_419' title='bbox 341 4040 516 4094; x_wconf 72' lang='lat' dir='ltr'><strong>codex</strong></span> <span class='ocrx_word' id='word_1_420' title='bbox 550 4039 768 4110; x_wconf 82' lang='lat' dir='ltr'><strong>optimae</strong></span> <span class='ocrx_word' id='word_1_421' title='bbox 796 4048 936 4094; x_wconf 71' lang='lat' dir='ltr'><strong>nota:</strong></span> <span class='ocrx_word' id='word_1_422' title='bbox 964 4039 1016 4094; x_wconf 90' lang='lat' dir='ltr'><strong>in</strong></span> <span class='ocrx_word' id='word_1_423' title='bbox 1051 4039 1382 4096; x_wconf 84' lang='lat' dir='ltr'><strong>bibliotheca</strong></span> <span class='ocrx_word' id='word_1_424' title='bbox 1416 4041 1764 4110; x_wconf 88' lang='lat' dir='ltr'><strong>Taurinensi,</strong></span> 
     </span>
    </p>
   </div>
   <div class='ocr_carea' id='block_1_58' title="bbox 161 4135 1766 4206">
    <p class='ocr_par' dir='ltr' id='par_1_58' title="bbox 161 4135 1766 4206">
     <span class='ocr_line' id='line_1_58' title="bbox 161 4135 1766 4206; baseline 0.002 -19"><span class='ocrx_word' id='word_1_425' title='bbox 161 4148 256 4204; x_wconf 87' lang='lat' dir='ltr'><strong>quo</strong></span> <span class='ocrx_word' id='word_1_426' title='bbox 307 4135 672 4206; x_wconf 89' lang='lat' dir='ltr'><strong>antiquiorem</strong></span> <span class='ocrx_word' id='word_1_427' title='bbox 721 4137 884 4190; x_wconf 91' lang='lat' dir='ltr'><strong>alium</strong></span> <span class='ocrx_word' id='word_1_428' title='bbox 947 4144 1163 4192; x_wconf 84' lang='lat' dir='ltr'><strong>exstare</strong></span> <span class='ocrx_word' id='word_1_429' title='bbox 1218 4153 1325 4191; x_wconf 90' lang='lat' dir='ltr'><strong>non</strong></span> <span class='ocrx_word' id='word_1_430' title='bbox 1357 4137 1633 4203; x_wconf 88' lang='lat' dir='ltr'><strong>arbitror;</strong></span> <span class='ocrx_word' id='word_1_431' title='bbox 1667 4138 1766 4192; x_wconf 85' lang='lat' dir='ltr'><strong>etsi</strong></span> 
     </span>
    </p>
   </div>
   <div class='ocr_carea' id='block_1_59' title="bbox 164 4222 1771 4304">
    <p class='ocr_par' dir='ltr' id='par_1_59' title="bbox 164 4222 1771 4304">
     <span class='ocr_line' id='line_1_59' title="bbox 164 4222 1771 4304; baseline 0.004 -23"><span class='ocrx_word' id='word_1_432' title='bbox 164 4230 294 4283; x_wconf 89' lang='lat' dir='ltr'><strong>enim</strong></span> <span class='ocrx_word' id='word_1_433' title='bbox 325 4229 569 4286; x_wconf 81' lang='lat' dir='ltr'><strong>Mansius</strong></span> <span class='ocrx_word' id='word_1_434' title='bbox 605 4232 655 4284; x_wconf 92' lang='lat' dir='ltr'><strong>in</strong></span> <span class='ocrx_word' id='word_1_435' title='bbox 684 4241 798 4285; x_wconf 88' lang='lat' dir='ltr'><strong>not.</strong></span> <span class='ocrx_word' id='word_1_436' title='bbox 825 4230 893 4286; x_wconf 88' lang='lat' dir='ltr'><strong>ad</strong></span> <span class='ocrx_word' id='word_1_437' title='bbox 933 4231 1075 4286; x_wconf 89' lang='lat' dir='ltr'><strong>Bibl.</strong></span> <span class='ocrx_word' id='word_1_438' title='bbox 1136 4222 1284 4288; x_wconf 81' lang='lat' dir='ltr'><strong>med.</strong></span> <span class='ocrx_word' id='word_1_439' title='bbox 1317 4231 1478 4288; x_wconf 85' lang='lat' dir='ltr'><strong>Fabr.</strong></span> <span class='ocrx_word' id='word_1_440' title='bbox 1533 4245 1771 4304; x_wconf 88' lang='lat' dir='ltr'><strong>quatuor</strong></span> 
     </span>
    </p>
   </div>
   <div class='ocr_carea' id='block_1_60' title="bbox 165 4324 1771 4395">
    <p class='ocr_par' dir='ltr' id='par_1_60' title="bbox 165 4324 1771 4395">
     <span class='ocr_line' id='line_1_60' title="bbox 165 4324 1771 4395; baseline 0.007 -21"><span class='ocrx_word' id='word_1_441' title='bbox 165 4328 364 4378; x_wconf 90' lang='lat' dir='ltr'><strong>tantum</strong></span> <span class='ocrx_word' id='word_1_442' title='bbox 427 4325 594 4394; x_wconf 90' lang='lat' dir='ltr'><strong>hujus</strong></span> <span class='ocrx_word' id='word_1_443' title='bbox 625 4324 835 4380; x_wconf 89' lang='lat' dir='ltr'><strong>codicis</strong></span> <span class='ocrx_word' id='word_1_444' title='bbox 875 4324 1046 4381; x_wconf 90' lang='lat' dir='ltr'><strong>libros</strong></span> <span class='ocrx_word' id='word_1_445' title='bbox 1067 4326 1225 4395; x_wconf 85' lang='lat' dir='ltr'><strong>dicit,</strong></span> <span class='ocrx_word' id='word_1_446' title='bbox 1254 4335 1435 4382; x_wconf 89' lang='lat' dir='ltr'><strong>tamen</strong></span> <span class='ocrx_word' id='word_1_447' title='bbox 1466 4342 1556 4382; x_wconf 90' lang='lat' dir='ltr'><strong>res</strong></span> <span class='ocrx_word' id='word_1_448' title='bbox 1582 4327 1691 4382; x_wconf 85' lang='lat' dir='ltr'><strong>alio</strong></span> <span class='ocrx_word' id='word_1_449' title='bbox 1712 4344 1771 4384; x_wconf 91' lang='lat' dir='ltr'><strong>se</strong></span> 
     </span>
    </p>
   </div>
   <div class='ocr_carea' id='block_1_61' title="bbox 168 4415 1769 4492">
    <p class='ocr_par' dir='ltr' id='par_1_61' title="bbox 168 4415 1769 4492">
     <span class='ocr_line' id='line_1_61' title="bbox 168 4415 1769 4492; baseline 0.006 -23"><span class='ocrx_word' id='word_1_450' title='bbox 168 4415 319 4473; x_wconf 89' lang='lat' dir='ltr'><strong>habet</strong></span> <span class='ocrx_word' id='word_1_451' title='bbox 350 4421 530 4474; x_wconf 87' lang='lat' dir='ltr'><strong>modo.</strong></span> <span class='ocrx_word' id='word_1_452' title='bbox 572 4421 826 4492; x_wconf 88' lang='lat' dir='ltr'><strong>Quinque</strong></span> <span class='ocrx_word' id='word_1_453' title='bbox 858 4422 1062 4490; x_wconf 88' lang='lat' dir='ltr'><strong>pariter</strong></span> <span class='ocrx_word' id='word_1_454' title='bbox 1094 4421 1260 4477; x_wconf 91' lang='lat' dir='ltr'><strong>habet</strong></span> <span class='ocrx_word' id='word_1_455' title='bbox 1314 4422 1485 4478; x_wconf 83' lang='lat' dir='ltr'><strong>codex</strong></span> <span class='ocrx_word' id='word_1_456' title='bbox 1531 4423 1769 4478; x_wconf 78' lang='lat' dir='ltr'><strong>Cantua-</strong></span> 
     </span>
    </p>
   </div>
   <div class='ocr_carea' id='block_1_62' title="bbox 170 4513 1771 4589">
    <p class='ocr_par' dir='ltr' id='par_1_62' title="bbox 170 4513 1771 4589">
     <span class='ocr_line' id='line_1_62' title="bbox 170 4513 1771 4589; baseline 0.006 -23"><span class='ocrx_word' id='word_1_457' title='bbox 170 4513 356 4568; x_wconf 81' lang='lat' dir='ltr'><strong>riensis</strong></span> <span class='ocrx_word' id='word_1_458' title='bbox 381 4516 527 4586; x_wconf 89' lang='lat' dir='ltr'><strong>apud</strong></span> <span class='ocrx_word' id='word_1_459' title='bbox 565 4516 898 4572; x_wconf 89' lang='lat' dir='ltr'><strong>Grunerum.</strong></span> <span class='ocrx_word' id='word_1_460' title='bbox 927 4517 1183 4573; x_wconf 88' lang='lat' dir='ltr'><strong>Usserius</strong></span> <span class='ocrx_word' id='word_1_461' title='bbox 1215 4533 1434 4589; x_wconf 90' lang='lat' dir='ltr'><strong>quoque</strong></span> <span class='ocrx_word' id='word_1_462' title='bbox 1468 4519 1628 4575; x_wconf 90' lang='lat' dir='ltr'><strong>testis</strong></span> <span class='ocrx_word' id='word_1_463' title='bbox 1686 4531 1771 4577; x_wconf 81' lang='lat' dir='ltr'><strong>est</strong></span> 
     </span>
    </p>
   </div>
   <div class='ocr_carea' id='block_1_63' title="bbox 171 4588 1848 4684">
    <p class='ocr_par' dir='ltr' id='par_1_63' title="bbox 171 4588 1848 4684">
     <span class='ocr_line' id='line_1_63' title="bbox 171 4588 1848 4684; baseline 0.004 -23"><span class='ocrx_word' id='word_1_464' title='bbox 171 4620 291 4662; x_wconf 87' lang='lat' dir='ltr'><strong>mss.</strong></span> <span class='ocrx_word' id='word_1_465' title='bbox 325 4610 662 4680; x_wconf 85' lang='lat' dir='ltr'><strong>exemplaria</strong></span> <span class='ocrx_word' id='word_1_466' title='bbox 712 4627 935 4667; x_wconf 89' lang='lat' dir='ltr'><strong>carmen</strong></span> <span class='ocrx_word' id='word_1_467' title='bbox 960 4610 1220 4681; x_wconf 89' lang='lat' dir='ltr'><strong>paschale</strong></span> <span class='ocrx_word' id='word_1_468' title='bbox 1249 4611 1302 4665; x_wconf 95' lang='lat' dir='ltr'><strong>in</strong></span> <span class='ocrx_word' id='word_1_469' title='bbox 1327 4612 1567 4684; x_wconf 93' lang='lat' dir='ltr'><strong>quinque</strong></span> <span class='ocrx_word' id='word_1_470' title='bbox 1599 4613 1767 4669; x_wconf 89' lang='lat' dir='ltr'><strong>libros</strong></span> <span class='ocrx_word' id='word_1_471' title='bbox 1799 4588 1848 4648; x_wconf 79' lang='lat' dir='ltr'><strong>D</strong></span> 
     </span>
    </p>
   </div>
   <div class='ocr_carea' id='block_1_64' title="bbox 173 4699 1774 4778">
    <p class='ocr_par' dir='ltr' id='par_1_64' title="bbox 173 4699 1774 4778">
     <span class='ocr_line' id='line_1_64' title="bbox 173 4699 1774 4778; baseline 0.006 -24"><span class='ocrx_word' id='word_1_472' title='bbox 173 4699 422 4760; x_wconf 85' lang='lat' dir='ltr'><strong>dividere.</strong></span> <span class='ocrx_word' id='word_1_473' title='bbox 458 4704 534 4760; x_wconf 86' lang='lat' dir='ltr'><strong>Ex</strong></span> <span class='ocrx_word' id='word_1_474' title='bbox 574 4705 736 4760; x_wconf 85' lang='lat' dir='ltr'><strong>variis</strong></span> <span class='ocrx_word' id='word_1_475' title='bbox 763 4705 1092 4761; x_wconf 88' lang='lat' dir='ltr'><strong>lectionibus</strong></span> <span class='ocrx_word' id='word_1_476' title='bbox 1119 4706 1174 4760; x_wconf 93' lang='lat' dir='ltr'><strong>in</strong></span> <span class='ocrx_word' id='word_1_477' title='bbox 1207 4704 1312 4761; x_wconf 85' lang='lat' dir='ltr'><strong>line</strong></span> <span class='ocrx_word' id='word_1_478' title='bbox 1336 4707 1774 4778; x_wconf 88' lang='lat' dir='ltr'><strong>uniuscujusque</strong></span> 
     </span>
    </p>
   </div>
   <div class='ocr_carea' id='block_1_65' title="bbox 174 4791 1772 4870">
    <p class='ocr_par' dir='ltr' id='par_1_65' title="bbox 174 4791 1772 4870">
     <span class='ocr_line' id='line_1_65' title="bbox 174 4791 1772 4870; baseline 0.005 -23"><span class='ocrx_word' id='word_1_479' title='bbox 174 4791 290 4849; x_wconf 87' lang='lat' dir='ltr'><strong>libri</strong></span> <span class='ocrx_word' id='word_1_480' title='bbox 316 4797 537 4863; x_wconf 91' lang='lat' dir='ltr'><strong>notatis,</strong></span> <span class='ocrx_word' id='word_1_481' title='bbox 576 4807 629 4851; x_wconf 89' lang='lat' dir='ltr'><strong>et</strong></span> <span class='ocrx_word' id='word_1_482' title='bbox 658 4798 865 4868; x_wconf 73' lang='lat' dir='ltr'><strong>exipsa</strong></span> <span class='ocrx_word' id='word_1_483' title='bbox 901 4797 1068 4853; x_wconf 89' lang='lat' dir='ltr'><strong>Prosa</strong></span> <span class='ocrx_word' id='word_1_484' title='bbox 1127 4797 1426 4854; x_wconf 90' lang='lat' dir='ltr'><strong>Seduliana</strong></span> <span class='ocrx_word' id='word_1_485' title='bbox 1478 4799 1772 4870; x_wconf 87' lang='lat' dir='ltr'><strong>colligitur,</strong></span> 
     </span>
    </p>
   </div>
   <div class='ocr_carea' id='block_1_66' title="bbox 179 4887 1779 4965">
    <p class='ocr_par' dir='ltr' id='par_1_66' title="bbox 179 4887 1779 4965">
     <span class='ocr_line' id='line_1_66' title="bbox 179 4887 1779 4965; baseline 0.005 -22"><span class='ocrx_word' id='word_1_486' title='bbox 179 4887 620 4947; x_wconf 87' lang='lat' dir='ltr'><strong>distributionem</strong></span> <span class='ocrx_word' id='word_1_487' title='bbox 648 4892 814 4948; x_wconf 89' lang='lat' dir='ltr'><strong>totius</strong></span> <span class='ocrx_word' id='word_1_488' title='bbox 838 4893 1100 4948; x_wconf 89' lang='lat' dir='ltr'><strong>carminis</strong></span> <span class='ocrx_word' id='word_1_489' title='bbox 1127 4893 1180 4947; x_wconf 91' lang='lat' dir='ltr'><strong>in</strong></span> <span class='ocrx_word' id='word_1_490' title='bbox 1207 4893 1449 4965; x_wconf 90' lang='lat' dir='ltr'><strong>quinque</strong></span> <span class='ocrx_word' id='word_1_491' title='bbox 1481 4893 1650 4949; x_wconf 90' lang='lat' dir='ltr'><strong>libros</strong></span> <span class='ocrx_word' id='word_1_492' title='bbox 1683 4910 1779 4951; x_wconf 88' lang='lat' dir='ltr'><strong>ve-</strong></span> 
     </span>
    </p>
   </div>
   <div class='ocr_carea' id='block_1_67' title="bbox 179 4989 1777 5062">
    <p class='ocr_par' dir='ltr' id='par_1_67' title="bbox 179 4989 1777 5062">
     <span class='ocr_line' id='line_1_67' title="bbox 179 4989 1777 5062; baseline 0.003 -21"><span class='ocrx_word' id='word_1_493' title='bbox 179 4989 522 5045; x_wconf 88' lang='lat' dir='ltr'><strong>tustissimam</strong></span> <span class='ocrx_word' id='word_1_494' title='bbox 542 5003 688 5057; x_wconf 89' lang='lat' dir='ltr'><strong>esse,</strong></span> <span class='ocrx_word' id='word_1_495' title='bbox 714 4999 791 5056; x_wconf 88' lang='lat' dir='ltr'><strong>et,</strong></span> <span class='ocrx_word' id='word_1_496' title='bbox 815 4989 1121 5056; x_wconf 86' lang='lat' dir='ltr'><strong>utvidetur,</strong></span> <span class='ocrx_word' id='word_1_497' title='bbox 1156 4989 1225 5044; x_wconf 85' lang='lat' dir='ltr'><strong>ab</strong></span> <span class='ocrx_word' id='word_1_498' title='bbox 1256 4990 1377 5059; x_wconf 87' lang='lat' dir='ltr'><strong>ipso</strong></span> <span class='ocrx_word' id='word_1_499' title='bbox 1406 4990 1633 5046; x_wconf 87' lang='lat' dir='ltr'><strong>Sedulio</strong></span> <span class='ocrx_word' id='word_1_500' title='bbox 1652 5005 1777 5062; x_wconf 86' lang='lat' dir='ltr'><strong>pro—</strong></span> 
     </span>
    </p>
   </div>
   <div class='ocr_carea' id='block_1_68' title="bbox 181 5083 1783 5151">
    <p class='ocr_par' dir='ltr' id='par_1_68' title="bbox 181 5083 1783 5151">
     <span class='ocr_line' id='line_1_68' title="bbox 181 5083 1783 5151; baseline 0.003 -13"><span class='ocrx_word' id='word_1_501' title='bbox 181 5083 382 5140; x_wconf 82' lang='lat' dir='ltr'><strong>lectam.</strong></span> <span class='ocrx_word' id='word_1_502' title='bbox 433 5086 491 5142; x_wconf 87' lang='lat' dir='ltr'><strong>In</strong></span> <span class='ocrx_word' id='word_1_503' title='bbox 523 5087 631 5141; x_wconf 86' lang='lat' dir='ltr'><strong>hac</strong></span> <span class='ocrx_word' id='word_1_504' title='bbox 659 5085 849 5144; x_wconf 89' lang='lat' dir='ltr'><strong>eadem</strong></span> <span class='ocrx_word' id='word_1_505' title='bbox 903 5088 1176 5142; x_wconf 88' lang='lat' dir='ltr'><strong>sententia</strong></span> <span class='ocrx_word' id='word_1_506' title='bbox 1214 5095 1343 5141; x_wconf 91' lang='lat' dir='ltr'><strong>sunt</strong></span> <span class='ocrx_word' id='word_1_507' title='bbox 1393 5085 1673 5151; x_wconf 89' lang='lat' dir='ltr'><strong>Barthius,</strong></span> <span class='ocrx_word' id='word_1_508' title='bbox 1724 5096 1783 5143; x_wconf 87' lang='lat' dir='ltr'><strong>et</strong></span> 
     </span>
    </p>
   </div>
   <div class='ocr_carea' id='block_1_69' title="bbox 183 5175 1776 5249">
    <p class='ocr_par' dir='ltr' id='par_1_69' title="bbox 183 5175 1776 5249">
     <span class='ocr_line' id='line_1_69' title="bbox 183 5175 1776 5249; baseline 0.001 -17"><span class='ocrx_word' id='word_1_509' title='bbox 183 5175 558 5236; x_wconf 86' lang='lat' dir='ltr'><strong>Poelmannus.</strong></span> <span class='ocrx_word' id='word_1_510' title='bbox 581 5179 849 5246; x_wconf 87' lang='lat' dir='ltr'><strong>Quoniam</strong></span> <span class='ocrx_word' id='word_1_511' title='bbox 881 5195 1014 5235; x_wconf 88' lang='lat' dir='ltr'><strong>vero</strong></span> <span class='ocrx_word' id='word_1_512' title='bbox 1035 5178 1290 5236; x_wconf 90' lang='lat' dir='ltr'><strong>Sedulius</strong></span> <span class='ocrx_word' id='word_1_513' title='bbox 1311 5177 1546 5249; x_wconf 91' lang='lat' dir='ltr'><strong>primum</strong></span> <span class='ocrx_word' id='word_1_514' title='bbox 1581 5179 1776 5234; x_wconf 90' lang='lat' dir='ltr'><strong>librum</strong></span> 
     </span>
    </p>
   </div>
   <div class='ocr_carea' id='block_1_70' title="bbox 184 5273 1782 5345">
    <p class='ocr_par' dir='ltr' id='par_1_70' title="bbox 184 5273 1782 5345">
     <span class='ocr_line' id='line_1_70' title="bbox 184 5273 1782 5345; baseline 0.003 -22"><span class='ocrx_word' id='word_1_515' title='bbox 184 5274 371 5327; x_wconf 58' lang='lat' dir='ltr'><strong>veteris</strong></span> <span class='ocrx_word' id='word_1_516' title='bbox 401 5273 738 5329; x_wconf 86' lang='lat' dir='ltr'><strong>Testamenti</strong></span> <span class='ocrx_word' id='word_1_517' title='bbox 775 5274 1023 5344; x_wconf 87' lang='lat' dir='ltr'><strong>posuisse</strong></span> <span class='ocrx_word' id='word_1_518' title='bbox 1051 5273 1269 5329; x_wconf 85' lang='lat' dir='ltr'><strong>videtur</strong></span> <span class='ocrx_word' id='word_1_519' title='bbox 1298 5273 1453 5345; x_wconf 89' lang='lat' dir='ltr'><strong>quasi</strong></span> <span class='ocrx_word' id='word_1_520' title='bbox 1484 5287 1582 5343; x_wconf 91' lang='lat' dir='ltr'><strong>pro</strong></span> <span class='ocrx_word' id='word_1_521' title='bbox 1610 5274 1782 5328; x_wconf 90' lang='lat' dir='ltr'><strong>intro-</strong></span> 
     </span>
    </p>
   </div>
   <div class='ocr_carea' id='block_1_71' title="bbox 186 5361 1784 5439">
    <p class='ocr_par' dir='ltr' id='par_1_71' title="bbox 186 5361 1784 5439">
     <span class='ocr_line' id='line_1_71' title="bbox 186 5361 1784 5439; baseline 0.004 -23"><span class='ocrx_word' id='word_1_522' title='bbox 186 5361 424 5421; x_wconf 87' lang='lat' dir='ltr'><strong>ductione</strong></span> <span class='ocrx_word' id='word_1_523' title='bbox 451 5367 518 5422; x_wconf 89' lang='lat' dir='ltr'><strong>ad</strong></span> <span class='ocrx_word' id='word_1_524' title='bbox 553 5377 785 5439; x_wconf 89' lang='lat' dir='ltr'><strong>quatuor</strong></span> <span class='ocrx_word' id='word_1_525' title='bbox 807 5378 1126 5438; x_wconf 89' lang='lat' dir='ltr'><strong>sequentes,</strong></span> <span class='ocrx_word' id='word_1_526' title='bbox 1161 5367 1284 5422; x_wconf 88' lang='lat' dir='ltr'><strong>inde</strong></span> <span class='ocrx_word' id='word_1_527' title='bbox 1310 5367 1540 5422; x_wconf 82' lang='lat' dir='ltr'><strong>fortasse</strong></span> <span class='ocrx_word' id='word_1_528' title='bbox 1583 5367 1636 5422; x_wconf 91' lang='lat' dir='ltr'><strong>in</strong></span> <span class='ocrx_word' id='word_1_529' title='bbox 1668 5368 1784 5424; x_wconf 85' lang='lat' dir='ltr'><strong>eni-</strong></span> 
     </span>
    </p>
   </div>
   <div class='ocr_carea' id='block_1_72' title="bbox 188 5457 1784 5532">
    <p class='ocr_par' dir='ltr' id='par_1_72' title="bbox 188 5457 1784 5532">
     <span class='ocr_line' id='line_1_72' title="bbox 188 5457 1784 5532; baseline 0.004 -22"><span class='ocrx_word' id='word_1_530' title='bbox 188 5457 310 5511; x_wconf 90' lang='lat' dir='ltr'><strong>stola</strong></span> <span class='ocrx_word' id='word_1_531' title='bbox 332 5459 394 5513; x_wconf 90' lang='lat' dir='ltr'><strong>ad</strong></span> <span class='ocrx_word' id='word_1_532' title='bbox 421 5459 797 5516; x_wconf 76' lang='lat' dir='ltr'><strong>Macedonium</strong></span> <span class='ocrx_word' id='word_1_533' title='bbox 855 5473 1077 5532; x_wconf 83' lang='lat' dir='ltr'><strong>quatuor</strong></span> <span class='ocrx_word' id='word_1_534' title='bbox 1126 5460 1444 5515; x_wconf 89' lang='lat' dir='ltr'><strong>mirabilium</strong></span> <span class='ocrx_word' id='word_1_535' title='bbox 1491 5461 1784 5516; x_wconf 88' lang='lat' dir='ltr'><strong>divinorum</strong></span> 
     </span>
    </p>
   </div>
   <div class='ocr_carea' id='block_1_73' title="bbox 193 5552 1784 5633">
    <p class='ocr_par' dir='ltr' id='par_1_73' title="bbox 193 5552 1784 5633">
     <span class='ocr_line' id='line_1_73' title="bbox 193 5552 1784 5633; baseline 0.004 -27"><span class='ocrx_word' id='word_1_536' title='bbox 193 5552 334 5609; x_wconf 88' lang='lat' dir='ltr'><strong>libros</strong></span> <span class='ocrx_word' id='word_1_537' title='bbox 355 5556 490 5611; x_wconf 68' lang='lat' dir='ltr'><strong>dixit</strong></span> <span class='ocrx_word' id='word_1_538' title='bbox 525 5576 536 5610; x_wconf 92' lang='lat'><strong>:</strong></span> <span class='ocrx_word' id='word_1_539' title='bbox 571 5558 723 5612; x_wconf 88' lang='lat' dir='ltr'><strong>addit</strong></span> <span class='ocrx_word' id='word_1_540' title='bbox 756 5560 926 5626; x_wconf 90' lang='lat' dir='ltr'><strong>enim,</strong></span> <span class='ocrx_word' id='word_1_541' title='bbox 989 5569 1215 5630; x_wconf 88' lang='lat' dir='ltr'><strong>quatuor</strong></span> <span class='ocrx_word' id='word_1_542' title='bbox 1241 5558 1673 5633; x_wconf 81' lang='lat' dir='ltr'><strong>evangelistarum</strong></span> <span class='ocrx_word' id='word_1_543' title='bbox 1703 5560 1784 5613; x_wconf 85' lang='lat' dir='ltr'><strong>di-</strong></span> 
     </span>
    </p>
   </div>
   <div class='ocr_carea' id='block_1_74' title="bbox 195 5652 1791 5726">
    <p class='ocr_par' dir='ltr' id='par_1_74' title="bbox 195 5652 1791 5726">
     <span class='ocr_line' id='line_1_74' title="bbox 195 5652 1791 5726; baseline 0.007 -28"><span class='ocrx_word' id='word_1_544' title='bbox 195 5656 271 5700; x_wconf 87' lang='lat' dir='ltr'><strong>cta</strong></span> <span class='ocrx_word' id='word_1_545' title='bbox 297 5666 613 5726; x_wconf 85' lang='lat' dir='ltr'><strong>congregans</strong></span> <span class='ocrx_word' id='word_1_546' title='bbox 640 5653 896 5706; x_wconf 75' lang='lat' dir='ltr'><strong>ordinari.</strong></span> <span class='ocrx_word' id='word_1_547' title='bbox 923 5652 978 5707; x_wconf 91' lang='lat' dir='ltr'><strong>ld</strong></span> <span class='ocrx_word' id='word_1_548' title='bbox 1011 5655 1182 5708; x_wconf 90' lang='lat' dir='ltr'><strong>secuti</strong></span> <span class='ocrx_word' id='word_1_549' title='bbox 1207 5653 1612 5722; x_wconf 90' lang='lat' dir='ltr'><strong>quodammodo</strong></span> <span class='ocrx_word' id='word_1_550' title='bbox 1661 5665 1791 5709; x_wconf 88' lang='lat' dir='ltr'><strong>sunt</strong></span> 
     </span>
    </p>
   </div>
   <div class='ocr_carea' id='block_1_75' title="bbox 197 5743 1791 5818">
    <p class='ocr_par' dir='ltr' id='par_1_75' title="bbox 197 5743 1791 5818">
     <span class='ocr_line' id='line_1_75' title="bbox 197 5743 1791 5818; baseline 0.003 -20"><span class='ocrx_word' id='word_1_551' title='bbox 197 5743 375 5809; x_wconf 75' lang='lat' dir='ltr'><strong>Aldus,</strong></span> <span class='ocrx_word' id='word_1_552' title='bbox 417 5757 472 5802; x_wconf 87' lang='lat' dir='ltr'><strong>et</strong></span> <span class='ocrx_word' id='word_1_553' title='bbox 501 5747 593 5802; x_wconf 90' lang='lat' dir='ltr'><strong>alii</strong></span> <span class='ocrx_word' id='word_1_554' title='bbox 634 5757 852 5804; x_wconf 89' lang='lat' dir='ltr'><strong>veteres</strong></span> <span class='ocrx_word' id='word_1_555' title='bbox 885 5747 1164 5813; x_wconf 87' lang='lat' dir='ltr'><strong>editores;</strong></span> <span class='ocrx_word' id='word_1_556' title='bbox 1197 5757 1250 5802; x_wconf 90' lang='lat' dir='ltr'><strong>et</strong></span> <span class='ocrx_word' id='word_1_557' title='bbox 1278 5748 1329 5802; x_wconf 91' lang='lat' dir='ltr'><strong>in</strong></span> <span class='ocrx_word' id='word_1_558' title='bbox 1384 5763 1546 5818; x_wconf 89' lang='lat' dir='ltr'><strong>prosa</strong></span> <span class='ocrx_word' id='word_1_559' title='bbox 1598 5747 1791 5803; x_wconf 81' lang='lat' dir='ltr'><strong>distin-</strong></span> 
     </span>
    </p>
   </div>
   <div class='ocr_carea' id='block_1_76' title="bbox 200 5839 1794 5915">
    <p class='ocr_par' dir='ltr' id='par_1_76' title="bbox 200 5839 1794 5915">
     <span class='ocr_line' id='line_1_76' title="bbox 200 5839 1794 5915; baseline 0 -19"><span class='ocrx_word' id='word_1_560' title='bbox 200 5844 326 5898; x_wconf 87' lang='lat' dir='ltr'><strong>ctius</strong></span> <span class='ocrx_word' id='word_1_561' title='bbox 355 5843 550 5915; x_wconf 84' lang='lat' dir='ltr'><strong>legitur</strong></span> <span class='ocrx_word' id='word_1_562' title='bbox 573 5843 638 5899; x_wconf 91' lang='lat' dir='ltr'><strong>ad</strong></span> <span class='ocrx_word' id='word_1_563' title='bbox 669 5844 761 5899; x_wconf 84' lang='lat' dir='ltr'><strong>lin.</strong></span> <span class='ocrx_word' id='word_1_564' title='bbox 801 5844 935 5898; x_wconf 82' lang='lat' dir='ltr'><strong>tituli</strong></span> <span class='ocrx_word' id='word_1_565' title='bbox 968 5861 1089 5914; x_wconf 74' lang='lat' dir='ltr'><strong>cap.</strong></span> <span class='ocrx_word' id='word_1_566' title='bbox 1124 5843 1193 5897; x_wconf 67' lang='lat'><strong>2&#39;2.</strong></span> <span class='ocrx_word' id='word_1_567' title='bbox 1228 5859 1243 5898; x_wconf 91' lang='lat'><strong><em>:</em></strong></span> <span class='ocrx_word' id='word_1_568' title='bbox 1278 5839 1665 5913; x_wconf 76' lang='lat' dir='ltr'><strong>Erplicucrunt</strong></span> <span class='ocrx_word' id='word_1_569' title='bbox 1709 5859 1794 5896; x_wconf 88' lang='lat' dir='ltr'><strong>ca-</strong></span> 
     </span>
    </p>
   </div>
   <div class='ocr_carea' id='block_1_77' title="bbox 1843 1865 3457 1939">
    <p class='ocr_par' dir='ltr' id='par_1_77' title="bbox 1843 1865 3457 1939">
     <span class='ocr_line' id='line_1_77' title="bbox 1843 1865 3457 1939; baseline 0.002 -19"><span class='ocrx_word' id='word_1_570' title='bbox 1843 1865 2154 1920; x_wconf 84' lang='lat' dir='ltr'><strong>Cassander</strong></span> <span class='ocrx_word' id='word_1_571' title='bbox 2177 1866 2228 1919; x_wconf 92' lang='lat' dir='ltr'><strong>in</strong></span> <span class='ocrx_word' id='word_1_572' title='bbox 2264 1877 2500 1934; x_wconf 86' lang='lat' dir='ltr'><strong>quatuor</strong></span> <span class='ocrx_word' id='word_1_573' title='bbox 2527 1867 2689 1920; x_wconf 84' lang='lat' dir='ltr'><strong>etiam</strong></span> <span class='ocrx_word' id='word_1_574' title='bbox 2725 1865 2896 1921; x_wconf 90' lang='lat' dir='ltr'><strong>libros</strong></span> <span class='ocrx_word' id='word_1_575' title='bbox 2929 1881 3151 1922; x_wconf 89' lang='lat' dir='ltr'><strong>carmen</strong></span> <span class='ocrx_word' id='word_1_576' title='bbox 3197 1867 3457 1939; x_wconf 88' lang='lat' dir='ltr'><strong>paschale</strong></span> 
     </span>
    </p>
   </div>
   <div class='ocr_carea' id='block_1_78' title="bbox 1845 1957 2049 2015">
    <p class='ocr_par' dir='ltr' id='par_1_78' title="bbox 1845 1957 2049 2015">
     <span class='ocr_line' id='line_1_78' title="bbox 1845 1957 2049 2015; baseline 0.01 -2"><span class='ocrx_word' id='word_1_577' title='bbox 1845 1957 2049 2015; x_wconf 84' lang='lat' dir='ltr'><strong>divisit.</strong></span> 
     </span>
    </p>
   </div>
   <div class='ocr_carea' id='block_1_79' title="bbox 1918 2054 3460 2126">
    <p class='ocr_par' dir='ltr' id='par_1_79' title="bbox 1918 2054 3460 2126">
     <span class='ocr_line' id='line_1_79' title="bbox 1918 2054 3460 2126; baseline 0 -15"><span class='ocrx_word' id='word_1_578' title='bbox 1918 2056 2009 2111; x_wconf 69' lang='grc'><strong>54.</strong></span> <span class='ocrx_word' id='word_1_579' title='bbox 2042 2055 2283 2110; x_wconf 91' lang='lat' dir='ltr'><strong>Titulum</strong></span> <span class='ocrx_word' id='word_1_580' title='bbox 2311 2055 2583 2126; x_wconf 88' lang='lat' dir='ltr'><strong>poematis</strong></span> <span class='ocrx_word' id='word_1_581' title='bbox 2606 2054 2945 2110; x_wconf 83' lang='lat' dir='ltr'><strong>Trithcmius</strong></span> <span class='ocrx_word' id='word_1_582' title='bbox 2984 2056 3058 2110; x_wconf 89' lang='lat' dir='ltr'><strong>ait</strong></span> <span class='ocrx_word' id='word_1_583' title='bbox 3088 2069 3209 2112; x_wconf 86' lang='lat' dir='ltr'><strong>esse</strong></span> <span class='ocrx_word' id='word_1_584' title='bbox 3239 2055 3460 2112; x_wconf 89' lang='lat' dir='ltr'><strong>Carmen</strong></span> 
     </span>
    </p>
   </div>
   <div class='ocr_carea' id='block_1_80' title="bbox 1846 2149 3464 2222">
    <p class='ocr_par' dir='ltr' id='par_1_80' title="bbox 1846 2149 3464 2222">
     <span class='ocr_line' id='line_1_80' title="bbox 1846 2149 3464 2222; baseline 0.001 -18"><span class='ocrx_word' id='word_1_585' title='bbox 1846 2151 2115 2222; x_wconf 83' lang='lat' dir='ltr'><strong>paschale.</strong></span> <span class='ocrx_word' id='word_1_586' title='bbox 2151 2151 2227 2205; x_wconf 91' lang='lat' dir='ltr'><strong>lta</strong></span> <span class='ocrx_word' id='word_1_587' title='bbox 2270 2151 2386 2220; x_wconf 85' lang='lat' dir='ltr'><strong>ipse</strong></span> <span class='ocrx_word' id='word_1_588' title='bbox 2437 2149 2696 2204; x_wconf 86' lang='lat' dir='ltr'><strong>Sedulius</strong></span> <span class='ocrx_word' id='word_1_589' title='bbox 2724 2149 2780 2204; x_wconf 94' lang='lat' dir='ltr'><strong>in</strong></span> <span class='ocrx_word' id='word_1_590' title='bbox 2810 2150 3040 2219; x_wconf 87' lang='lat' dir='ltr'><strong>epistola</strong></span> <span class='ocrx_word' id='word_1_591' title='bbox 3092 2151 3158 2205; x_wconf 88' lang='lat' dir='ltr'><strong>ad</strong></span> <span class='ocrx_word' id='word_1_592' title='bbox 3210 2151 3464 2208; x_wconf 82' lang='lat' dir='ltr'><strong>Macedo-</strong></span> 
     </span>
    </p>
   </div>
   <div class='ocr_carea' id='block_1_81' title="bbox 1847 2243 3465 2317">
    <p class='ocr_par' dir='ltr' id='par_1_81' title="bbox 1847 2243 3465 2317">
     <span class='ocr_line' id='line_1_81' title="bbox 1847 2243 3465 2317; baseline 0.002 -18"><span class='ocrx_word' id='word_1_593' title='bbox 1847 2245 1998 2299; x_wconf 88' lang='lat' dir='ltr'><strong>nium</strong></span> <span class='ocrx_word' id='word_1_594' title='bbox 2028 2262 2040 2297; x_wconf 73' lang='grc' dir='ltr'><strong><em>τ</em></strong></span> <span class='ocrx_word' id='word_1_595' title='bbox 2079 2243 2218 2298; x_wconf 82' lang='lat' dir='ltr'><strong>Huic</strong></span> <span class='ocrx_word' id='word_1_596' title='bbox 2250 2255 2425 2298; x_wconf 89' lang='lat' dir='ltr'><strong>autem</strong></span> <span class='ocrx_word' id='word_1_597' title='bbox 2457 2246 2624 2312; x_wconf 88' lang='lat' dir='ltr'><strong>aperi,</strong></span> <span class='ocrx_word' id='word_1_598' title='bbox 2658 2248 2864 2317; x_wconf 77' lang='lat' dir='ltr'><strong>favente</strong></span> <span class='ocrx_word' id='word_1_599' title='bbox 2899 2245 3148 2314; x_wconf 89' lang='lat' dir='ltr'><strong>Domino,</strong></span> <span class='ocrx_word' id='word_1_600' title='bbox 3183 2245 3465 2302; x_wconf 83' lang='lat' dir='ltr'><strong>Paschalis</strong></span> 
     </span>
    </p>
   </div>
   <div class='ocr_carea' id='block_1_82' title="bbox 1848 2338 3463 2411">
    <p class='ocr_par' dir='ltr' id='par_1_82' title="bbox 1848 2338 3463 2411">
     <span class='ocr_line' id='line_1_82' title="bbox 1848 2338 3463 2411; baseline 0.002 -20"><span class='ocrx_word' id='word_1_601' title='bbox 1848 2338 2096 2394; x_wconf 82' lang='lat' dir='ltr'><strong>carminis</strong></span> <span class='ocrx_word' id='word_1_602' title='bbox 2128 2355 2314 2392; x_wconf 86' lang='lat' dir='ltr'><strong>nomen</strong></span> <span class='ocrx_word' id='word_1_603' title='bbox 2349 2339 2596 2410; x_wconf 87' lang='lat' dir='ltr'><strong>imposui,</strong></span> <span class='ocrx_word' id='word_1_604' title='bbox 2633 2339 2756 2409; x_wconf 89' lang='lat' dir='ltr'><strong>quia</strong></span> <span class='ocrx_word' id='word_1_605' title='bbox 2788 2340 2988 2411; x_wconf 88' lang='lat' dir='ltr'><strong>pascha</strong></span> <span class='ocrx_word' id='word_1_606' title='bbox 3015 2352 3250 2395; x_wconf 87' lang='lat' dir='ltr'><strong>nostrum</strong></span> <span class='ocrx_word' id='word_1_607' title='bbox 3281 2341 3463 2396; x_wconf 57' lang='lat' dir='ltr'><strong>immo.</strong></span> 
     </span>
    </p>
   </div>
   <div class='ocr_carea' id='block_1_83' title="bbox 1850 2429 3468 2502">
    <p class='ocr_par' dir='ltr' id='par_1_83' title="bbox 1850 2429 3468 2502">
     <span class='ocr_line' id='line_1_83' title="bbox 1850 2429 3468 2502; baseline 0.001 -18"><span class='ocrx_word' id='word_1_608' title='bbox 1850 2430 1990 2485; x_wconf 88' lang='lat' dir='ltr'><strong>latus</strong></span> <span class='ocrx_word' id='word_1_609' title='bbox 2023 2439 2097 2484; x_wconf 87' lang='lat' dir='ltr'><strong>est</strong></span> <span class='ocrx_word' id='word_1_610' title='bbox 2128 2429 2368 2485; x_wconf 78' lang='lat' dir='ltr'><strong>Christus</strong></span> <span class='ocrx_word' id='word_1_611' title='bbox 2395 2447 2412 2497; x_wconf 87' lang='lat'><strong><em>;</em></strong></span> <span class='ocrx_word' id='word_1_612' title='bbox 2443 2440 2497 2486; x_wconf 92' lang='lat' dir='ltr'><strong>et</strong></span> <span class='ocrx_word' id='word_1_613' title='bbox 2533 2432 2584 2485; x_wconf 93' lang='lat' dir='ltr'><strong>in</strong></span> <span class='ocrx_word' id='word_1_614' title='bbox 2615 2431 2796 2487; x_wconf 86' lang='lat' dir='ltr'><strong>altera’</strong></span> <span class='ocrx_word' id='word_1_615' title='bbox 2823 2433 3056 2502; x_wconf 82' lang='lat' dir='ltr'><strong>epistola</strong></span> <span class='ocrx_word' id='word_1_616' title='bbox 3105 2433 3169 2488; x_wconf 85' lang='lat' dir='ltr'><strong>ad</strong></span> <span class='ocrx_word' id='word_1_617' title='bbox 3218 2433 3468 2490; x_wconf 83' lang='lat' dir='ltr'><strong>Macedo-</strong></span> 
     </span>
    </p>
   </div>
   <div class='ocr_carea' id='block_1_84' title="bbox 1851 2523 3463 2595">
    <p class='ocr_par' dir='ltr' id='par_1_84' title="bbox 1851 2523 3463 2595">
     <span class='ocr_line' id='line_1_84' title="bbox 1851 2523 3463 2595; baseline 0.003 -17"><span class='ocrx_word' id='word_1_618' title='bbox 1851 2523 2023 2590; x_wconf 92' lang='lat' dir='ltr'><strong>nium,</strong></span> <span class='ocrx_word' id='word_1_619' title='bbox 2077 2525 2360 2595; x_wconf 57' lang='lat' dir='ltr'><strong>permissa</strong></span> <span class='ocrx_word' id='word_1_620' title='bbox 2411 2540 2606 2595; x_wconf 72' lang='lat' dir='ltr'><strong>prosm,</strong></span> <span class='ocrx_word' id='word_1_621' title='bbox 2647 2526 2808 2581; x_wconf 88' lang='lat' dir='ltr'><strong>simili</strong></span> <span class='ocrx_word' id='word_1_622' title='bbox 2863 2529 3026 2583; x_wconf 87' lang='lat' dir='ltr'><strong>modo</strong></span> <span class='ocrx_word' id='word_1_623' title='bbox 3070 2539 3228 2583; x_wconf 78' lang='lat' dir='ltr'><strong>vocat</strong></span> <span class='ocrx_word' id='word_1_624' title='bbox 3259 2547 3463 2584; x_wconf 86' lang='lat' dir='ltr'><strong>carmen</strong></span> 
     </span>
    </p>
   </div>
   <div class='ocr_carea' id='block_1_85' title="bbox 1851 2617 3464 2692">
    <p class='ocr_par' dir='ltr' id='par_1_85' title="bbox 1851 2617 3464 2692">
     <span class='ocr_line' id='line_1_85' title="bbox 1851 2617 3464 2692; baseline 0.002 -18"><span class='ocrx_word' id='word_1_625' title='bbox 1851 2617 2121 2691; x_wconf 84' lang='lat' dir='ltr'><strong>paschale,</strong></span> <span class='ocrx_word' id='word_1_626' title='bbox 2167 2617 2342 2688; x_wconf 90' lang='lat' dir='ltr'><strong>ipsam</strong></span> <span class='ocrx_word' id='word_1_627' title='bbox 2376 2633 2508 2674; x_wconf 87' lang='lat' dir='ltr'><strong>vero</strong></span> <span class='ocrx_word' id='word_1_628' title='bbox 2540 2634 2758 2690; x_wconf 90' lang='lat' dir='ltr'><strong>prosam</strong></span> <span class='ocrx_word' id='word_1_629' title='bbox 2813 2637 2944 2692; x_wconf 87' lang='lat' dir='ltr'><strong>apus</strong></span> <span class='ocrx_word' id='word_1_630' title='bbox 2987 2621 3262 2692; x_wconf 84' lang='lat' dir='ltr'><strong>paschale,</strong></span> <span class='ocrx_word' id='word_1_631' title='bbox 3319 2622 3464 2692; x_wconf 89' lang='lat' dir='ltr'><strong>quod</strong></span> 
     </span>
    </p>
   </div>
   <div class='ocr_carea' id='block_1_86' title="bbox 1852 2714 3461 2788">
    <p class='ocr_par' dir='ltr' id='par_1_86' title="bbox 1852 2714 3461 2788">
     <span class='ocr_line' id='line_1_86' title="bbox 1852 2714 3461 2788; baseline 0.005 -20"><span class='ocrx_word' id='word_1_632' title='bbox 1852 2714 2402 2770; x_wconf 86' lang='lat' dir='ltr'><strong>animadvertendum</strong></span> <span class='ocrx_word' id='word_1_633' title='bbox 2434 2724 2520 2770; x_wconf 85' lang='lat' dir='ltr'><strong>est</strong></span> <span class='ocrx_word' id='word_1_634' title='bbox 2552 2724 2740 2772; x_wconf 88' lang='lat' dir='ltr'><strong>contra</strong></span> <span class='ocrx_word' id='word_1_635' title='bbox 2788 2716 3113 2788; x_wconf 86' lang='lat' dir='ltr'><strong>Gyraldum,</strong></span> <span class='ocrx_word' id='word_1_636' title='bbox 3146 2718 3461 2776; x_wconf 87' lang='lat' dir='ltr'><strong>Nebrissen-</strong></span> 
     </span>
    </p>
   </div>
   <div class='ocr_carea' id='block_1_87' title="bbox 1853 2808 3470 2888">
    <p class='ocr_par' dir='ltr' id='par_1_87' title="bbox 1853 2808 3470 2888">
     <span class='ocr_line' id='line_1_87' title="bbox 1853 2808 3470 2888; baseline 0.004 -24"><span class='ocrx_word' id='word_1_637' title='bbox 1853 2823 1993 2873; x_wconf 85' lang='lat' dir='ltr'><strong>sem,</strong></span> <span class='ocrx_word' id='word_1_638' title='bbox 2027 2817 2080 2864; x_wconf 91' lang='lat' dir='ltr'><strong>et</strong></span> <span class='ocrx_word' id='word_1_639' title='bbox 2127 2808 2286 2873; x_wconf 88' lang='lat' dir='ltr'><strong>alios,</strong></span> <span class='ocrx_word' id='word_1_640' title='bbox 2331 2809 2420 2880; x_wconf 93' lang='lat' dir='ltr'><strong>qui</strong></span> <span class='ocrx_word' id='word_1_641' title='bbox 2455 2811 2686 2864; x_wconf 74' lang='lat' dir='ltr'><strong>carmini</strong></span> <span class='ocrx_word' id='word_1_642' title='bbox 2740 2812 2958 2866; x_wconf 90' lang='lat' dir='ltr'><strong>titulum</strong></span> <span class='ocrx_word' id='word_1_643' title='bbox 3019 2813 3290 2885; x_wconf 81' lang='lat' dir='ltr'><strong>allingunt</strong></span> <span class='ocrx_word' id='word_1_644' title='bbox 3341 2833 3470 2888; x_wconf 81' lang='lat' dir='ltr'><strong>Opus</strong></span> 
     </span>
    </p>
   </div>
   <div class='ocr_carea' id='block_1_88' title="bbox 1854 2902 3473 2984">
    <p class='ocr_par' dir='ltr' id='par_1_88' title="bbox 1854 2902 3473 2984">
     <span class='ocr_line' id='line_1_88' title="bbox 1854 2902 3473 2984; baseline 0.006 -26"><span class='ocrx_word' id='word_1_645' title='bbox 1854 2905 2123 2975; x_wconf 79' lang='lat' dir='ltr'><strong>paschale.</strong></span> <span class='ocrx_word' id='word_1_646' title='bbox 2187 2902 2400 2960; x_wconf 79' lang='lat' dir='ltr'><strong>Priores</strong></span> <span class='ocrx_word' id='word_1_647' title='bbox 2452 2907 2617 2978; x_wconf 87' lang='lat' dir='ltr'><strong>igitur</strong></span> <span class='ocrx_word' id='word_1_648' title='bbox 2661 2907 2802 2976; x_wconf 90' lang='lat' dir='ltr'><strong>libri,</strong></span> <span class='ocrx_word' id='word_1_649' title='bbox 2869 2910 2948 2963; x_wconf 86' lang='lat' dir='ltr'><strong>ait</strong></span> <span class='ocrx_word' id='word_1_650' title='bbox 3000 2910 3286 2977; x_wconf 90' lang='lat' dir='ltr'><strong>Sedulius,</strong></span> <span class='ocrx_word' id='word_1_651' title='bbox 3347 2914 3473 2984; x_wconf 87' lang='lat' dir='ltr'><strong>quia</strong></span> 
     </span>
    </p>
   </div>
   <div class='ocr_carea' id='block_1_89' title="bbox 1854 2999 3468 3078">
    <p class='ocr_par' dir='ltr' id='par_1_89' title="bbox 1854 2999 3468 3078">
     <span class='ocr_line' id='line_1_89' title="bbox 1854 2999 3468 3078; baseline 0.005 -25"><span class='ocrx_word' id='word_1_652' title='bbox 1854 3015 2004 3054; x_wconf 82' lang='lat' dir='ltr'><strong>versu</strong></span> <span class='ocrx_word' id='word_1_653' title='bbox 2029 2999 2218 3070; x_wconf 80' lang='lat' dir='ltr'><strong>digesti</strong></span> <span class='ocrx_word' id='word_1_654' title='bbox 2240 3010 2380 3066; x_wconf 88' lang='lat' dir='ltr'><strong>sunt,</strong></span> <span class='ocrx_word' id='word_1_655' title='bbox 2413 3017 2598 3054; x_wconf 88' lang='lat' dir='ltr'><strong>nomen</strong></span> <span class='ocrx_word' id='word_1_656' title='bbox 2629 3017 2917 3057; x_wconf 76' lang='lat' dir='ltr'><strong>PASCHALIS</strong></span> <span class='ocrx_word' id='word_1_657' title='bbox 2971 3019 3220 3060; x_wconf 73' lang='lat' dir='ltr'><strong>CAMIINIS</strong></span> <span class='ocrx_word' id='word_1_658' title='bbox 3255 3023 3468 3078; x_wconf 54' lang='lat' dir='ltr'><strong>accepe.</strong></span> 
     </span>
    </p>
   </div>
   <div class='ocr_carea' id='block_1_90' title="bbox 1858 3087 3475 3166">
    <p class='ocr_par' dir='ltr' id='par_1_90' title="bbox 1858 3087 3475 3166">
     <span class='ocr_line' id='line_1_90' title="bbox 1858 3087 3475 3166; baseline 0.005 -18"><span class='ocrx_word' id='word_1_659' title='bbox 1858 3104 2004 3162; x_wconf 87' lang='lat' dir='ltr'><strong>runt;</strong></span> <span class='ocrx_word' id='word_1_660' title='bbox 2034 3102 2299 3166; x_wconf 86' lang='lat' dir='ltr'><strong>sequentes</strong></span> <span class='ocrx_word' id='word_1_661' title='bbox 2330 3103 2503 3149; x_wconf 88' lang='lat' dir='ltr'><strong>autem</strong></span> <span class='ocrx_word' id='word_1_662' title='bbox 2528 3095 2585 3151; x_wconf 87' lang='lat' dir='ltr'><strong>in</strong></span> <span class='ocrx_word' id='word_1_663' title='bbox 2618 3087 2794 3164; x_wconf 80' lang='lat' dir='ltr'><strong>prosa,</strong></span> <span class='ocrx_word' id='word_1_664' title='bbox 2830 3097 2977 3151; x_wconf 87' lang='lat' dir='ltr'><strong>nulla</strong></span> <span class='ocrx_word' id='word_1_665' title='bbox 3005 3115 3186 3152; x_wconf 85' lang='lat' dir='ltr'><strong>cursus</strong></span> <span class='ocrx_word' id='word_1_666' title='bbox 3227 3101 3475 3156; x_wconf 89' lang='lat' dir='ltr'><strong>varietate</strong></span> 
     </span>
    </p>
   </div>
   <div class='ocr_carea' id='block_1_91' title="bbox 1862 3189 3474 3261">
    <p class='ocr_par' dir='ltr' id='par_1_91' title="bbox 1862 3189 3474 3261">
     <span class='ocr_line' id='line_1_91' title="bbox 1862 3189 3474 3261; baseline 0.004 -18"><span class='ocrx_word' id='word_1_667' title='bbox 1862 3189 2096 3244; x_wconf 81' lang='lat' dir='ltr'><strong>conversi</strong></span> <span class='ocrx_word' id='word_1_668' title='bbox 2117 3232 2130 3255; x_wconf 97' lang='lat'><strong>,</strong></span> <span class='ocrx_word' id='word_1_669' title='bbox 2165 3204 2459 3244; x_wconf 73' lang='lat' dir='ltr'><strong>PASCBALIS</strong></span> <span class='ocrx_word' id='word_1_670' title='bbox 2483 3190 2828 3261; x_wconf 81' lang='lat' dir='ltr'><strong>designantur</strong></span> <span class='ocrx_word' id='word_1_671' title='bbox 2859 3207 3046 3248; x_wconf 76' lang='lat' dir='ltr'><strong>OPERIS</strong></span> <span class='ocrx_word' id='word_1_672' title='bbox 3066 3194 3311 3249; x_wconf 73' lang='lat' dir='ltr'><strong>vocabulo</strong></span> <span class='ocrx_word' id='word_1_673' title='bbox 3338 3213 3474 3250; x_wconf 88' lang='lat' dir='ltr'><strong>nun-</strong></span> 
     </span>
    </p>
   </div>
   <div class='ocr_carea' id='block_1_92' title="bbox 1862 3281 3474 3355">
    <p class='ocr_par' dir='ltr' id='par_1_92' title="bbox 1862 3281 3474 3355">
     <span class='ocr_line' id='line_1_92' title="bbox 1862 3281 3474 3355; baseline 0.006 -21"><span class='ocrx_word' id='word_1_674' title='bbox 1862 3283 2060 3352; x_wconf 85' lang='lat' dir='ltr'><strong>cupati.</strong></span> <span class='ocrx_word' id='word_1_675' title='bbox 2134 3282 2459 3337; x_wconf 85' lang='lat' dir='ltr'><strong>llincmarus</strong></span> <span class='ocrx_word' id='word_1_676' title='bbox 2492 3281 2852 3352; x_wconf 85' lang='lat' dir='ltr'><strong>nihilominus</strong></span> <span class='ocrx_word' id='word_1_677' title='bbox 2915 3285 2968 3339; x_wconf 94' lang='lat' dir='ltr'><strong>in</strong></span> <span class='ocrx_word' id='word_1_678' title='bbox 3027 3283 3193 3355; x_wconf 79' lang='lat' dir='ltr'><strong>opere</strong></span> <span class='ocrx_word' id='word_1_679' title='bbox 3241 3286 3309 3342; x_wconf 91' lang='lat' dir='ltr'><strong>de</strong></span> <span class='ocrx_word' id='word_1_680' title='bbox 3368 3302 3474 3343; x_wconf 91' lang='lat' dir='ltr'><strong>non</strong></span> 
     </span>
    </p>
   </div>
   <div class='ocr_carea' id='block_1_93' title="bbox 1863 3376 3478 3450">
    <p class='ocr_par' dir='ltr' id='par_1_93' title="bbox 1863 3376 3478 3450">
     <span class='ocr_line' id='line_1_93' title="bbox 1863 3376 3478 3450; baseline 0.004 -20"><span class='ocrx_word' id='word_1_681' title='bbox 1863 3376 2003 3430; x_wconf 88' lang='lat' dir='ltr'><strong>trina</strong></span> <span class='ocrx_word' id='word_1_682' title='bbox 2041 3376 2252 3432; x_wconf 88' lang='lat' dir='ltr'><strong>Deitate</strong></span> <span class='ocrx_word' id='word_1_683' title='bbox 2275 3376 2437 3431; x_wconf 88' lang='lat' dir='ltr'><strong>modo</strong></span> <span class='ocrx_word' id='word_1_684' title='bbox 2467 3394 2596 3446; x_wconf 86' lang='lat' dir='ltr'><strong>opus</strong></span> <span class='ocrx_word' id='word_1_685' title='bbox 2621 3378 2898 3446; x_wconf 89' lang='lat' dir='ltr'><strong>paschale,</strong></span> <span class='ocrx_word' id='word_1_686' title='bbox 2929 3379 3092 3434; x_wconf 88' lang='lat' dir='ltr'><strong>modo</strong></span> <span class='ocrx_word' id='word_1_687' title='bbox 3115 3397 3324 3436; x_wconf 89' lang='lat' dir='ltr'><strong>carmen</strong></span> <span class='ocrx_word' id='word_1_688' title='bbox 3357 3399 3478 3450; x_wconf 83' lang='lat' dir='ltr'><strong>pas-</strong></span> 
     </span>
    </p>
   </div>
   <div class='ocr_carea' id='block_1_94' title="bbox 1862 3468 3480 3542">
    <p class='ocr_par' dir='ltr' id='par_1_94' title="bbox 1862 3468 3480 3542">
     <span class='ocr_line' id='line_1_94' title="bbox 1862 3468 3480 3542; baseline 0.006 -18"><span class='ocrx_word' id='word_1_689' title='bbox 1862 3470 2010 3524; x_wconf 87' lang='lat' dir='ltr'><strong>chale</strong></span> <span class='ocrx_word' id='word_1_690' title='bbox 2046 3468 2186 3524; x_wconf 90' lang='lat' dir='ltr'><strong>idem</strong></span> <span class='ocrx_word' id='word_1_691' title='bbox 2229 3485 2417 3540; x_wconf 89' lang='lat' dir='ltr'><strong>poema</strong></span> <span class='ocrx_word' id='word_1_692' title='bbox 2446 3480 2622 3525; x_wconf 87' lang='lat' dir='ltr'><strong>vocat.</strong></span> <span class='ocrx_word' id='word_1_693' title='bbox 2658 3470 2765 3526; x_wconf 90' lang='lat' dir='ltr'><strong>Sed</strong></span> <span class='ocrx_word' id='word_1_694' title='bbox 2816 3474 3073 3542; x_wconf 91' lang='lat' dir='ltr'><strong>quoniam</strong></span> <span class='ocrx_word' id='word_1_695' title='bbox 3108 3473 3364 3532; x_wconf 90' lang='lat' dir='ltr'><strong>Sedulius</strong></span> <span class='ocrx_word' id='word_1_696' title='bbox 3393 3492 3480 3532; x_wconf 82' lang='lat' dir='ltr'><strong>ar-</strong></span> 
     </span>
    </p>
   </div>
   <div class='ocr_carea' id='block_1_95' title="bbox 1865 3564 3480 3639">
    <p class='ocr_par' dir='ltr' id='par_1_95' title="bbox 1865 3564 3480 3639">
     <span class='ocr_line' id='line_1_95' title="bbox 1865 3564 3480 3639; baseline 0.004 -21"><span class='ocrx_word' id='word_1_697' title='bbox 1865 3573 2180 3636; x_wconf 81' lang='lat' dir='ltr'><strong>gumentum</strong></span> <span class='ocrx_word' id='word_1_698' title='bbox 2213 3565 2397 3634; x_wconf 85' lang='lat' dir='ltr'><strong>operis</strong></span> <span class='ocrx_word' id='word_1_699' title='bbox 2428 3564 2496 3618; x_wconf 89' lang='lat' dir='ltr'><strong>ita</strong></span> <span class='ocrx_word' id='word_1_700' title='bbox 2529 3565 2835 3634; x_wconf 79' lang='lat' dir='ltr'><strong>praposuit,</strong></span> <span class='ocrx_word' id='word_1_701' title='bbox 2883 3565 3123 3630; x_wconf 87' lang='lat' dir='ltr'><strong>Quatuor</strong></span> <span class='ocrx_word' id='word_1_702' title='bbox 3163 3585 3284 3639; x_wconf 85' lang='lat' dir='ltr'><strong>ergo</strong></span> <span class='ocrx_word' id='word_1_703' title='bbox 3318 3571 3480 3624; x_wconf 86' lang='lat' dir='ltr'><strong>mira-</strong></span> 
     </span>
    </p>
   </div>
   <div class='ocr_carea' id='block_1_96' title="bbox 1865 3658 3481 3736">
    <p class='ocr_par' dir='ltr' id='par_1_96' title="bbox 1865 3658 3481 3736">
     <span class='ocr_line' id='line_1_96' title="bbox 1865 3658 3481 3736; baseline 0.006 -25"><span class='ocrx_word' id='word_1_704' title='bbox 1865 3658 2046 3712; x_wconf 88' lang='lat' dir='ltr'><strong>bilium</strong></span> <span class='ocrx_word' id='word_1_705' title='bbox 2103 3659 2399 3712; x_wconf 80' lang='lat' dir='ltr'><strong>divinorum</strong></span> <span class='ocrx_word' id='word_1_706' title='bbox 2452 3658 2677 3723; x_wconf 87' lang='lat' dir='ltr'><strong>libellos,</strong></span> <span class='ocrx_word' id='word_1_707' title='bbox 2735 3676 2868 3729; x_wconf 86' lang='lat' dir='ltr'><strong>quos</strong></span> <span class='ocrx_word' id='word_1_708' title='bbox 2919 3676 2981 3714; x_wconf 70' lang='lat' dir='ltr'><strong>ex</strong></span> <span class='ocrx_word' id='word_1_709' title='bbox 3024 3663 3266 3733; x_wconf 84' lang='lat' dir='ltr'><strong>pluribus</strong></span> <span class='ocrx_word' id='word_1_710' title='bbox 3309 3681 3481 3736; x_wconf 88' lang='lat' dir='ltr'><strong>pauca</strong></span> 
     </span>
    </p>
   </div>
   <div class='ocr_carea' id='block_1_97' title="bbox 1867 3752 3488 3824">
    <p class='ocr_par' dir='ltr' id='par_1_97' title="bbox 1867 3752 3488 3824">
     <span class='ocr_line' id='line_1_97' title="bbox 1867 3752 3488 3824; baseline 0.005 -18"><span class='ocrx_word' id='word_1_711' title='bbox 1867 3752 2192 3824; x_wconf 81' lang='lat' dir='ltr'><strong>complexus,</strong></span> <span class='ocrx_word' id='word_1_712' title='bbox 2221 3761 2354 3820; x_wconf 90' lang='lat' dir='ltr'><strong>etc.,</strong></span> <span class='ocrx_word' id='word_1_713' title='bbox 2377 3752 2626 3807; x_wconf 90' lang='lat' dir='ltr'><strong>nonnulli</strong></span> <span class='ocrx_word' id='word_1_714' title='bbox 2653 3753 2813 3808; x_wconf 87' lang='lat' dir='ltr'><strong>libros</strong></span> <span class='ocrx_word' id='word_1_715' title='bbox 2838 3757 3162 3811; x_wconf 87' lang='lat' dir='ltr'><strong>mirabilium</strong></span> <span class='ocrx_word' id='word_1_716' title='bbox 3187 3759 3488 3815; x_wconf 83' lang='lat' dir='ltr'><strong>tlirinormn</strong></span> 
     </span>
    </p>
   </div>
   <div class='ocr_carea' id='block_1_98' title="bbox 1870 3846 3481 3921">
    <p class='ocr_par' dir='ltr' id='par_1_98' title="bbox 1870 3846 3481 3921">
     <span class='ocr_line' id='line_1_98' title="bbox 1870 3846 3481 3921; baseline 0.005 -19"><span class='ocrx_word' id='word_1_717' title='bbox 1870 3847 2288 3918; x_wconf 87' lang='lat' dir='ltr'><strong>inscripserunt,</strong></span> <span class='ocrx_word' id='word_1_718' title='bbox 2320 3847 2462 3919; x_wconf 90' lang='lat' dir='ltr'><strong>quod</strong></span> <span class='ocrx_word' id='word_1_719' title='bbox 2508 3846 2786 3903; x_wconf 86' lang='lat' dir='ltr'><strong>Asterium</strong></span> <span class='ocrx_word' id='word_1_720' title='bbox 2816 3850 3052 3921; x_wconf 91' lang='lat' dir='ltr'><strong>primum</strong></span> <span class='ocrx_word' id='word_1_721' title='bbox 3097 3854 3341 3908; x_wconf 90' lang='lat' dir='ltr'><strong>omnium</strong></span> <span class='ocrx_word' id='word_1_722' title='bbox 3400 3855 3481 3910; x_wconf 80' lang='lat' dir='ltr'><strong>fc-</strong></span> 
     </span>
    </p>
   </div>
   <div class='ocr_carea' id='block_1_99' title="bbox 1870 3944 3476 4020">
    <p class='ocr_par' dir='ltr' id='par_1_99' title="bbox 1870 3944 3476 4020">
     <span class='ocr_line' id='line_1_99' title="bbox 1870 3944 3476 4020; baseline 0.008 -25"><span class='ocrx_word' id='word_1_723' title='bbox 1870 3945 2015 4000; x_wconf 79' lang='lat' dir='ltr'><strong>eisse</strong></span> <span class='ocrx_word' id='word_1_724' title='bbox 2043 3945 2352 4014; x_wconf 83' lang='lat' dir='ltr'><strong>suspicatur</strong></span> <span class='ocrx_word' id='word_1_725' title='bbox 2385 3944 2716 4000; x_wconf 79' lang='lat' dir='ltr'><strong>Arntzeuius</strong></span> <span class='ocrx_word' id='word_1_726' title='bbox 2750 3963 2760 3998; x_wconf 93' lang='lat'><strong>:</strong></span> <span class='ocrx_word' id='word_1_727' title='bbox 2802 3945 3181 4003; x_wconf 86' lang='lat' dir='ltr'><strong>Nebrissensis</strong></span> <span class='ocrx_word' id='word_1_728' title='bbox 3217 3950 3476 4020; x_wconf 80' lang='lat' dir='ltr'><strong>afﬁrmat,</strong></span> 
     </span>
    </p>
   </div>
   <div class='ocr_carea' id='block_1_100' title="bbox 1873 4037 3484 4108">
    <p class='ocr_par' dir='ltr' id='par_1_100' title="bbox 1873 4037 3484 4108">
     <span class='ocr_line' id='line_1_100' title="bbox 1873 4037 3484 4108; baseline 0.007 -16"><span class='ocrx_word' id='word_1_729' title='bbox 1873 4037 1924 4092; x_wconf 92' lang='lat' dir='ltr'><strong>in</strong></span> <span class='ocrx_word' id='word_1_730' title='bbox 1957 4038 2211 4092; x_wconf 90' lang='lat' dir='ltr'><strong>omnibus</strong></span> <span class='ocrx_word' id='word_1_731' title='bbox 2261 4053 2430 4107; x_wconf 83' lang='lat' dir='ltr'><strong>prOpe.</strong></span> <span class='ocrx_word' id='word_1_732' title='bbox 2474 4039 2710 4108; x_wconf 90' lang='lat' dir='ltr'><strong>antiquis</strong></span> <span class='ocrx_word' id='word_1_733' title='bbox 2760 4039 3041 4096; x_wconf 71' lang='lat' dir='ltr'><strong>codicibus</strong></span> <span class='ocrx_word' id='word_1_734' title='bbox 3090 4044 3306 4098; x_wconf 89' lang='lat' dir='ltr'><strong>titulum</strong></span> <span class='ocrx_word' id='word_1_735' title='bbox 3360 4061 3484 4104; x_wconf 86' lang='lat' dir='ltr'><strong>esse</strong></span> 
     </span>
    </p>
   </div>
   <div class='ocr_carea' id='block_1_101' title="bbox 1875 4129 3487 4203">
    <p class='ocr_par' dir='ltr' id='par_1_101' title="bbox 1875 4129 3487 4203">
     <span class='ocr_line' id='line_1_101' title="bbox 1875 4129 3487 4203; baseline 0.006 -19"><span class='ocrx_word' id='word_1_736' title='bbox 1875 4129 2208 4185; x_wconf 85' lang='lat' dir='ltr'><strong>Mirabilium</strong></span> <span class='ocrx_word' id='word_1_737' title='bbox 2257 4131 2554 4184; x_wconf 78' lang='lat' dir='ltr'><strong>divinorum</strong></span> <span class='ocrx_word' id='word_1_738' title='bbox 2583 4147 2733 4203; x_wconf 81' lang='lat' dir='ltr'><strong>Opus,</strong></span> <span class='ocrx_word' id='word_1_739' title='bbox 2766 4131 2818 4185; x_wconf 91' lang='lat' dir='ltr'><strong>iu</strong></span> <span class='ocrx_word' id='word_1_740' title='bbox 2861 4133 3089 4189; x_wconf 78' lang='lat' dir='ltr'><strong>decreto</strong></span> <span class='ocrx_word' id='word_1_741' title='bbox 3122 4152 3253 4191; x_wconf 72' lang='lat' dir='ltr'><strong>vero</strong></span> <span class='ocrx_word' id='word_1_742' title='bbox 3283 4138 3487 4194; x_wconf 86' lang='lat' dir='ltr'><strong>Gelasii</strong></span> 
     </span>
    </p>
   </div>
   <div class='ocr_carea' id='block_1_102' title="bbox 1878 4226 3485 4303">
    <p class='ocr_par' dir='ltr' id='par_1_102' title="bbox 1878 4226 3485 4303">
     <span class='ocr_line' id='line_1_102' title="bbox 1878 4226 3485 4303; baseline 0.007 -23"><span class='ocrx_word' id='word_1_743' title='bbox 1878 4226 2140 4282; x_wconf 85' lang='lat' dir='ltr'><strong>Paschale</strong></span> <span class='ocrx_word' id='word_1_744' title='bbox 2163 4243 2294 4298; x_wconf 81' lang='lat' dir='ltr'><strong>Opus</strong></span> <span class='ocrx_word' id='word_1_745' title='bbox 2326 4243 2343 4280; x_wconf 90' lang='lat'><em>:</em></span> <span class='ocrx_word' id='word_1_746' title='bbox 2377 4241 2551 4297; x_wconf 89' lang='lat' dir='ltr'><strong>neque</strong></span> <span class='ocrx_word' id='word_1_747' title='bbox 2582 4243 2885 4297; x_wconf 78' lang='lat' dir='ltr'><strong>repugnare</strong></span> <span class='ocrx_word' id='word_1_748' title='bbox 2908 4241 3120 4295; x_wconf 89' lang='lat' dir='ltr'><strong>censet,</strong></span> <span class='ocrx_word' id='word_1_749' title='bbox 3155 4234 3301 4303; x_wconf 91' lang='lat' dir='ltr'><strong>quod</strong></span> <span class='ocrx_word' id='word_1_750' title='bbox 3335 4245 3485 4291; x_wconf 83' lang='lat' dir='ltr'><strong>uter-</strong></span> 
     </span>
    </p>
   </div>
   <div class='ocr_carea' id='block_1_103' title="bbox 1875 4320 3488 4393">
    <p class='ocr_par' dir='ltr' id='par_1_103' title="bbox 1875 4320 3488 4393">
     <span class='ocr_line' id='line_1_103' title="bbox 1875 4320 3488 4393; baseline 0.007 -18"><span class='ocrx_word' id='word_1_751' title='bbox 1875 4337 1984 4392; x_wconf 90' lang='lat' dir='ltr'><strong>que</strong></span> <span class='ocrx_word' id='word_1_752' title='bbox 2023 4335 2185 4376; x_wconf 81' lang='lat' dir='ltr'><strong>verus</strong></span> <span class='ocrx_word' id='word_1_753' title='bbox 2236 4320 2304 4374; x_wconf 92' lang='lat' dir='ltr'><strong>sit</strong></span> <span class='ocrx_word' id='word_1_754' title='bbox 2336 4320 2526 4375; x_wconf 90' lang='lat' dir='ltr'><strong>titulus</strong></span> <span class='ocrx_word' id='word_1_755' title='bbox 2552 4320 2620 4372; x_wconf 88' lang='lat' dir='ltr'><strong>ab</strong></span> <span class='ocrx_word' id='word_1_756' title='bbox 2660 4332 2884 4378; x_wconf 79' lang='lat' dir='ltr'><strong>auctore</strong></span> <span class='ocrx_word' id='word_1_757' title='bbox 2937 4324 3212 4393; x_wconf 66' lang='lat' dir='ltr'><strong>prarﬁxus,</strong></span> <span class='ocrx_word' id='word_1_758' title='bbox 3267 4338 3325 4383; x_wconf 89' lang='lat' dir='ltr'><strong>ut</strong></span> <span class='ocrx_word' id='word_1_759' title='bbox 3379 4330 3488 4387; x_wconf 90' lang='lat' dir='ltr'><strong>duo</strong></span> 
     </span>
    </p>
   </div>
   <div class='ocr_carea' id='block_1_104' title="bbox 1877 4411 3496 4483">
    <p class='ocr_par' dir='ltr' id='par_1_104' title="bbox 1877 4411 3496 4483">
     <span class='ocr_line' id='line_1_104' title="bbox 1877 4411 3496 4483; baseline 0.006 -14"><span class='ocrx_word' id='word_1_760' title='bbox 1877 4424 2004 4469; x_wconf 89' lang='lat' dir='ltr'><strong>sunt</strong></span> <span class='ocrx_word' id='word_1_761' title='bbox 2049 4413 2190 4468; x_wconf 87' lang='lat' dir='ltr'><strong>tituli</strong></span> <span class='ocrx_word' id='word_1_762' title='bbox 2225 4413 2275 4466; x_wconf 92' lang='lat' dir='ltr'><strong>in</strong></span> <span class='ocrx_word' id='word_1_763' title='bbox 2308 4412 2549 4483; x_wconf 88' lang='lat' dir='ltr'><strong>Dialogis</strong></span> <span class='ocrx_word' id='word_1_764' title='bbox 2582 4411 2828 4470; x_wconf 86' lang='lat' dir='ltr'><strong>Platonis</strong></span> <span class='ocrx_word' id='word_1_765' title='bbox 2871 4427 2926 4472; x_wconf 91' lang='lat' dir='ltr'><strong>et</strong></span> <span class='ocrx_word' id='word_1_766' title='bbox 2954 4418 3262 4475; x_wconf 75' lang='lat' dir='ltr'><strong>Ciceronis.</strong></span> <span class='ocrx_word' id='word_1_767' title='bbox 3298 4422 3496 4478; x_wconf 84' lang='lat' dir='ltr'><strong>Decre-</strong></span> 
     </span>
    </p>
   </div>
   <div class='ocr_carea' id='block_1_105' title="bbox 1878 4508 3493 4584">
    <p class='ocr_par' dir='ltr' id='par_1_105' title="bbox 1878 4508 3493 4584">
     <span class='ocr_line' id='line_1_105' title="bbox 1878 4508 3493 4584; baseline 0.009 -22"><span class='ocrx_word' id='word_1_768' title='bbox 1878 4519 1988 4565; x_wconf 91' lang='lat' dir='ltr'><strong>tum</strong></span> <span class='ocrx_word' id='word_1_769' title='bbox 2038 4508 2238 4564; x_wconf 87' lang='lat' dir='ltr'><strong>Gelasii</strong></span> <span class='ocrx_word' id='word_1_770' title='bbox 2277 4522 2542 4577; x_wconf 83' lang='lat' dir='ltr'><strong>exponam</strong></span> <span class='ocrx_word' id='word_1_771' title='bbox 2601 4524 2753 4563; x_wconf 90' lang='lat' dir='ltr'><strong>num.</strong></span> <span class='ocrx_word' id='word_1_772' title='bbox 2811 4511 2916 4566; x_wconf 67' lang='lat'><strong>155</strong></span> <span class='ocrx_word' id='word_1_773' title='bbox 2968 4528 3084 4584; x_wconf 88' lang='lat' dir='ltr'><strong>seq.</strong></span> <span class='ocrx_word' id='word_1_774' title='bbox 3148 4515 3493 4576; x_wconf 68' lang='lat' dir='ltr'><strong>\‘etusﬁores</strong></span> 
     </span>
    </p>
   </div>
   <div class='ocr_carea' id='block_1_106' title="bbox 1877 4601 3492 4680">
    <p class='ocr_par' dir='ltr' id='par_1_106' title="bbox 1877 4601 3492 4680">
     <span class='ocr_line' id='line_1_106' title="bbox 1877 4601 3492 4680; baseline 0.007 -22"><span class='ocrx_word' id='word_1_775' title='bbox 1877 4604 2092 4674; x_wconf 88' lang='lat' dir='ltr'><strong>quidem</strong></span> <span class='ocrx_word' id='word_1_776' title='bbox 2123 4605 2299 4657; x_wconf 91' lang='lat' dir='ltr'><strong>nostri</strong></span> <span class='ocrx_word' id='word_1_777' title='bbox 2331 4602 2552 4658; x_wconf 87' lang='lat' dir='ltr'><strong>codices</strong></span> <span class='ocrx_word' id='word_1_778' title='bbox 2585 4601 2798 4659; x_wconf 90' lang='lat' dir='ltr'><strong>Sedulii</strong></span> <span class='ocrx_word' id='word_1_779' title='bbox 2827 4608 3052 4663; x_wconf 89' lang='lat' dir='ltr'><strong>omnino</strong></span> <span class='ocrx_word' id='word_1_780' title='bbox 3080 4610 3331 4680; x_wconf 81' lang='lat' dir='ltr'><strong>ignorant</strong></span> <span class='ocrx_word' id='word_1_781' title='bbox 3365 4615 3492 4669; x_wconf 81' lang='lat' dir='ltr'><strong>titu-</strong></span> 
     </span>
    </p>
   </div>
   <div class='ocr_carea' id='block_1_107' title="bbox 1878 4697 3494 4771">
    <p class='ocr_par' dir='ltr' id='par_1_107' title="bbox 1878 4697 3494 4771">
     <span class='ocr_line' id='line_1_107' title="bbox 1878 4697 3494 4771; baseline 0.007 -19"><span class='ocrx_word' id='word_1_782' title='bbox 1878 4699 1987 4753; x_wconf 90' lang='lat' dir='ltr'><strong>lum</strong></span> <span class='ocrx_word' id='word_1_783' title='bbox 2022 4698 2344 4753; x_wconf 86' lang='lat' dir='ltr'><strong>mirabilium</strong></span> <span class='ocrx_word' id='word_1_784' title='bbox 2387 4697 2710 4767; x_wconf 85' lang='lat' dir='ltr'><strong>divinorum,</strong></span> <span class='ocrx_word' id='word_1_785' title='bbox 2757 4708 2921 4771; x_wconf 90' lang='lat' dir='ltr'><strong>atque</strong></span> <span class='ocrx_word' id='word_1_786' title='bbox 2977 4702 3115 4757; x_wconf 91' lang='lat' dir='ltr'><strong>adeo</strong></span> <span class='ocrx_word' id='word_1_787' title='bbox 3171 4721 3237 4760; x_wconf 91' lang='lat' dir='ltr'><strong>eo</strong></span> <span class='ocrx_word' id='word_1_788' title='bbox 3269 4706 3494 4763; x_wconf 80' lang='lat' dir='ltr'><strong>inclinat</strong></span> 
     </span>
    </p>
   </div>
   <div class='ocr_carea' id='block_1_108' title="bbox 1879 4791 3492 4860">
    <p class='ocr_par' dir='ltr' id='par_1_108' title="bbox 1879 4791 3492 4860">
     <span class='ocr_line' id='line_1_108' title="bbox 1879 4791 3492 4860; baseline 0.006 -12"><span class='ocrx_word' id='word_1_789' title='bbox 1879 4794 2114 4860; x_wconf 88' lang='lat' dir='ltr'><strong>animus,</strong></span> <span class='ocrx_word' id='word_1_790' title='bbox 2168 4801 2223 4847; x_wconf 92' lang='lat' dir='ltr'><strong>ut</strong></span> <span class='ocrx_word' id='word_1_791' title='bbox 2251 4791 2494 4858; x_wconf 88' lang='lat' dir='ltr'><strong>credam,</strong></span> <span class='ocrx_word' id='word_1_792' title='bbox 2527 4807 2649 4846; x_wconf 86' lang='lat' dir='ltr'><strong>cum</strong></span> <span class='ocrx_word' id='word_1_793' title='bbox 2682 4793 2844 4847; x_wconf 87' lang='lat' dir='ltr'><strong>etiam</strong></span> <span class='ocrx_word' id='word_1_794' title='bbox 2879 4795 3098 4850; x_wconf 80' lang='lat' dir='ltr'><strong>Asteria</strong></span> <span class='ocrx_word' id='word_1_795' title='bbox 3129 4799 3492 4857; x_wconf 85' lang='lat' dir='ltr'><strong>recentiorem</strong></span> 
     </span>
    </p>
   </div>
   <div class='ocr_carea' id='block_1_109' title="bbox 1881 4884 3490 4956">
    <p class='ocr_par' dir='ltr' id='par_1_109' title="bbox 1881 4884 3490 4956">
     <span class='ocr_line' id='line_1_109' title="bbox 1881 4884 3490 4956; baseline 0.004 -13"><span class='ocrx_word' id='word_1_796' title='bbox 1881 4902 2026 4943; x_wconf 88' lang='lat' dir='ltr'><strong>esse.</strong></span> <span class='ocrx_word' id='word_1_797' title='bbox 2056 4886 2261 4942; x_wconf 81' lang='lat' dir='ltr'><strong>Confer</strong></span> <span class='ocrx_word' id='word_1_798' title='bbox 2295 4901 2416 4940; x_wconf 84' lang='lat' dir='ltr'><strong>var.</strong></span> <span class='ocrx_word' id='word_1_799' title='bbox 2449 4886 2578 4941; x_wconf 79' lang='lat' dir='ltr'><strong>lect.</strong></span> <span class='ocrx_word' id='word_1_800' title='bbox 2614 4884 2680 4940; x_wconf 91' lang='lat' dir='ltr'><strong>ad</strong></span> <span class='ocrx_word' id='word_1_801' title='bbox 2717 4901 2864 4940; x_wconf 82' lang='lat' dir='ltr'><strong>vers.</strong></span> <span class='ocrx_word' id='word_1_802' title='bbox 2909 4888 2961 4952; x_wconf 48' lang='lat' dir='ltr'><strong>&#39;l,</strong></span> <span class='ocrx_word' id='word_1_803' title='bbox 2995 4889 3079 4956; x_wconf 88' lang='grc'><strong>17,</strong></span> <span class='ocrx_word' id='word_1_804' title='bbox 3118 4889 3153 4943; x_wconf 93' lang='lat' dir='ltr'><strong>l.</strong></span> <span class='ocrx_word' id='word_1_805' title='bbox 3186 4906 3223 4950; x_wconf 88' lang='grc' dir='ltr'>ι,</span> <span class='ocrx_word' id='word_1_806' title='bbox 3261 4901 3314 4946; x_wconf 91' lang='lat' dir='ltr'><strong>et</strong></span> <span class='ocrx_word' id='word_1_807' title='bbox 3339 4909 3490 4949; x_wconf 91' lang='lat' dir='ltr'><strong>num.</strong></span> 
     </span>
    </p>
   </div>
   <div class='ocr_carea' id='block_1_110' title="bbox 1882 4979 3499 5051">
    <p class='ocr_par' dir='ltr' id='par_1_110' title="bbox 1882 4979 3499 5051">
     <span class='ocr_line' id='line_1_110' title="bbox 1882 4979 3499 5051; baseline 0.004 -14"><span class='ocrx_word' id='word_1_808' title='bbox 1882 4983 1952 5038; x_wconf 75' lang='lat' dir='ltr'><strong>5t)</strong></span> <span class='ocrx_word' id='word_1_809' title='bbox 1999 4981 2246 5051; x_wconf 83' lang='lat' dir='ltr'><strong>Proleg.,</strong></span> <span class='ocrx_word' id='word_1_810' title='bbox 2276 4980 2366 5035; x_wconf 90' lang='lat' dir='ltr'><strong>ubi</strong></span> <span class='ocrx_word' id='word_1_811' title='bbox 2397 4995 2467 5035; x_wconf 71' lang='lat' dir='ltr'><strong>ex</strong></span> <span class='ocrx_word' id='word_1_812' title='bbox 2515 4979 2749 5051; x_wconf 90' lang='lat' dir='ltr'><strong>quodam</strong></span> <span class='ocrx_word' id='word_1_813' title='bbox 2784 4995 2887 5035; x_wconf 90' lang='lat' dir='ltr'><strong>ms.</strong></span> <span class='ocrx_word' id='word_1_814' title='bbox 2915 4997 3110 5050; x_wconf 89' lang='lat' dir='ltr'><strong>poema</strong></span> <span class='ocrx_word' id='word_1_815' title='bbox 3156 4984 3255 5040; x_wconf 81' lang='lat' dir='ltr'><strong>hoc</strong></span> <span class='ocrx_word' id='word_1_816' title='bbox 3299 4987 3499 5046; x_wconf 86' lang='lat' dir='ltr'><strong>dicitur</strong></span> 
     </span>
    </p>
   </div>
   <div class='ocr_carea' id='block_1_111' title="bbox 1885 5073 3497 5150">
    <p class='ocr_par' dir='ltr' id='par_1_111' title="bbox 1885 5073 3497 5150">
     <span class='ocr_line' id='line_1_111' title="bbox 1885 5073 3497 5150; baseline 0.004 -20"><span class='ocrx_word' id='word_1_817' title='bbox 1885 5074 2162 5130; x_wconf 79' lang='lat' dir='ltr'><strong>Canticum</strong></span> <span class='ocrx_word' id='word_1_818' title='bbox 2207 5073 2474 5145; x_wconf 84' lang='lat' dir='ltr'><strong>paschale.</strong></span> <span class='ocrx_word' id='word_1_819' title='bbox 2521 5073 2704 5129; x_wconf 92' lang='lat' dir='ltr'><strong>Titulo</strong></span> <span class='ocrx_word' id='word_1_820' title='bbox 2732 5074 3016 5141; x_wconf 89' lang='lat' dir='ltr'><strong>carminis,</strong></span> <span class='ocrx_word' id='word_1_821' title='bbox 3050 5084 3106 5129; x_wconf 86' lang='lat' dir='ltr'><strong>et</strong></span> <span class='ocrx_word' id='word_1_822' title='bbox 3132 5079 3317 5147; x_wconf 88' lang='lat' dir='ltr'><strong>operis</strong></span> <span class='ocrx_word' id='word_1_823' title='bbox 3370 5096 3497 5150; x_wconf 87' lang='lat' dir='ltr'><strong>pas-</strong></span> 
     </span>
    </p>
   </div>
   <div class='ocr_carea' id='block_1_112' title="bbox 1881 5167 3498 5243">
    <p class='ocr_par' dir='ltr' id='par_1_112' title="bbox 1881 5167 3498 5243">
     <span class='ocr_line' id='line_1_112' title="bbox 1881 5167 3498 5243; baseline 0.005 -19"><span class='ocrx_word' id='word_1_824' title='bbox 1881 5169 2052 5224; x_wconf 89' lang='lat' dir='ltr'><strong>chalis</strong></span> <span class='ocrx_word' id='word_1_825' title='bbox 2077 5167 2342 5237; x_wconf 88' lang='lat' dir='ltr'><strong>deceptus</strong></span> <span class='ocrx_word' id='word_1_826' title='bbox 2366 5178 2449 5223; x_wconf 91' lang='lat' dir='ltr'><strong>est</strong></span> <span class='ocrx_word' id='word_1_827' title='bbox 2478 5167 2639 5233; x_wconf 83' lang='lat' dir='ltr'><strong>Alva,</strong></span> <span class='ocrx_word' id='word_1_828' title='bbox 2670 5167 2762 5238; x_wconf 91' lang='lat' dir='ltr'><strong>qui</strong></span> <span class='ocrx_word' id='word_1_829' title='bbox 2789 5168 2841 5222; x_wconf 92' lang='lat' dir='ltr'><strong>in</strong></span> <span class='ocrx_word' id='word_1_830' title='bbox 2866 5167 3024 5223; x_wconf 81' lang='lat' dir='ltr'><strong>lllilit.</strong></span> <span class='ocrx_word' id='word_1_831' title='bbox 3052 5172 3317 5243; x_wconf 66' lang='lat' dir='ltr'><strong>(ioncept.</strong></span> <span class='ocrx_word' id='word_1_832' title='bbox 3348 5175 3498 5233; x_wconf 76' lang='lat' dir='ltr'><strong>afﬁr-</strong></span> 
     </span>
    </p>
   </div>
   <div class='ocr_carea' id='block_1_113' title="bbox 1890 5260 3308 5331">
    <p class='ocr_par' dir='ltr' id='par_1_113' title="bbox 1890 5260 3308 5331">
     <span class='ocr_line' id='line_1_113' title="bbox 1890 5260 3308 5331; baseline 0 -12"><span class='ocrx_word' id='word_1_833' title='bbox 1890 5262 2076 5331; x_wconf 82' lang='lat' dir='ltr'><strong>mavit,</strong></span> <span class='ocrx_word' id='word_1_834' title='bbox 2111 5262 2399 5318; x_wconf 89' lang='lat' dir='ltr'><strong>Sedulium</strong></span> <span class='ocrx_word' id='word_1_835' title='bbox 2431 5261 2794 5316; x_wconf 81' lang='lat' dir='ltr'><strong>communiter</strong></span> <span class='ocrx_word' id='word_1_836' title='bbox 2823 5260 2931 5317; x_wconf 91' lang='lat' dir='ltr'><strong>dici</strong></span> <span class='ocrx_word' id='word_1_837' title='bbox 2960 5261 3308 5322; x_wconf 73' lang='lat' dir='ltr'><strong>Pasrhalem.</strong></span> 
     </span>
    </p>
   </div>
   <div class='ocr_carea' id='block_1_114' title="bbox 1963 5355 3508 5436">
    <p class='ocr_par' dir='ltr' id='par_1_114' title="bbox 1963 5355 3508 5436">
     <span class='ocr_line' id='line_1_114' title="bbox 1963 5355 3508 5436; baseline 0.003 -22"><span class='ocrx_word' id='word_1_838' title='bbox 1963 5359 2050 5414; x_wconf 78' lang='grc'><strong>55.</strong></span> <span class='ocrx_word' id='word_1_839' title='bbox 2085 5357 2345 5412; x_wconf 85' lang='lat' dir='ltr'><strong>Nonnulli</strong></span> <span class='ocrx_word' id='word_1_840' title='bbox 2380 5366 2500 5428; x_wconf 89' lang='lat' dir='ltr'><strong>post</strong></span> <span class='ocrx_word' id='word_1_841' title='bbox 2529 5357 2815 5411; x_wconf 88' lang='lat' dir='ltr'><strong>metricum</strong></span> <span class='ocrx_word' id='word_1_842' title='bbox 2849 5355 3056 5413; x_wconf 91' lang='lat' dir='ltr'><strong>Sedulii</strong></span> <span class='ocrx_word' id='word_1_843' title='bbox 3091 5361 3378 5433; x_wconf 87' lang='lat' dir='ltr'><strong>prologum</strong></span> <span class='ocrx_word' id='word_1_844' title='bbox 3409 5380 3508 5436; x_wconf 88' lang='lat' dir='ltr'><strong>ap-</strong></span> 
     </span>
    </p>
   </div>
   <div class='ocr_carea' id='block_1_115' title="bbox 1892 5449 3504 5528">
    <p class='ocr_par' dir='ltr' id='par_1_115' title="bbox 1892 5449 3504 5528">
     <span class='ocr_line' id='line_1_115' title="bbox 1892 5449 3504 5528; baseline 0.003 -20"><span class='ocrx_word' id='word_1_845' title='bbox 1892 5465 2100 5528; x_wconf 90' lang='lat' dir='ltr'><strong>ponunt</strong></span> <span class='ocrx_word' id='word_1_846' title='bbox 2130 5455 2238 5527; x_wconf 86' lang='lat'><strong>23</strong></span> <span class='ocrx_word' id='word_1_847' title='bbox 2274 5452 2680 5509; x_wconf 87' lang='lat' dir='ltr'><strong>Dedicationem</strong></span> <span class='ocrx_word' id='word_1_848' title='bbox 2708 5449 2777 5505; x_wconf 91' lang='lat' dir='ltr'><strong>ad</strong></span> <span class='ocrx_word' id='word_1_849' title='bbox 2807 5449 3176 5508; x_wconf 87' lang='lat' dir='ltr'><strong>Theodosium</strong></span> <span class='ocrx_word' id='word_1_850' title='bbox 3203 5455 3504 5528; x_wconf 85' lang='lat' dir='ltr'><strong>Augustum</strong></span> 
     </span>
    </p>
   </div>
   <div class='ocr_carea' id='block_1_116' title="bbox 1894 5545 3508 5624">
    <p class='ocr_par' dir='ltr' id='par_1_116' title="bbox 1894 5545 3508 5624">
     <span class='ocr_line' id='line_1_116' title="bbox 1894 5545 3508 5624; baseline 0.002 -18"><span class='ocrx_word' id='word_1_851' title='bbox 1894 5549 2205 5622; x_wconf 88' lang='lat' dir='ltr'><strong>quindecim</strong></span> <span class='ocrx_word' id='word_1_852' title='bbox 2233 5549 2484 5606; x_wconf 86' lang='lat' dir='ltr'><strong>versibus</strong></span> <span class='ocrx_word' id='word_1_853' title='bbox 2512 5545 2868 5616; x_wconf 87' lang='lat' dir='ltr'><strong>hexametris,</strong></span> <span class='ocrx_word' id='word_1_854' title='bbox 2905 5547 3250 5605; x_wconf 86' lang='lat' dir='ltr'><strong>Romulidum</strong></span> <span class='ocrx_word' id='word_1_855' title='bbox 3298 5555 3508 5624; x_wconf 88' lang='lat' dir='ltr'><strong>ductor,</strong></span> 
     </span>
    </p>
   </div>
   <div class='ocr_carea' id='block_1_117' title="bbox 1894 5643 3512 5719">
    <p class='ocr_par' dir='ltr' id='par_1_117' title="bbox 1894 5643 3512 5719">
     <span class='ocr_line' id='line_1_117' title="bbox 1894 5643 3512 5719; baseline 0.001 -14"><span class='ocrx_word' id='word_1_856' title='bbox 1894 5657 2028 5713; x_wconf 74' lang='lat' dir='ltr'><strong>etc.,</strong></span> <span class='ocrx_word' id='word_1_857' title='bbox 2060 5663 2223 5719; x_wconf 89' lang='lat' dir='ltr'><strong>quam</strong></span> <span class='ocrx_word' id='word_1_858' title='bbox 2256 5643 2591 5702; x_wconf 80' lang='lat' dir='ltr'><strong>Trithentius</strong></span> <span class='ocrx_word' id='word_1_859' title='bbox 2631 5652 2830 5714; x_wconf 87' lang='lat' dir='ltr'><strong>quarto</strong></span> <span class='ocrx_word' id='word_1_860' title='bbox 2882 5644 3002 5701; x_wconf 88' lang='lat' dir='ltr'><strong>loco</strong></span> <span class='ocrx_word' id='word_1_861' title='bbox 3053 5659 3322 5705; x_wconf 89' lang='lat' dir='ltr'><strong>memorat</strong></span> <span class='ocrx_word' id='word_1_862' title='bbox 3373 5659 3512 5707; x_wconf 89' lang='lat' dir='ltr'><strong>tam-</strong></span> 
     </span>
    </p>
   </div>
   <div class='ocr_carea' id='block_1_118' title="bbox 1895 5735 3513 5812">
    <p class='ocr_par' dir='ltr' id='par_1_118' title="bbox 1895 5735 3513 5812">
     <span class='ocr_line' id='line_1_118' title="bbox 1895 5735 3513 5812; baseline 0.001 -17"><span class='ocrx_word' id='word_1_863' title='bbox 1895 5756 2056 5812; x_wconf 89' lang='lat' dir='ltr'><strong>quam</strong></span> <span class='ocrx_word' id='word_1_864' title='bbox 2090 5740 2289 5794; x_wconf 88' lang='lat' dir='ltr'><strong>librum</strong></span> <span class='ocrx_word' id='word_1_865' title='bbox 2319 5737 2632 5792; x_wconf 90' lang='lat' dir='ltr'><strong>distinctum</strong></span> <span class='ocrx_word' id='word_1_866' title='bbox 2665 5735 2899 5792; x_wconf 86' lang='lat' dir='ltr'><strong>Sedulii.</strong></span> <span class='ocrx_word' id='word_1_867' title='bbox 2955 5736 3126 5793; x_wconf 85' lang='lat' dir='ltr'><strong>lndex</strong></span> <span class='ocrx_word' id='word_1_868' title='bbox 3181 5753 3513 5812; x_wconf 85' lang='lat' dir='ltr'><strong>expurgato-</strong></span> 
     </span>
    </p>
   </div>
   <div class='ocr_carea' id='block_1_119' title="bbox 1900 5831 3515 5906">
    <p class='ocr_par' dir='ltr' id='par_1_119' title="bbox 1900 5831 3515 5906">
     <span class='ocr_line' id='line_1_119' title="bbox 1900 5831 3515 5906; baseline 0.001 -12"><span class='ocrx_word' id='word_1_869' title='bbox 1900 5838 2016 5896; x_wconf 91' lang='lat' dir='ltr'><strong>rius</strong></span> <span class='ocrx_word' id='word_1_870' title='bbox 2071 5837 2333 5893; x_wconf 90' lang='lat' dir='ltr'><strong>librorqu</strong></span> <span class='ocrx_word' id='word_1_871' title='bbox 2395 5848 2491 5905; x_wconf 81' lang='lat' dir='ltr'><strong>per</strong></span> <span class='ocrx_word' id='word_1_872' title='bbox 2539 5832 2806 5887; x_wconf 78' lang='lat' dir='ltr'><strong>Joannem</strong></span> <span class='ocrx_word' id='word_1_873' title='bbox 2866 5832 2936 5887; x_wconf 77' lang='grc' dir='ltr'><strong>Μ.</strong></span> <span class='ocrx_word' id='word_1_874' title='bbox 2995 5831 3515 5906; x_wconf 80' lang='lat' dir='ltr'><strong>Brasichellensem,</strong></span> 
     </span>
    </p>
   </div>
  </div>
