3904 6350
228 216 334 274 455

1600 199 2142 278 PROLEGOMENA.

3459 218 3566 274 4M

229 334 598 393 Theodosium
651 340 977 410 Augustum.
1025 339 1096 394 De
1147 339 1250 394 isto
1281 337 1579 411 Virgiliano
1609 348 1842 394 centone
1872 338 1922 399 Α
1948 335 2066 406 Quo
2095 335 2374 392 difficilius
2419 346 2523 404 est,
2559 349 2615 392 ut
2645 337 2789 393 idem
2846 351 3037 408 poema
3071 335 3387 405 imperatori
3419 336 3568 390 dica-

226 443 412 483 sermo
443 430 640 486 iterum
671 431 870 487 redibit
902 450 913 485 :
945 447 1088 488 nunc
1116 434 1251 487 satis
1276 433 1349 487 sit
1379 431 1838 500 animadvertere,

225 521 648 590 dedicationem,
681 526 724 580 si
758 525 823 580 ad
870 525 1237 583 Theodosium
1270 526 1291 581 Ι
1323 529 1612 591 referatur,
1651 537 1706 581 ut
1751 544 1840 581 re-

227 613 510 672 ferendam
544 633 667 674 esse
693 619 1071 687 probavimus,
1109 638 1218 674 non
1246 636 1410 690 posse
1438 621 1544 678 dici
1574 635 1711 690 Opus
1741 620 1839 676 Se-

223 707 380 774 dulii,
413 711 505 782 qui
530 711 689 782 longe
716 722 842 783 post
870 712 1240 769 Theodosium
1269 714 1287 768 ἰ
1315 714 1488 769 musis
1511 714 1682 769 sacris
1706 728 1842 783 Ope-

222 817 343 857 ram
377 803 546 860 dedit.
573 803 760 877 Itaque
781 806 825 859 si
857 805 1128 862 dedicatio
1156 806 1221 861 ad
1251 821 1471 863 carmen
1496 805 1563 862 de
1589 806 1842 862 incarna-

222 895 372 952 tione
415 897 677 968 pertinet,
729 907 968 968 Oportet,
1016 898 1178 970 hujus
1227 901 1487 954 carminis
1537 909 1734 956 auctor
1775 900 1846 955 sit

222 1006 386 1064 poeta
412 997 554 1052 alius
586 996 816 1054 Sedulio
847 998 1146 1068 antiquior.

299 1091 410 1164 26
437 1091 524 1146 ιι.
567 1091 830 1163 Superest
853 1090 1213 1161 expendenda
1242 1092 1427 1161 opinio
1450 1091 1607 1147 .loan.
1633 1091 1846 1147 Alberti

219 1182 483 1249 Fabricii,
514 1183 605 1256 qui
657 1185 712 1239 in
749 1185 1010 1241 Bibliotb.
1062 1192 1174 1241 vet.
1213 1186 1358 1241 etin
1410 1185 1583 1239 altera
1611 1184 1760 1238 med.
1794 1193 1848 1237 ct

220 1277 326 1333 inf.
360 1279 459 1333 ωνὶ
490 1278 808 1342 arbitratur,
841 1277 942 1332 hos
971 1294 1162 1336 versus
1183 1279 1551 1335 dedicatorios
1572 1293 1693 1333 csse
1717 1277 1850 1332 Pro-

221 1370 311 1428 ba:
354 1372 642 1442 Faltonite,
674 1372 744 1427 ab
776 1373 894 1441 ipsa
945 1389 1046 1429 suo
1092 1375 1320 1430 centoni
1371 1373 1676 1444 Virgiliano
1709 1388 1850 1443 prs:-

221 1464 386 1533 fixos,
412 1475 467 1519 et
493 1465 559 1520 ad
585 1465 886 1521 Honorium
914 1466 1221 1537 Augustum
1245 1467 1505 1522 directos.
1533 1467 1683 1521 Hauc
1701 1482 1850 1521 eam-

217 1557 352 1614 dem
385 1557 700 1630 opinionem
734 1567 915 1614 tuetur
946 1559 1283 1616 Fontaninus
1309 1561 1376 1614 de
1409 1563 1590 1630 Antiq.
1625 1561 1779 1615 Hart.
1809 1560 1845 1613 l'.

217 1668 286 1720 ιι,
320 1668 369 1709 c.
405 1670 418 1707 ι
450 1665 501 1709 et
524 1655 576 1722 2,
613 1654 705 1726 qui
738 1653 975 1709 Probam
1007 1654 1306 1710 ilortanam
1338 1653 1509 1710 fuisse
1537 1653 1845 1719 contendit,

1946 439 2060 486 tum
2108 431 2360 487 voluerit.
2412 431 2607 486 Posset
2660 440 2842 487 tamen
2895 430 3092 501 aliquis
3139 428 3356 500 Opinati
3386 427 3566 500 (quod

1945 538 2104 583 antea
2138 524 2324 596 innui)
2370 541 2595 581 carmen
2663 526 2768 581 hoc
2793 540 2916 582 esse
2969 523 3204 595 alicujus
3249 522 3432 578 famuli
3470 537 3568 578 ex-

1947 619 2251 688 scriploris,
2272 634 2434 689 quem
2457 617 2756 686 imperator
2774 617 2998 687 jusserit
3023 616 3567 687 Virgilio-centonem

1946 715 2064 768 sive
2092 712 2310 778 Probae,
2337 711 2451 765 sive
2499 710 2724 765 alterius
2757 721 2929 779 poetae
2960 711 3301 765 describere.
3335 708 3390 763 ld
3422 710 3568 762 enim

1948 807 2120 878 magis
2152 807 2412 876 congruit
2443 806 2633 860 verbis
2665 806 3009 861 Scribendum
3041 806 3242 875 famulo
3271 820 3421 874 quem
3452 807 3572 876 jus-

1949 899 2085 953 sisti.
2818 906 2820 908 '

2019 994 2110 1049 45.
2142 991 2393 1048 Secunde
2425 992 2548 1048 loco
2580 1004 2868 1050 enumerat
2898 994 3237 1050 Tritbemius
3275 995 3445 1050 libros
3478 1008 3571 1050 xxv

1952 1087 2002 1141 in
2040 1086 2314 1156 Epistolas
2350 1087 2497 1142 Pauli
2528 1088 2784 1144 oratione
2804 1088 3006 1157 soluta,
3033 1099 3198 1160 atque
3230 1089 3445 1144 initium
3488 1105 3576 1144 re-

1954 1179 2062 1236 fert
2089 1223 2103 1246 ,
2136 1181 2426 1252 Antequam
2467 1163 2772 1258 Apostolica
2813 1181 2968 1236 verba
2994 1223 3007 1244 ,
3057 1183 3199 1250 quod
3240 1181 3460 1237 initium
3511 1182 3579 1236 ab

1950 1274 2109 1330 editis
2139 1291 2282 1330 nunc
2312 1275 2489 1341 abest,
2526 1288 2582 1328 nt
2601 1275 2858 1330 observat
2877 1275 3169 1329 Cellarius.
3197 1275 3314 1330 Hoc
3341 1282 3426 1330 est
3453 1272 3582 1329 Col-

1955 1370 2261 1424 let-taneum
2314 1367 2522 1422 Sedulii
2598 1367 2748 1424 Scoti
2824 1368 3209 1424 Hiberniensis
3281 1369 3337 1422 in
3392 1381 3584 1422 omnes

1954 1464 2190 1535 (nempe
2219 1465 2348 1532 xxv)
2383 1462 2662 1533 Epistolas
2691 1463 2866 1526 Pauli,
2916 1464 3062 1534 quod
3102 1474 3283 1520 exstat
3331 1473 3487 1518 tom;
3511 1463 3577 1518 Vl

1957 1555 2221 1613 Biblioth.
2251 1559 2473 1613 Patrum
2498 1557 2856 1630 Lugdunens.
2881 1574 3008 1630 pag.
3035 1559 3163 1624 494,
3195 1559 3284 1615 ubi
3310 1568 3532 1615 notatur
3567 1576 3578 1612 :

1966 1652 2179 1708 Videtur
2203 1652 2286 1706 hic
2320 1652 2575 1707 Sedulius
2597 1654 2734 1707 alius
2765 1670 2794 1707 α
2813 1653 3128 1725 pra-cedenti
3150 1654 3582 1723 (jirmmsserant

219 1761 337 1800 non
372 1747 694 1813 Romanam,
730 1755 786 1802 et
816 1757 1109 1804 centonem
1145 1749 1265 1818 ejus
1322 1749 1564 1803 llonorio
1611 1747 1847 1802 dicatum
1882 1753 1929 1812 Β
1956 1762 2177 1800 cannea
2210 1746 2486 1815 paschale,
2522 1746 2720 1817 elegia,
2757 1747 2969 1817 hymni,
3000 1757 3056 1802 et
3082 1761 3246 1816 prosa
3281 1747 3457 1801 nostri
3487 1745 3585 1801 Se-

196 1839 396 1903 _fuisse
440 1848 569 1910 post
615 1827 815 1895 anntun
852 1842 978 1904 595,
1008 1858 1034 1894 a
1085 1842 1257 1896 Proba
1298 1859 1423 1897 \el't)
1470 1843 1845 1911 conscriptum

212 1933 378 2004 jussu
424 1934 638 1990 Arcadii
680 1936 939 1992 Junioris.
973 1937 1104 1999 Sed,
1141 1948 1199 1992 ut
1233 1955 1296 1992 ex
1332 1939 1579 1993 versibus
1620 1939 1752 2006 ipsis
1787 1939 1849 1991 li-

222 2036 384 2099 quet,
415 2038 576 2084 cento
617 2029 771 2098 jussu
803 2031 923 2099 ejus
950 2031 1303 2100 imperatoris
1350 2033 1693 2101 conscriptus
1725 2032 1844 2097 fuit,

216 2123 316 2179 cui
339 2123 555 2183 dicatus
587 2134 839 2194 apparet.
871 2122 1130 2192 Causam,
1165 2142 1265 2181 cur
1297 2124 1605 2182 iSIiusmodi
1630 2124 1852 2181 dedica-

217 2219 304 2274 tio
333 2219 397 2273 ad
431 2219 732 2276 Honorium
764 2231 1014 2291 spectare
1041 2236 1148 2276 non
1179 2222 1401 2288 debeat,
1431 2220 1661 2290 exposui
1693 2237 1846 2275 num.

217 2312 314 2366 56.
351 2308 606 2382 Alioquin
657 2323 1063 2384 argumentum,
1097 2315 1243 2384 quod
1277 2315 1328 2369 in
1360 2315 1608 2370 versibus
1641 2331 1852 2370 nuncu-

218 2406 456 2474 patoriis
489 2405 781 2467 indicatur.
817 2417 1248 2461 consentaneum
1281 2419 1363 2463 est
1393 2407 1613 2463 centOni
1658 2408 1851 2462 Proba:

216 2498 514 2554 Faltonite.
548 2499 604 2554 In
631 2499 770 2560 hanc
799 2501 960 2570 igitur
1015 2502 1344 2556 sententiam
1377 2499 1680 2570 propendet
1712 2501 1855 2554 Arn-

221 2593 464 2659 tzenius,
497 2601 556 2648 ut
583 2609 768 2649 versus
803 2595 936 2650 istos
970 2595 1207 2650 ascribat
1235 2591 1729 2658 ProbtrFaltoniae,
1759 2609 1855 2648 cu-

212 2686 310 2757 jus
343 2687 561 2742 centeni
604 2685 812 2756 praeﬁxi
844 2686 1070 2742 fuerint.
1121 2688 1385 2759 Equidem
1421 2688 1599 2753 video,
1634 2689 1685 2743 in
1716 2703 1854 2758 quo-

218 2778 351 2833 dam
407 2779 598 2834 codice
655 2780 1000 2837 bibliotheca:
1044 2781 1384 2837 Florentium
1439 2781 1847 2848 Laurentianus,

221 2889 382 2929 num.
419 2873 487 2929 86
516 2873 827 2943 referendo,
868 2877 919 2931 in
964 2892 1071 2947 quo
1113 2876 1276 2931 etiam
1305 2891 1388 2932 esr
1437 2876 1714 2938 Sedulius.
1751 2877 1852 2932 hos

219 2960 428 3024 versus
451 2970 691 3040 praeponi
726 2971 943 3026 ccntoni
979 2971 1192 3027 Probas.
1225 2971 1436 3026 Prodiit
1466 2971 1630 3025 etiam
1677 2971 1852 3025 Cento

221 3064 423 3118 Probrc
456 3062 635 3133 iuri“),
671 3063 858 3118 Roma:
891 3064 1058 3131 1588,
1093 3074 1418 3120 recensente
1451 3065 1593 3119 Julio
1625 3065 1848 3129 Roscio,

1955 1842 2126 1914 dulii)
2172 1853 2358 1898 auctor
2379 1859 2490 1898 esse
2517 1841 2676 1914 hujus
2708 1843 3045 1897 Collectauei.
3078 1844 3362 1899 Grunerns
3395 1853 3583 1912 aperte

1953 1936 2202 1992 disriuxit
2243 1937 2525 1992 Sedulinm
2573 1937 2991 1995 lliberniensem
3039 1939 3223 1993 steeuli
3267 1953 3360 1992 vm
3408 1953 3440 1989 ιι
3483 1941 3579 1991 Sc-

1950 2028 2101 2083 dnlio
2120 2041 2282 2097 poeta
2310 2031 2497 2085 smculi
2522 2046 2574 2084 ν.
2597 2031 2786 2085 Melius
2814 2030 3063 2084 Labbeus
3085 2040 3366 2086 auctorem
3390 2031 3582 2084 harum

1953 2127 2371 2180 annotationum
2404 2124 2540 2180 dicit
2562 2125 2845 2181 Sedulium
2876 2125 3102 2181 Scotum
3135 2126 3582 2193 llibernicnsmn,

1953 2219 2042 2286 qui
2077 2233 2144 2271 ex
2174 2217 2504 2287 liepidanno
2557 2216 2738 2272 ﬂoruit
2783 2219 2988 2274 szrculo
3032 2235 3114 2273 ιιι.
3163 2218 3394 2275 Fallitur
3450 2235 3582 2272 uiro

1953 2310 2292 2377 Ceillierius,
2324 2312 2452 2367 dum
2481 2313 2702 2381 asserit,
2749 2313 2929 2383 ipsum
2979 2312 3358 2384 llepidannum
3398 2312 3580 2368 -Sedu~

1959 2408 2032 2463 lio
2079 2407 2497 2464 Collectancum
2536 2408 2800 2464 tribucre.
2850 2409 3182 2464 Prodierunt
3214 2409 3586 2465 Atmotationes

1959 2500 2166 2558 Sedulii
2211 2503 2262 2555 in
2319 2519 2495 2562 ontues
2555 2501 2623 2556 ι).
2679 2501 2842 2556 Pauli
2887 2501 3158 2573 Epistolas
3205 2502 3439 2557 Basilea‘.
3487 2517 3587 2572 per

1957 2597 2128 2650 llenr.
2166 2596 2387 2652 Petrum
2422 2597 2562 2652 1527
2594 2604 2650 2652 et
2698 2597 2858 2652 1558.
2895 2596 3117 2655 Eaedem
3149 2605 3368 2651 exstant
3409 2597 3460 2648 in
3497 2596 3588 2649 Bi—

1957 2691 2158 2746 blioth.
2194 2692 2414 2746 Patrum
2450 2693 2618 2746 Paris.
2651 2691 2808 2756 16°24,
2845 2693 2954 2747 vol.
2986 2692 3028 2760 Ι,
3059 2707 3180 2762 mg.
3219 2691 3342 2747 849.
3372 2690 3585 2746 Calme-

1957 2796 2048 2840 tus
2074 2786 2127 2840 in
2157 2786 2422 2842 Biblioth.
2450 2802 2592 2842 sacr.
2624 2797 2751 2842 ante
2784 2786 3022 2843 Dielion.
3067 2786 3212 2844 Bibl.
3258 2786 3329 2841 ita
3373 2787 3446 2841 de
3481 2787 3589 2841 hoc

1955 2878 2180 2934 Sedulio
2204 2879 2410 2949 iudicat
2447 2899 2459 2933 :
2494 2879 2745 2936 Sedulius
2794 2879 3009 2943 Srotus,
3043 2878 3132 2934 ’νει
3179 2878 3471 2945 Hibernas,
3519 2895 3584 2933 ea:

1959 2970 2204 3045 Origene,
2231 2972 2292 3028 S.
2316 2972 2654 3045 Hieronymo,
2676 2991 2765 3028 seu
2783 2975 2956 3042 potius
2977 2973 3216 3046 Pelagio,
3243 2977 3393 3045 cujus
3414 2986 3586 3029 tamen

1929 3082 2166 3143 .errores
2193 3067 2471 3137 ea'punait,
2503 3065 2565 3121 S.
2602 3066 2901 3128 Ambrosio.
2928 3055 3034 3121 siue
3070 3066 3283 3122 Hilario
3322 3067 3582 3134 Diacouo,

223 3173 294 3212 ex
325 3156 604 3213 codicibus
632 3156 935 3224 Vaticanis,
965 3170 1018 3214 et
1051 3174 1162 3214 uno
1194 3159 1457 3224 llortano,
1501 3160 1723 3230 pra‘lixa
1757 3165 1860 3215 bac
1889 3151 1936 3213 C
1965 3166 2014 3212 et
2048 3159 2107 3213 S.
2145 3157 2443 3230 Augustino
2471 3157 2602 3231 opus
2627 3177 2778 3214 suum
2809 3163 3120 3232 composuit.
3153 3161 3406 3218 Labhcus
3436 3162 3589 3217 addit

223 3238 883 3306 dedicatione.lNondum
917 3263 1098 3307 tamen
1134 3253 1268 3307 satis
1304 3253 1520 3309 firmum
1569 3268 1862 3324 argumen-

224 3355 345 3399 tum
379 3345 483 3400 hoc
510 3355 631 3400 est:
666 3362 789 3399 nam
821 3362 871 3400 ν.
900 3348 930 3400 7
964 3358 1155 3401 auctor
1185 3349 1279 3411 ait,
1307 3347 1647 3403 Scribendum
1680 3351 1856 3419 famu-

222 3437 278 3492 lo
309 3453 464 3508 quem
513 3439 756 3504 iussisti:
787 3438 931 3509 quod
983 3439 1049 3493 de
1098 3453 1158 3495 se
1209 3438 1408 3493 femina
1445 3455 1550 3494 non
1602 3440 1854 3496 dixisset.

224 3530 484 3600 RepOuet
506 3530 726 3599 aliquis,
753 3531 1039 3601 legendum
1069 3532 1303 3602 fantulaz.
1333 3531 1446 3585 Non
1474 3547 1855 3603 repugnarem'

225 3623 272 3677 si
304 3622 411 3676 alia
439 3621 718 3688 adessent,
746 3638 875 3691 aure
900 3639 929 3677 a
963 3623 1136 3679 Proba
1167 3626 1266 3678 bos
1294 3639 1483 3680 versus
1511 3628 1847 3695 compositos

227 3717 400 3774 fuisse
458 3718 874 3786 persuaderent.
931 3718 1105 3774 Immo
1153 3717 1495 3774 Fontaninus
1551 3719 1628 3775 De
1676 3720 1853 3802 aptiq.
1883 3769 1894 3786 κ,

227 3812 386 3868 Ilort.
418 3811 457 3866 Ι.
492 3828 550 3876 ιι,
593 3827 644 3866 c.
694 3813 749 3881 Ξ,
805 3813 874 3866 ita
907 3811 1086 3881 plane.
1118 3812 1251 3882 legit
1301 3813 1534 3881 famulis,
1585 3821 1760 3880 suam,
1799 3824 1858 3868 ut

224 3907 449 3974 Opinor,
477 3906 560 3960 vel
598 3904 726 3960 Julii
761 3904 946 3959 Roscii
991 3904 1363 3974 conjecturam
1407 3914 1652 3961 secutus.
1687 3907 1850 3975 Apud

229 3997 496 4054 Roscium
536 3998 726 4052 titulus
756 3977 877 4052 esti
911 3998 992 4052 Ad
1016 3997 1309 4056 Honorium
1328 3998 1608 4057 Theodosii
1631 4000 1856 4070 Augusti

234 4089 422 4158 Magni
455 4089 645 4160 ﬁlium,
676 4099 722 4144 et
753 4091 968 4144 Arcadii
1009 4091 1228 4162 Augusti
1262 4093 1508 4160 fratrem.
1535 4092 1638 4148 Sed
1683 4095 1857 4163 stylus

232 4185 487 4241 diversus
517 4186 649 4240 mihi
681 4186 899 4241 videtur
922 4185 991 4241 ab
1021 4187 1164 4255 stylo
1186 4188 1395 4258 prologi
1425 4188 1643 4246 Probte.
1671 4188 1776 4243 Ter
1802 4189 1855 4242 in

232 4278 340 4334 hac
370 4275 736 4344 dedicatione,
772 4279 1112 4334 Romulidum
1142 4278 1345 4348 ductor,
1378 4283 1458 4337 vis
1501 4284 1858 4342 consonantis

230 4372 493 4428 tribuitur
535 4374 902 4442 aspirationi:
971 4390 1135 4445 quam
1186 4377 1458 4435 licentiam
1509 4379 1562 4432 in
1605 4378 1856 4433 versibus

234 4472 428 4528 Proba:
459 4489 528 4527 ne
557 4473 728 4527 semel
757 4472 977 4542 quidem
1002 4473 1228 4529 offendi.
1255 4476 1488 4533 Roscius
1508 4477 1729 4548 quidem
1754 4479 1854 4533 ali-

1969 3250 2309 3317 Eusebium,
2364 3251 2627 3318 Ruﬁnum
2661 3294 2674 3313 .
2731 3251 3079 3308 Gennadism
3122 3253 3263 3321 ΟΕ,
3319 3254 3586 3310 Joannem

1965 3340 2452 3413 Cbrysostomnm,
2487 3345 2664 3413 ipsum
2689 3345 2852 3400 etiam
2875 3346 2933 3400 S.
2963 3345 3288 3418 Gregorium
3315 3346 3588 3418 Magnum,

1967 3448 2025 3491 ut
2047 3436 2379 3492 Benedictus
2411 3438 2750 3495 Justinianus
2780 3440 2835 3495 S.
2872 3441 2913 3495 Ι.
2947 3440 3001 3495 in
3030 3441 3201 3496 [Con
3229 3458 3300 3506 vt,
3350 3443 3412 3510 5,
3439 3453 3590 3499 recte

1964 3531 2300 3585 observavit.
2336 3531 2588 3587 Barthius
2625 3534 2664 3587 l.
2710 3550 2879 3589 xxxvi
2917 3535 3151 3590 Advers.
3185 3553 3234 3590 c.
3268 3536 3335 3592 12
3378 3537 3596 3607 profert

1964 3624 2181 3676 titulum
2216 3639 2284 3678 ex
2317 3624 2509 3680 codice
2538 3641 2642 3679 ms.
2682 3643 2694 3678 :
2727 3625 2926 3695 Incipit
2949 3626 3155 3682 Sedulii
3191 3627 3336 3683 Scoti
3386 3627 3584 3683 Hiber-

1967 3717 2238 3771 niensisin
2271 3717 2541 3787 Epistolas
2583 3719 2809 3788 apostoli
2858 3718 3016 3773 Pauli
3059 3719 3442 3778 Collectancus.
3471 3722 3587 3792 as

1967 3809 2060 3865 Sic
2107 3811 2351 3881 sequiori
2397 3813 2601 3867 Steculo
2646 3811 2976 3883 ltymuarius,
3029 3814 3320 3879 cubiculus,
3372 3799 3590 3869 balneus

1963 3902 2107 3972 apud
2153 3903 2448 3962 nonnullos
2490 3905 2790 3975 scriptores
2833 3908 3124 3975 reperitur.
3162 3905 3221 3961 In
3267 3906 3512 3964 editione
3556 3910 3579 3963 1

1964 3997 2298 4053 Collectanei
2345 3996 2574 4052 Basileae
2618 3998 2756 4056 1527
2792 3999 2998 4066 in-lol.,
3031 4009 3088 4056 et
3136 4001 3187 4054 in
3224 4000 3395 4056 altera
3446 4002 3588 4056 1558

1968 4092 2124 4156 in-8,
2160 4092 2319 4146 initio
2356 4082 2620 4162 cujusque
2661 4095 2905 4163 epistolae
2943 4095 3304 4164 prtemittitur
3348 4095 3594 4163 vocabu-

1965 4185 2080 4240 lum
2109 4194 2365 4240 neutrum
2397 4185 2804 4241 Collectancum.
2843 4187 3102 4258 Ejusdem
3128 4188 3336 4244 Sedulii
3371 4188 3590 4245 videtur

1963 4293 2090 4335 esse
2141 4276 2553 4335 Collectancum
2607 4280 2659 4333 in
2705 4280 3063 4351 Evangelium
3100 4281 3159 4337 S.
3195 4280 3463 4348 Mattbtei,
3521 4281 3588 4338 de

1965 4386 2306 4442 quo-sermo
2361 4371 2678 4427 instituetur
2739 4388 2889 4427 num.
2968 4372 3039 4428 56
3104 4388 3220 4443 seq.
3295 4375 3588 4430 Auctorem

1966 4467 2296 4523 Collectanei
2332 4465 2609 4523 Sedulium
2626 4469 2897 4542 juniomn
2928 4477 3086 4524 vocat
3109 4467 3363 4525 Barthius
3387 4470 3439 4525 in
3471 4478 3588 4527 n'ot.

235 4575 325 4620 ter
352 4580 448 4620 eos
478 4574 589 4619 tres
621 4580 809 4620 versus
850 4565 1001 4635 legit,
1050 4574 1110 4621 ut
1140 4568 1193 4622 in
1239 4567 1463 4624 scholiis
1494 4570 1670 4636 dicam
1699 4591 1710 4625 :
1761 4571 1846 4628 sed

1973 4562 2034 4616 ad
2064 4562 2353 4616 Claudian.
2392 4578 2444 4617 tv
2472 4565 2689 4618 consul.
2725 4563 2956 4632 llonor.,
2999 4579 3144 4618 vers.
3173 4565 3297 4619 “26L

232 4659 290 4714 in
319 4658 595 4728 poematio
624 4657 728 4713 hoc
758 4657 1111 4715 reformando
1143 4660 1375 4718 licenter
1421 4668 1544 4720 eum
1579 4676 1857 4720 versatum

233 4752 411 4807 luisse
444 4766 669 4807 censeo.

308 4841 502 4900 42.1n
560 4844 747 4901 Indice
795 4847 1182 4918 expurgatorio
1228 4839 1684 4908 Brasichellensis
1736 4869 1856 4925 pag.

231 4937 346 4995 265
369 4947 691 4996 reccnsetur
711 4948 876 4995 ceuto
899 4938 1226 5010 Virgilianus
1256 4941 1464 5006 Probze,
1490 4961 1616 5015 quae
1649 4946 1722 5002 ibi
1753 4962 1860 5004 non

233 5032 524 5095 Falconia.
556 5045 610 5088 ut
636 5036 704 5088 ab
732 5033 876 5095 aliis.
915 5037 1218 5105 prmsertim
1253 5054 1280 5091 a
1306 5028 1619 5098 Fontanino
1651 5043 1718 5098 de
1749 5045 1859 5100 An-

234 5129 340 5198 tiq.
380 5128 535 5192 llort.
571 5129 608 5182 l.
644 5145 702 5191 ιι,
733 5143 783 5183 c.
819 5134 883 5194 1,
913 5128 1008 5186 sed
1049 5129 1299 5187 Faltonia
1347 5135 1451 5206 27
1482 5151 1546 5190 ex
1580 5139 1857 5193 veteribus

233 5220 693 5293 inscriptionibus
722 5222 945 5278 dicitur.
972 5222 1134 5280 Plura
1163 5225 1265 5280 alia
1293 5226 1362 5283 de
1404 5232 1595 5284 eadem
1640 5230 1851 5286 addun-

233 5322 368 5380 tur;
401 5305 495 5368 sed
533 5314 639 5373 hoc
668 5315 734 5370 ad
787 5330 902 5372 rem
947 5326 1214 5384 nostram,
1256 5320 1398 5388 quod
1457 5320 1855 5392 Virgilio-cen-

236 5415 399 5461 tenas
439 5407 730 5478 scripsisse
777 5409 1026 5466 videatur
1066 5409 1131 5464 ad
1175 5412 1427 5472 maritum
1457 5430 1523 5470 ex
1573 5418 1679 5472 line
1720 5433 1854 5488 poe-

236 5499 404 5555 matis
431 5502 444 5551 ὲ

368 5643 514 5715 [tunc
537 5645 859 5715 spoliatorem
880 5658 1150 5715 sacrorum,
1178 5648 1307 5698 hunc
1329 5650 1437 5712 ipse
1461 5657 1634 5703 teneto
1650 5692 1664 5715 ,

373 5705 417 5776 ρ
433 5705 595 5776 dulcis
605 5707 785 5776 conjux
805 5743 820 5766 ,
848 5716 929 5776 et,
953 5711 994 5760 si
1012 5705 1195 5776 pietate
1220 5705 1508 5776 morantur,

372 5761 478 5819 Hac
498 5769 618 5821 casti
637 5761 938 5822 minitantia
963 5761 1229 5836 relligione
1253 5761 1479 5838 poplites.

2044 4657 2133 4710 4-1.
2170 4654 2355 4709 Tertio
2381 4655 2504 4711 loco
2528 4657 3034 4726 pOnitTrithemius
3055 4658 3250 4715 librum
3279 4675 3296 4714 ι
3328 4659 3396 4716 de
3430 4660 3592 4728 Mira-

1972 4747 2111 4803 culis
2139 4745 2369 4819 Christi,
2404 4749 2448 4802 A
2479 4751 2606 4804 solis
2638 4761 2782 4805 ortus
2829 4751 3063 4804 cardine.
3103 4751 3202 4815 llic
3239 4763 3321 4808 est
3354 4752 3588 4825 hymnus

1971 4839 2352 4910 abeccdarius,
2402 4842 2488 4896 cui
2541 4843 2688 4899 inter
2713 4857 2881 4913 opera
2925 4843 3130 4898 Sedulii
3182 4843 3363 4900 locum
3393 4843 3588 4899 damus

1965 4943 2099 5012 post
2149 4935 2382 5008 elegiam
2426 4934 2728 5007 Cantemus,
2770 4938 2917 4994 socii.
2962 4936 3241 4994 Laudatur
3268 4953 3298 5011 a
3330 4938 3474 4994 Beda
3517 4939 3589 4995 de

1973 5027 2093 5082 Art.
2131 5036 2293 5083 metr.
2324 5029 2426 5084 sub
2453 5030 2656 5084 Sedulii
2685 5031 2926 5094 nomine,
2955 5039 3009 5084 et
3048 5030 3117 5085 ab
3140 5030 3584 5096 Alcuinoinscri-

1965 5122 2132 5191 bitur,
2165 5125 2232 5178 de
2263 5123 2569 5188 Natiritate,
2595 5134 2640 5178 et
2664 5121 2954 5191 Baptismo,
2973 5132 3022 5189 et
3056 5122 3278 5189 Virtute,
3311 5137 3360 5182 et
3385 5125 3585 5190 Tradi-

1965 5215 2124 5282 tione,
2143 5223 2193 5269 et
2219 5214 2492 5284 Passione,
2517 5214 2937 5279 Resurrectioue,
2963 5223 3011 5268 et
3033 5213 3343 5272 Ascensiane
3373 5217 3588 5277 Domini

1961 5308 2128 5363 nostri
2147 5305 2276 5362 Jesu
2319 5307 2530 5362 Christi.
2581 5306 2749 5362 Olaus
2799 5307 3115 5366 Borrichius
3161 5311 3230 5367 de
3275 5313 3429 5370 Poet.
3461 5315 3583 5371 Lat.

1960 5399 2043 5454 sic
2058 5399 2123 5453 de
2149 5397 2373 5454 Sedulio
2392 5417 2403 5450 :
2424 5398 2654 5469 Reliquit
2672 5408 2717 5453 et
2735 5400 2956 5471 hymnos
2980 5402 3111 5457 duos
3137 5402 3387 5464 Ecclesia:
3415 5409 3589 5462 adhuc

1963 5492 2249 5562 faittiliares
2274 5533 2289 5556 ,
2321 5491 2543 5545 alterum
2588 5492 2651 5547 de
2688 5493 2971 5550 Natalibus
3001 5496 3215 5566 Christi,
3257 5500 3319 5557 de
3356 5502 3590 5571 ejusdem

1963 5583 2267 5656 Epiphania
2306 5585 2550 5638 alterum.
2574 5585 2682 5642 Sed
2705 5603 2895 5644 revera
2922 5605 3084 5661 unus,
3111 5591 3364 5663 idemque
3384 5605 3467 5648 est
3491 5593 3588 5665 hy-

1966 5692 2149 5744 mnus,
2169 5693 2275 5749 quo
2290 5677 2397 5734 vita
2411 5677 2611 5734 Christi
2636 5681 2950 5741 continetur
2979 5702 2990 5738 :
3015 5699 3080 5744 ex
3107 5700 3214 5754 quo
3237 5689 3584 5757 septempri-

1971 5788 2088 5828 mas
2113 5773 2368 5844 strophas
2384 5773 2450 5831 ad
2468 5772 2657 5832 laudes
2689 5775 2744 5832 in
2771 5776 3066 5837 Nativitate
3092 5778 3331 5848 Domini,
3355 5791 3586 5854 quatuor
