3896 6372
370 212 479 275 ι55

1684 196 1969 259 εοειλιυε
2007 194 2373 255 SEDULIUS.

3586 188 3707 248 ‘56

368 328 505 383 alias
528 327 595 383 ad
622 338 878 395 vesperas
906 324 957 379 in
990 308 1296 392 Epiphinia
1322 317 1571 374 cauimus
1590 356 1608 383 ,
1643 316 1979 388 prmtermis-
2008 316 2058 375 Α
2085 309 2348 381 paschali.
2383 304 2875 381 Postepigramma
2900 302 3171 375 sequitur,
3198 300 3477 370 Incipiunt
3506 304 3706 357 carmi-

371 408 453 477 sis
488 421 727 476 ctrtcris.
761 419 857 473 llic
894 415 1141 485 Hymnus
1180 428 1303 469 cum
1348 411 1533 483 Elegia
1588 409 1796 467 Sedulii
1851 424 1987 479 prte—

370 514 661 572 termissus
713 528 742 566 a
801 508 1094 566 Parrhasio
1146 515 1232 562 cst
1292 507 1347 561 in
1397 521 1495 561 sua
1542 504 1821 567 editione,
1880 500 1987 555 for-

370 615 516 665 tasse
572 604 713 677 quod
778 604 895 659 haec
953 601 1197 657 carmina
1256 599 1313 654 in
1367 598 1481 655 suis
1536 595 1822 653 codicibus
1879 608 1988 648 non

380 700 673 766 invenerit,
706 706 799 752 aut
821 694 1028 752 Sedulii
1078 708 1200 751 esse
1233 706 1341 748 non
1389 689 1701 747 crediderit.
1755 688 1831 743 De
1876 686 1993 741 Ele-

374 793 459 866 gia
486 792 738 848 dubitant
761 788 1009 845 nonnulli
1037 806 1051 842 :
1086 785 1235 842 atde
1266 788 1367 840 hoc
1396 784 1601 856 hymno
1646 782 1736 837 vix
1765 781 1871 836 ulla
1909 789 1993 835 est

376 886 654 945 dubitandi
699 886 879 953 ratio,
945 892 1003 937 ut
1065 897 1131 937 ex
1198 896 1313 934 var.
1373 879 1499 933 lcet.
1558 876 1787 949 patebit.
1848 873 1993 929 Nou—

383 981 518 1038 nulli
563 989 763 1036 vocant
786 977 930 1033 lnmc
968 975 1231 1048 hymnum
1257 972 1629 1037 ocrosticlmm,
1670 968 1767 1024 sed
1814 968 1994 1022 minus

385 1077 632 1149 proprie,
656 1086 781 1130 cum
813 1087 879 1127 ex
915 1071 1109 1140 primis
1138 1058 1336 1123 litteris
1368 1080 1624 1120 versuum
1659 1061 1868 1117 nullum
1896 1074 1995 1115 no-

381 1186 507 1228 men
537 1168 881 1226 conﬁciatur.
910 1162 1037 1219 Vid.
1072 1155 1188 1218 var.
1220 1161 1349 1216 lect.
1382 1158 1451 1214 ad
1482 1157 1696 1213 titulum
1726 1153 1937 1229 hymni.

463 1261 545 1318 15.
588 1259 816 1317 Librum
842 1273 860 1312 ι
887 1257 952 1312 ad
976 1253 1348 1311 Theodosium
1380 1253 1769 1320 imperatorem
1792 1252 1995 1319 quarto

387 1357 509 1413 loco
530 1355 737 1412 indicat
775 1351 1117 1409 Trithemius
1150 1369 1164 1406 :
1200 1348 1291 1420 qui
1322 1346 1459 1402 nihil
1486 1353 1573 1402 est
1604 1341 1757 1398 aliud
1784 1383 1799 1407 ,
1833 1354 1994 1413 quam

391 1451 669 1509 dedicatio
699 1450 766 1503 ad
796 1445 1189 1513 Theodosium,
1219 1443 1288 1498 de
1318 1456 1421 1512 qua
1445 1454 1609 1510 supra
1630 1437 1785 1499 satis,
1810 1448 1997 1504 super:

390 1560 520 1617 que.
550 1542 704 1612 Quod
730 1551 911 1596 autem
942 1538 1282 1593 Trithemius
1304 1534 1495 1605 quinto
1528 1532 1649 1587 loco
1680 1529 1871 1583 librum
1900 1542 1917 1580 ι
1945 1526 1995 1578 in

387 1646 558 1716 majus
588 1640 831 1695 volumen
876 1635 1184 1699 Prisciani,
1226 1639 1283 1687 et
1312 1639 1470 1686 sexto
1498 1628 1621 1684 loco
1663 1627 1898 1680 librumt
1945 1621 1997 1674 in

2093 422 2160 458 ua
2188 403 2371 472 ipsius,
2407 399 2550 469 quod
2582 397 2992 469 intelligendum
3015 407 3099 453 est
3128 399 3293 466 ipsius
3318 396 3555 463 Sedulii,
3588 414 3703 454 non

2091 497 2279 551 Asterii
2300 510 2454 549 :nam
2472 493 2573 549 etsi
2596 493 2839 561 proxime
2860 493 3145 564 prmcessit
3172 488 3509 563 epigramma
3538 491 3708 549 Aste-

2092 594 2179 662 rii,
2212 594 2262 649 id
2319 608 2415 664 per
2462 606 2705 649 errorem
2756 591 2959 647 evenit.
2993 590 3171 658 Adde,
3205 588 3487 646 Asterium
3518 589 3703 663 ipsum

2092 688 2238 758 loqui
2268 686 2335 742 de
2368 685 2622 742 versibus
2650 682 2882 740 Sedulii.
2934 682 3138 740 Turcio
3184 700 3213 737 a
3245 682 3473 740 Sedulio
3506 683 3707 740 inseri—

2098 790 2271 853 ptum,
2306 789 2359 836 et
2387 780 2612 835 missum
2643 777 2811 834 fuisse
2859 776 2963 833 hoc
3016 778 3349 849 epigramma
3393 775 3505 848 30
3529 776 3708 831 voluit

2095 873 2393 929 Panvinius
2408 874 2458 926 in
2474 870 2622 926 Fast.
2648 871 2812 926 Cons.
2837 868 3212 925 Nebrisseusis
3238 869 3289 923 in
3315 870 3461 937 notis
3475 866 3542 921 ad
3559 868 3705 924 hanc

2096 968 2322 1039 elegiam
2357 986 2370 1020 :
2402 966 2540 1023 Sunt
2586 966 2674 1037 qui
2722 965 2923 1032 dicunt,
2954 964 3049 1030 ait,
3094 963 3194 1017 hoc
3253 960 3568 1034 apusculum
3597 978 3704 1017 non

2096 1079 2206 1117 esse
2225 1060 2419 1116 editum
2442 1077 2474 1113 a
2497 1058 2740 1127 Sedulio,
2758 1061 2849 1115 sed
2873 1061 3007 1113 inter
3025 1058 3173 1113 illius
3194 1058 3388 1129 scripta
3412 1058 3701 1125 inventum,

2095 1156 2234 1227 quod
2260 1157 2389 1212 satis
2421 1164 2493 1211 est
2540 1166 2595 1210 ut
2627 1154 2835 1211 Sedulii
2858 1162 3068 1226 putetur
3094 1171 3223 1211 esse.
3249 1151 3509 1209 Profecto
3529 1151 3706 1208 Aldus

2093 1258 2222 1321 post
2249 1264 2469 1305 carmen
2501 1248 2760 1320 paschale
2788 1250 3037 1321 proxime
3083 1257 3209 1303 ante
3235 1246 3467 1319 elegiam
3498 1247 3579 1302 sic
3606 1245 3708 1302 ha-

2096 1344 2230 1399 bet:
2265 1341 2380 1397 Hoc
2409 1341 2722 1414 opusculum
2762 1358 2865 1397 non
2916 1359 2949 1396 a
2990 1341 3209 1398 Sedulio
3246 1344 3465 1395 auctore
3506 1339 3705 1394 editum

2098 1448 2194 1505 est,
2224 1436 2313 1492 sed
2342 1453 2372 1489 a
2396 1435 2577 1490 Turtio
2602 1436 2743 1504 Rufo
2765 1436 2967 1491 Asteria
2989 1436 3131 1507 quita
3154 1435 3318 1509 (forte
3330 1433 3533 1507 quinto)
3556 1434 3620 1489 γ.
3638 1434 3702 1491 C.

2099 1531 2377 1588 exconsule
2401 1532 2692 1598 ordinario,
2720 1541 2876 1604 atque
2896 1533 3131 1605 patritio,
3155 1531 3244 1603 qui
3272 1530 3329 1585 id
3353 1531 3493 1586 inter
3513 1531 3707 1603 scripta

2104 1625 2309 1682 Sedulii
2335 1626 2548 1680 invenit.
2574 1625 2814 1682 Verbum
2845 1625 3158 1697 apusculum
3188 1641 3296 1680 non
3326 1625 3557 1682 carmini
3586 1639 3711 1695 pas-

384 1714 661 1792 secundam
688 1732 967 1786 editionem
1000 1727 1198 1782 Donati
1228 1731 1501 1791 recenset,
1536 1719 1712 1791 qualia
1747 1719 1857 1772 sint
1883 1717 1999 1770 hanc
2028 1714 2075 1774 Β
2103 1720 2267 1787 chali,
2299 1719 2441 1789 quod
2478 1720 2781 1791 praecessit,
2814 1720 2909 1775 sed
2949 1720 3163 1791 elegim,
3193 1735 3314 1789 quzc
3358 1718 3511 1774 illico
3553 1717 3711 1789 poni-

386 1843 584 1900 opera,
630 1827 721 1881 vix
771 1824 995 1880 aliunde
1045 1820 1319 1891 expiscari
1374 1830 1689 1886 possumus.
1742 1809 1996 1867 Secunda

301 1939 304 1942 ’
391 1922 561 1981 editio
581 1922 777 1978 Donati
811 1935 873 1976 ea
903 1928 1010 1982 est,
1038 1933 1161 1989 qua:
1192 1914 1262 1971 de
1290 1922 1416 1969 octo
1457 1909 1705 1983 partibus
1733 1905 2002 1963 orationis

393 2019 527 2089 agit.
556 2016 815 2073 Sedulius
845 2012 1069 2085 quidem
1098 2012 1154 2066 in
1187 2007 1416 2081 epistola
1440 2007 1507 2061 ad
1539 2001 1919 2060 Macedonium
1942 2014 2003 2054 se

394 2112 523 2169 olim
557 2100 879 2180 occupatum
916 2106 1212 2179 proﬁtetur
1240 2100 1578 2158 saecularibus
1604 2097 1812 2165 studiis,
1839 2105 1885 2149 et
1916 2094 2005 2149 lil-

398 2207 599 2262 terarite
631 2202 847 2259 solertia
868 2200 1163 2270 disciplinae
1192 2198 1391 2252 lusibus
1419 2194 1727 2265 infructuosi
1755 2192 1863 2263 29
1884 2205 2006 2260 ope—

395 2302 491 2368 ris,
524 2317 627 2356 non
651 2299 851 2355 auctori
878 2296 992 2353 Deo
1021 2294 1328 2351 deserviisse
1360 2308 1376 2346 :
1404 2306 1512 2361 quo
1544 2287 1767 2359 profana
1801 2282 2009 2356 quaevis

399 2412 563 2468 opera
596 2395 901 2466 intelligere
939 2403 1251 2462 possumus.
1282 2387 1342 2442 in
1370 2383 1494 2440 cod.
1526 2381 1709 2439 Vatic.
1745 2376 1930 2434 Ottob.
1977 2377 1999 2431 1

400 2502 527 2566 post
585 2493 816 2563 elegiam
871 2487 1076 2546 Sedulii
1127 2484 1451 2549 Cantemus,
1508 2480 1660 2542 socii,
1712 2476 1830 2532 hzec
1885 2481 2011 2529 nota

401 2586 720 2657 apponitur,
756 2582 938 2653 incipit
968 2595 1054 2634 ars
1087 2578 1324 2641 Sedulii,
1350 2575 1438 2646 qui
1472 2579 1639 2643 primo
1667 2568 1848 2636 laicus,
1878 2575 2008 2632 etc.,

404 2690 464 2735 ut
511 2694 664 2734 num.
719 2678 750 2731 9
795 2674 1112 2745 expositum
1155 2670 1275 2725 fuit.
1338 2668 1601 2723 Fortasse
1652 2679 1737 2717 ars
1791 2676 1855 2716 ea
1916 2659 2016 2715 Sc-

396 2754 543 2833 .dulii
595 2788 716 2846 qua:
762 2770 851 2826 hic
892 2768 1205 2832 iudicatur,
1253 2763 1349 2819 sed
1400 2776 1507 2816 non
1564 2758 1879 2846 exhibetur,
1934 2762 2018 2810 est

402 2838 627 2939 aliquis-
681 2878 751 2921 ex
823 2861 977 2918 libris
1050 2860 1106 2914 in
1178 2856 1517 2913 Priscianum
1594 2862 1648 2907 et
1722 2838 2012 2905 Donatum.

404 2960 655 3019 Labbeus
712 2958 766 3013 in
841 2956 1069 3011 Dissert.
1143 2950 1337 3005 histor.
1414 2947 1483 3002 de
1548 2946 1754 3015 Script.
1809 2940 2013 2997 eccles.

402 3065 537 3111 tom.
573 3052 637 3121 ll,
672 3066 795 3121 pag.
829 3048 931 3104 329
956 3088 971 3113 ,
1006 3044 1126 3101 haec
1177 3043 1452 3123 ipsissima
1487 3037 1659 3094 verba
1703 3034 1912 3105 profert
1950 3048 2015 3088 ex

400 3148 574 3205 veteri
617 3105 806 3202 éJque
848 3140 1046 3198 Plthcei
1076 3180 1091 3203 ,
1141 3136 1231 3209 qui
1274 3116 1509 3191 lortasse
1562 3132 1856 3188 distinctus
1903 3144 2012 3183 non
2041 3105 2087 3170 (ἶ

398 3254 483 3300 est
513 3244 582 3297 ab
612 3242 718 3295 hoc
749 3246 937 3294 nostro
962 3235 1090 3291 Vat.
1120 3232 1307 3288 Ottob.
1347 3233 1394 3286 1.
1424 3229 1572 3285 idem
1601 3226 1853 3283 Lahbeus
1889 3237 2012 3295 pag.

402 3340 535 3406 5.38,
570 3351 636 3393 ex
672 3332 1011 3389 bibliotheca
1051 3327 1278 3384 Thuana
1319 3331 1576 3381 recenset
1616 3336 1721 3375 ms.
1752 3317 2020 3374 Commen-

414 3434 661 3489 tariolum
688 3432 741 3487 in
768 3438 931 3484 artem
973 3423 1231 3490 Eutichii,
1262 3430 1317 3478 et
1346 3436 1411 3477 ex
1464 3434 1599 3473 mss.
1641 3413 1909 3479 Goldasti,
1957 3410 2022 3479 de

412 3528 685 3603 [tegimine
705 3523 1021 3599 principum,
1055 3528 1100 3574 et
1123 3516 1501 3591 expositionem
1530 3514 1583 3567 in
1609 3520 1770 3566 artem
1796 3506 2021 3561 Priscia-

411 3599 511 3678 ni
539 3636 659 3693 qua:
688 3620 804 3691 ipse
826 3615 1051 3673 Sedulio
1083 3612 1253 3667 Scoto
1277 3650 1290 3675 ,
1322 3606 1415 3679 qui
1443 3620 1591 3661 anno
1632 3602 1737 3659 818
1764 3599 2017 3693 ﬂorebat,

410 3713 709 3787 adiudicat.
734 3709 871 3767 Cum
896 3705 1130 3763 'Labbeo
1156 3702 1281 3758 iacit
1308 3699 1558 3757 Oudinus
1596 3695 1664 3755 de
1695 3692 1901 3763 Script.
1935 3706 2023 3746 cc-

416 3810 553 3867 cles.
589 3805 795 3863 saeculo
826 3819 910 3868 ιι,
951 3802 1019 3856 ad
1049 3796 1179 3854 ann.
1222 3793 1347 3861 820,
1380 3792 1475 3864 qui
1504 3791 1607 3846 hos
1634 3788 1851 3865 codices
1887 3798 2019 3839 mss.

415 3904 719 3968 enumerat,
748 3898 803 3954 in
834 3893 1164 3952 bibliotheca
1183 3886 1677 3960 Lugdune-Batava
1717 3882 1861 3936 inter
1888 3893 2021 3933 mss.

419 3995 583 4053 codd.
610 3993 679 4049 ab
701 3988 1011 4047 han-edibus
1037 3984 1207 4042 lsaaci
1238 3980 1419 4039 Vossii
1449 3987 1665 4050 emptos
1693 3974 1815 4031 cod.
1846 3973 2023 4029 Latin.

413 4090 507 4157 2|,
534 4103 684 4144 num.
714 4086 769 4152 5,
801 4082 1046 4141 Sedulius
1076 4079 1130 4133 in
1178 4076 1542 4139 Priscianum;
1592 4071 1648 4125 in
1692 4066 2025 4125 bibliotheca

426 4180 769 4237 Norfolciana
802 4174 1059 4251 ‘Londini
1089 4170 1214 4229 cod.
1250 4170 1343 4234 45,
1374 4165 1647 4238 Expositio
1678 4159 1884 4245 Sedulii
1918 4157 2030 4228 epi-

423 4278 563 4349 scOpi
584 4278 635 4329 in
666 4275 885 4340 primam
914 4270 1190 4325 editionem
1218 4262 1437 4319 Donati.
1471 4258 1673 4316 Confer
1702 4270 1856 4312 num.
1882 4253 1973 4309 88.

502 4369 592 4425 46.
622 4365 952 4423 Trithemius
989 4362 1220 4431 septimo
1251 4360 1371 4415 loco
1413 4361 1681 4413 memorat
1710 4350 2030 4407 Exhortare-

432 4468 569 4523 rium
600 4462 667 4517 ad
690 4459 868 4531 fideles
900 4458 1089 4512 librum
1126 4473 1167 4510 ι.
1198 4455 1322 4511 Hrcc
1343 4462 1427 4510 est
1451 4450 1642 4521 elegia.
1674 4451 1793 4520 quae
1824 4448 1875 4502 in
1908 4443 2022 4501 edi-

2106 1824 2214 1881 tur,
2244 1814 2650 1869 accommodari
2674 1824 2873 1885 potest.
2904 1814 3104 1870 Verum
3138 1830 3205 1871 ex
3231 1830 3348 1870 var.
3383 1814 3610 1871 lection.
3639 1813 3710 1869 ad

2103 1907 2200 1961 ﬁn.
2227 1907 2487 1962 carminis
2512 1906 2805 1976 paschalis,
2839 1914 2896 1963 et
2925 1909 3044 1963 init.
3078 1907 3266 1978 elegiae
3308 1906 3516 1977 liquido
3539 1912 3709 1977 patet,

2104 2002 2337 2073 elegiam
2367 2018 2554 2058 verum
2589 2019 2726 2074 opus
2756 2019 2879 2060 esse
2907 2004 3134 2060 Sedulii.
3169 2003 3262 2058 Illa
3296 2013 3480 2059 autem
3508 2004 3715 2058 nutatio

2107 2096 2230 2152 Aldi
2259 2113 2354 2167 per
2374 2112 2617 2153 errorem
2650 2099 2719 2154 ab
2740 2098 2859 2169 ipso
2878 2098 3068 2168 elegia:
3092 2099 3419 2169 applicatur,
3449 2114 3573 2154 cum
3595 2112 3719 2167 per-

2111 2193 2280 2248 tineat
2306 2192 2373 2248 ad
2404 2208 2623 2249 carmen
2656 2193 2931 2264 paschale,
2966 2202 3060 2249 aut
3088 2193 3153 2248 ad
3187 2194 3573 2249 collectionem
3601 2207 3722 2247 car-

2112 2288 2316 2342 minum
2351 2286 2582 2356 Sedulii,
2607 2288 2687 2343 uti
2715 2286 3201 2355 demonstrabitur,
3234 2303 3359 2343 cum
3403 2286 3472 2343 de
3504 2286 3722 2341 Asterio

2113 2391 2323 2453 agetur.
2394 2416 2399 2421 ι

2186 2474 2275 2530 47.
2311 2476 2517 2531 Octavo
2542 2474 2663 2531 loco
2686 2475 3025 2531 Trithemius
3050 2474 3226 2557 refert
3248 2472 3521 2546 Epistolas
3549 2471 3726 2544 plures

2116 2573 2184 2627 ad
2212 2573 2441 2628 diversos
2474 2573 2663 2627 librant
2699 2584 2745 2638 ι’,
2772 2579 2825 2626 et
2869 2569 3198 2627 Arntzcnius
3244 2564 3727 2635 ait,-circumferri

2118 2664 2471 2736 epistolarum
2506 2664 2741 2735 plurium
2783 2663 2852 2719 ad
2901 2662 3149 2719 diversos
3188 2662 3383 2718 librum
3433 2677 3471 2716 ι.
3508 2659 3728 2715 Initium

2119 2757 2279 2828 hujus
2314 2756 2435 2812 libri
2460 2772 2528 2812 ex
2556 2755 2857 2811 Trithemio
2884 2766 2966 2812 est
2994 2754 3249 2811 Sedulius
3288 2753 3573 2826 Scotigena
3605 2767 3626 2805 :
3656 2767 3726 2806 ex

2117 2868 2226 2923 quo
2252 2850 2479 2921 intelligi
2508 2860 2708 2920 potest,
2735 2865 2856 2905 eum
2894 2849 3170 2919 pertinere
3206 2846 3271 2903 ad
3312 2846 3603 2904 Sedulium
3639 2845 3727 2915 ju-

2120 2946 2353 3003 niorem.
2382 2943 2538 2999 Aliud
2571 2942 2704 2999 nihil
2732 2943 2799 2999 de
2828 2942 2931 2998 hoc
2959 2956 3124 3012 opere
3150 2941 3395 3011 reperire
3422 2940 3593 2996 licuit.

2192 3040 2281 3094 48.
2316 3038 2468 3093 Nono
2503 3047 2557 3093 et
2587 3045 2871 3108 postremo.
2896 3038 3020 3093 loco
3060 3052 3089 3090 a
3132 3035 3436 3091 Trithemio
3485 3049 3734 3091 comme-

2122 3138 2403 3186 morantur
2444 3130 2563 3185 libri
2610 3145 2647 3184 ιι
2677 3128 2740 3183 de
2773 3127 3048 3183 Miraculis
3078 3126 3270 3182 Christi
3297 3127 3558 3198 prosaice.
3590 3125 3734 3182 For-

2123 3233 2268 3290 tasse
2298 3224 2351 3277 in
2396 3221 2637 3277 numeris
2664 3220 2806 3291 apud
2847 3220 3207 3275 Trithemiuin
3241 3235 3398 3275 error
3429 3218 3643 3284 incidit,
3676 3229 3737 3276 ut

2124 3331 2222 3386 pro
2256 3315 2515 3371 veditum
2561 3314 2723 3371 fuerit
2770 3330 2829 3369 ιι.
2854 3313 3018 3371 Certe
3076 3329 3234 3384 prosa
3286 3314 3497 3371 Sedulii
3546 3314 3739 3384 operis

2122 3408 2417 3481 paschalis,
2459 3410 2572 3465 sive
2616 3409 2685 3464 de
2729 3408 3011 3465 miraculis
3038 3407 3265 3475 Christi,
3295 3417 3355 3464 ut
3394 3408 3468 3464 ait
3513 3408 3740 3466 Trithe-

2126 3504 2289 3568 mius,
2324 3517 2431 3558 non
2464 3503 2516 3557 in
2554 3502 2712 3568 duos,
2747 3502 2842 3559 sed
2873 3503 2925 3557 in
2964 3500 3204 3573 quinque
3242 3502 3415 3558 libros
3440 3501 3735 3557 distributa

2125 3607 2209 3652 est
2236 3610 2302 3652 eo
2329 3597 2441 3652 fere
2479 3594 2665 3662 modo,
2689 3610 2799 3666 quo
2824 3609 3045 3651 carmen
3081 3593 3361 3665 paschale,
3393 3603 3454 3649 ut
3484 3610 3636 3649 num.
3670 3596 3740 3649 '59.

2127 3690 2509 3747 animadverti.
2547 3688 2979 3761 Redarguendus
3018 3688 3121 3745 hoc
3153 3689 3274 3744 loco
3300 3699 3384 3744 est
3417 3688 3741 3759 Sigehertus

2128 3786 2195 3842 de
2223 3787 2424 3857 Script.
2449 3786 2675 3849 ecclcs.,
2706 3785 2798 3855 qui
2822 3786 2975 3855 prius
3005 3798 3225 3855 prosam
3255 3782 3515 3851 scriptam
3542 3781 3738 3845 fuisse,

2130 3888 2242 3936 tum
2272 3894 2491 3935 carmen
2530 3877 2788 3948 paschale
2820 3877 3117 3942 enuntiat;
3153 3858 3402 3932 Sedulius
3432 3876 3737 3947 episcopus,

2128 3974 2235 4040 ait,
2265 3974 2331 4027 ad
2393 3971 2758 4026 Macedoniam
2801 3970 3156 4041 presbyterum
3214 3969 3420 4037 scripsit
3466 3968 3623 4021 libros
3679 3966 3742 4019 ile

2135 4066 2398 4120 miraculis
2426 4064 2610 4118 veteris
2655 4070 2704 4117 et
2747 4062 2865 4116 novi
2906 4060 3242 4127 Testamenti,
3270 4076 3400 4131 quos
3423 4072 3601 4131 postea
3642 4058 3739 4113 sub

2133 4158 2342 4212 metrica
2391 4155 2503 4227 lege
2547 4154 2781 4209 redactos
2836 4154 3171 4226 pra'titulavit
3210 4152 3468 4208 Paschal:
3501 4168 3740 4207 carmen.

2137 4250 2415 4321 Reparavit
2443 4250 2578 4304 enim
2610 4248 2865 4319 dactylico
2879 4248 3108 4301 carmine
3122 4248 3296 4325 omnia
3323 4244 3534 4301 Domini
3556 4262 3740 4318 Opera.

2133 4344 2267 4400 Rem
2282 4344 2569 4422 contrario
2596 4342 2758 4399 modo
2787 4357 2849 4397 se
2890 4341 3161 4408 habuisse,
3184 4356 3253 4397 ex
3290 4340 3525 4411 epistola
3559 4341 3737 4410 ipsius

2136 4439 2337 4497 Sedulii
2366 4439 2432 4495 ad
2460 4438 2830 4495 Macedoniam
2876 4449 3053 4505 prosa:
3102 4436 3383 4506 praemissa
3417 4434 3740 4505 intelliges:

434 4507 928 4616 tionibus'carmini
960 4548 1202 4621 paschali
1245 4546 1509 4611 succedit,
1540 4556 1594 4600 et
1624 4542 1846 4598 inscribi
1888 4507 2112 4623 solet
2136 4533 2462 4606 Praecepisti,
2495 4531 2772 4587 reverenda
2813 4531 2884 4584 mi
2915 4528 3153 4595 Domine,
3185 4529 3451 4601 paschalis
3491 4529 3744 4583 carminis

436 4651 660 4709 Collatia
703 4647 883 4703 veteris
912 4654 959 4699 et
982 4642 1099 4697 novi
1123 4640 1456 4706 Testamenti,
1478 4646 1533 4693 et
1560 4650 1803 4692 seorsum
1832 4646 2032 4690 excusa

434 4753 521 4804 est
536 4746 590 4800 in
607 4730 837 4799 Manuali
853 4735 1061 4794 Biblico
1078 4730 1421 4790 Francol‘urti
1439 4728 1595 4785 1610.
1612 4728 1725 4783 Hoc
1736 4727 2031 4798 elegiacum

438 4852 659 4897 carmen
702 4832 931 4891 Sedulio
979 4825 1324 4899 abjudicant,
1379 4831 1432 4878 et
1486 4820 1705 4875 Asterio
1760 4816 2038 4872 ascribunt

440 4932 714 4999 Barthius,
742 4926 1131 4999 Cuspinianus,
1164 4919 1460 4991 Leyserus,
1503 4924 1559 4969 et
1602 4909 1875 4967 nonnullae
1917 4907 2037 4963 edi-

441 5028 641 5093 tiones,
677 5038 799 5095 qute
831 5018 1144 5076 indicantur
1174 5016 1227 5069 iu
1256 5010 1505 5079 catalogo
1525 5004 1869 5063 bibliothecae
1898 5003 2041 5072 Lug-

441 5118 831 5177 dune-Batava:
856 5127 979 5185 pag.
1013 5110 1103 5167 30.
1138 5106 1203 5164 G.
1241 5103 1521 5160 Fabricius
1560 5101 1612 5155 in
1654 5104 1947 5154 comment.
1980 5110 2035 5165 p.

442 5212 515 5268 25
535 5210 791 5275 afﬁrmat,
818 5206 871 5261 in
904 5201 1138 5272 antiquis
1164 5194 1444 5254 codicibus
1485 5190 1703 5247 Asterie
1733 5187 1953 5252 ascribi,
1987 5192 2041 5241 et

442 5321 565 5379 pag.
591 5304 694 5360 156
722 5303 777 5357 in
809 5297 917 5354 alio
963 5292 1154 5352 codice
1197 5288 1306 5361 legi
1337 5287 1439 5343 sub
1489 5284 1711 5340 nomine
1759 5278 2039 5336 Claudiani

443 5376 710 5457 Mamerti.
735 5389 1060 5450 Arntzenius
1088 5400 1188 5459 pro
1217 5382 1441 5442 Sedulio
1468 5388 1692 5435 auctore
1723 5376 1922 5446 allegat
1949 5388 2043 5429 co-

446 5493 619 5550 dicem
648 5488 833 5555 Cant.,
864 5485 1129 5554 ahosque,
1152 5486 1209 5537 et
1238 5486 1457 5533 veteres
1480 5472 1772 5529 editiones.
1802 5467 1859 5523 In
1891 5466 2045 5523 codi-

448 5601 511 5642 cc
539 5600 638 5641 suo
665 5581 1035 5640 Arntzeniauo
1059 5572 1126 5630 ad
1172 5571 1332 5628 linem
1361 5568 1632 5626 Carminis
1659 5561 1926 5635 pastthalis
1955 5561 2040 5615 in-

448 5678 598 5733 venit
643 5671 845 5731 Asterii
885 5670 1219 5742 epigramma
1260 5662 1402 5718 male
1449 5657 1839 5729 trauspositum
1877 5666 2040 5709 :cum

452 5771 510 5831 in
546 5769 669 5828 cod.
725 5765 953 5834 Almel.,
982 5772 1036 5821 et
1073 5760 1193 5816 aliis
1234 5771 1368 5813 mss.
1422 5758 1767 5825 praeponatur
1814 5745 2043 5805 carmini

2137 4635 2355 4691 textum,
2370 4622 2508 4695 quod
2528 4623 2705 4695 ofﬁcio
2727 4637 2873 4693 parte
2898 4621 3180 4675 devotionis
3203 4620 3505 4693 simpliciter
3526 4636 3741 4675 exsecu-

2138 4729 2219 4773 tus
2240 4718 2379 4772 vobis
2409 4716 2572 4771 obtuli
2598 4714 2985 4788 perlegendum,
3012 4714 3065 4768 in
3089 4715 3402 4768 rhetoricum
3440 4730 3521 4768 me
3566 4724 3745 4769 trans-

2140 4816 2271 4881 ferre
2292 4825 2599 4865 sermonem.
2615 4803 2826 4864 Sedulii
2853 4822 3067 4877 prosam
3101 4809 3309 4877 primus
3338 4806 3510 4863 edidit
3537 4806 3743 4862 Franc.

2143 4904 2363 4961 Juretus
2403 4920 2435 4959 e
2475 4920 2579 4961 ms.
2612 4902 2718 4976 31
2749 4902 3073 4964 Pithceano:
3105 4918 3302 4959 recusa
3331 4919 3394 4959 ea
3425 4911 3513 4959 est
3549 4900 3604 4957 in
3647 4916 3746 4972 ap-

2146 4997 2375 5069 pendice
2395 4992 2743 5052 Bibliotheca:
2757 4996 2977 5053 Patrum
2996 4997 3309 5068 Margarini,
3326 4996 3577 5058 Parisiis.
3595 5010 3754 5051 anno

2151 5090 2310 5155 1624,
2341 5104 2466 5146 cum
2497 5091 2640 5145 notis
2666 5089 2863 5148 Jureti.
2888 5092 3100 5148 Prodiit
3126 5090 3289 5147 etiam
3318 5092 3374 5147 in
3402 5090 3742 5147 Bibliotheca

2146 5183 2368 5240 Patrum
2400 5183 2735 5254 Coloniensi,
2759 5200 2902 5242 anno
2936 5187 3093 5255 -lGl8,
3120 5196 3242 5243 tom.
3284 5186 3351 5255 γ,
3375 5195 3520 5259 part.
3556 5202 3599 5254 ι,
3620 5202 3743 5243 cum

2148 5276 2267 5331 aliis
2294 5276 2553 5348 operibus
2582 5276 2812 5345 Sedulii,
2845 5288 2900 5335 et
2924 5294 3115 5336 rursus
3159 5278 3212 5334 in
3262 5278 3610 5336 Bibliotheca
3641 5280 3742 5335 Pa-

2149 5380 2293 5426 trum
2320 5371 2692 5443 Lugdunensi,
2727 5371 2823 5429 sed
2856 5374 3124 5428 omittitur
3156 5388 3183 5426 a
3213 5373 3494 5446 plerisque
3519 5372 3744 5430 editori-

2149 5463 2250 5519 bus
2276 5464 2573 5521 carminum
2606 5465 2831 5522 Sedulii.
2855 5466 3231 5538 Opportunum
3256 5476 3439 5523 tamen
3470 5466 3602 5524 duxi
3627 5482 3740 5523 eam

2150 5560 2377 5615 carmini
2404 5560 2643 5631 paschali
2673 5570 3001 5628 auncctere;
3030 5576 3154 5617 nam
3188 5561 3252 5616 ad
3296 5561 3741 5631 explicationem,

2151 5664 2207 5709 ct
2250 5654 2573 5723 quibusdam
2628 5656 2790 5710 etiam
2835 5652 2890 5710 in
2935 5654 3072 5711 locis
3116 5654 3183 5710 ad
3225 5662 3433 5710 certam
3486 5652 3744 5710 emenda-

2153 5746 2354 5803 tionem
2384 5746 2641 5803 carminis
2668 5746 2960 5802 utilissima
3003 5760 3127 5802 esse
3169 5753 3370 5816 potest.
3393 5741 3602 5800 Nolunt
3648 5742 3742 5798 viri
