3904 6336
136 211 243 274 ιδτ

1521 191 2052 260 PROLEGOMENA.

3318 190 3425 248 ιω

141 324 356 387 critici,
400 323 598 394 ubique
651 321 894 393 prmlerri
949 319 1233 374 lectionem
1280 331 1399 387 quae
1453 331 1519 370 ex
1564 316 1728 370 Prosa
1757 320 1810 378 Α
1835 320 2071 380 repetam
2102 321 2221 377 qua:
2253 308 2418 361 multa
2455 306 2564 360 dixi
2600 307 2655 361 in
2688 304 3095 372 Prudentlanls,
3124 305 3256 362 etin
3275 319 3428 362 com-

140 416 381 483 eruitur,
413 425 506 469 aut
545 416 595 470 ei
623 415 792 484 magis
819 412 1079 468 accedere
1108 410 1340 464 videtur.
1386 408 1596 476 Quibus
1643 423 1736 461 au-

141 513 262 562 tem
294 508 347 560 in
381 504 516 561 locis
545 504 882 576 praeferenda
908 503 1000 568 sit,
1031 518 1150 557 cum
1178 500 1392 556 occasio
1419 515 1539 555 sese
1565 498 1732 561 dabit,

143 610 282 655 tunc
321 600 514 656 melius
564 609 881 669 exponetur.
924 595 1113 667 Operis
1160 594 1430 665 paschalis
1494 592 1738 648 meminit

143 692 296 747 Beda
341 693 380 746 l.
420 708 451 746 v
482 692 682 747 Histor.
727 691 923 747 eccles.
953 688 1137 759 Angl.,
1182 702 1303 757 cap.
1367 685 1470 740 ‘19:
1515 682 1738 752 Scripsit

146 786 440 841 Adhelmus
475 796 522 840 et
551 787 613 841 de
653 785 960 860 Virginitate
985 779 1176 837 librum
1204 779 1471 846 eximium,
1500 795 1645 848 quem
1687 777 1741 830 in

145 879 451 949 exemplum
478 877 682 934 Sedulii
703 877 957 951 geminato
988 890 1139 946 opere
1169 882 1218 929 et
1246 871 1471 927 versibus
1499 869 1741 925 hexame-

147 977 269 1040 tris,
291 983 341 1029 et
378 989 530 1046 prosa
555 971 857 1044 composuit.
891 971 1003 1026 Hoc
1033 969 1210 1038 ipsum
1248 967 1318 1023 de
1348 965 1614 1022 Adhelmo
1657 977 1741 1017 re-

152 1068 298 1136 petit
318 1067 635 1139 Anonymus
662 1064 1006 1133 Mellicensis,
1034 1078 1085 1120 c.
1127 1062 1218 1128 50,
1240 1070 1294 1117 et
1320 1059 1656 1132 Sigebertus,
1674 1057 1742 1112 de

150 1159 358 1229 Script.
383 1161 607 1224 eccles.,
630 1173 751 1229 cap.
780 1158 866 1214 66.
891 1155 1094 1212 Refert:
1107 1164 1364 1225 praeterea
1395 1151 1559 1218 Beda,
1585 1165 1644 1204 se
1666 1149 1743 1202 vi-

153 1262 269 1308 tam
288 1250 345 1309 S.
370 1251 678 1317 Cuthberti,
705 1250 953 1320 exemplo
969 1246 1200 1315 Sedulii,
1222 1247 1373 1317 prius
1392 1244 1615 1301 heroico
1632 1258 1744 1297 me-

153 1356 276 1413 tro,
328 1357 383 1402 et
439 1347 783 1417 postmodum
837 1344 1002 1414 plano
1055 1350 1308 1398 sermone
1361 1337 1737 1407 descripsisse.

158 1435 339 1494 Verba
379 1454 445 1493 ex
489 1453 654 1508 opere
684 1434 919 1506 paschali
951 1433 1156 1490 Sedulii
1187 1431 1391 1501 profert
1421 1428 1746 1485 Paschasius

156 1528 478 1594 Bathertus,
505 1528 574 1584 de
600 1528 766 1582 Partu
795 1525 1053 1597 Virginis,
1079 1525 1220 1579 inter
1248 1538 1410 1595 opera
1433 1521 1590 1601 dubia
1615 1521 1748 1576 S.ll-

157 1623 398 1690 defensi,
447 1633 576 1679 tom.
609 1621 630 1677 l
664 1621 882 1676 Patrum
938 1618 1344 1682 Toletanorum,
1386 1603 1508 1688 pag.
1546 1616 1649 1670 5M
1691 1623 1746 1670 ct

160 1729 283 1785 seq.

236 1808 327 1863 49.
370 1807 581 1862 Praeter
607 1819 775 1877 opera
801 1819 920 1875 quae
967 1802 1299 1859 Trithemius
1339 1800 1564 1857 Sedulio
1593 1798 1751 1854 attri-

165 1899 317 1965 buit,
345 1899 800 1964 Montfauconius,
836 1898 889 1952 in
927 1896 1075 1951 Diar.
1118 1895 1266 1960 ltal.,
1314 1889 1432 1964 eap.
1463 1893 1553 1959 21,
1584 1902 1639 1948 et
1671 1892 1756 1945 Bi-

167 1993 364 2049 blioth.
408 1990 873 2046 Bibliothecarum
912 2003 1073 2056 mss.,
1104 1987 1298 2053 refert,
1330 2002 1399 2042 ex
1428 1983 1753 2041 bibliotheca

166 2085 524 2156 Neapolitana
557 2083 623 2138 D.
650 2082 906 2147 Valletta,
959 2081 1162 2136 Sedulii
1207 2089 1370 2151 poeta:
1399 2078 1666 2132 christiani
1695 2077 1758 2129 de

168 2180 370 2234 actibus
401 2181 768 2251 praphetarum
800 2176 1239 2230 membranaceus.
1269 2172 1512 2230 Similem
1539 2171 1754 2225 titulum

167 2271 319 2344 leges
362 2288 430 2328 ex
487 2272 679 2328 eodem
730 2269 1158 2330 Montfauconio,
1197 2281 1350 2321 num.
1404 2263 1491 2319 89.
1542 2263 1761 2318 Dubitat

169 2363 528 2430 Arntzenius,
550 2378 621 2418 an
646 2360 714 2417 ad
747 2359 1217 2431 supposititiorum
1249 2357 1482 2412 classem
1508 2355 1615 2411 hoc
1641 2369 1760 2410 car-

173 2472 296 2513 men
325 2456 678 2513 referendum
712 2454 803 2521 sit,
834 2469 904 2508 an
935 2452 1036 2508 sub
1081 2453 1186 2506 isto
1225 2450 1382 2506 titulo
1422 2449 1590 2504 lateat
1634 2463 1758 2504 car-

173 2564 299 2606 men
332 2549 612 2620 paschale.
643 2546 699 2603 In
744 2546 883 2602 libro
905 2544 1123 2616 quidem
1149 2545 1326 2613 primo
1365 2539 1618 2597 carminis
1659 2555 1758 2610 pa-

173 2642 379 2699 schalis
407 2641 654 2713 quaedam
674 2648 794 2713 acta
814 2637 1204 2710 prophetarum
1231 2643 1562 2691 enarrantur
1592 2651 1607 2688 :
1639 2647 1760 2702 quae

173 2732 410 2791 fortasse
435 2747 683 2789 seorsum
731 2731 1003 2807 exscripta
1041 2728 1369 2799 peculiarem
1401 2725 1616 2780 titulum
1655 2723 1760 2778 sibi

172 2833 580 2895 compararunt.
609 2822 946 2892 Quamquam
979 2829 1150 2875 totum
1195 2820 1373 2889 ipsum
1412 2832 1631 2874 carmen
1661 2830 1758 2884 pa-

174 2921 361 2976 schale
379 2921 433 2974 in
456 2918 644 2975 codice
664 2916 1065 2981 Ottoboniensi,
1089 2915 1157 2970 de
1184 2929 1289 2984 quo
1310 2929 1462 2968 num.
1489 2911 1557 2966 76
1582 2925 1758 2980 agam,

177 3017 260 3071 sic
291 3014 611 3084 inscriptum
653 3009 908 3082 reperio,
941 3008 1020 3065 De
1047 3009 1256 3064 Actibus
1301 3005 1690 3079 praphetarum,
1715 3011 1762 3057 et

1839 402 2104 458 mentario
2135 401 2200 454 ad
2231 400 2615 455 Dittucbtcttm.

1908 499 1995 552 5'3.
2036 495 2383 559 Arntzenius,
2430 510 2494 550 ex
2544 494 2800 549 Fabricio
2823 503 3115 547 Comment.
3149 495 3269 556 t~it.,
3302 510 3429 564 pag.

1835 589 1923 654 25,
1959 587 2212 641 observat
2242 585 2648 641 Nebrissensem
2693 584 3022 654 epigramma
3077 587 3179 641 sub
3212 575 3424 640 Sedulii

1840 680 2060 736 nomine
2091 681 2360 751 proferre,
2395 680 2448 734 in
2479 694 2586 748 quo
2612 677 2813 749 legitur

2315 874 2325 888 .
2352 874 2366 888 .
2388 873 2400 887 .
2426 873 2437 888 .
2463 873 2474 885 .
2498 835 2826 899 Breviterque
2851 835 3121 897 triumphos

1965 900 2170 965 Tangit,
2199 899 2387 952 Christe
2404 939 2417 963 ,
2443 908 2572 951 tuos.

1843 1069 2030 1135 Addit,
2077 1067 2132 1123 id
2178 1069 2404 1139 reperiri
2440 1069 2493 1122 in
2547 1065 2803 1121 versibus
2855 1064 3176 1119 acrosticltis
3209 1065 3430 1120 Liberii.

1843 1163 1914 1215 At
1940 1175 2068 1215 vero
2097 1159 2466 1215 Nebrissensis
2496 1174 2606 1212 non
2631 1157 2816 1211 tribttit
2840 1155 3065 1212 Sedulio
3090 1156 3190 1210 hos
3218 1172 3429 1224 versas,

1845 1251 1940 1305 sed
1975 1266 2069 1306 eos
2103 1253 2305 1304 excitat
2338 1266 2401 1303 ex
2435 1251 2828 1320 epigrammate,
2871 1247 3010 1316 quod
3045 1249 3204 1318 ipsius
3235 1247 3435 1317 (Sedu-

1845 1339 1928 1411 lii)
1951 1344 2156 1396 nominc
2188 1343 2436 1413 scriptum
2465 1342 2715 1412 reperitur
2745 1356 2761 1392 :
2794 1341 2865 1394 ita
2911 1340 3056 1393 enim
3091 1340 3351 1409 loquitur,
3379 1351 3435 1394 ttt

1847 1436 2049 1492 indicet
2079 1452 2276 1491 nomen
2307 1435 2514 1491 Sedulii
2546 1435 2601 1489 in
2635 1434 2823 1502 primis
2844 1444 2900 1488 et
2923 1437 3213 1503 postremis
3240 1433 3440 1488 litteris

1846 1531 2254 1601 epigrammatis
2294 1530 2622 1596 descriptum
2656 1529 2781 1597 legi.
2815 1527 3023 1581 Sedulii
3067 1542 3256 1580 verum
3289 1526 3432 1580 aliud

1847 1624 2198 1692 epigramma,
2233 1621 2356 1676 ch
2375 1633 2461 1675 tua
2490 1629 2771 1694 perpetuat,
2805 1619 3207 1691 posthymnum
3235 1619 3436 1674 abece-

1776 1704 1825 1764 Β
1852 1718 2063 1772 darium
2096 1733 2124 1770 a
2159 1717 2317 1770 nobis
2356 1715 2688 1786 proferetur.

1929 1812 2018 1866 ὃὸ.
2064 1811 2423 1866 Doctissimus
2469 1810 2554 1864 vir
2605 1808 2802 1864 Franc.
2852 1808 2979 1864 Ant.
3032 1807 3342 1874 Zacharias,
3392 1810 3447 1864 in

1857 1902 2114 1958 Biblioth.
2159 1904 2346 1959 select.
2381 1904 2509 1958 hist.
2545 1903 2769 1969 eccles.,
2818 1918 2916 1973 pro
2966 1904 3346 1974 supplemento
3376 1904 3443 1958 ad

1860 1995 2062 2050 llistor.
2097 1995 2300 2051 eccles.
2331 1993 2509 2050 Nata].
2541 1995 2860 2062 Alexandri,
2905 2010 3024 2065 cap.
3049 1997 3107 2060 9.,
3153 1993 3181 2066 ᾗ
3215 1997 3275 2059 1,
3310 2012 3364 2050 n.
3390 1997 3445 2062 5,

1859 2088 2137 2144 Sedulium
2193 2097 2436 2144 nostrum
2485 2088 2669 2143 laudat
2717 2098 2988 2157 tamquam
3031 2099 3308 2144 auctorem
3341 2089 3448 2160 33

1859 2180 2070 2252 hymni,
2096 2179 2300 2235 Lustris
2327 2198 2415 2236 sea:
2449 2182 2536 2252 qui
2555 2184 2670 2253 jam
2691 2181 2932 2253 peractis,
2964 2181 3103 2247 sive,
3140 2191 3198 2235 ut
3228 2198 3294 2236 ex
3325 2198 3448 2237 cor-

1858 2273 2101 2329 rectione
2141 2271 2338 2330 Urbani
2370 2272 2487 2328 Vill
2527 2289 2670 2328 nunc
2700 2275 2972 2342 canimus,
3005 2274 3198 2327 Lustra
3241 2290 3330 2328 sea:
3359 2277 3450 2345 qui

1850 2367 1967 2437 jam
1998 2366 2214 2439 peregit.
2261 2364 2370 2422 Sed
2401 2366 2633 2421 fortasse
2659 2382 2755 2436 per
2794 2381 3035 2422 errorem
3069 2366 3324 2421 Sedulius
3369 2367 3446 2421 illi

1859 2459 2062 2514 excidit
2093 2473 2189 2529 pro
2217 2458 2536 2524 Fortunato,
2563 2460 2652 2528 qui
2683 2470 2873 2514 auctor
2922 2469 3008 2513 est
3047 2459 3234 2528 hymni
3269 2458 3452 2529 Pange

1860 2552 2038 2623 lingua
2067 2549 2609 2623 gloriosi—Proelium
2638 2551 2953 2617 certaminis,
2989 2550 3124 2615 sive,
3160 2559 3217 2604 ttt
3244 2551 3295 2604 in
3325 2551 3450 2606 bre-

1859 2641 2042 2697 viariis
2097 2656 2238 2697 nunc
2284 2642 2519 2711 legitur,
2584 2639 2845 2696 Lauream
2898 2642 3216 2696 certaminis.
3273 2641 3449 2712 Hujus

1860 2734 2046 2805 hymni
2076 2749 2204 2804 pars
2231 2743 2316 2790 est
2351 2734 2543 2788 Lustra
2576 2750 2666 2788 sea:
2696 2735 2784 2804 qui
2816 2737 2931 2806 jam
2962 2736 3180 2806 peregit.
3215 2733 3323 2788 Alii
3355 2750 3450 2788 au-

1859 2837 2064 2884 ctorem
2093 2828 2280 2883 dicunt
2309 2842 2432 2883 esse
2453 2827 2812 2882 Claudianum
2836 2827 3171 2882 Mamercum
3191 2869 3204 2893 ,
3229 2835 3289 2881 ut
3316 2827 3452 2882 ube-

1861 2922 1975 2976 rius
2029 2921 2253 2991 exposui
2301 2921 2354 2975 in
2410 2921 2794 2976 dissertatione
2840 2920 2908 2973 de
2960 2919 3147 2991 hymn.
3207 2919 3407 2974 eccles.
3438 2962 3452 2985 ,

1862 3030 2008 3068 num.
2038 3013 2161 3076 183,
2204 3013 2256 3066 in
2283 3023 2431 3066 nota.
2476 3012 2650 3080 Major
2673 3027 2796 3067 esse
2837 3021 3022 3081 posset
3067 3012 3360 3067 difﬁcultas
3387 3014 3453 3066 de

176 3115 283 3160 toto
331 3104 526 3160 Christi
573 3102 862 3159 Saluatoris
916 3115 1104 3168 cursu;
1150 3101 1397 3170 adeoque
1441 3099 1608 3154 etiam
1661 3093 1753 3151 alii
1781 3091 1825 3153 C
1859 3106 2063 3179 hymno
2097 3105 2304 3161 Vm'ua
2324 3108 2457 3186 regis
2494 3104 2784 3178 ρνοάευητς,
2846 3122 3006 3180 quem
3043 3107 3285 3176 Angelus
3318 3109 3456 3160 [ζον-

175 3197 418 3265 codices,
449 3198 540 3268 qui
570 3195 765 3252 eodem
793 3192 951 3249 titulo
980 3194 1035 3248 in
1067 3192 1327 3262 catalogis
1357 3196 1751 3261 przenotantur,

177 3304 398 3345 carmen
451 3287 596 3343 idem
637 3285 912 3357 paschale,
964 3293 1023 3339 ut
1054 3284 1315 3350 arbitror,
1348 3281 1649 3338 continent.
1679 3278 1757 3335 lta

178 3382 344 3437 etiam
372 3379 550 3446 multi,
569 3378 786 3449 decepti
808 3377 1073 3433 varietate
1088 3375 1393 3443 titulorum,
1419 3383 1620 3444 praeter
1641 3387 1759 3427 car-

178 3489 302 3530 men
334 3456 586 3544 paschale
637 3469 858 3529 Sedulio
914 3469 1195 3525 ascribunt
1225 3468 1330 3540 32
1371 3464 1449 3520 De
1495 3465 1670 3537 Signis
1711 3471 1759 3517 et

179 3567 448 3623 virtutibus
490 3565 681 3620 libram
710 3580 750 3630 ι,
794 3563 886 3634 qui
925 3572 1010 3619 est
1037 3563 1174 3618 liber
1200 3577 1218 3616 ι
1242 3559 1498 3624 carminis
1531 3556 1760 3628 pascha-
1807 3560 1812 3568 '

179 3660 250 3715 lis
282 3679 294 3714 :
327 3660 457 3714 item
481 3656 561 3713 De
591 3655 762 3712 Gcstis
793 3665 840 3711 et
869 3655 1132 3710 miraculis
1164 3653 1353 3709 Christi
1384 3651 1540 3707 libros
1563 3667 1635 3718 tv,
1669 3649 1760 3721 qui

179 3761 304 3808 sunt
329 3759 558 3824 quatuor
586 3747 714 3805 libri
735 3749 997 3805 carminis
1020 3747 1292 3820 paschalis
1315 3745 1385 3801 de
1407 3759 1551 3801 novo
1577 3743 1765 3799 Testa-

179 3854 384 3900 mento.

251 3937 341 3992 50.
381 3935 439 3990 lu
468 3934 714 4004 catalogo
744 3932 1092 3988 bibliotheca:
1123 3929 1604 3993 Utienbachianae,
1638 3942 1758 3997 pag.

179 4026 308 4095 225-,
352 4026 667 4084 recensetur
695 4025 952 4080 volumen
983 4024 1330 4079 chartaceum
1377 4020 1524 4075 ἰπὶ-4ο
1566 4019 1764 4074 sacculo

185 4138 262 4177 xv
283 4131 594 4188 exaratum,
622 4119 676 4174 in
705 4134 812 4190 quo
841 4128 923 4174 est
956 4116 1198 4174 Sedulius
1224 4124 1373 4188 poeta
1401 4116 1464 4168 de
1487 4113 1766 4185 Prtm‘oga-

186 4217 326 4269 tione
366 4201 472 4270 diei
500 4213 653 4280 sexti,
695 4220 742 4267 et
764 4211 1018 4266 canticum
1045 4208 1303 4281 paschale.
1337 4207 1580 4262 Meminit
1612 4204 1768 4274 hujus

186 4305 388 4363 codicis
429 4305 787 4370 Arntzenius,
819 4302 1073 4359 meminit
1115 4310 1170 4357 et
1222 4299 1520 4362 Grunerus,
1564 4298 1656 4366 qui
1687 4296 1768 4349 in-

187 4400 378 4455 Scribit
411 4417 423 4454 :
465 4397 542 4454 De
576 4396 928 4467 Prwrogativa
969 4396 1071 4450 diei
1114 4395 1268 4450 sexti.
1297 4391 1623 4449 Arntzenius
1667 4405 1767 4461 pro

1858 3213 1941 3260 ca,
1974 3200 2029 3253 in
2059 3199 2240 3254 Indice
2277 3199 2543 3268 Theolog.
2579 3207 2636 3254 et
2680 3197 2978 3266 Scriptum,
3035 3199 3174 3253 inter
3221 3199 3454 3270 hymnos

1861 3291 1918 3348 S.
1962 3289 2230 3362 hmbrosii
2264 3301 2549 3347 recenset:
2589 3290 2684 3346 sed
2741 3289 2892 3344 addit
2927 3309 2939 3344 :
2990 3292 3160 3360 Sunt,
3197 3295 3286 3363 qui
3322 3294 3455 3347 hunc

1860 3379 2107 3452 hymnum
2154 3380 2491 3454 Theodulpho
2525 3380 2810 3447 ascribunt,
2851 3381 2945 3435 alii
2994 3379 3313 3452 Fortunato,
3355 3385 3451 3439 alii

1861 3491 1976 3530 vero
2008 3475 2244 3532 Sedulio.
2289 3476 2442 3530 Hunc
2478 3490 2693 3546 quoque
2724 3474 2982 3546 hymnum
3016 3475 3299 3532 Fortunati
3329 3495 3453 3535 esse

1863 3570 2117 3625 existimo
2149 3586 2161 3622 :
2192 3570 2276 3639 egi
2301 3569 2370 3624 de
2392 3584 2459 3625 eo
2490 3569 2596 3623 loc.
2630 3567 2724 3623 cit.
2761 3584 2913 3623 num.
2946 3570 3068 3623 189.

1919 3664 2025 3718 54.
2049 3662 2362 3728 Martenius,
2383 3671 2518 3716 tom.
2543 3659 2616 3715 lX
2641 3659 2984 3726 Collection.,
3011 3662 3123 3715 col.
3147 3663 3250 3718 126
3272 3678 3452 3735 seqq.,

1864 3757 2111 3829 producit
2137 3772 2354 3812 carmen
2384 3756 2453 3811 de
2504 3755 2886 3811 lncarnatione
2939 3771 3005 3810 ex
3053 3757 3246 3811 eodem
3279 3758 3454 3813 veteri

1865 3852 2052 3908 codice
2079 3849 2393 3912 Corbeiensi
2413 3895 2426 3918 ,
2479 3865 2544 3904 ex
2569 3864 2679 3920 quo
2723 3864 2947 3904 carmen
2979 3850 3031 3903 in
3075 3844 3335 3906 Genesini
3361 3853 3457 3908 de-

1865 3945 2082 4016 scripsit
2109 3945 2208 3998 sub
2224 3944 2441 3998 nomine
2467 3942 2718 4009 Juvenci,
2751 3957 2780 3997 a
2813 3943 2972 3998 nobis
2995 3944 3138 3998 inter
3159 3960 3222 3998 su
3233 3948 3458 4016 ppositi-

1869 4037 2199 4093 tiaJuVenci
2243 4037 2484 4092 carmina
2534 4037 2586 4090 itt
2631 4035 3022 4107 appendicibus
3045 4038 3454 4094 relatum.Car-

1868 4147 1990 4187 men
2024 4131 2092 4185 de
2115 4130 2530 4196 Incarnatione,
2557 4128 2705 4200 quod
2737 4139 2867 4183 tom.
2901 4128 2968 4180 Vl
3001 4127 3259 4183 Biblioth.
3285 4129 3448 4187 Fabr.

1871 4224 2013 4280 med.
2046 4233 2101 4278 et
2131 4223 2226 4277 inf.
2264 4222 2365 4277 aevi
2411 4235 2660 4276 recusum
2714 4220 2835 4289 fuit,
2885 4219 3186 4274 Martenius
3230 4220 3455 4278 Sedulio

1868 4319 2116 4384 ascribit,
2141 4317 2264 4387 quia
2297 4316 2436 4371 libro
2464 4331 2480 4369 ι
2503 4316 2688 4385 operis
2717 4312 2991 4383 paschalis
3014 4316 3032 4385 (
3056 4314 3306 4384 intelligo
3330 4333 3448 4370 car-

1871 4413 2021 4466 minis
2051 4409 2346 4484 paschalis)
2381 4409 2694 4480 adjungitur
2727 4417 2998 4477 tamquam
3030 4422 3156 4476 pars
3182 4409 3449 4477 ejusdem,

187 4501 334 4548 θθτίο
357 4489 583 4546 deﬁnire
610 4505 718 4545 ηοη
743 4490 926 4554 aud“:
959 4503 1026 4543 ³η
1057 4503 1120 4543 ex
1151 4486 1460 4558 huiusmOdi
1483 4501 1618 4540 πιδε-
1645 4499 1767 4538 ea"
1794 4474 1848 4536 D
1873 4506 2018 4561 nulla
2050 4474 2365 4574 interposita
2396 4501 2768 4564 distinctione,
2799 4474 2947 4555 nulla
2976 4474 3271 4568 divisione,
3300 4474 3452 4558 nullo

187 4583 425 4638 minibus
457 4582 661 4637 Sedulii
690 4581 997 4652 deprompti
1027 4580 1137 4634 sint
1159 4595 1348 4635 versus
1381 4595 1515 4650 quos
1542 4579 1642 4634 sub
1667 4577 1766 4633 Se-

189 4675 327 4729 dulii
356 4677 576 4730 nomine
598 4673 814 4729 adducit
839 4673 915 4729 Le
945 4672 1143 4738 bloine,
1174 4670 1302 4726 Var.
1331 4672 1482 4728 Sacr.
1517 4680 1650 4727 tom.
1680 4669 1766 4736 ll],

192 4782 313 4840 pag.
348 4767 473 4823 6'59.

283 4883 516 4933 Abluitur
537 4881 735 4931 Judazus
755 4881 871 4931 odor
893 4880 1182 4938 baptismate
1206 4893 1368 4938 sacro,

351 4944 411 4993 Et
433 4957 554 4994 nova
578 4946 840 5006 progenies
857 4944 1042 4992 reddita
1067 4944 1219 5005 surgit
1234 4945 1388 5005 aquis.

198 5072 302 5130 Sed
349 5087 458 5126 non
514 5072 653 5125 male
695 5071 1003 5140 suspicatur
1032 5070 1172 5124 idem
1201 5069 1546 5133 Arntzenius,
1575 5082 1638 5121 ex
1667 5066 1770 5121 fes-

195 5168 386 5220 tinanti
416 5163 624 5219 calamo
646 5163 926 5219 Sedulium
951 5177 1049 5232 pro
1069 5161 1176 5216 alio
1205 5172 1363 5232 poeta
1393 5161 1724 5217 nominatum
1751 5172 1766 5222 ;

193 5259 394 5327 quippe
415 5263 548 5310 sunt
565 5255 870 5309 Fortunati.

267 5350 354 5401 .‘il.
398 5346 758 5400 Dittochzeum
790 5345 1091 5408 Prudentii,
1137 5343 1278 5412 quod
1309 5345 1486 5397 minus
1513 5343 1648 5397 bene
1681 5340 1773 5394 alii

196 5437 562 5502 Enchirirlion,
597 5438 688 5491 alii
724 5436 1016 5507 Diptychon
1046 5443 1263 5498 vocant,
1295 5435 1397 5488 sub
1425 5434 1627 5489 Sedulii
1678 5449 1775 5486 ηομ

198 5532 344 5588 mine
371 5546 520 5597 sarpe
557 5525 738 5583 laudat
778 5529 842 5584 G.
885 5527 1161 5582 Fabricius
1211 5527 1263 5579 in
1295 5527 1593 5582 Comment.
1628 5537 1774 5594 poet.

197 5626 416 5690 christ.,
449 5632 505 5678 et
533 5621 738 5678 Sedulii
786 5637 921 5691 opus
960 5636 1082 5676 esse
1113 5618 1421 5690 suspicatus
1450 5631 1533 5677 est
1558 5618 1778 5676 Sichar-

199 5717 318 5774 dus.
351 5716 558 5772 Auctor
589 5727 754 5768 verus
773 5721 858 5768 est
892 5702 1257 5768 Prudentius:
1308 5727 1414 5784 qua
1466 5713 1533 5769 de
1575 5727 1635 5769 re
1673 5726 1778 5768 non

485 5809 761 5869 PA'IIOL.
811 5805 986 5865 XIX.

1874 4598 2028 4652 titulo
2062 4596 2250 4665 :quod,
2274 4594 2450 4662 addit,
2481 4610 2596 4647 cum
2637 4593 2891 4665 singulari
2923 4593 3093 4646 studio
3146 4593 3480 4665 perlegisse?

1873 4709 2006 4756 mus,
2038 4691 2269 4745 eumdem
2291 4689 2344 4741 in
2366 4688 2527 4760 priori
2553 4695 2598 4740 et
2621 4688 2674 4738 in
2701 4686 2931 4755 sequenti
2967 4685 3320 4740 lucubratione
3345 4696 3453 4758 sty-

1874 4786 1980 4838 lum
2001 4781 2475 4836 animadvertimus.
2503 4777 2771 4833 Gallandii
2818 4778 3005 4843 verba,
3032 4793 3096 4832 ex
3129 4779 3351 4835 dissert.
3383 4772 3451 4834 de

1875 4877 2097 4932 Sedulio
2118 4862 2183 4929 ad
2217 4886 2345 4928 tom.
2391 4871 2462 4926 IX
2497 4872 2636 4925 Bibl.
2668 4871 2887 4926 Patrum
2924 4871 3083 4926 liceat
3141 4871 3271 4927 inibi
3296 4887 3456 4926 usur-

1871 4984 2000 5038 pare
2036 4967 2286 5022 :Mallem
2313 4965 2567 5035 equidem,
2592 4972 2645 5016 ut
2674 4964 2917 5033 indefessi
2961 4965 3181 5018 editores
3233 4961 3455 5018 Benedi-

1873 5060 1994 5113 ctini
2019 5058 2244 5130 graviori
2266 5066 2684 5129 argumentorum
2732 5056 2956 5123 pondere
2973 5041 3066 5108 usi.
3076 5056 3312 5124 fuissent,
3339 5059 3458 5125 qui-

1874 5153 1963 5207 bus
2020 5151 2292 5207 Sedulium
2341 5150 2497 5217 huius
2549 5149 2793 5202 carminis
2842 5157 3100 5202 auctorem
3143 5149 3452 5206 evincerent.

1873 5247 2052 5301 Mirari
2083 5246 2230 5300 subit
2257 5261 2359 5314 qua
2384 5245 2598 5300 ratione
2627 5242 2878 5298 eumdem
2903 5242 3102 5312 Stylum
3137 5242 3188 5295 in
3218 5247 3458 5301 carmine

1874 5341 1941 5396 de
1963 5339 2345 5394 lucarnatione
2373 5348 2427 5394 et
2471 5340 2523 5393 in
2580 5339 2819 5393 carmine
2872 5335 3118 5405 paschali
3161 5336 3455 5395 Martenius

1879 5430 2318 5486 animadverterit
2366 5449 2378 5483 :
2433 5446 2553 5484 nam
2581 5445 2796 5485 carmen
2859 5426 2927 5482 de
2950 5426 3325 5484 lncarnatione
3372 5441 3458 5487 est

1881 5535 2040 5580 cento
2067 5522 2378 5593 Virgilianis
2407 5525 2657 5577 versibus
2678 5529 2988 5588 contextus,
3015 5529 3074 5574 ut
3095 5521 3236 5575 idem
3260 5522 3457 5580 Marte-

1885 5618 2004 5671 nius
2040 5613 2292 5668 indicatis
2344 5614 2477 5668 locis
2520 5615 2816 5666 observat:
2849 5622 2901 5665 at
2945 5626 3161 5667 carmen
3203 5613 3459 5683 paschale

1889 5712 2028 5782 stylo
2075 5710 2299 5780 proprio
2328 5708 2529 5764 Sedulii
2578 5707 2716 5772 fluit,
2749 5708 2998 5777 quamvis
3052 5705 3340 5775 aliquando
3368 5710 3462 5764 lte-

2997 5797 3070 5857 15
