3904 6326
492 182 599 239 ιδθ

1811 177 2093 240 C(ELIUS
2130 176 2484 239 SEDULIUS.

3722 48 3859 277 ...1

493 298 769 355 mistichia
793 298 1024 371 Virgilii,
1056 299 1139 353 vel
1172 310 1333 350 unum
1361 302 1455 349 aut
1481 295 1713 350 alterum
1740 310 1965 354 versum
1995 297 2092 355 Se-
2121 315 2173 370 Α
2272 297 2361 353 56.
2387 296 2660 359 Labheus,
2706 294 2759 351 in
2790 294 2937 358 Nova
2965 296 3307 354 Bibliotheca
3338 311 3501 366 mss.,
3539 297 3673 353 sive
3703 314 3811 368 spe

490 392 673 449 dulius
703 401 949 462 usurpet.
974 391 1125 459 Quod
1163 379 1346 444 autem
1378 404 1599 445 carmen
1622 389 1691 445 de
1712 390 2094 449 lncarnatione

494 489 636 546 libro
664 506 681 544 1
708 488 966 544 carminis
994 484 1261 556 paschalis
1289 499 1564 541 annexum
1586 484 1775 553 fuerit,
1809 488 2097 558 tamquam

494 598 620 655 pars
647 580 911 653 ejusdem,
957 580 1061 633 hoc
1087 584 1243 633 certe
1266 594 1330 633 ex
1359 578 1686 635 oscitatione
1713 578 1799 635 vel
1838 578 2095 650 ignoran-

494 654 565 732 tia
594 674 800 730 librarii
828 654 1091 743 contigit.
1110 670 1284 727 Nemo
1322 672 1470 727 enim
1512 683 1619 728 tam
1643 687 1823 728 caecus
1852 671 1963 745 35
1981 683 2088 740 est,

492 773 621 845 quin
654 769 835 833 videat
862 782 1082 823 carmen
1118 766 1187 823 de
1217 768 1597 823 lncarnatione
1624 766 1689 822 ad
1722 782 1945 823 carmen
1999 784 2089 839 pa-

488 864 672 922 schale
700 862 851 917 nullo
875 859 1040 915 modo
1065 860 1345 931 pertinere
1362 874 1547 932 posse.

560 959 647 1014 55.
684 956 964 1019 Nonnulli,
996 970 1120 1010 cum
1150 955 1440 1021 Martenlo,
1474 970 1541 1010 ex
1574 953 1969 1026 epigrammate
2020 953 2089 1009 ad

484 1049 879 1117 Theodosium,
911 1046 1058 1118 quod
1094 1048 1146 1101 in
1181 1046 1460 1102 nonnullis
1491 1045 1826 1103 editionibus
1854 1047 2087 1101 carmini

487 1145 729 1217 paschali
774 1143 1153 1215 praemittitur,
1190 1151 1249 1198 ut
1286 1151 1445 1197 antea
1493 1140 1832 1212 explicatum
1862 1151 1970 1207 est,
2005 1156 2090 1194 ar—

485 1249 805 1313 gumentum
833 1238 1153 1304 desumunt,
1183 1245 1242 1292 ut
1278 1234 1501 1293 Sedulio
1529 1251 1751 1292 carmen
1797 1236 1867 1291 de
1903 1236 2089 1295 lucar-

483 1334 709 1390 natione
735 1330 1074 1402 adjudicent.
1109 1328 1311 1385 Verum
1341 1329 1565 1402 quidem
1612 1340 1717 1399 est,
1768 1329 1995 1383 carmini
2020 1328 2088 1384 de

486 1426 870 1485 lncaruatio‘ne
898 1424 1093 1481 melius
1119 1424 1420 1483 convenire
1458 1422 1623 1481 verba
1655 1421 2084 1495 epigrammatis,

1129 1598 1168 1611 ..
1185 1597 1197 1610 .
1214 1596 1225 1611 .
1250 1561 1472 1623 Dignare
1495 1558 1749 1612 Maronem

607 1626 848 1678 Mutatum
872 1627 923 1675 in
942 1624 1122 1676 melius
1143 1625 1309 1675 divino
1334 1636 1611 1685 agnoscere
1632 1636 1801 1675 sensu.

482 1800 556 1858 At
571 1814 702 1856 vero
737 1814 911 1870 neque
935 1798 1037 1854 hoc
1055 1798 1390 1869 epigramma
1418 1806 1707 1854 auctorem
1726 1797 1891 1854 habet
1911 1796 2086 1869 Sedu-

481 1892 637 1960 lium,
655 1901 713 1948 ut
729 1893 842 1963 jam
872 1890 1157 1962 probatum
1183 1901 1287 1957 est,
1308 1905 1487 1961 neque
1499 1888 1811 1945 carminide
1833 1887 2087 1945 lncarna-

487 1988 634 2043 tione
647 2000 949 2057 congruere
972 1993 1172 2055 potest.
1190 1982 1586 2055 Argumentum
1617 1982 1761 2039 enim
1783 1981 1943 2053 hujus
1958 1996 2083 2037 car-

487 2082 650 2139 minis
679 2090 883 2135 tantum
900 2078 1307 2135 estlncarnatio
1330 2096 1342 2131 :
1366 2078 1699 2148 epigramma
1723 2087 1904 2132 autem
1930 2078 2084 2147 plura

487 2174 590 2230 alia
621 2174 861 2245 attingit,
887 2189 1007 2243 quae
1051 2173 1104 2228 in
1137 2179 1393 2242 poemate
1423 2179 1612 2227 essent
1630 2170 1911 2241 exposita,
1933 2183 2086 2225 crea-

486 2268 694 2323 tionem
726 2265 913 2321 mundi
948 2276 1003 2321 et
1033 2264 1291 2332 hominis,
1318 2263 1510 2333 vitam,
1538 2262 1817 2332 miracula,
1852 2272 2084 2318 mortem

488 2371 543 2417 et
570 2360 947 2415 ascensionem
973 2358 1107 2413 Jesu
1136 2357 1359 2413 Christi.
1407 2356 1467 2411 In
1507 2356 1730 2413 decreto
1771 2355 2083 2425 Gelasiano,

487 2455 630 2510 inter
658 2454 786 2517 alia,
809 2456 891 2509 sic
919 2452 1153 2507 habetur
1187 2470 1199 2504 :
1232 2451 1618 2506 Ceutometrum
1646 2450 1709 2504 de
1733 2447 1941 2504 Christo
1969 2447 2089 2503 Vir-

488 2548 701 2619 gilianis
727 2545 1152 2619 oompaginatum
1179 2545 1405 2599 versibus
1428 2544 1802 2617 apdcryphum.
1838 2541 2089 2599 Blanchi-

488 2656 588 2695 nus
619 2640 837 2711 Proleg.
868 2638 936 2694 ad
966 2642 1247 2704 Anastas.,
1274 2646 1408 2693 tom.
1436 2653 1607 2703 rv,‘ex
1633 2637 1757 2693 cod.
1783 2637 1958 2693 Vatic.
1987 2637 2088 2693 Pa-

485 2733 638 2787 latin.
698 2733 805 2787 495
834 2775 847 2797 ,
909 2731 1039 2801 legit
1087 2730 1373 2785 Centoneui
1419 2730 1621 2800 (forte,
1674 2730 1995 2800 Centonem)
2026 2731 2089 2784 de

486 2824 686 2879 Christo
752 2822 1079 2896 Virgilianis.
1108 2821 1545 2894 ‘contpaginatum
1593 2823 1820 2877 versibus
1865 2839 2088 2895 apocry-

486 2920 664 2989 phum.
714 2918 771 2973 ln
827 2917 1011 2973 codice
1046 2924 1263 2972 vetusto
1301 2915 1629 2971 Florentino
1678 2916 1942 2972 omissum
1966 2925 2088 2972 erat

482 3012 586 3067 hoc
613 3023 793 3081 caput.
827 3011 886 3065 ln
934 3025 1041 3065 ms.
1075 2989 1297 3064 Jurensi
1347 2988 1427 3063 sic
1453 3008 1709 3078 refertur,
1745 3008 1996 3063 Centones
2022 3008 2087 3062 de

2200 391 2327 446 cim.
2359 389 2528 461 antiq.
2564 388 2715 456 lect.,
2762 398 2908 461 part.
2939 407 2989 459 ι,
3053 408 3172 464 pag.
3202 392 3311 459 25,
3366 393 3420 447 in
3467 391 3678 448 codice
3718 410 3790 448 ηις
3860 410 3861 467 i

2196 484 2416 553 optimm
2446 491 2590 536 notze
2613 496 2674 536 se
2714 481 2919 538 vidisse
2948 486 3023 537 ait
3054 482 3261 541 Sedulii
3291 481 3725 540 Collectaucum
3765 487 3806 539 in
3860 474 3861 477 “

2197 574 2547 647 Evangelinm
2578 574 2635 631 S.
2662 573 2925 640 Matthaei,
2972 591 3038 631 ex
3068 579 3238 636 variis
3281 577 3541 633 Patribus
3587 592 3806 647 excerp-

2196 677 2331 734 tum,
2364 678 2420 737 et
2452 668 2502 723 in
2547 670 2725 740 capita
2773 683 2868 725 seu
2897 669 3167 725 sectiones
3197 672 3303 727 555
3333 670 3607 733 divisum.
3644 669 3804 738 Idem,

2194 762 2261 817 de
2288 762 2557 832 Scriptor.
2585 763 2811 832 eccles.,
2846 763 3083 820 afﬁrmat
3111 764 3527 822 Collectaneum
3575 766 3689 821 hoc
3716 764 3805 821 Se-

2192 854 2325 910 dulii
2356 854 2409 909 in
2457 854 2770 911 Matthtcum
2820 863 3040 915 exstare
3093 858 3145 912 in
3194 858 3535 918 bibliOtheca
3590 859 3801 931 collegii

2194 947 2515 1003 l’arisiensis
2536 948 2593 1005 S.
2626 948 2669 1004 Ι.
2704 950 2756 1003 in
2799 949 3147 1006 nitidissimis
3199 953 3546 1019 membranis
3586 953 3803 1025 elegan-

2193 1038 2399 1093 tissima
2434 1055 2618 1109 manu,
2655 1050 2710 1096 et
2762 1058 2883 1114 quae
2931 1043 3035 1098 700
3061 1052 3154 1099 aut
3181 1045 3287 1101 800
3325 1060 3507 1102 annos
3552 1058 3798 1118 superet,

2191 1130 2555 1202 descriptum;
2586 1131 2769 1203 inquo
2790 1136 3028 1190 citantur
3056 1151 3164 1193 non
3188 1137 3351 1193 modo
3376 1136 3435 1195 S.
3467 1138 3795 1208 Eucherius,

2192 1223 2249 1281 S.
2278 1223 2408 1295 Leo,
2442 1223 2721 1280 Arnobius
2742 1226 2951 1294 junior,
2976 1299 2979 1302 ἠ
3001 1226 3236 1285 FauStus
3265 1228 3549 1299 Reiensis,
3583 1232 3645 1287 S.
3671 1232 3797 1287 Gre-

2189 1318 2393 1390 gorius,
2441 1317 2499 1374 S.
2531 1318 3119 1390 Isidorus,Arcullus,
3172 1338 3235 1379 ac
3286 1323 3427 1380 Ven.
3488 1324 3664 1389 Beda,
3710 1328 3794 1380 sed

2189 1422 2244 1469 et
2278 1413 2394 1477 ipse
2423 1423 2582 1483 poeta
2609 1412 2866 1470 Sedulius
2900 1433 2912 1468 :
2946 1416 3029 1471 sic
3071 1419 3217 1472 enim
3264 1417 3331 1473 ad
3361 1418 3456 1475 illa
3489 1420 3687 1489 verba,
3734 1418 3794 1473 Et

2128 1584 2131 1589 Γ
2189 1525 2253 1563 ne
2282 1524 2375 1563 nos
2404 1507 2623 1563 inducas
2644 1508 2697 1562 in
2720 1511 3075 1576 tentationem,
3103 1511 3184 1568 ait
3203 1526 3397 1568 auctor
3419 1512 3792 1571 Collectanei:

2192 1603 2334 1677 Hine
2360 1601 2608 1659 Sedulius
2630 1604 2832 1678 egregie
2860 1605 3088 1667 versibus
3115 1607 3358 1663 describit
3386 1608 3566 1663 dicem
3588 1626 3612 1664 :

2315 1766 2424 1832 lion
2444 1768 2559 1829 quia
2584 1779 2671 1816 nos
2690 1765 2925 1817 Dominus
2947 1766 3087 1831 lucis,
3114 1768 3329 1832 vitaeque
3352 1750 3587 1832 repertor

2314 1829 2369 1879 In
2393 1830 2599 1893 laqueos
2622 1832 2859 1881 teutantis
2878 1838 3020 1893 agat,
3044 1829 3147 1882 etc.

2186 1980 2386 2039 Censet
2413 1979 2686 2049 Labbeus,
2733 1979 2987 2037 eumdem
3033 1980 3314 2037 Sedulium
3346 1997 3473 2039 esse
3501 1993 3783 2039 auctorem

2186 2072 2521 2131 Collectanei
2580 2078 2635 2130 in
2681 2077 2948 2146 epistolas
3007 2076 3182 2147 Pauli,
3237 2088 3292 2134 et
3345 2079 3399 2134 in
3432 2079 3783 2151 Evangelium

2187 2168 2450 2235 Matthaai,
2475 2170 2566 2240 qui
2596 2168 2852 2225 ﬂoruerit
2881 2171 3086 2227 smculo
3113 2186 3189 2236 ιι,
3212 2170 3315 2226 sub
3342 2170 3547 2228 Carolo
3575 2172 3785 2243 Magno,

2187 2263 2417 2335 ejusque
2464 2260 2577 2317 (ilio
2626 2261 2908 2318 Ludovico
2934 2261 3032 2317 Pio
3070 2280 3084 2316 :
3126 2262 3266 2321 ratio
3293 2264 3439 2319 enim
3473 2264 3579 2320 ista
3609 2264 3787 2334 expla-

2188 2357 2351 2412 nandi
2396 2357 2613 2413 codices
2643 2372 2829 2412 sacros
2879 2358 3024 2429 sapit
3068 2358 3294 2414 omnino
3341 2358 3567 2429 genium
3605 2360 3785 2417 seculi

2189 2468 2272 2523 rx,
2331 2452 2395 2507 ad
2447 2453 2589 2523 quod
2644 2454 2841 2509 tertius
2894 2452 3151 2509 Sedulius
3202 2454 3271 2509 ab
3306 2454 3657 2525 .llepidanno
3702 2472 3784 2513 re

2188 2544 2379 2600 fertur.

2260 2640 2351 2694 57.
2378 2638 2564 2694 Monet
2592 2648 2819 2734 tamen:
2840 2638 3226 2709 Aubertinum,
3259 2655 3383 2734 pag.
3417 2639 3523 2734 illi
3568 2640 3779 2734 Przesti-

2188 2730 2396 2802 giarum
2425 2746 2645 2793 suarum
2691 2730 2758 2784 de
2790 2728 3150 2800 Sacramento
3193 2728 3577 2799 Eu‘charistize,
3611 2732 3783 2788 credi-

2185 2822 2337 2878 disse
2368 2832 2649 2879 auctorem
2689 2822 3025 2880 Collectanei
3076 2826 3129 2880 in
3160 2825 3386 2884 Paulum
3416 2824 3585 2895 fuisse
3613 2825 3781 2882 Sedu-

2185 2916 2315 2971 lium
2342 2918 2682 2988 episc0pum,
2737 2917 2828 2988 qui
2860 2917 3063 2973 saeculo
3112 2934 3208 2974 vni
3236 2919 3470 2975 concilio
3511 2919 3778 2985 Romano,

2186 3025 2328 3065 anno
2356 3011 2482 3077 721,
2514 3009 2783 3066 interfuit.
2813 3010 2919 3068 Sed
2948 3027 3068 3079 cum
3102 3013 3154 3067 in
3185 3011 3535 3069 Collectaneo
3565 3014 3619 3069 in
3654 3013 3780 3067 Mat-

486 3104 690 3157 Christo
718 3102 1024 3175 Virgilianis
1060 3101 1433 3173 compaginati,
1484 3102 1788 3173 apocryplu’.
1843 3101 1901 3156 ln
1960 3103 2082 3156 cod.
2116 3111 2159 3171 ο
2193 3105 2393 3158 thazum
2418 3103 2580 3159 verba
2604 3104 2930 3177 quandoque
2958 3105 3315 3170 desumantnr
3351 3123 3419 3163 ex
3442 3106 3581 3164 Ven.
3616 3107 3777 3171 Beda,

491 3196 666 3252 Vatic.
696 3197 858 3264 579l,
902 3210 1063 3265 quem
1105 3210 1207 3265 ego
1238 3195 1461 3258 contuli,
1504 3194 1705 3261 inveni,
1737 3192 2091 3249 Centonemde

488 3288 690 3345 Christo
752 3287 1056 3361 Virgiliam's
1096 3288 1518 3359 compaginatum
1568 3286 1818 3355 versibus,
1867 3304 2088 3358 apocry-

482 3385 665 3456 phum.
710 3384 1000 3439 Prwvaluit
1030 3380 1211 3437 tamen
1263 3382 1650 3451 apudmultos
1699 3381 1887 3437 titulus
1920 3380 2091 3436 Centi-

490 3488 735 3543 metrum,
764 3492 831 3532 ex
878 3486 1023 3529 cettto
1076 3486 1131 3531 et
1186 3475 1619 3545 metrum:quod
1650 3476 1793 3531 enim
1842 3474 1915 3529 ait
1942 3489 2091 3529 com-

492 3585 763 3632 mentator
789 3573 938 3628 Artis
980 3572 1225 3627 metrica:
1254 3572 1413 3625 Bedac
1444 3571 1494 3622 in
1519 3585 1623 3624 ms.
1660 3570 1831 3624 Vatic.
1860 3612 1875 3636 ,
1911 3568 2087 3624 Centi-

493 3664 711 3725 mctrum
739 3668 929 3723 dicitur
953 3665 1081 3721 liber
1101 3676 1299 3719 centum
1322 3663 1515 3718 habens
1538 3674 1719 3731 metra,
1748 3663 1981 3721 fortasse
2009 3666 2093 3719 iu-

494 3760 845 3832 telligendum
874 3770 954 3813 est
987 3758 1055 3812 de
1084 3757 1260 3813 Servii
1284 3756 1651 3810 Centimetro.
1682 3754 1935 3825 Plerique
1962 3772 2086 3811 cum

492 3856 551 3913 S.
585 3854 812 3917 lsidoro,
843 3850 911 3906 de
935 3849 1051 3905 Vir.
1085 3850 1310 3913 illustr.,
1348 3848 1401 3902 id
1459 3848 1736 3919 accipiunt
1756 3847 1825 3902 de
1856 3857 2091 3905 centone

494 3949 799 4019 Virgiliano
828 3944 1018 4001 Probae
1063 3942 1352 3997 Faltonite.
1403 3941 1461 3995 lu
1493 3939 1675 3997 indice
1704 3944 2091 4014 cxpnrgatorio

497 4038 942 4098 Brasichellensis
966 4035 1283 4107 conjicitur,
1314 4048 1423 4089 non
1451 4048 1573 4089 esse
1593 4045 1878 4089 centonem
1904 4034 2092 4090 Proba:

498 4149 715 4189 carmen
744 4149 771 4186 a
797 4131 1016 4187 Gelasio
1036 4128 1181 4184 inter
1212 4126 1524 4199 apocrypha
1552 4126 1809 4182 relatum.
1850 4126 1962 4183 Cur
1992 4145 2090 4183 uo-

500 4227 584 4284 bis
615 4226 886 4295 conjicere
918 4239 1023 4278 non
1076 4222 1255 4288 liceat,
1303 4236 1524 4276 carmen
1572 4221 1641 4275 de
1692 4220 2090 4288 lncarnatione,

502 4315 645 4387 quod
672 4318 961 4370 Martenius
992 4314 1183 4381 edidit,
1210 4330 1332 4369 esse
1356 4314 1762 4369 Centornetrum
1792 4315 1881 4370 vel
1910 4316 2095 4370 Centi-

509 4420 741 4464 metrum
782 4408 849 4461 ad
903 4407 1203 4475 scripturas
1260 4407 1603 4477 apocryphas
1632 4422 1661 4460 a
1690 4405 1921 4479 .Gelasio
1950 4407 2092 4479 reje-

2192 3194 2285 3264 qui
2306 3195 2439 3250 obiit
2466 3210 2609 3251 anno
2635 3197 2757 3266 7'53,
2802 3198 2965 3269 longe
2997 3198 3335 3269 probabilius
3366 3211 3477 3268 est,
3506 3212 3777 3257 auctorem

2195 3287 2353 3358 hujus
2397 3287 2747 3357 Collectanei,
2788 3302 2951 3364 atque
2999 3292 3136 3347 adeo
3177 3293 3402 3349 alterius
3452 3294 3503 3348 in
3554 3291 3777 3348 Paulum

2194 3382 2653 3453 (quandoquidem
2687 3384 2829 3449 idem
2860 3386 3137 3457 utriusque
3159 3388 3779 3456 auctoressecensetur)

2193 3476 2364 3532 fuisse
2395 3478 2614 3535 tertium
2642 3479 2947 3548 Sedulium,
2993 3481 3084 3552 qui
3115 3482 3323 3539 saeculo
3351 3498 3404 3538 ιι
3428 3482 3538 3559 36
3567 3484 3776 3549 claruit,

2190 3568 2307 3624 sive
2350 3570 2630 3643 presbyter
2659 3568 2858 3636 fuerit,
2911 3572 3027 3627 sive
3061 3572 3351 3645 episcopus
3394 3594 3407 3629 :
3462 3574 3599 3631 nihil
3640 3576 3775 3630 enim

2190 3666 2396 3713 certum
2421 3659 2488 3715 dc
2513 3674 2579 3715 eo
2597 3658 2878 3717 habemus.
2907 3661 3147 3735 Baylius,
3172 3664 3225 3719 in
3245 3657 3466 3729 Lexico,
3492 3664 3778 3734 Dupinium

2192 3753 2528 3824 perstringit,
2563 3754 2705 3825 quod
2736 3758 3058 3824 asseruerit,
3091 3758 3142 3811 in
3169 3757 3522 3827 Collectaneo
3569 3761 3624 3814 in
3672 3760 3778 3827 epi-

2192 3846 2359 3901 stolas
2380 3847 2530 3902 Pauli
2555 3849 2761 3904 laudari
2787 3849 2983 3906 Bedam
3015 3868 3030 3905 :
3058 3852 3200 3923 quod
3225 3868 3334 3909 non
3366 3852 3435 3908 de
3464 3853 3568 3909 hoc
3604 3852 3777 3909 Colle-

2192 3950 2405 4007 ctaneo,
2423 3940 2599 3997 sed’de
2614 3942 2787 3997 altera
2800 3944 2852 3997 in
2870 3943 3176 4000 Matthmum
3202 3946 3447 4002 Labbeus
3462 3946 3772 4004 tradiderat.

2194 4031 2562 4099 Mabillonius,
2596 4043 2728 4088 tom.
2760 4032 2781 4087 Ι
2806 4036 3053 4101 Analect.
3082 4047 3287 4103 veter.,
3309 4054 3432 4111 pag.
3460 4040 3590 4108 564,
3612 4056 3776 4096 arero

2195 4125 2354 4196 longe
2377 4126 2634 4183 aberrare
2665 4129 2741 4181 ait
2761 4144 2875 4197 eos,
2903 4129 2993 4201 qui
3031 4130 3313 4187 Sedulium
3343 4145 3621 4190 auctorem
3652 4134 3774 4189 Car-

2196 4220 2358 4274 minis
2390 4219 2661 4289 paschalis
2713 4221 2966 4277 eumdem
3013 4238 3136 4279 esse
3178 4234 3375 4295 putant
3412 4243 3475 4281 ac
3499 4227 3771 4284 Sedulium

2194 4312 2438 4380 Scotum,
2460 4328 2557 4369 seu
2590 4314 2882 4370 llibernum
2912 4317 3309 4388 presbyterum,
3330 4318 3514 4379 itidem
3537 4331 3769 4388 poetam,

2195 4422 2353 4478 quem
2385 4408 2590 4463 saeculo
2618 4423 2712 4462 vin
2752 4408 2999 4474 ﬂoruisse
3046 4422 3280 4468 conatat.
3313 4412 3407 4471 Ve.
3444 4432 3511 4470 ...ι
3559 4425 3768 4471 contro-

505 4502 698 4558 ctum'!
743 4501 886 4555 Sane
930 4498 1179 4554 Gelasius
1204 4510 1579 4569 argumentum
1610 4500 1869 4556 Centonis
1895 4503 2090 4557 asserit
2118 4517 2171 4577 ι)
2198 4500 2371 4554 versia
2428 4500 2769 4567 potissimum
2828 4514 2912 4557 est
2973 4503 3042 4559 de
3087 4504 3346 4575 operibus
3397 4507 3768 4567 Seduliorum:

478 4662 481 4665 _
510 4610 630 4651 esse
651 4594 718 4649 de
740 4593 962 4648 Christo
987 4608 1000 4643 :
1028 4591 1081 4645 id
1103 4601 1282 4644 autem
1313 4593 1557 4661 apprime
1578 4596 1837 4650 convenit
1863 4595 2095 4651 Centoni

514 4688 659 4743 edito
686 4702 716 4741 a
747 4681 1233 4750 Martenio;Cento
1263 4699 1391 4737 vero
1423 4684 1612 4739 Proba:
1666 4686 1827 4741 latius
1853 4689 2098 4744 extendi-

513 4796 620 4849 tur,
642 4791 702 4837 ut
727 4781 808 4836 vel
839 4796 904 4835 ex
926 4779 1081 4834 lituln
1107 4785 1270 4847 patet,
1298 4776 1377 4829 Ad
1398 4774 1862 4847 35testimonium
1901 4781 2098 4837 Veteris

511 4887 558 4931 et
592 4873 1107 4949 Novi‘Tcstamcnti.
1154 4870 1459 4939 Quamnam
1502 4879 1681 4925 autem
1721 4873 2097 4928 auctoritatem

456 5037 463 5047 .
518 4969 655 5039 apud
688 4964 987 5022 catholicos
1016 4963 1119 5018 sibi
1155 4963 1394 5017 vindicet
1437 4959 1600 5017 Index
1622 4959 2093 5028 Brasichellensis,

517 5062 658 5132 lege,
685 5062 729 5114 si
757 5060 954 5129 placet,
1002 5056 1141 5127 apud
1177 5053 1637 5126 Papebrochium,
1664 5052 1717 5106 in
1748 5054 2102 5123 respOnsione

515 5155 583 5208 ad
612 5152 1263 5207 exhibitionemerrorum
1284 5163 1381 5217 per
1394 5146 1771 5202 Sebastianum
1796 5162 1822 5199 a
1845 5146 1901 5203 S.
1934 5146 2101 5203 Paulo

518 5249 844 5316 evulgatam,
879 5254 1018 5314 part.
1053 5260 1111 5311 ιι,
1159 5253 1263 5298 art.
1294 5243 1357 5310 3,
1390 5256 1512 5312 pag.
1539 5241 1629 5296 20.
1679 5236 1813 5295 Nam
1864 5242 2102 5297 haeretici

522 5341 707 5405 miras,
767 5337 861 5391 sed
913 5337 1099 5391 inanes
1166 5336 1458 5406 tragoedias
1503 5334 1572 5389 de
1617 5333 1718 5388 hoc
1772 5348 1939 5404 opere
1960 5334 2099 5406 apud

522 5433 668 5501 ipsos
691 5430 987 5493 rarissimo,
1035 5443 1208 5498 neque
1249 5426 1391 5496 apud
1450 5424 1666 5481 nostros
1692 5426 1906 5496 quidem
1940 5427 2099 5482 valde

525 5524 701 5589 obvio,
732 5520 987 5587 excitant,
1012 5531 1067 5573 ut
1114 5520 1380 5588 colligitur
1423 5533 1487 5573 ex
1533 5516 2013 5574 Observationibus
2045 5520 2096 5572 in

531 5631 643 5669 rem
676 5613 996 5669 litterariam
1025 5609 1175 5665 ﬁala:
1208 5608 1635 5680 Magdeburgicaa
1656 5607 1817 5678 1700,
1847 5620 1978 5666 tom.
2007 5610 2095 5679 ΙΙΙ,

528 5712 583 5755 el-
602 5704 725 5761 aliis
750 5714 881 5760 tom.
909 5712 1061 5772 seqq.

2201 4605 2322 4643 nam
2380 4589 2515 4647 duos
2570 4592 2655 4647 vel
2712 4594 2895 4664 plures
2958 4595 3211 4652 Sedulius
3289 4598 3529 4671 plerique
3578 4602 3766 4659 distill-

2196 4695 2385 4753 guunt.
2451 4684 2499 4738 ls
2579 4693 2759 4740 autem
2840 4687 3130 4755 Sedulius,
3208 4702 3376 4762 quem
3442 4697 3639 4750 saeculo
3686 4711 3765 4748 vni

2199 4773 2449 4831 ﬂoruisse
2492 4784 2737 4844 constat,
2796 4780 3084 4850 episcopus
3130 4782 3273 4837 fuit:
3320 4795 3533 4854 poetam
3588 4786 3762 4842 itidem

2204 4868 2369 4922 fuisse
2391 4866 2644 4939 afﬁrmat,
2692 4871 2785 4926 sed
2816 4889 2922 4928 non
2956 4876 3146 4944 probat
3170 4876 3537 4947 Mabillonius,
3567 4883 3659 4952 qui
3686 4897 3759 4949 ea,

2204 4978 2322 5030 qua:
2350 4962 2613 5027 Labbeus,
2647 4965 2845 5036 aliique
2870 4968 2968 5023 viri
2999 4970 3171 5026 critici
3192 4971 3263 5027 de
3292 4972 3527 5030 Seduliis
3552 4984 3757 5031 notave-

2203 5062 2354 5117 rant,
2390 5054 2754 5111 non-videtur
2784 5074 2893 5128 pm
2940 5061 3113 5116 oculis
3162 5063 3419 5121 habuisse
3458 5046 3473 5119 ε’
3518 5083 3640 5121 nam
3671 5082 3759 5139 pro

2199 5142 2416 5199 ineditis
2446 5146 2585 5201 inter
2612 5148 2821 5227 poetica
2866 5154 3040 5219 primo
3055 5146 3188 5208 'loco
3211 5155 3364 5224 ponit
3388 5158 3757 5229 epigrammata

2202 5236 2307 5291 duo
2330 5238 2609 5294 notissima
2654 5243 2951 5300 acrosticha
2996 5246 3065 5301 de
3109 5242 3334 5303 Sedulio
3373 5250 3541 5305 multo
3567 5259 3688 5306 ante
3710 5259 3757 5305 et

2199 5346 2343 5402 saepe
2366 5336 2599 5405 vulgata.
2625 5337 2873 5396 Fortasse
2900 5342 3247 5400 Mabillonius
3276 5344 3504 5403 Sedulio
3519 5349 3754 5418 episcopo

2206 5426 2383 5480 saeculi
2421 5443 2517 5483 vm
2563 5430 2837 5487 tribuebat
2862 5434 3089 5505 opusﬁde
3122 5434 3406 5506 Regimiue
3451 5437 3750 5509 principum,

2206 5520 2443 5575 oratione
2468 5523 2660 5592 partim
2687 5525 2868 5595 ligata,
2890 5527 3081 5596 partim
3103 5527 3276 5583 soluta
3314 5530 3751 5601 compositum,de

2205 5627 2311 5680 quo
2344 5629 2527 5669 rursus
2557 5634 2702 5673 num.
2733 5618 2821 5675 61.
2853 5619 3018 5675 Multo
3055 5622 3222 5692 magis
3251 5623 3513 5679 incertum
3543 5632 3643 5691 est,
3670 5620 3751 5677 Se-

2205 5699 2413 5761 dulium
2460 5704 2603 5763 hunc
2651 5708 2860 5780 ipsum,
2910 5712 2998 5782 qui
3047 5712 3246 5770 saeculo
3285 5713 3748 5783 vmclaruit.esse
