3896 6352
244 243 336 298 461

1623 229 2156 291 ΡΒΟιΕῦΟΜΕΝΑ.

3414 230 3520 289 169.

247 362 520 416 auctorem
566 354 750 424 operis
785 352 969 408 nescio
995 365 1152 422 cujus
1176 348 1244 404 de
1293 360 1484 406 sancto
1526 347 1700 404 Missae
1745 361 1836 402 ca-
1868 351 1914 411 Α
1949 347 2034 400 nia
2087 362 2320 418 negare,
2354 363 2474 418 qua:
2525 347 2904 418 praedicationi
2934 355 2986 401 ct
3036 328 3290 402 adventui
3334 346 3391 402 S.
3438 348 3526 403 Ja-

244 461 404 510 none,
436 445 582 516 quod
618 446 968 515 Dempsterus
1012 429 1088 499 illi
1119 442 1347 516 aﬂingit.

316 538 404 594 58.
435 538 716 594 Diversum
741 553 769 591 a
793 536 1155 592 Collectaneis
1185 536 1450 593 hactenus
1481 536 1663 593 relatis
1703 549 1838 605 opus

243 641 344 698 est,
377 633 471 688 sed
498 632 747 687 eumdem
770 630 1050 687 Sedulium
1073 641 1352 686 auctorem
1380 631 1579 686 habere
1602 629 1837 689 videtur,

242 725 382 798 quod
415 735 590 784 exstat
615 727 668 781 in
699 724 887 785 codice
908 723 1176 780 Vaticano
1204 723 1330 791 9.4-2,
1365 724 1435 777 al.
1463 722 1624 789 1556,
1660 723 1712 776 in
1736 735 1841 792 quo

245 828 331 874 est
357 804 788 891 Psych'omachia
827 815 1134 882 Prudentii,
1165 825 1221 872 et
1257 816 1501 870 narratio
1531 813 1746 869 satirica
1777 812 1843 866 de

241 913 486 967 antistite
513 911 778 966 Toletano
824 909 1150 966 Grimoardo
1179 909 1451 980 (intelligo
1476 905 1841 974 Bernardum)

243 1013 297 1060 et
328 1004 552 1061 Urbano
585 1021 716 1075 papa
749 1021 808 1059 II.
854 1003 1015 1058 Initio
1065 1001 1364 1057 voluminis
1411 1011 1538 1055 sunt
1580 999 1848 1070 Explana-

246 1101 411 1154 tiones
438 1098 648 1155 Sedulii
673 1097 841 1154 Scotti
863 1098 918 1150 in
944 1106 1172 1168 quatuor
1195 1093 1576 1168 Evangelistas.
1616 1093 1806 1163 Incipit
1834 1112 1844 1146 :

243 1190 422 1247 Liber‘
461 1192 828 1264 generationis.
867 1190 1074 1262 Moyses
1104 1189 1292 1243 librum
1341 1190 1688 1261 generationis
1738 1188 1850 1242 caeli

244 1296 290 1339 et
350 1296 503 1339 terrm
557 1284 886 1355 conscripsit.
944 1279 1224 1337 Mattheus
1262 1290 1462 1349 autem,
1511 1293 1616 1336 etc.
1649 1280 1850 1350 Pagina

243 1378 277 1433 9
319 1386 483 1434 v'ersa
515 1377 758 1448 legitur:
791 1375 1135 1450 Temporibus
1174 1374 1531 1432 Valentiniani
1575 1385 1622 1430 et
1680 1372 1850 1429 Theo-

243 1473 382 1528 dosii
438 1473 736 1546 principum
780 1473 984 1543 ﬂoruit,
1036 1471 1180 1544 quod
1231 1471 1299 1528 de
1329 1472 1555 1534 Sedulio
1582 1482 1742 1547 poeta
1771 1470 1853 1528 di-

246 1578 440 1637 ctum,
497 1569 716 1640 ineptus
766 1566 962 1640 aliquis
1017 1567 1356 1639 antiquarios
1431 1566 1496 1622 ad
1574 1564 1852 1623 Sedulium

245 1663 604 1735 interpretem
673 1678 846 1720 sacra:
903 1661 1204 1734 Scrlptnrze
1275 1661 1570 1716 transtulit.
1651 1659 1854 1718 Ibidem

1941 440 2065 496 cobi
2095 441 2147 496 in
2203 442 2512 512 Hispaniam
2544 440 2728 496 favere
2786 457 3002 512 quoquo
3035 440 3195 494 modo
3252 439 3521 495 videntur.

1942 534 2073 590 Nam
2105 535 2505 602 lsidorus,c.7vl
2527 535 2686 604 hujus
2711 535 2860 601 libri,
2890 545 3076 603 aperte
3100 535 3177 587 ait
3205 533 3272 588 de
3296 532 3528 588 SJaco-

1945 629 2012 684 bo
2042 629 2226 699 Majori
2277 649 2288 684 :

1944 723 2175 798 gentibus
2208 723 2548 796 Evangelium
2590 725 2887 796 praedicavit
2913 768 2927 792 ,
2962 735 3008 779 et
3040 727 3089 778 in
3121 740 3306 778 occasu
3347 721 3534 776 mundi

2343 628 2613 701 Hispania:
2644 640 2690 683 et
2723 629 3122 686 occidentalium
3154 628 3262 700 38
3293 628 3530 682 locorum

1948 818 2106 872 lucem
2130 818 2518 890 prwdicationis
2545 819 2757 888 infudit.
2786 819 2942 874 Plura
2986 819 3187 874 addere
3217 833 3434 892 possem
3462 831 3532 872 ex

1949 911 2070 964 aliis
2099 926 2228 966 mss.
2262 909 2548 965 codicibus
2591 910 2866 966 Vaticanis
2915 913 2968 967 in
3022 913 3271 968 eamdem
3315 920 3538 968 senten-

1951 1003 2077 1058 tiam
2108 1021 2118 1056 :
2159 1003 2255 1061 sed
2289 1003 2341 1058 in
2385 1003 2530 1062 aliud
2561 1012 2776 1074 tempus
2804 1019 2864 1059 ea
2896 1020 3182 1062 reservare
3215 1015 3460 1076 praestat.

2022 1096 2110 1152 61.
2153 1095 2445 1154 Goldastus
2480 1139 2495 1162 ,
2527 1105 2586 1151 ut
2615 1111 2679 1152 ex
2723 1095 2970 1160 Labbeo,
3004 1114 3152 1152 num.
3183 1099 3283 1162 4'3,
3320 1098 3488 1168 liquet
3522 1140 3536 1161 ,

1952 1190 2264 1261 possidebat
2311 1206 2412 1248 ms.
2445 1206 2580 1262 opus
2630 1189 2836 1247 Sedulii
2881 1191 3245 1261 inscriptum:
3295 1195 3357 1249 de
3385 1194 3541 1263 Regi-

1951 1284 2089 1338 mine
2112 1285 2427 1356 principum.
2465 1285 2904 1356 Schoettgenius,
2935 1288 3025 1355 qui
3057 1287 3410 1342 Bibliothecze
3436 1287 3544 1342 Fa-

1953 1379 2206 1436 briciana:
2231 1380 2394 1438 medii
2419 1391 2475 1436 et
2507 1380 2676 1436 inﬁmi
2701 1382 2801 1434 :evi
2831 1380 3090 1435 volumen
3118 1390 3331 1436 sextum
3355 1383 3550 1450 edidit,

1954 1471 2152 1536 refert,
2181 1472 2463 1533 Sedulium
2491 1475 2554 1527 de
2601 1471 2912 1528 Rectoribus
2942 1474 3266 1539 Christianis,
3296 1485 3339 1529 et
3370 1492 3550 1530 conve-

1957 1563 2215 1623 nientibus
2229 1565 2443 1638 regulis,
2468 1566 2654 1638 quibus
2667 1578 2741 1624 est
2761 1566 3055 1640 respublica
3073 1570 3171 1626 rite
3193 1569 3551 1644 gubernanda,

1961 1658 2160 1733 Lipsiae
2215 1658 2351 1720 1669
2401 1660 2607 1724 editum
2638 1660 2786 1722 iit-8°
2844 1665 3139 1722 memorari
3171 1681 3201 1719 a
3256 1663 3549 1722 Fabricio:

246 1771 303 1817 et
372 1775 534 1833 seqq.
605 1759 949 1831 expllcantur
1005 1758 1356 1829 praefationes
1423 1755 1484 1812 S.
1541 1753 1856 1828 Hieronymi
1887 1766 1935 1831 Β
1962 1752 2194 1807 fortasse
2223 1751 2277 1806 in
2306 1753 2493 1822 paucis
2519 1753 2736 1810 schedis
2766 1769 2922 1821 mss.,
2949 1772 3082 1826 quas
3113 1757 3177 1812 ad
3210 1760 3427 1814 sextum
3462 1775 3558 1816 vo-

145 1905 148 1909 ,
245 1858 312 1913 ad
359 1859 650 1913 Damasum
697 1868 749 1912 et
797 1855 1112 1912 Eusebium.
1159 1853 1288 1930 Pag.
1337 1851 1448 1908 38:
1501 1851 1692 1927 Incipit
1724 1851 1862 1926 ejus-

248 1953 374 2008 dem
420 1952 624 2008 Sedulii
680 1951 846 2010 Scotti
869 1947 1332 2024 explauatiuncula
1377 1947 1443 2002 de
1488 1945 1860 2003 breviariorum

247 2057 295 2101 et
323 2047 676 2119 capitulorum
701 2089 716 2111 ,
769 2061 1130 2116 canonumque
1171 2042 1488 2112 diﬂ'erentia.
1525 2041 1720 2112 Incipit
1749 2038 1862 2097 bre-

246 2140 472 2195 viarium
501 2137 783 2196 secundum
812 2133 1143 2192 Hattltaeum.
1175 2133 1440 2193 Nativitas
1470 2134 1683 2190 Christi.
1716 2130 1863 2204 Magi

249 2249 368 2306 cum
405 2235 699 2290 muneribus
721 2234 958 2302 veniunt,
982 2232 1093 2313 37
1114 2241 1162 2287 et
1188 2233 1408 2304 reliqua.
1442 2229 1862 2302 Perquirendum

247 2338 344 2394 est,
378 2328 506 2394 quid
527 2329 660 2383 inter
692 2328 1030 2392 breviarium,
1075 2335 1124 2380 et
1169 2326 1487 2394 capitulum,
1523 2335 1571 2380 et
1611 2340 1858 2378 canoneni

248 2422 426 2477 distet.
486 2421 582 2476 His
617 2421 808 2477 etenim
839 2421 1002 2475 tribus
1060 2422 1209 2491 quasi
1258 2418 1571 2488 quibusdam
1630 2417 1860 2471 claribus

249 2526 439 2570 cuncta
464 2514 746 2588 evangelici
775 2511 1051 2568 voluminis
1109 2528 1304 2566 arcana
1357 2519 1674 2565 reserantur.
1721 2507 1862 2562 Nam

247 2605 468 2664 sublatis
497 2605 782 2674 breuiariis,
820 2605 1064 2674 capitulis
1101 2615 1147 2658 et
1178 2603 1466 2658 canonibus
1487 2645 1501 2670 ,
1542 2601 1714 2656 omnia
1738 2617 1861 2655 con-

249 2706 372 2778 fusa
402 2712 549 2759 erant
573 2711 620 2755 et
643 2699 888 2772 ambigua
907 2747 920 2768 ,
951 2708 1062 2755 etc.

321 2797 410 2854 59.
452 2796 640 2867 Neque
679 2795 954 2867 ingratum
984 2795 1089 2850 erit
1113 2793 1539 2866 explicationem
1569 2809 1692 2866 qua:
1725 2793 1861 2850 sub-

249 2892 503 2965 iungitur
528 2888 901 2953 describere:
955 2887 1282 2943 Breviarium
1327 2898 1402 2944 est
1432 2903 1609 2944 rerum
1651 2889 1704 2941 in
1734 2903 1859 2945 con-

250 2995 395 3040 textu
426 2983 694 3056 Evangelii
734 2992 1066 3046 narraturum
1113 2981 1276 3036 brevis
1298 2991 1349 3035 et
1380 2982 1742 3052 compendiosa
1771 2995 1860 3034 ex-

251 3077 464 3148 positio.
497 3073 803 3154 Capitulum
830 3085 906 3131 est
936 3073 1239 3144 queelibetin
1261 3072 1560 3144 Evangeliis
1585 3074 1855 3139 sententia,

1964 1842 2145 1898 lumen
2174 1853 2392 1914 paratas
2421 1846 2666 1918 reliquit.
2702 1848 2872 1908 Addit
2893 1847 3323 1920 Schoettgenius,
3353 1852 3557 1909 Frelte-

1963 1953 2083 1992 rum
2112 1938 2178 1992 ad
2206 1937 2428 1997 Petrum
2455 1938 2522 1997 de
2552 1939 2760 2008 Andlo,
2794 1941 2861 1997 de
2890 1941 3123 2012 Imperio
3152 1943 3397 2002 Romano
3425 1987 3439 2011 ,
3472 1962 3508 1998 ιι
3541 1992 3555 2014 ,

1964 2031 2053 2103 16,
2087 2033 2326 2090 scribere
2349 2075 2365 2100 .
2393 2049 2454 2092 se
2481 2050 2626 2095 attno
2655 2038 2793 2105 1612
2830 2035 2976 2093 hunc
3009 2039 3209 2092 librum
3237 2041 3560 2096 anccdotum

1962 2127 2030 2183 ad
2061 2128 2282 2208 praalum
2310 2116 2504 2199 parare
2533 2171 2549 2198 ,
2584 2146 2649 2186 ex
2681 2131 2876 2189 eodem
2925 2132 3114 2188 libello
3163 2144 3289 2188 octo
3340 2135 3568 2191 disticha

1961 2219 2238 2302 adducere
2266 2221 2549 2278 Nicolaum
2585 2222 2863 2282 Cosanum
2893 2271 2906 2294 ,
2940 2225 3008 2280 de
3039 2226 3444 2283 Concordantia
3467 2230 3567 2284 Ca—

1962 2316 2099 2372 thol.
2131 2313 2346 2386 przefat.
2376 2315 2414 2369 Ι.
2447 2315 2656 2371 ιιι.Νοη
2687 2317 2905 2373 invenio
2935 2320 3184 2388 quisnam
3213 2320 3567 2377 aliuslibrum

1964 2408 2200 2476 viderit,
2231 2420 2328 2466 aut
2367 2410 2434 2467 de
2471 2427 2539 2468 eo
2571 2412 2782 2469 locutus
2826 2414 3018 2470 fuerit:
3057 2431 3232 2487 neque
3287 2416 3568 2488 indignum

1966 2520 2108 2578 opus
2154 2517 2303 2561 certe
2333 2515 2437 2571 est,
2475 2505 2619 2578 quod
2667 2505 2736 2564 ad
2787 2507 2947 2582 hujus
2998 2509 3264 2580 temporis
3298 2513 3566 2570 novitates

1963 2598 2354 2655 convellendas
2395 2599 2710 2656 recudatur.
2759 2600 2949 2656 Exstat
2979 2603 3030 2656 in
3064 2602 3254 2659 codice
3301 2603 3565 2661 Vaticano

1962 2690 2212 2749 Palatino
2243 2693 2371 2762 59l,
2399 2694 2576 2754 cbart.
2611 2693 2774 2750 ἤπιον.
2805 2695 3129 2753 Ρηρεεεόυηι
3162 2697 3378 2769 Regula:
3393 2699 3566 2769 eccle-

1961 2786 2184 2842 siasticte
2215 2787 2342 2860 (hoc
2381 2799 2502 2858 est,
2538 2801 2776 2845 canones
2804 2768 3257 2861 ApOStolorum);
3303 2768 3564 2848 Ambrosii

1962 2875 2101 2939 Cura
2125 2882 2441 2953 pastoralis;
2470 2883 2790 2955 Augustinus
2813 2929 2826 2952 ,
2854 2885 2918 2939 de
2950 2882 3266 2940 Pastoribus
3289 2898 3334 2939 et
3360 2889 3560 2957 ovibus,

1963 2980 2076 3029 tum
2109 2968 2360 3030 Sedulius
2380 3015 2394 3044 ,
2421 2984 2474 3029 et
2502 2981 2784 3046 postremo
2806 2980 3044 3032 carmina
3072 2980 3321 3048 qumdam
3363 2981 3430 3038 de
3457 2983 3561 3036 vir-

1962 3070 2166 3126 tutibus
2197 3078 2254 3127 et
2292 3067 2470 3135 vitiis,
2520 3077 2576 3126 et
2614 3071 2719 3127 alia
2775 3070 2963 3127 Roma:
3007 3073 3135 3126 olim
3169 3075 3467 3131 existentia
3511 3080 3563 3131 in

249 3187 342 3227 seu
361 3169 368 3175 '
387 3166 646 3224 narratio.
680 3168 861 3225 Canon
907 3179 978 3224 est
1013 3168 1222 3235 titulus,
1255 3183 1356 3239 quo
1390 3168 1717 3238 cognoscitur
1736 3182 1860 3220 con-
1886 3174 1936 3242 ρ
1966 3161 2189 3219 Basilica
2219 3163 2278 3219 S.
2314 3162 2484 3228 Petri,
2508 3164 2701 3236 pagina
2721 3163 2787 3219 99
2809 3163 2969 3235 hujus
2993 3166 3306 3233 voluminis,
3335 3159 3562 3224 charac-

249 3264 432 3322 cordia
463 3261 938 3337 Evangelistarum.
977 3262 1185 3317 Deinde
1214 3277 1336 3332 pag.
1363 3258 1428 3314 41
1457 3279 1469 3315 :
1502 3257 1697 3331 ‘lncipit
1717 3263 1860 3332 ejus-

249 3360 367 3416 dem
398 3358 603 3415 Sedulii
650 3357 819 3414 Scotti
855 3354 1280 3430 expositiuncula
1308 3356 1360 3408 in
1394 3364 1758 3426 argumentum
1779 3370 1858 3408 se-

249 3452 478 3507 cundum
506 3449 834 3506 Matthaaum.
861 3449 956 3506 Sic
978 3464 1104 3520 pag.
1139 3448 1210 3504 49
1230 3491 1242 3512 ,
1280 3448 1566 3503 secundum
1595 3445 1859 3511 Marcum;

248 3561 376 3617 pag.
404 3544 476 3601 56
502 3587 516 3610 ,
540 3544 818 3599 secundum
853 3541 1066 3598 Lucam.
1101 3542 1264 3597 Deest
1301 3539 1739 3612 expositiuncula
1771 3549 1856 3594 se:

182 3635 186 3640 ’
249 3637 490 3709 cundum
517 3636 804 3694 Joannem.
842 3635 1218 3692 Volumenest
1252 3637 1306 3690 in
1334 3633 1509 3690 forma
1546 3634 1734 3698 iit—12,
1763 3641 1859 3688 aut

251 3734 408 3788 in-l‘S
433 3775 448 3799 ,
477 3740 700 3788 notatur
729 3732 885 3786 initio
911 3749 923 3785 :
956 3729 1133 3787 Codex
1172 3729 1268 3783 iste
1299 3728 1517 3800 pertinet
1546 3729 1856 3782 monasterio

250 3828 412 3882 beatis
457 3824 647 3880 Herius
695 3825 1024 3896 Magdalenen
1063 3827 1117 3877 in
1170 3821 1617 3877 Franckenthaell
1665 3821 1859 3896 (quod

249 3922 479 3979 verbum
504 3937 612 3976 non
636 3921 770 3975 satis
795 3920 949 3975 clare
981 3918 1204 3989 legitur)
1227 3919 1362 3973 inter
1381 3917 1592 3992 Spiram
1617 3926 1661 3973 et
1701 3917 1856 3973 Wor-

249 4017 467 4071 matiam
497 4015 688 4068 situate
703 4013 1074 4067 canonicorum
1096 4011 1435 4084 regularium.
1457 4013 1531 4067 De
1551 4011 1653 4067 hoc
1667 4028 1855 4067 mona—

249 4108 547 4181 steriojam
563 4122 865 4178 suppresso
881 4105 1330 4177 agitPennOttus,
1364 4109 1627 4162 Canonic.
1655 4105 1849 4177 Regul.

249 4205 390 4261 Hist.
426 4206 462 4259 l.
490 4219 549 4267 tt,
568 4220 618 4258 c.
637 4203 726 4270 59,
747 4218 814 4258 ex
839 4201 1147 4256 Trithemio
1171 4200 1223 4254 in
1249 4202 1489 4256 Historia
1512 4201 1853 4273 llirsaugica,

247 4301 340 4371 qui
371 4300 523 4355 circa
548 4313 752 4353 annum
787 4297 923 4353 H33
951 4295 1239 4350 fundatum
1287 4295 1458 4352 fuisse
1491 4304 1698 4352 narrat.

323 4394 413 4450 60.
454 4393 579 4450 Non
621 4394 870 4448 omittam
924 4390 1399 4458 animadvertere,
1449 4391 1516 4446 ad
1551 4391 1850 4462 marginem

252 4489 464 4560 paginae
489 4502 664 4543 versae
687 4485 776 4555 34,
814 4486 1007 4541 eodem
1037 4487 1210 4542 veteri
1242 4485 1592 4554 charactere,
1619 4488 1712 4558 qui
1744 4502 1850 4541 εω-

1965 3268 2079 3313 tere
2099 3257 2302 3312 rubro:
2346 3255 2730 3329 IncipitOperis
2766 3259 3009 3333 prcefatio
3039 3259 3412 3331 subsequentis.
3454 3262 3562 3317 l'ni-

1963 3349 2130 3404 tium:
2162 3347 2322 3404 Omne
2344 3349 2711 3416 ministerium,
2744 3351 2920 3420 triﬁdo
2951 3353 3088 3422 quod
3117 3353 3387 3423 praeminet
3417 3351 3556 3421 orbe,

1961 3445 2158 3499 ——Arte
2181 3444 2614 3517 gubernandum:
2644 3457 2760 3500 sunt
2789 3445 2914 3500 artis
2944 3445 3172 3520 plurima
3197 3447 3566 3502 dona—0m-

1962 3542 2202 3596 nicreans
2230 3539 2484 3596 Dominus
2518 3553 2704 3609 terras,
2738 3557 2901 3607 mare,
2935 3539 3127 3608 sidera,
3163 3541 3564 3600 (αξιοι-Δῖαί

1963 3642 2131 3701 creat,
2157 3642 2262 3690 etc.
2291 3630 2528 3689 Suntr25
2545 3643 2732 3689 versus
2761 3634 3084 3690 hexametri.
3119 3631 3342 3689 Postea:
3380 3635 3567 3708 Expli-

1961 3729 2028 3782 cit
2042 3728 2298 3801 prtcfatio'.

2082 3842 2266 3913 Tecum
2292 3845 2608 3913 principium,
2633 3843 2758 3913 finis,
2779 3856 2866 3913 rex
2895 3821 3217 3913 Christeque,
3242 3850 3430 3913 tecum,

2145 3905 2306 3972 Alphd
2321 3905 2486 3971 Operis
2507 3905 2675 3958 famuli
2701 3908 2786 3970 sis,
2806 3905 2944 3956 Deus
2967 3905 3206 3971 oquetull

2029 4014 2300 4085 Scriptum
2328 4023 2451 4069 erat
2479 4014 2522 4068 si
2551 4013 2716 4068 Deus.
2769 4014 3065 4084 Sequitur:
3102 4013 3375 4090 Incipiunt
3411 4025 3556 4094 capi-

1959 4113 2069 4165 tula
2116 4112 2348 4178 eiusdem
2387 4111 2522 4164 libri.
2558 4110 2723 4166 Index
2776 4109 2864 4164 hic
2895 4114 3140 4168 continet
3174 4113 3244 4171 20
3291 4118 3552 4189 capitula.

1959 4206 2089 4262 Post
2116 4205 2346 4261 indicem
2375 4205 2696 4261 charactere
2727 4204 2892 4260 rubro
2928 4223 2939 4258 :
2998 4203 3193 4280 Incipit
3225 4210 3355 4265 liber
3385 4212 3557 4268 Sedu-

1959 4301 2038 4367 lii,
2070 4299 2133 4355 de
2176 4299 2481 4354 Rectoribus
2513 4297 2816 4354 Christianis
2843 4343 2855 4367 ,
2889 4307 2936 4353 et
2961 4303 3380 4359 convenientibus
3407 4325 3559 4379 regu-

1960 4393 2055 4458 lis,
2088 4395 2271 4466 quibus
2321 4403 2395 4448 est
2441 4392 2735 4465 respublica
2765 4395 2861 4448 rite
2904 4397 3261 4468 gubernanda.
3296 4401 3550 4459 Initium:

1959 4486 2243 4559 Postquam
2293 4485 2464 4560 regale
2512 4497 2794 4559 sceptrum.
2846 4487 2901 4543 In
2950 4488 3058 4544 line
3105 4494 3340 4564 capitis:
3386 4496 3554 4564 Quam

249 4585 354 4640 culi
383 4601 415 4639 x
446 4583 665 4639 circiter
695 4598 817 4638 esse
842 4582 1058 4638 videtur
1084 4626 1097 4648 ,
1126 4583 1405 4639 nominari
1436 4584 1495 4639 S.
1533 4582 1805 4638 lsidorum
1831 4625 1846 4650 ,
1877 4595 1932 4656 D
1955 4581 2362 4638 incestimabilem
2413 4580 2618 4636 habebit
2660 4581 2846 4654 gloria:
2898 4585 3151 4652 palmam,
3204 4585 3250 4639 si
3296 4587 3409 4658 quis
3440 4587 3551 4644 Deo

247 4681 378 4736 dum
404 4681 454 4733 id
482 4677 717 4734 refertur
744 4698 756 4732 :
793 4677 1071 4732 Matt/treus
1101 4681 1394 4748 apostolus,
1425 4691 1471 4733 et
1501 4679 1837 4752 evangelista,

246 4776 336 4843 qui
372 4775 532 4829 etiam
562 4789 628 4828 ea:
659 4773 795 4826 tribu
827 4791 922 4827 sua
967 4772 1092 4828 Levi
1123 4776 1343 4846 sumpsit
1374 4791 1658 4849 cognomen
1687 4823 1700 4844 ,
1738 4786 1846 4831 etc.

247 4868 378 4924 Haec
424 4868 537 4937 ipsa
569 4866 756 4922 verba
805 4876 932 4921 sunt
963 4866 1156 4923 lsidori
1185 4911 1198 4934 ,
1247 4871 1300 4923 in
1333 4870 1475 4924 libro
1520 4870 1588 4925 de
1619 4868 1751 4926 Ortu
1799 4881 1856 4926 et

247 4965 412 5020 Obitu
440 4963 684 5029 Patrum,
712 4977 832 5033 cap.
868 4963 965 5029 76;
996 4963 1140 5034 quod
1170 4963 1289 5021 ideo
1319 4977 1566 5021 notatum
1592 4966 1756 5033 volui,
1794 4978 1852 5022 ttt

248 5059 508 5117 Sedulius
547 5059 636 5112 hic
682 5058 874 5113 Scotus
911 5057 1140 5114 addatur
1166 5059 1443 5115 Braulioni
1470 5104 1484 5128 ,
1534 5059 1808 5116 lldefonso
1833 5105 1848 5127 ,

247 5154 430 5222 Bedae,
467 5153 728 5209 Fulberto
758 5154 1103 5222 Carnotensi,
1165 5156 1425 5212 Ascarico
1472 5156 1731 5228 episcopo
1758 5158 1850 5212 lli-

246 5264 423 5322 spano
447 5248 632 5304 sreculi
667 5263 716 5302 ιι
739 5289 752 5314 ,
788 5246 1022 5320 aliisque
1070 5250 1122 5304 in
1173 5248 1516 5308 Bibliotheca
1543 5252 1715 5307 veteri
1763 5251 1854 5306 Hi-

249 5359 420 5414 Spana
439 5360 466 5397 a
483 5343 599 5399 Nic.
617 5343 856 5400 Antonio
867 5344 1094 5416 ejusque
1116 5345 1434 5403 doctissimo
1449 5346 1658 5404 editore
1679 5346 1853 5403 Fran-

251 5440 402 5495 cisco
456 5439 622 5493 Perez
659 5437 835 5509 Bayer
865 5438 1150 5503 adductis,
1195 5441 1285 5510 qui
1325 5457 1519 5498 omnes
1551 5442 1751 5495 librum
1786 5441 1855 5497 de

250 5532 381 5589 Ortu
412 5543 465 5587 et
489 5531 650 5587 Obitu
687 5532 908 5585 Patrum
942 5531 1148 5600 Isidoro
1173 5534 1689 5605 adjudicantcontra
1718 5550 1855 5590 non-

253 5625 434 5682 nullos
456 5624 814 5691 recentiores,
837 5624 1154 5695 Batonium,
1185 5626 1426 5684 Natalem
1455 5627 1848 5698 Alexandrum,

252 5719 576 5792 Cajetanum
605 5717 872 5773 Cennium
897 5760 910 5784 ,
946 5719 997 5775 id
1045 5737 1152 5776 non
1190 5723 1292 5777 alia
1346 5722 1461 5778 l‘ere
1507 5722 1723 5778 ratione
1754 5737 1851 5778 ne-

253 5827 482 5892 gantes,
513 5816 616 5877 nisi
651 5815 776 5887 quia
808 5817 977 5874 semel
1006 5817 1246 5877 animum
1280 5818 1613 5878 induxerunt
1640 5835 1706 5876 ea
1735 5830 1852 5877 om-

1953 4680 2187 4734 amabilis
2219 4689 2384 4734 rector
2413 4679 2523 4752 39
2547 4692 2779 4734 sanctam
2815 4680 3181 4751 perornaverit
3213 4677 3499 4736 Ecclesium
3529 4727 3544 4752 ,

1953 4790 2066 4844 quae
2092 4785 2164 4829 est
2204 4772 2302 4828 Dei
2345 4775 2444 4828 vivi
2477 4775 2750 4848 spirituale
2795 4773 3225 4828 tabernaculum?
3262 4772 3372 4830 Sed
3397 4776 3508 4831 Ita'c
3531 4823 3544 4845 ,

1954 4887 2067 4942 qua:
2108 4869 2323 4925 breviter
2370 4871 2505 4941 stylo
2547 4871 2740 4943 prosali
2772 4870 3036 4936 diximus,
3071 4869 3268 4939 aliquot
3310 4887 3566 4926 versuum.

1955 4964 2225 5021 dulcedine
2253 4965 2644 5026 concludamus.
2705 4965 3014 5035 Sequuntur
3051 4980 3242 5019 versus
3273 4966 3495 5035 elegiaci
3526 5011 3541 5035 ,

1955 5069 2010 5116 et
2036 5061 2112 5116 sic
2136 5071 2258 5133 post
2281 5069 2476 5116 caatera
2501 5063 2675 5131 capita
2703 5060 2854 5114 vario
2881 5068 3057 5113 metro
3073 5061 3335 5114 sententia
3353 5061 3547 5131 capitis

1958 5157 2322 5214 concluditur.
2363 5154 2553 5228 Capite
2584 5157 2636 5220 8,
2666 5154 2868 5210 mentio
2895 5155 2950 5206 tit
2980 5152 3256 5222 cujusdam
3283 5153 3426 5224 viri,
3458 5156 3547 5210 cui

1957 5253 2250 5307 revelatum
2299 5252 2510 5317 fuerat,
2543 5250 2945 5306 Theodoricum
2984 5265 3163 5317 regem
3196 5249 3338 5303 inter
3382 5249 3546 5305 Joan-

1958 5362 2080 5402 nem
2107 5361 2321 5416 papam,
2352 5362 2512 5416 quem
2540 5346 2591 5398 in
2613 5343 2858 5399 custodia
2888 5339 3188 5404 occiderat,
3219 5350 3274 5396 ct
3299 5343 3548 5412 Symma—

1955 5442 2117 5497 chum
2147 5439 2426 5511 patricium
2450 5480 2464 5505 ,
2499 5455 2658 5509 quem
2692 5437 2839 5491 ferro
2868 5437 3267 5499 trucidaverat,
3302 5437 3540 5492 vinetum

1959 5536 2273 5608 apparuisse
2298 5574 2313 5599 ,
2345 5542 2398 5587 et
2421 5532 2488 5586 ab
2513 5532 2619 5585 illis
2656 5523 2708 5585 in
2759 5532 2934 5599 ignem
2964 5531 3130 5586 fuisse
3163 5531 3408 5587 missum.
3440 5532 3545 5587 Ca-

1957 5633 2067 5703 pite
2089 5631 2144 5695 9,
2179 5627 2360 5682 laudat
2409 5627 2662 5696 pietatem
2713 5624 2890 5678 Caroli
2933 5622 3108 5694 Magni
3158 5634 3212 5679 et
3262 5625 3545 5681 Ludovici.

1959 5724 2203 5795 Intelligo
2231 5721 2564 5777 Ludovicum
2599 5719 2774 5786 Pium,
2800 5717 2983 5787 Caroli
3021 5718 3196 5790 Magni
3231 5721 3427 5786 lilium,
3457 5723 3552 5791 qui

1958 5833 2185 5890 regnare
2240 5815 2401 5888 cmpit
2457 5830 2597 5871 anno
2637 5811 2780 5883 8M,
2811 5811 3058 5885 adeoque
3118 5813 3370 5872 Sedulius
3400 5815 3563 5886 hujus
