3896 6366
477 225 583 286 863

1761 228 2049 293 C(ELIUS
2087 228 2442 299 SEDULIUS.
3657 237 3748 298 ιω

475 343 657 414 operis
686 351 876 402 auctor
899 350 1022 400 ante
1048 342 1307 400 saeculum
1331 357 1387 398 xt
1412 356 1517 400 non
1542 343 1748 412 ﬂoruit,
1775 354 1829 401 ct
1855 348 2071 405 videtur

2188 359 2385 414 tentior
2409 357 2480 412 sit
2508 357 2683 428 primo
2709 353 3052 422 charactere,
3084 355 3237 411 Liber
3263 354 3431 409 sancti
3459 353 3749 410 Columbani

482 453 605 494 esse
633 439 724 494 ille
750 441 862 511 ipse
905 453 1064 510 quem
1112 436 1295 491 laudat
1345 437 1718 507 Hepidannus,
1747 448 1803 494 et
1835 439 2072 505 fortasse

479 531 734 588 Sedulius
766 533 956 588 Scotus
987 572 1001 599 ,
1041 530 1195 600 cujus
1244 546 1408 586 manu
1459 531 1783 589 Psalterium
1819 533 2068 590 Griecum

481 626 740 697 scriptum
767 634 1012 682 recenset
1041 624 1474 683 Montfauconius
1491 627 1864 700 Palazograph.
1894 627 2069 684 Graec.

483 735 566 788 1n,
599 723 652 788 7,
683 737 802 792 pag.
833 721 961 776 256.
1008 720 1365 792 Dempsterus
1393 721 1673 780 Sedulium
1696 767 1711 791 ,
1754 725 2072 796 episcopum

483 816 728 872 Graecum
754 857 770 884 ,
821 815 872 870 in
909 815 1167 872 Hibernia
1216 818 1324 873 coli
1352 817 1607 886 affirmat,
1639 820 1726 874 cui
1760 818 1922 875 fidem
1965 834 2072 874 non

484 909 743 965 adhibent
774 908 1141 980 Bollandiani,
1168 911 1236 966 ad
1262 911 1406 968 diem
1431 915 1498 968 15
1531 912 1699 968 Junii.
1741 911 1933 983 Capite
1961 913 2029 969 l5
2057 951 2074 979 ,

485 1010 756 1058 memorat
777 1012 1025 1059 sanctum
1069 1005 1396 1061 Germanum
1427 1005 1932 1062 Antisiodorensem
1957 1005 2074 1074 epi-

482 1108 729 1166 scOpum,
775 1098 866 1168 qui
911 1113 1032 1154 cum
1058 1099 1242 1166 Beato
1272 1099 1426 1170 Lupo
1451 1142 1466 1168 ,
1498 1099 1757 1171 episcopo
1786 1099 2077 1155 Trecensis

482 1188 740 1259 civitatis,
765 1190 820 1245 in
847 1191 1180 1247 Britanniam
1201 1193 1268 1248 ad
1291 1193 1697 1265 exstirpandam
1727 1192 2074 1263 Pelagianam

484 1282 740 1344 haeresim
770 1286 970 1342 missus
998 1289 1196 1343 fuerat.
1226 1287 1357 1343 Post
1379 1295 1543 1359 caput
1569 1288 1637 1342 l9
1656 1333 1670 1356 ,
1696 1298 1778 1342 est
1799 1287 2075 1363 epilogus,

482 1378 575 1450 qui
601 1387 875 1451 tamquam
923 1392 1085 1454 caput
1119 1383 1190 1438 20
1214 1392 1300 1439 est
1340 1383 1649 1440 indicatus:
1681 1383 1777 1440 sed
1808 1385 2080 1456 posterior

484 1487 677 1530 manus
729 1490 1014 1530 numerum
1067 1475 1136 1530 ‘20
1168 1475 1388 1532 delevit.
1424 1475 1686 1548 Prologus
1724 1485 1871 1532 totus
1917 1492 2079 1548 prosa

485 1570 734 1624 oratione
763 1569 1103 1638 conscriptus
1130 1576 1217 1624 est
1243 1611 1258 1637 ,
1287 1579 1344 1624 et
1364 1568 1434 1624 ad
1463 1570 1754 1640 quemdam
1783 1585 1963 1640 regem
1995 1570 2078 1624 di-

481 1661 695 1732 rigitur.
747 1660 936 1716 Finis:
972 1659 1206 1733 Explicit
1236 1661 1488 1718 Sedulius
1511 1663 1575 1719 de
1614 1663 1886 1736 Regimine
1916 1661 2079 1718 Prin-

486 1753 680 1824 cipum.

1095 1845 1325 1906 CAPUT
1363 1850 1454 1907 Ill.

677 1942 889 1999 Codices
919 1944 1263 2015 manuscripti
1293 1943 1502 2000 Sedulii
1532 1953 1886 2000 recensentur.

560 2035 651 2092 62.
691 2035 958 2104 Quoniam
1005 2037 1178 2092 multa
1227 2045 1356 2093 sunt
1381 2053 1550 2109 opera
1577 2054 1807 2110 quorum
1855 2037 2080 2094 minime

492 2139 681 2187 auctor
711 2140 796 2187 est
819 2129 1074 2188 Sedulius
1105 2140 1311 2203 uoster,
1340 2134 1590 2204 quamvis
1623 2135 1826 2190 Sedulii
1862 2135 2080 2190 nomine

491 2226 750 2298 insignita
779 2226 915 2296 sint,
964 2236 1022 2282 ut
1051 2243 1118 2284 ex
1145 2227 1324 2299 capite
1353 2229 1685 2299 praecedenti
1710 2229 1918 2301 liquido
1947 2245 2079 2286 con-

489 2340 618 2398 stat,
637 2344 732 2387 eos
755 2329 1099 2401 potissimum
1123 2330 1341 2387 codices
1367 2331 1471 2386 hoc
1494 2331 1615 2387 loco
1639 2331 2082 2388 enumerabimus

491 2427 585 2499 qui
613 2426 855 2481 carmina
879 2424 1086 2481 Sedulii
1117 2435 1170 2481 et
1198 2440 1336 2496 epus
1362 2428 1482 2496 ejus
1511 2427 1787 2497 paschale,
1814 2427 1929 2482 sive
1951 2427 2083 2482 Pro-

487 2535 603 2576 sam
633 2520 918 2575 continent
944 2535 957 2573 :
985 2518 1223 2574 breviter
1250 2519 1614 2575 indicabimus
1640 2520 1962 2585 nonnullos,
1991 2519 2083 2591 qui

491 2627 655 2684 opera
700 2611 867 2667 dubia
909 2613 1351 2682 complectuntur
1392 2629 1406 2666 :
1451 2629 1575 2668 nam
1605 2612 1674 2668 de
1700 2614 1856 2680 aliis,
1885 2613 2084 2684 quibus

484 2721 640 2762 sacra
670 2705 954 2776 Scriptura
982 2705 1293 2775 exponitur,
1325 2705 1540 2762 abunde
1576 2705 1783 2761 dictum
1815 2716 1900 2762 est
1931 2724 2081 2762 num.

489 2803 583 2869 45,
613 2801 680 2856 56
709 2815 862 2871 seqq.
896 2797 1393 2855 Praestantissimus
1438 2797 1648 2856 Sedulii
1693 2800 1866 2855 codex
1907 2808 2085 2854 exstat

488 2896 544 2950 in
574 2894 905 2951 bibliotheca
937 2894 1073 2965 regii
1101 2895 1336 2950 athenaei
1368 2892 1750 2950 Taurinensis.
1785 2893 1896 2967 40
1923 2893 2082 2949 Cata-

487 2989 645 3061 logus
691 2987 941 3044 codicum
989 3003 1122 3042 mss.
1169 2986 1289 3057 ejus
1334 2987 1686 3042 bibliotheca:
1735 2987 1915 3041 editus
1967 2996 2080 3052 est,

489 3083 644 3154 cujus
690 3090 942 3138 auctores
994 3089 1123 3135 sunt
1174 3077 1443 3151 Josephus
1498 3079 1762 3148 Pasinus,
1817 3080 2084 3134 Antonius

487 3181 793 3239 Rivautella
817 3224 832 3248 ,
875 3191 929 3237 et
956 3179 1286 3236 Franciscus
1315 3181 1502 3236 Berta.
1534 3180 1707 3236 Temo
1738 3180 1785 3235 ll
1812 3180 2080 3250 Catalogi,
2111 3167 2157 3230 C

490 3293 611 3345 past.
670 3276 798 3343 2M,
843 3256 1186 3332 describitur
1239 3274 1414 3330 codex
1463 3276 1914 3331 membranaceus
1961 3276 2085 3340 766,

491 3370 648 3440 enjus
673 3370 1004 3424 eharacteris
1047 3369 1322 3439 specimen
1357 3367 1672 3433 exhibetur,
1711 3380 1967 3423 constans
2013 3367 2090 3421 fo-

492 3461 579 3518 liis
606 3461 697 3526 36,
728 3461 922 3516 formae
949 3461 1255 3536 quadrata,
1290 3462 1381 3533 qui
1423 3464 1587 3517 etiam
1630 3460 1698 3516 ad
1741 3461 2001 3516 smculum
2035 3476 2089 3516 v1

494 3564 774 3636 pertinere
794 3564 1018 3620 dicitur.
1045 3564 1156 3620 Nec
1178 3565 1430 3643 dissentit
1445 3565 1710 3629 Mansius,
1730 3565 1820 3635 qui
1843 3564 2085 3619 codicem

488 3661 666 3729 ipsum
713 3659 1115 3730 perlustravit,
1165 3658 1220 3714 in
1269 3667 1387 3713 not.
1438 3658 1504 3713 ad
1537 3657 2084 3715 Biblioth.Fabricii.

491 3755 607 3810 lloc
639 3753 830 3810 ordine
866 3752 1181 3810 referuntur
1226 3768 1393 3824 opera
1432 3752 1662 3809 Sedulii.
1715 3752 1923 3820 Primo,
1969 3753 2088 3822 epi-

494 3847 635 3904 stola
679 3846 887 3904 Sedulii
939 3847 1003 3902 ad
1051 3846 1401 3903 Macedonem
1440 3845 1462 3921 (
1495 3847 1615 3918 lege
1665 3844 2088 3917 Macedonium)

492 3944 729 4017 scripta,
779 3944 875 4000 sed
922 3943 1111 3999 mutila
1154 3953 1172 3996 :‘
1217 3944 1405 4014 incipit
1453 3945 1646 3999 enim:
1694 3942 1768 3995 Ab
1799 3941 2090 4014 Scripturis

493 4037 791 4094 celsioribus
835 4055 1052 4104 vacans,
1101 4037 1469 4092 humilioribus
1519 4054 1719 4108 quoque
1784 4045 1829 4090 te
1879 4035 2089 4090 libenter

489 4134 778 4203 impertias.
815 4131 938 4186 Non
967 4149 1169 4203 semper
1201 4134 1376 4205 aquila
1419 4150 1582 4204 supra
1611 4132 1768 4186 nubes
1806 4134 1941 4187 elata
1972 4150 2089 4202 per-

493 4228 693 4292 rolitat,
719 4236 824 4282 etc.
858 4227 919 4280 In
945 4227 1051 4281 ﬁne
1079 4227 1330 4296 epistola:
1351 4245 1364 4281 :
1388 4227 1616 4297 Explicit
1640 4228 1857 4300 epistola
1886 4227 2089 4283 Sedulii

499 4318 568 4372 ad
609 4317 927 4373 Macedoneo
955 4319 1055 4373 Pbi
1083 4321 1319 4391 feliciter.
1363 4321 1494 4376 Post
1524 4321 1814 4392 epistolam
1843 4323 2090 4394 sequitur

502 4413 750 4484 praefatio
781 4413 847 4467 ad
878 4413 1278 4484 Theodosium,
1328 4416 1693 4484 Romulidum,
1755 4427 1886 4484 etc.,
1926 4432 2087 4489 quam

499 4507 711 4564 Sedulii
741 4508 1003 4562 non"esse
1043 4507 1296 4564 diximus.
1329 4510 1494 4566 Liber
1523 4528 1538 4565 ι
1569 4511 1781 4582 incipit,
1812 4513 1941 4566 Cum
1971 4528 2087 4576 sua,

494 4613 601 4659 c:c.
632 4601 778 4657 Nihil
823 4602 876 4656 in
921 4602 1184 4672 Catalogo
1232 4603 1429 4658 dicitur
1465 4604 1532 4658 de
1559 4606 1786 4677 prologo
1835 4606 2088 4670 metrico,

501 4694 824 4760 Pascltates,
858 4703 965 4751 etc.
1025 4694 1255 4749 Carmen
1315 4695 1550 4750 divisum
1603 4707 1686 4751 est
1737 4699 1790 4752 in
1849 4697 2089 4768 quinque

495 4790 689 4857 libros,
721 4798 778 4843 ut
805 4789 859 4843 in
889 4787 1171 4860 plerisque
1193 4789 1418 4860 Optimis
1449 4790 1725 4845 codicibus
1761 4792 2085 4847 notabimus.

499 4883 629 4937 Post
677 4881 880 4937 librum
936 4882 1152 4936 tertium
1199 4881 1490 4946 carminis,
1553 4882 1644 4953 qui
1692 4885 1962 4939 secundus
2008 4897 2090 4940 est

500 4980 625 5036 novi
653 4979 1022 5046 Testamenti,
1057 4979 1388 5048 subscriptio
1436 4978 1551 5034 haec
1595 4981 1919 5035 correctoris
1959 4981 2093 5051 legi-

499 5082 590 5128 tur
636 5091 648 5126 :
693 5071 806 5145 Ego
830 5072 1189 5126 Abundantius
1231 5074 1385 5127 istum
1416 5073 1602 5127 librum
1633 5074 1825 5127 contuli
1853 5071 2089 5144 feliciter.

498 5165 740 5222 Carmini
770 5166 1009 5235 paschali
1054 5166 1293 5222 succedit
1338 5166 1511 5237 elegia
1563 5166 1858 5222 Cantemus.
1899 5169 2093 5240 llymni

496 5259 810 5316 abecedarii
846 5261 883 5314 Α
905 5261 1030 5314 solis
1056 5272 1220 5328 ortus,
1265 5264 1473 5317 mentio
1505 5279 1613 5316 non
1645 5262 1703 5316 lit
1735 5263 1786 5316 in
1811 5262 2089 5333 Catalogo.

501 5355 823 5412 Uberiorem
855 5357 1136 5428 magisque
1160 5368 1404 5412 exactam
1434 5357 1638 5414 codicis
1667 5358 2087 5426 descriptionem

502 5465 624 5506 cum
671 5449 1110 5518 desiderassem,
1159 5452 1301 5506 votis
1354 5454 1490 5508 meis
1534 5453 1960 5508 cumulatissime
2004 5467 2089 5508 re-

504 5544 723 5613 spondit
769 5545 964 5600 Comes
1014 5547 1286 5602 Galeanus
1346 5548 1590 5618 Napione
1633 5550 1700 5604 de
1749 5550 2089 5613 Cocconato,

507 5639 738 5710 egregiis
765 5640 928 5694 editis
974 5641 1232 5709 operibus
1281 5642 1460 5696 clarus
1480 5685 1495 5709 ,
1525 5651 1580 5696 et
1605 5643 1672 5698 de
1701 5643 1847 5697 omni
1883 5643 2095 5697 littera-

507 5740 640 5786 tum:
675 5749 876 5803 genere
919 5735 1524 5793 benemerentissimus.
1578 5737 1634 5791 ln
1679 5738 1851 5807 prima
1898 5737 2095 5807 pagina

493 5824 700 5881 codicis
743 5827 936 5898 legitur
1002 5827 1315 5885 charactere
1385 5832 1633 5903 antiquo,
1690 5833 1783 5888 sed
1840 5834 1932 5904 qui
2003 5849 2090 5888 re-

2119 4571 2167 4630 D

2176 452 2239 504 de
2266 449 2455 516 Bobio,
2503 449 2646 519 quod
2687 449 2895 521 arguit,
2941 450 3139 505 librum
3170 450 3297 504 olim
3332 449 3662 519 pertinuisse
3689 451 3744 504 ad

2176 544 2567 601 monasterium
2598 544 2868 601 Bobiense
2891 591 2906 615 ,
2944 545 3013 601 de
3040 561 3146 616 quo
3179 545 3303 601 vide
3333 560 3486 600 num.
3517 543 3606 598 94.
3646 542 3750 599 Etsi
3850 542 3851 586 Ὺ

2177 654 2307 695 vero
2336 639 2388 693 in
2418 638 2715 708 speeimine
2757 638 3172 705 cbaracterum,
3217 638 3360 711 quod
3410 639 3465 693 in
3506 636 3750 706 Catalogo
3850 636 3851 694 1

2179 748 2310 788 mss.
2359 732 2670 800 exhibetur,
2718 733 2915 789 littera:
2946 743 3072 789 sunt
3115 732 3468 804 majusculte,
3513 731 3631 787 sive
3654 729 3750 786 Ro-

2178 843 2372 896 manze,
2397 837 2454 884 ut
2487 844 2632 885 nunc
2658 845 2940 898 vocamus,
2970 840 3150 887 tamen
3173 846 3242 887 ex
3266 829 3564 902 speeimine
3590 827 3751 883 diver-

2179 938 2364 978 sorum
2396 923 2639 979 locorum
2687 925 2755 980 ad
2804 940 2892 982 me
2927 924 3094 980 misso
3121 932 3371 992 constat,
3406 925 3506 978 tria
3541 921 3750 993 reperiri

2179 1016 2484 1072 litterarum
2517 1034 2743 1090 genera,
2776 1020 2953 1091 qualia
2979 1020 3133 1076 multi
3156 1018 3299 1092 apud
3329 1029 3544 1075 veteres
3572 1018 3751 1073 Roma-

2181 1125 2279 1164 nos
2311 1109 2479 1167 fuisse
2506 1113 2874 1179 contendunt,
2894 1115 3045 1185 quasi
3072 1114 3195 1168 aliae
3224 1113 3432 1170 fuerint
3458 1112 3751 1183 majusculac
3850 1131 3851 1154 ι

2181 1203 2594 1274 inscriptionum
2625 1207 2866 1263 maxime
2895 1208 3130 1278 propriae
3149 1251 3166 1274 ,
3195 1208 3317 1263 aliae
3344 1207 3506 1278 vulgo
3535 1207 3747 1275 usitatae,

2180 1309 2241 1352 ut
2285 1298 2397 1355 fere
2443 1309 2570 1354 sunt
2599 1311 2838 1368 nostrae,
2887 1302 3013 1358 aliae
3049 1303 3279 1359 cursivaa
3313 1311 3370 1359 et
3415 1302 3748 1366 minutiores,

2181 1391 2372 1447 eadem
2405 1393 2616 1461 forma,
2662 1403 2756 1450 aut
2783 1410 2976 1466 parum
3006 1396 3242 1452 diversa.
3276 1395 3441 1452 lnitio
3487 1410 3612 1466 ergo
3649 1409 3753 1449 car-

2183 1484 2346 1544 minis
2396 1484 2635 1556 scriptus
2691 1499 2918 1559 apparet
2971 1490 3146 1545 codex
3211 1489 3410 1545 litteris
3469 1487 3752 1559 majusculis

2182 1578 2493 1648 quadratis,
2536 1588 2725 1651 postea
2754 1582 2898 1640 idem
2927 1583 3184 1640 librarius
3234 1583 3467 1641 formam
3514 1583 3748 1648 mutavit,

2119 1729 2122 1732 ,
2184 1672 2278 1727 sed
2326 1671 2429 1746 41
2465 1690 2876 1748 nonnumquam
2902 1677 2969 1733 ad
3001 1679 3211 1735 litteras
3250 1677 3579 1750 majusculas
3607 1676 3749 1740 redit,

2109 1763 2158 1824 B
2187 1770 2492 1838 prtesertim
2539 1786 2663 1828 cum
2693 1788 2887 1829 versus
2929 1773 3128 1830 litteris
3154 1774 3337 1831 rubris
3363 1774 3580 1843 scribit,
3626 1770 3750 1844 quod

2183 1864 2455 1920 interdum
2505 1867 2723 1922 accidit.
2776 1867 2953 1923 Finita
2982 1869 3212 1940 epistola
3261 1869 3327 1924 ad
3365 1867 3748 1933 Macedoniam,

2184 1960 2368 2014 statim
2417 1961 2611 2031 incipit
2656 1977 2910 2029 carmen,
2945 1963 3073 2018 Cum
3103 1982 3199 2019 sua
3227 1965 3464 2037 gentiles.
3498 1962 3751 2018 Dedicatio

2183 2052 2254 2108 ad
2284 2051 2676 2122 Theodosium,
2709 2055 3058 2111 Romulidum
3098 2058 3300 2123 ductor,
3347 2057 3504 2114 deest
3530 2058 3749 2122 omnino,

2183 2147 2430 2216 adeoque
2478 2145 2662 2201 hacin
2695 2163 2755 2204 re
2800 2147 3017 2221 decepti
3062 2160 3190 2206 sunt
3225 2160 3484 2207 auctores
3512 2150 3747 2222 Catalogi.

2184 2240 2348 2300 Deest
2399 2245 2567 2299 etiam
2615 2245 2881 2317 prologus
2935 2247 3200 2304 metricus
3247 2247 3566 2316 Pascltales;
3595 2247 3677 2304 sed
3703 2248 3748 2302 in

2186 2339 2377 2395 ultimo
2409 2339 2620 2396 codicis
2654 2342 2810 2410 folio,
2858 2343 3003 2415 quod
3031 2359 3140 2400 non
3170 2342 3308 2399 satis
3336 2343 3507 2416 liquet
3535 2361 3597 2398 an
3620 2343 3748 2398 volu-

2187 2435 2323 2490 mini
2353 2435 2761 2506 superadditnm
2793 2437 2985 2502 fuerit,
3012 2438 3278 2509 descripti
3318 2447 3447 2494 sunt
3476 2439 3551 2494 illi
3579 2451 3749 2494 versus

2187 2529 2594 2585 eharacteribus
2629 2531 2832 2601 partim
2869 2532 3078 2603 rubris,
3122 2534 3322 2603 partim
3366 2531 3570 2602 nigris,
3612 2545 3749 2586 manu

2187 2623 2585 2693 antiquissima,
2622 2624 2722 2679 sed
2747 2623 2966 2679 diversa
2993 2625 3060 2680 ab
3091 2640 3153 2680 ea
3185 2642 3305 2696 qua:
3333 2641 3554 2682 carmen
3583 2640 3748 2681 exara-

2188 2713 2284 2770 vit.
2315 2716 2541 2772 Litterae
2571 2732 2769 2788 magna
2794 2732 2861 2773 ex
2891 2726 3043 2787 parte
3066 2728 3450 2775 evanuerunt:
3479 2719 3574 2775 sed
3602 2735 3748 2790 quan-

2187 2819 2302 2865 tum
2337 2812 2520 2883 colligi
2571 2821 2775 2881 potest,
2807 2813 3071 2869 mendose
3100 2815 3343 2885 scriptus
3393 2824 3479 2871 est
3521 2813 3748 2885 prologus

2187 2905 2469 2960 metricus.
2496 2905 2885 2961 Desiderantur
2907 2907 3070 2962 etiam
3097 2907 3152 2963 in
3182 2908 3376 2964 eodem
3401 2909 3570 2964 veteri
3592 2922 3748 2964 exem-

2185 2998 2331 3067 plari
2357 2998 2595 3070 hymnus
2622 3000 2982 3056 abec-edarius
3009 3001 3054 3056 A
3083 3002 3211 3057 solis
3236 3012 3380 3057 ortus
3398 3045 3412 3068 ,
3441 3003 3745 3075 epigramma

2188 3091 2430 3159 Sedulii,
2474 3109 2666 3149 versus
2694 3096 2988 3150 acrosdcbi
3018 3095 3220 3152 Liberii
3257 3105 3315 3152 et
3355 3094 3622 3152 Belisarii.
3651 3094 3746 3149 Non

2190 3189 2399 3258 passim
2432 3189 2651 3260 quidem
2673 3230 2688 3255 ,
2743 3189 2841 3245 sed
2877 3190 3080 3245 alicubi
3113 3199 3297 3246 tamen
3327 3190 3558 3263 margini
3600 3189 3748 3245 ascri-

2189 3281 2393 3337 buntur
2425 3283 2606 3352 capita
2630 3298 2814 3338 rerum
2835 3299 2986 3354 ,qua:
3017 3299 3422 3350 nonnumquam
3454 3282 3745 3348 recentiori,

2188 3385 2248 3431 ut
2276 3376 2516 3445 videtur,
2542 3377 2862 3434 charactere
2894 3377 3232 3434 indicantur.
3258 3377 3464 3433 Asterii
3494 3377 3552 3432 lit
3575 3376 3749 3432 mentio

2189 3469 2244 3525 in
2277 3472 2466 3525 ultimo
2489 3470 2620 3525 folio
2647 3471 2966 3542 voluminis,
2992 3483 3052 3527 ut
3078 3473 3189 3527 alio
3216 3473 3340 3529 loco
3371 3472 3567 3527 dicam.
3588 3471 3749 3526 Anim-

2188 3564 2423 3622 advertit
2448 3565 2692 3621 eruditus
2717 3565 3026 3637 descriptor
3056 3565 3287 3633 codicis,
3318 3581 3465 3637 smpe
3490 3578 3748 3621 occurrere

2189 3679 2216 3716 e
2249 3676 2346 3730 pro
2379 3663 2417 3730 i,
2451 3673 2509 3717 ut
2534 3662 2756 3734 explerit
2784 3677 2886 3734 pro
2914 3663 3153 3736 explicit,
3186 3663 3458 3718 ordenavit
3500 3677 3596 3733 pro
3630 3660 3749 3714 ordi-

2190 3757 2363 3823 navit,
2419 3757 2522 3810 alet
2569 3770 2668 3826 pro
2715 3756 2833 3813 alit.
2869 3756 2927 3813 ln
2958 3756 3261 3826 speeimine
3309 3756 3670 3813 cbaracterum
3693 3752 3746 3809 ad

2189 3865 2276 3904 me
2304 3849 2476 3904 misso
2498 3849 2761 3916 observo,
2788 3850 3058 3906 interdum
3079 3849 3110 3902 lt
3135 3867 3230 3922 pro
3257 3866 3284 3904 c
3307 3851 3460 3921 poni,
3485 3860 3543 3906 ut
3563 3848 3746 3912 kanant,

2190 3944 2364 4015 paskaz
2388 3986 2402 4013 ,
2456 3953 2513 4000 et
2540 3961 2569 3999 ο
2602 3961 2701 4016 pro
2729 3963 2783 4012 u,
2819 3956 2878 4001 ut
2905 3945 3148 4001 Sedolius
3188 3962 3288 4017 pro
3320 3945 3566 4003 Sedulius
3605 3963 3623 4000 :
3661 3957 3748 4014 quo

2191 4037 2432 4107 pertinet
2461 4039 2516 4093 in
2547 4039 2655 4095 line
2684 4039 2939 4109 epistola:
2975 4039 3042 4092 ad
3089 4039 3409 4096 Macedoneo
3451 4057 3471 4095 :
3514 4054 3658 4103 nam,
3701 4043 3747 4090 ut

2191 4133 2406 4202 opinor,
2432 4134 2693 4204 scriptum
2723 4133 2914 4204 itaqfuit
2942 4149 3042 4204 pro
3070 4134 3458 4200 Macedoniam,
3478 4144 3530 4190 et
3547 4134 3747 4188 fortasse

2194 4223 2420 4280 evanuit
2471 4225 2613 4282 linea
2659 4241 2819 4295 supra
2867 4243 2916 4280 ο.
2967 4227 3097 4282 llaec
3141 4236 3359 4293 autem,
3411 4235 3464 4282 et
3507 4226 3747 4280 aliaame

2193 4317 2578 4375 animadversa
2608 4335 2676 4376 eo
2718 4337 2806 4376 me
2830 4312 3058 4387 ducunt,
3092 4328 3150 4375 ut
3180 4321 3500 4390 conjiciam,
3533 4318 3746 4376 codicem

2194 4413 2397 4468 sacculo
2425 4430 2519 4468 vni
2549 4414 2914 4485 antiquiorem
2947 4430 3054 4471 non
3083 4429 3226 4471 esse.
3256 4414 3362 4471 Alii
3390 4414 3641 4484 majorem
3669 4426 3748 4465 an-

2194 4507 2502 4578 tiquitatem
2533 4508 2607 4562 illi
2639 4509 2903 4578 tribuant,
2929 4525 3026 4581 per
3049 4525 3136 4567 me
3159 4511 3287 4565 licet
3314 4528 3325 4563 :
3353 4525 3526 4582 neque
3549 4510 3748 4565 deerunt

2194 4601 2398 4656 similia
2444 4603 2585 4675 apud
2612 4603 2750 4660 alios
2781 4605 3048 4676 exempla,
3079 4605 3279 4675 quibus
3308 4603 3451 4660 hanc
3481 4619 3623 4659 suam
3652 4603 3748 4672 opi-

2193 4694 2416 4752 nionem
2469 4706 2742 4753 tueantur.
2801 4698 3152 4764 Gallandius,
3208 4709 3342 4754 tom.
3394 4715 3445 4754 ix
3489 4696 3743 4759 Bibliotb.,

2194 4792 2248 4845 in
2300 4791 2523 4847 dissert.
2573 4795 2640 4850 de
2684 4793 2945 4866 Sedulio,
2997 4812 3065 4852 ex
3116 4795 3411 4852 collatione
3459 4794 3652 4852 codicis
3690 4793 3744 4848 ab

2196 4885 2511 4940 auctoribus
2543 4887 2782 4958 Catalogi
2817 4888 3083 4955 instituta,
3123 4891 3352 4960 colligit,
3385 4890 3559 4946 minus
3582 4902 3743 4944 emen-

2199 4980 2382 5035 datum
2416 4997 2537 5035 eum
2565 4997 2686 5037 esse
2706 5024 2720 5050 ,
2755 4998 2929 5053 neque
2955 4999 3140 5054 parum
3170 4984 3290 5055 ejus
3315 4982 3613 5041 auctoritati
3641 4979 3741 5036 olli-

2199 5087 2325 5127 cere
2357 5076 2692 5143 praemissam
2738 5078 2966 5132 carmini
2997 5079 3398 5134 dedicationem
3431 5078 3496 5134 ad
3529 5075 3742 5132 Theodo-

2200 5165 2360 5220 sium.
2397 5167 2596 5222 Verum
2641 5171 2779 5235 quod
2814 5172 3011 5227 attinet
3050 5173 3116 5228 ad
3158 5171 3586 5239 dedicationem,
3630 5168 3742 5224 falso

2198 5276 2318 5314 eam
2351 5261 2418 5316 ab
2463 5264 2777 5320 auctoribus
2806 5265 3048 5337 Catalogi
3079 5266 3256 5322 codici
3303 5269 3502 5322 ascribi
3540 5266 3640 5336 jam
3663 5279 3742 5319 no-

2200 5355 2329 5408 tavi.
2392 5355 2629 5414 ditatem
2678 5360 3044 5428 Abundantii,
3087 5363 3177 5433 qui
3231 5361 3475 5418 codicem
3523 5358 3737 5420 contulit,

2203 5463 2537 5520 nequaquam
2581 5456 2824 5523 reperire
2868 5456 3018 5527 potui
3061 5473 3075 5514 :
3123 5471 3302 5527 neque
3348 5458 3490 5512 enim
3536 5455 3738 5511 arbitror

2201 5557 2322 5597 esse
2371 5532 2772 5602 Abundantium
2803 5596 2817 5620 ,
2870 5550 2938 5605 ad
2994 5565 3153 5618 quem
3206 5561 3385 5606 exstat
3446 5552 3734 5623 epigramma

2201 5636 2454 5704 Ennodii,
2487 5642 2575 5707 qui
2609 5643 2814 5697 sacculo
2838 5657 2890 5698 vr
2922 5645 3145 5701 ineunte
3172 5645 3374 5702 ﬂoruit.

2273 5733 2361 5787 65.
2387 5731 2442 5786 In
2471 5733 2801 5791 Bibliotheca
2833 5734 3087 5792 Vaticana
3129 5748 3328 5809 praeter
3357 5742 3585 5797 codicem
3609 5735 3732 5791 Pala-

2202 5828 2396 5896 tinum,
2429 5827 2519 5899 qui
2543 5844 2712 5900 pauca
2743 5829 2812 5887 dc
2841 5829 3068 5889 Sedulio
3094 5834 3282 5905 refert,
3315 5846 3376 5893 ut
3397 5836 3502 5893 dixi
3531 5849 3657 5890 num.
3687 5831 3727 5892 ἷέ,
