3896 6354
202 298 314 358 465

1574 306 2111 368 PBOLEGOHENA‘.

3408 316 3519 378 466

201 428 259 475 et
288 419 436 477 duos
463 423 612 481 alios
633 467 649 495 ,
683 427 775 499 qui
810 426 917 500 ιε
948 439 1116 496 opera
1154 428 1382 486 alterius
1423 428 1631 486 Sedulii
1663 427 1817 485 exhi-
1846 427 1899 491 Δ
1925 430 2125 486 mansit
2157 430 2379 501 folium,
2408 434 2462 489 in
2493 449 2604 505 quo
2632 433 2951 490 charactere
2981 431 3268 490 minutiorl
3297 446 3521 494 exarata

203 514 361 582 bent,
397 527 460 572 ut
495 521 736 590 explicui
769 537 924 577 num.
957 520 1027 576 58
1061 531 1116 578 et
1147 524 1236 591 61,
1275 525 1524 582 undecim
1551 525 1693 580 alios
1724 539 1817 580 co-

199 610 356 666 dices
389 615 610 669 contuli
637 662 650 683 ,
697 631 836 686 quos
869 632 1014 672 nunc
1044 617 1376 686 describam,
1411 621 1525 675 Duo
1556 628 1685 674 sunt
1732 617 1817 673 hi-

199 701 512 761 bliothecac
545 708 749 763 veteris
775 708 1073 774 Vaticante,
1105 714 1192 782 qui
1217 713 1540 783 simpliciter
1567 711 1818 767 Vaticani

197 798 498 870 dicuntur,
536 817 632 858 sex
665 801 1012 860 bibliothecae
1033 805 1254 878 Regina:
1272 809 1496 863 Suecor.
1527 807 1817 863 Christiana:

197 893 266 948 ad
297 894 636 951 Vaticanam
669 898 972 966 translatae,
1033 900 1143 957 duo
1194 901 1440 957 Vaticani
1493 901 1815 957 Ottobonia-

199 991 281 1058 ni,
314 1007 474 1047 unus
512 992 812 1049 Vaticanus
841 994 1096 1052 Urbinas.
1228 986 1230 992 ’

273 1087 368 1143 (il.
398 1087 600 1145 Codex
638 1091 924 1150 Vaticanus
970 1095 1109 1152 1665
1150 1098 1599 1154 membranaceus
1631 1096 1813 1153 in-l‘ol.

198 1196 381 1251 parvo
423 1185 855 1255 comprehendit
901 1190 1211 1256 Aratorem,
1259 1200 1315 1246 et
1362 1192 1666 1247 Sedulium.
1710 1191 1821 1247 Ad-

196 1286 332 1330 sunt
384 1278 599 1348 aliquze
647 1281 866 1352 glossae,
925 1299 1047 1354 qua:
1095 1283 1211 1339 fere
1255 1295 1613 1352 evanuerunt,
1660 1285 1818 1356 plura

196 1372 543 1440 compendia
559 1373 885 1447 litterarum,
901 1393 1008 1434 non
1029 1393 1196 1448 pauca
1211 1379 1429 1449 menda,
1446 1380 1818 1436 correctiones

195 1466 468 1534 quaedam
498 1484 529 1524 a
563 1486 725 1527 manu
771 1474 970 1536 veteri.
1005 1473 1330 1547 diphthongi
1359 1493 1404 1531 az
1433 1487 1488 1532 et
1518 1495 1582 1545 te,
1621 1475 1819 1531 littera:

196 1559 253 1625 l,
287 1560 317 1614 ὑ
341 1601 356 1625 ,
379 1563 440 1634 f,
472 1580 527 1631 p,
561 1573 616 1619 et
644 1565 854 1622 similes
878 1567 1094 1639 longius
1125 1581 1476 1635 excrescunt,
1509 1569 1817 1640 praesertim

195 1655 255 1711 in
303 1659 520 1729 primis
563 1670 618 1717 et
663 1661 867 1718 ultimis
911 1664 1068 1720 lineis
1111 1682 1124 1719 :
1159 1665 1306 1735 quod
1349 1666 1528 1720 innuit
1573 1664 1817 1720 codicem

197 1765 309 1806 non
363 1767 495 1810 esse
540 1754 699 1812 valde
743 1757 1052 1830 antiquum.
1098 1758 1476 1827 Crediderim,
1529 1759 1597 1813 ad
1644 1775 1820 1817 saecu-

193 1843 310 1899 lum
344 1862 411 1901 x1
445 1848 673 1905 circiter
718 1853 992 1921 pertinere
1027 1867 1040 1904 :
1078 1851 1525 1908 Montl‘aucouius
1558 1866 1689 1908 vero
1714 1895 1728 1917 ,
1762 1853 1816 1908 in

191 1939 474 2020 Biblioth.
507 1959 667 2012 mss.,
695 1961 819 2015 pag.
854 1946 1065 2017 1:26,;ad
1090 1947 1352 2002 saeculum
1388 1962 1442 2002 1x
1475 1947 1816 2016 relert.Post

193 2025 506 2092 Aiatorem
541 2038 735 2110 incipit
772 2039 921 2094 illico
967 2040 1226 2112 prologus
1256 2039 1521 2097 metricus
1561 2041 1768 2098 Sedulii
1797 2085 1813 2111 ,

195 2142 254 2187 ut
296 2132 356 2187 in
401 2133 579 2190 variis
610 2135 942 2192 lectionibus
974 2138 1198 2195 uberius
1228 2148 1560 2210 exponetur,
1603 2148 1661 2195 et
1691 2151 1816 2210 post

193 2230 500 2302 prologum
526 2233 815 2289 metricum
841 2233 1018 2291 liberi
1048 2237 1312 2292 carminis
1337 2235 1638 2308 paschalis.
1660 2236 1717 2292 ln
1745 2236 1813 2290 ﬁ-

193 2341 264 2381 ne
300 2345 314 2380 :
352 2324 600 2396 Explicit
645 2327 776 2382 liber
827 2328 1070 2395 Sedulii,
1120 2329 1311 2399 incipit
1356 2347 1564 2384 carmen
1605 2330 1812 2400 ipsius:

194 2417 526 2488 Cantemus,
559 2428 668 2476 etc.
709 2421 839 2476 Post
875 2423 1107 2494 elegiam
1142 2424 1262 2479 sine
1292 2423 1449 2478 titulo
1474 2424 1811 2495 epigramma

191 2513 440 2585 Sedulii,
499 2514 630 2571 Htec
678 2527 787 2584 tua,
835 2526 891 2573 et
938 2518 1170 2574 subinde
1220 2519 1430 2589 pariter
1478 2520 1600 2574 sine
1653 2518 1812 2573 titulo

192 2607 464 2679 hymnus,
509 2612 552 2664 A
583 2612 709 2666 solis
749 2621 924 2681 ortus,
952 2629 1058 2682 quo
1086 2615 1243 2669 ﬁnito
1274 2614 1467 2683 incipit
1487 2613 1721 2683 epistola
1745 2613 1811 2667 ad

192 2704 614 2774 Macedonium,
659 2707 757 2764 sed
795 2707 973 2761 solum
1025 2708 1275 2778 procedit
1313 2725 1488 2778 usque
1523 2708 1590 2763 ad
1646 2708 1811 2764 verba

192 2796 273 2853 De
326 2799 654 2870 quotidiana:
707 2815 825 2855 vero
877 2801 1266 2856 misericordite.
1321 2803 1529 2857 Desunt
1579 2801 1811 2871 reliqua,

195 2891 394 2947 avulso
429 2908 535 2947 uno
556 2893 645 2948 vel
673 2893 925 2964 pluribus
956 2895 1125 2952 foliis.
1154 2896 1256 2953 Hic
1280 2897 1411 2952 mihi
1447 2897 1610 2954 estin
1642 2899 1814 2953 variis

198 2987 545 3044 lectionibus
569 2987 865 3046 Vaticanus
900 2991 1132 3061 primus,
1167 2991 1283 3046 sive
1325 2991 1437 3047 Vat.
1471 2995 1524 3047 1.

269 3084 364 3142 65.
393 3085 551 3140 Alter
576 3084 750 3142 codex
775 3084 1091 3152 Vaticanus,
1118 3073 1268 3141 num.
1301 3089 1464 3150 7:178,
1493 3088 1682 3143 saeculi
1715 3105 1806 3154 xv,

199 3179 533 3236 chartaceus
560 3192 646 3238 est
669 3198 690 3235 ιε
722 3181 965 3237 continet
993 3183 1201 3240 Sedulii
1226 3184 1514 3254 epistolam
1539 3186 1609 3240 ad
1635 3186 1810 3243 Mace-

1919 527 2305 583 estannotatio
2328 527 2440 598 jam
2472 527 2734 596 indicata,
2765 527 2883 582 Hoc
2915 544 3044 600 opus
3071 527 3340 599 Sedulius,
3375 540 3512 603 etc.,

1921 617 2007 672 cui
2033 620 2278 675 succedit
2307 622 2644 693 epigramma
2672 621 2876 679 Asterii
2903 663 2918 688 ,
2956 621 3118 679 Sume
3143 665 3157 690 ,
3192 639 3357 678 sacer.
3387 624 3519 682 Post

1923 714 2026 770 hoc
2056 717 2392 788 epigramma
2423 719 2527 773 alia
2553 727 2636 774 est
2663 719 2947 774 annotatio
2973 717 3041 774 ad
3067 717 3280 790 prologi
3305 721 3520 777 metrici

1920 810 2357 880 expositionem,
2393 827 2513 882 quae
2563 811 2727 868 simili
2775 812 2938 868 modo
2984 813 3038 868 in
3071 810 3442 870 Ottoboniano
3473 830 3516 881 ι,

1921 920 2071 958 num.
2102 904 2192 973 75,
2218 905 2578 973 recensendo,
2608 907 2966 977 exprimitur:
2995 907 3270 977 Sedulius,
3297 910 3521 980 epistola

1922 995 2231 1052 Macedonio
2282 999 2553 1071 prtemissa
2580 1002 2897 1072 presbytero,
2930 1001 3148 1056 sedecim
3179 1001 3370 1057 dehinc
3400 1019 3516 1056 ver-

1921 1109 2074 1146 suum
2123 1092 2338 1165 prologo
2386 1092 2610 1148 lecturos
2663 1095 2908 1162 invitans,
2969 1104 3326 1168 paupertatem
3367 1096 3520 1152 exilis

1920 1186 2114 1259 ingenii
2144 1188 2339 1241 olerum
2373 1197 2641 1258 comparat
2662 1188 2851 1243 vilitati
2881 1207 2900 1244 .'
2931 1206 2998 1244 ea:
3017 1191 3170 1261 cujus
3200 1190 3430 1245 carmine
3459 1191 3524 1245 de

1921 1280 2142 1353 singulis
2173 1283 2441 1354 utriusque
2475 1282 2792 1338 Testamenti
2821 1285 3093 1338 miraculis
3137 1284 3247 1338 lucc
3283 1293 3402 1339 sunt
3429 1301 3521 1339 ca-

1921 1378 2032 1448 pita
2055 1387 2362 1447 pramotata.
2396 1376 2700 1449 Sequuntur
2735 1377 2934 1431 indicia
2965 1378 3236 1432 titulorum
3269 1395 3375 1434 xxv
3403 1380 3517 1433 sin-

1922 1471 2057 1540 gulis
2086 1471 2411 1542 sequntibus
2444 1471 2696 1543 capitibus
2744 1471 2762 1538 (
2795 1470 2933 1525 forte
2976 1469 3133 1526 deest
3178 1471 3268 1526 hic
3296 1473 3519 1544 aliquod

1923 1565 2171 1636 verbum)
2202 1567 2307 1621 sive
2351 1575 2612 1638 coaptata.
2649 1563 3020 1635 Hieronymus,
3053 1565 3105 1618 in
3136 1564 3374 1637 catalogo
3397 1567 3526 1620 scri-

1925 1670 2152 1730 ptorum,
2189 1669 2294 1716 etc.
2331 1660 2422 1717 Sic
2445 1662 2620 1732 pergit
2646 1658 2846 1725 codex,
2872 1669 2927 1712 ut
2955 1673 3104 1713 num.
3136 1660 3168 1713 6
3189 1658 3396 1714 dictum
3415 1669 3520 1729 est,

1921 1756 2063 1811 tituli
2112 1772 2216 1812 xxv
2243 1771 2352 1810 nou
2393 1764 2520 1810 sunt
2550 1753 2815 1826 expressi.
2852 1752 3208 1808 Aunotationi
3261 1754 3385 1810 sine
3411 1754 3525 1810 ullo

1849 1831 1897 1893 Β
1923 1853 2128 1924 scripto
2161 1853 2319 1907 titulo
2348 1851 2518 1906 additi
2541 1859 2669 1906 sunt
2689 1865 2881 1906 versus
2906 1847 3205 1904 acrostichi
3233 1847 3442 1906 Liberii
3470 1856 3527 1906 et

1924 1949 2196 2006 Belisarii.
2226 1948 2339 2004 Etsi
2369 1957 2553 2004 autem
2583 1947 2702 2002 hinc
2728 1943 2989 2001 omniain
3016 1943 3162 1999 hunc
3182 1943 3363 2001 locum
3393 1958 3527 2000 cou-

1901 2044 2063 2122 _jecta
2109 2052 2254 2110 sunt,
2301 2058 2412 2097 non
2457 2041 2678 2097 dubium
2726 2048 2812 2095 est
2854 2048 3057 2105 tamen,
3099 2037 3231 2108 quin
3274 2037 3343 2093 ad
3396 2038 3526 2095 libri

1923 2142 2140 2197 initium
2189 2141 2536 2210 potissimum
2566 2140 2898 2210 pertineant.
2941 2137 3322 2208 Exscriptores
3376 2137 3521 2192 enim

1922 2253 2068 2307 sazpe
2098 2236 2152 2291 in
2185 2235 2292 2290 ﬁne
2315 2234 2499 2305 operis
2530 2231 2806 2286 addebant
2832 2246 2953 2302 quae
2986 2231 3039 2286 in
3092 2230 3213 2285 aliis
3243 2227 3525 2286 codicibus

1922 2327 2066 2385 forte
2093 2336 2440 2399 repererunt,
2485 2342 2664 2397 neque
2693 2325 2808 2381 suis
2841 2326 2895 2381 in
2926 2325 3063 2380 locis
3095 2334 3404 2396 opportune
3450 2324 3526 2381 in-

1922 2439 2112 2482 serere
2141 2430 2457 2494 potuerant.
2505 2420 2679 2476 Porro
2708 2419 2796 2475 hic
2840 2419 3011 2476 codex
3041 2418 3096 2475 in
3141 2433 3258 2475 var.
3291 2419 3418 2476 lect.
3447 2419 3527 2475 sic

1925 2520 2203 2576 potabitur
2233 2519 2367 2594 Reg.
2405 2535 2446 2586 ι,
2480 2517 2737 2573 nimirum
2766 2516 2940 2573 codex
2969 2513 3271 2574 Vaticanus
3320 2517 3526 2588 regina:

1922 2615 2220 2670 Succorum
2248 2613 2479 2684 primus.

1997 2706 2087 2761 67.
2140 2705 2195 2760 ln
2249 2705 2439 2762 eadem
2490 2705 2820 2763 bibliotheca
2884 2706 3087 2779 reginae
3138 2705 3311 2764 codex
3381 2706 3520 2776 500,

1923 2803 2371 2858 membranaceus
2419 2802 2627 2871 in-fol.,
2681 2802 2904 2858 exhibet
2924 2801 3236 2869 Aratorem,
3262 2810 3317 2858 et
3348 2801 3523 2860 Sedu-

1921 2896 2076 2964 lium,
2101 2907 2157 2951 et
2187 2896 2478 2952 nonnullos
2505 2911 2697 2952 versus
2724 2908 2848 2968 post
2876 2897 3176 2954 Sedulium.
3212 2897 3350 2953 Sunt
3375 2899 3525 2968 glos-

1919 3008 2016 3060 sm,
2054 2993 2192 3048 tituli
2239 2994 2478 3064 capitum
2526 2993 2692 3048 minio
2737 2995 2933 3061 notati,
2984 2993 3307 3067 diphthongi
3357 3011 3423 3065 te,
3473 3013 3522 3063 e,

1919 3086 2308 3160 orthographia
2355 3089 2664 3161 dampnare,
2712 3088 3011 3161 adgredior,
3064 3089 3362 3158 istoricum,
3417 3090 3522 3144 clo—

1919 3185 2063 3252 dum,
2083 3185 2413 3258 sollempnia,
2435 3186 2682 3250 inradiat,
2699 3202 2917 3256 .ymnus.
2945 3185 3092 3241 Ordo
3115 3187 3170 3242 in
3202 3185 3306 3241 hoc
3332 3185 3525 3243 codice

201 3272 453 3346 donium,
483 3277 767 3348 prologum
796 3279 1112 3344 metricum,
1150 3278 1457 3350 Paschales,
1491 3291 1545 3335 et
1585 3297 1806 3338 carmen
1837 3247 1884 3312 Ο
1918 3289 2004 3334 est
2056 3280 2285 3349 epistola
2340 3280 2405 3333 ad
2462 3279 2863 3348 Macedonium,
2914 3280 3173 3352 prologus
3223 3282 3519 3351 metricus,

205 3370 257 3425 in
283 3370 427 3427 duos
449 3371 624 3427 libros
645 3371 904 3428 divisum.
935 3373 993 3429 ln
1024 3373 1131 3430 ﬁne
1155 3376 1414 3430 carminis
1447 3385 1592 3442 nota,
1615 3377 1667 3432 in
1690 3378 1812 3433 aliis

203 3468 371 3523 etiam
415 3467 700 3524 codicibus
731 3469 1045 3540 descripta,
1087 3470 1204 3526 Hoc
1233 3487 1363 3540 opus
1405 3471 1653 3527 Sedulius
1679 3473 1813 3527 inter

204 3563 474 3619 chartulas
496 3607 511 3631 ,
549 3574 656 3620 etc.
678 3607 693 3632 ,
725 3565 793 3622 de
818 3580 921 3636 qua
953 3565 1110 3635 plura
1143 3565 1304 3620 infra.
1331 3566 1461 3620 Post
1488 3577 1670 3622 notam
1693 3568 1813 3624 sine

206 3663 322 3718 ullo
353 3663 522 3719 titulo
557 3663 732 3734 elegia
754 3705 769 3730 ,
803 3662 1105 3718 Cantemus.
1148 3664 1408 3734 Sequitur
1437 3679 1658 3719 carmen
1700 3664 1810 3717 Ra-

206 3757 419 3828 phaelis
474 3757 811 3813 Zovenzonii
851 3768 1068 3828 poetae,
1113 3757 1156 3813 0
1199 3767 1374 3813 custos
1417 3757 1707 3822 hominum,
1756 3767 1814 3813 et

209 3851 481 3924 hymnus,
525 3851 758 3927 Virginis
804 3863 982 3925 partu.
1030 3853 1303 3926 llymnum
1350 3852 1494 3907 hunc
1533 3868 1656 3906 cum
1690 3851 1814 3908 aliis

208 3949 553 4005 carminibus
584 3949 920 4004 Zovenzonii
961 3949 1136 4004 edidit
1164 3949 1337 4003 Aldus
1369 3957 1494 4018 post
1524 3947 1810 4004 Sedulium

210 4049 265 4097 et
280 4043 428 4097 alios
454 4051 649 4113 poetas
673 4042 1030 4098 christianos.
1063 4043 1247 4098 Codex
1277 4060 1342 4098 ex
1368 4044 1513 4098 bono
1539 4043 1817 4113 exempla-

211 4136 254 4191 ri
279 4137 503 4193 videtur
518 4136 849 4207 descriptus,
883 4137 980 4192 sed
1015 4137 1229 4192 mendis
1255 4154 1359 4190 non
1388 4137 1574 4204 paucis
1603 4137 1814 4193 descri-

211 4232 388 4289 bentis
417 4233 626 4288 incuria
665 4234 979 4304 inquinatus
1010 4240 1115 4288 est.
1149 4232 1322 4302 llujus
1352 4232 1563 4289 codicis
1606 4241 1731 4289 nota
1761 4234 1814 4288 in

213 4345 325 4387 var.
359 4331 490 4386 lect.
521 4340 603 4386 est
642 4329 762 4384 Vat.
793 4329 850 4386 2.

283 4425 374 4481 66.
427 4423 615 4480 Codex
666 4418 962 4478 Vaticanus
1009 4423 1232 4496 Reginae
1285 4424 1614 4493 Succorum,
1664 4439 1814 4479 num.

215 4521 337 4585 535,
373 4507 828 4575 mcmhranaceus
849 4519 1000 4574 ith0
1020 4530 1104 4574 est
1128 4519 1220 4575 ille
1252 4520 1392 4589 ipse,
1421 4535 1529 4590 quo
1562 4520 1615 4574 in
1645 4519 1818 4574 eden-

213 4612 280 4670 do
328 4614 574 4671 Juvcnco
624 4628 752 4668 usus
781 4627 921 4668 sum.
956 4611 1246 4681 Specimcn
1289 4613 1626 4669 characteris
1666 4612 1822 4667 exhi-

215 4706 302 4765 hui
335 4710 391 4764 in
435 4706 967 4777 Prolegomenis,ad
989 4706 1294 4762 Juvencum
1319 4748 1333 4774 ,
1375 4707 1482 4780 43
1519 4723 1672 4761 num.
1703 4707 1774 4760 48
1803 4749 1817 4773 ,

215 4816 336 4873 pag.
363 4800 456 4858 9.4.
491 4799 590 4855 Hic
624 4809 710 4856 est
740 4800 873 4854 mihi
907 4799 1307 4869 pulcherrimus
1334 4799 1506 4853 codex
1540 4799 1688 4854 inter
1719 4797 1817 4852 Se-

217 4895 488 4953 dulianos.
533 4895 662 4949 Post
703 4893 1001 4950 Juveucum
1035 4893 1225 4964 incipit
1256 4894 1486 4964 epistola
1529 4894 1596 4948 ad
1639 4895 1818 4950 Mace—

215 4989 463 5056 donium,
491 4990 739 5061 sequitur
767 4990 1027 5062 prologus
1058 4990 1339 5058 metricus,
1365 4987 1674 5070 Paschales,
1703 4998 1814 5043 tum

217 5101 436 5143 carmen
463 5087 516 5140 in
535 5087 776 5158 quinque
798 5086 969 5141 libros
984 5085 1361 5154 distributum,
1383 5085 1478 5141 sed
1501 5087 1572 5140 ita
1593 5094 1650 5140 ut
1664 5086 1816 5143 ﬁnito

220 5183 396 5252 primo
426 5182 570 5237 libro
601 5181 803 5237 veteris
826 5181 1187 5250 Testamenti,
1221 5181 1384 5248 alter,
1416 5181 1512 5252 qui
1542 5181 1810 5249 sequitur,

219 5274 432 5331 dicatur
461 5274 670 5344 primus
699 5274 839 5329 liber
866 5276 989 5329 novi
1020 5274 1381 5342 Testamenti,
1418 5284 1473 5330 et
1505 5272 1579 5329 ita
1601 5288 1700 5330 suo
1724 5289 1816 5330 or—

219 5369 344 5425 diue
401 5369 643 5439 reliqui,
704 5369 1022 5436 secundus,
1086 5369 1321 5435 tertius,
1375 5379 1621 5440 quartus.
1686 5368 1820 5425 Post

219 5479 440 5518 carmen
469 5462 663 5533 incipit
695 5461 928 5532 epistola
961 5462 1246 5526 Aratoris,
1287 5462 1376 5517 vel
1406 5461 1587 5532 potius
1629 5462 1819 5518 titulus

220 5558 640 5627 epistoltemam
667 5557 864 5613 desunt
889 5557 1042 5626 plura
1069 5558 1120 5611 in
1147 5559 1253 5613 hoc
1276 5558 1487 5626 codice,
1517 5571 1572 5614 ut.
1595 5576 1662 5615 ex
1687 5569 1817 5616 nota

221 5653 452 5724 margini
492 5653 705 5724 adjecta
751 5651 1047 5723 colligitur,
1079 5669 1183 5723 qua
1233 5653 1487 5724 iubemur
1537 5655 1822 5725 requirere

223 5749 273 5805 iu
324 5749 429 5804 hoc
479 5750 757 5806 volumine
802 5749 1035 5821 elegiam
1086 5749 1294 5805 Sedulii
1328 5761 1448 5821 post
1473 5751 1761 5808 Aratorem
1804 5769 1818 5806 :

219 5843 312 5900 sed
345 5843 689 5900 desideratur
722 5854 870 5900 totus
927 5848 1147 5912 Arator,
1180 5859 1238 5901 et
1290 5846 1458 5918 elegia
1504 5857 1559 5902 et
1589 5848 1822 5920 hymnus

223 5937 445 6008 Sedulii,
481 5939 600 6008 qui,
636 5946 694 5995 ut
727 5942 877 6010 puto,
907 5939 1097 6010 elegia:
1125 5940 1474 5999 succedebat.
1510 5942 1696 5996 Solum
1737 5959 1822 5996 rc.-

1921 3373 2208 3429 Paschales
2230 3389 2452 3430 carmen
2479 3373 2590 3447 M
2617 3375 2670 3430 in
2697 3375 2937 3446 quinque
2961 3375 3132 3430 libros
3165 3375 3400 3432 divisum
3431 3392 3526 3432 eo-

1920 3467 2045 3524 dem
2079 3467 2240 3523 modo
2282 3479 2448 3539 atque
2475 3469 2528 3523 in
2557 3469 2691 3541 Reg.
2726 3469 2778 3537 1,
2810 3468 3005 3539 elegia,
3034 3467 3298 3541 hymnus,
3328 3471 3373 3524 A
3401 3471 3527 3525 solis

1921 3574 2085 3629 ortus,
2118 3573 2174 3620 et
2219 3579 2408 3620 versus
2447 3563 2742 3623 acrostichi
2784 3563 2988 3619 Liberii
3019 3571 3075 3619 et
3102 3563 3373 3633 Belisarii,
3406 3565 3528 3620 sine

1923 3659 2034 3713 ulla
2058 3657 2443 3729 inscriptione.
2468 3659 2932 3726 Moutfauconius,
2951 3658 3094 3714 Bibl.
3122 3673 3253 3715 mss.
3289 3674 3411 3731 pag.
3433 3659 3521 3726 52,

1920 3754 2030 3810 col.
2061 3756 2117 3820 ‘2,
2175 3755 2320 3809 inter
2373 3768 2505 3809 mss.
2558 3755 2765 3824 regina:
2794 3751 3008 3809 Sueciae
3054 3751 3224 3809 refert
3277 3753 3527 3809 codicem

1922 3849 2085 3916 1687,
2118 3849 2266 3904 Arati
2294 3851 2454 3923 (lege
2482 3847 2776 3921 Aratoris),
2812 3859 2859 3903 et
2885 3847 3108 3905 'Sedulii
3136 3850 3388 3916 carmina,
3435 3850 3528 3919 qui

1921 3947 2155 4002 fortasse
2182 3962 2291 4001 non
2322 3955 2406 4002 est
2434 3944 2684 4001 diversus
2706 3962 2737 4000 a
2761 3953 2970 4000 nostro.
3005 3944 3103 4001 Hic
3125 3944 3295 4001 codex
3326 3946 3382 4001 in
3407 3960 3524 4001 var.

1925 4041 2053 4099 lect.
2089 4051 2174 4098 cst
2195 4040 2325 4114 Reg.
2358 4043 2415 4096 2.

1996 4137 2088 4192 68.
2118 4135 2337 4191 Tertius
2358 4134 2536 4192 codex
2559 4135 2787 4207 reginae,
2820 4150 2929 4206 quo
2956 4134 3181 4201 utimur,
3214 4149 3367 4190 num.
3394 4133 3522 4203 166,

1922 4230 2054 4285 olim
2086 4230 2244 4298 1591,
2266 4229 2414 4285 ἱιι-8ο
2437 4229 2911 4296 membrauaceus,
2943 4239 3067 4300 post
3089 4229 3348 4300 epistolas
3365 4245 3528 4301 quas-

1922 4325 2047 4380 dam
2080 4323 2308 4392 Sidonii,
2341 4333 2396 4380 et
2424 4324 2687 4379 nonnulla
2719 4323 2852 4389 alia,
2879 4323 3203 4381 charactere
3233 4323 3530 4397 antiquiori

1925 4419 2161 4475 fortasse
2187 4418 2373 4474 saeculi
2402 4435 2459 4488 x,
2493 4416 2653 4473 ollert
2683 4417 2841 4472 nobis
2872 4418 3159 4489 epistolam
3187 4418 3254 4474 ad
3280 4418 3530 4475 Macedo-

1926 4513 2074 4569 nium
2107 4530 2230 4570 cum
2281 4513 2504 4584 glossis,
2538 4523 2592 4569 et
2640 4521 2766 4568 uota
2817 4513 2872 4568 in
2919 4513 3030 4569 ﬁne
3078 4514 3361 4585 epistolm:
3415 4513 3530 4570 Hoc

1925 4627 2054 4683 Opus
2087 4609 2354 4673 Sedulius,
2386 4618 2491 4665 etc.
2521 4607 2782 4679 Sequitur
2823 4608 3037 4663 initium
3081 4609 3529 4681 Psychomachia:

1927 4705 2233 4772 Prudentii,
2265 4714 2318 4759 et
2347 4703 2592 4759 nonnulli
2626 4719 2821 4758 versus
2852 4719 2919 4758 ex
2948 4703 3056 4759 ﬁne
3084 4704 3209 4759 libri
3235 4721 3268 4757 γ
3297 4704 3526 4760 Sedulii.

1927 4799 2169 4856 Subinde
2197 4799 2393 4870 elegia,
2423 4796 2698 4854 Cantemus
2722 4841 2735 4864 ,
2770 4809 2823 4854 et
2851 4797 3063 4852 initium
3098 4797 3307 4869 hymni,
3339 4799 3381 4851 A
3404 4798 3526 4853 solis

1928 4905 2089 4949 ortus.
2141 4895 2276 4949 lluic
2322 4893 2541 4962 codici,
2590 4908 2715 4948 cum
2761 4893 3114 4964 allegabitur,
3170 4909 3367 4948 nomen
3426 4892 3530 4948 erit

1929 4990 2059 5062 Reg.
2094 4991 2146 5044 5.

2001 5086 2089 5141 69.
2123 5084 2379 5157 Ejusdem
2423 5084 2767 5141 bibliotheca:
2795 5085 2995 5155 regina:
3025 5091 3108 5138 est
3145 5082 3316 5138 codex
3349 5096 3524 5137 mem-

1927 5183 2231 5238 branaceus
2261 5181 2413 5236 in-40
2446 5197 2595 5236 num.
2629 5179 2790 5247 1560,
2835 5194 2944 5250 quo
2978 5179 3131 5248 plura
3161 5191 3326 5247 opera
3352 5176 3526 5232 conti-

1928 5287 2149 5344 nentur,
2191 5275 2400 5332 scilicet
2423 5275 2555 5330 Cato
2585 5273 2943 5346 philosophus
2973 5270 3358 5343 (Dionysius),
3393 5272 3524 5343 Epi-

1928 5371 2064 5426 stola
2093 5370 2297 5427 Sedulii
2337 5369 2403 5425 ad
2424 5367 2795 5425 Macedonium
2829 5365 2948 5421 sine
2983 5365 3283 5436 principio:
3328 5367 3530 5425 desunt

1932 5475 2052 5536 post
2075 5462 2736 5536 epistolamZaliquotlolia,
2761 5467 2815 5514 et
2842 5459 3034 5528 incipit
3060 5472 3252 5528 poema
3287 5460 3521 5530 Sedulii,

1927 5575 1955 5613 a
1987 5575 2128 5615 vers.
2162 5562 2256 5613 till
2285 5559 2404 5613 libri
2434 5573 2448 5610 ι
2476 5576 2488 5610 :
2516 5555 2651 5608 Loth
2681 5550 3012 5623 Sodomte,§et
3044 5553 3245 5608 desinit
3283 5555 3336 5609 in
3370 5570 3518 5612 vcrs.

1928 5655 2117 5711 ultimo
2141 5653 2261 5708 libri
2297 5668 2332 5706 ιι
2358 5670 2369 5705 :
2400 5652 2505 5706 Ora
2536 5649 2666 5719 lupi.
2696 5649 2827 5713 Quae
2854 5648 2919 5701 ad
2945 5647 3228 5703 Sedulium
3251 5660 3520 5719 spectant,

1928 5749 2238 5805 charactere
2263 5742 2636 5813 antiquissimo
2670 5740 2870 5812 scripta
2899 5750 3044 5806 sunt,
3078 5753 3131 5797 ct
3161 5743 3226 5801 ad
3261 5745 3519 5800 saeculum

1929 5860 2018 5898 \‘lll
2042 5840 2286 5897 revocari
2314 5845 2541 5910 possupt
2565 5854 2577 5889 :
2607 5836 2711 5890 alia
2738 5835 3063 5892 recentioris
3086 5837 3264 5891 tctatis
3290 5849 3435 5903 sunt,
3466 5847 3524 5894 ut

1929 5952 2084 6006 (lpus,
2138 5933 2280 6005 quod
2326 5932 2591 6002 sequitur,
2638 5930 2732 5985 Ars
2775 5929 2987 5994 Placere,
3040 5939 3094 5985 ct
3122 5929 3269 5985 aliud
3318 5932 3520 5988 deinde
