3904 6350
351 280 455 337 to?
1642 259 1924 330 omnes
1961 260 2331 327 assuetos.
3416 298 3423 314 .~
3560 269 3691 325 iss

352 410 684 471 anonymum
715 407 839 453 eum
878 394 1033 451 titulo
1061 391 1236 463 primo
1266 388 1346 445 De
1384 405 1520 444 voce.
1561 383 1788 458 Margini
1823 393 1946 442 nota
1977 386 2025 446 Α
2055 400 2198 457 gum.
2232 402 2301 426 α-
2349 372 2657 451 Ezpliciunt
2699 381 2819 437 libri
2863 380 3086 452 Regum.
3144 380 3338 463 Incipit
3385 381 3517 437 liber
3564 380 3678 437 To-

354 482 569 567 appicta
602 500 686 551 est
715 506 899 559 manu,
931 500 992 545 ut
1019 498 1170 559 puto,
1202 484 1501 542 doctissimi
1527 483 1628 537 viri
1671 480 1979 538 Laurentii-
2062 482 2176 536 bitu.
2205 510 2276 521 -—
2303 477 2537 549 Ezplicit
2565 478 2700 532 ’liber
2733 477 2776 531 Τ
2780 477 2931 532 obice.
2963 476 3073 551 46
3101 475 3293 549 Incipit
3318 474 3453 531 liber
3477 473 3681 567 Danie-

352 590 610 661 Zacagni,
644 588 772 643 olim
806 582 1047 657 prmfecti
1076 579 1425 635 bibliotheca:
1467 575 1773 633 Vaticanus:
1810 574 1953 631 For-

359 693 493 738 tasse
521 689 593 735 est
636 680 799 736 Servii
825 676 981 731 Marii
1015 674 1296 740 Honorati,
1328 675 1479 748 cujus
1506 672 1873 727 commentaria
1901 671 1956 725 in

359 773 631 830 secundum
676 780 876 825 tantum
921 768 1119 823 Donati
1168 778 1329 822 artem
1378 768 1513 823 edita
1552 776 1692 831 sunt.
1727 765 1957 822 Videtur

354 869 570 941 quidem
599 880 725 923 esse
754 864 1187 920 commentarius
1214 863 1268 918 in
1309 863 1602 929 Donatum,
1638 860 1733 919 sed
1764 870 1957 917 auctor

356 971 505 1019 certe
534 962 728 1019 Servio
755 961 917 1031 longe
948 954 1229 1014 recentior
1255 966 1375 1013 est:
1408 957 1592 1013 laudat
1618 958 1760 1013 enim
1786 953 1956 1012 Sedu-

359 1058 517 1118 lium.
565 1055 949 1120 Fortunatnm,
1000 1062 1056 1109 et
1100 1051 1326 1128 Bedam.
1376 1050 1608 1123 Incipit:
1660 1049 1958 1103 Locuturus

358 1153 588 1221 Donatus
629 1153 688 1206 de
717 1150 1060 1225 grammatica
1114 1147 1475 1218 dispositione,
1522 1146 1645 1201 bene
1685 1145 1957 1199 inchoata

352 1263 491 1304 uoce.
517 1248 650 1301 Cum
679 1245 747 1301 de
772 1242 1001 1318 syllabis
1038 1242 1170 1314 agit,
1202 1256 1462 1315 quaerens
1490 1255 1615 1312 quae
1638 1234 1847 1309 corripi
1870 1239 1958 1293 vel

355 1342 581 1413 produci
628 1328 882 1413 possunt,
932 1337 1135 1398 Bedam
1169 1336 1511 1408 potissimum
1556 1334 1821 1405 sequitur,
1868 1333 1959 1388 vel

357 1435 539 1507 potius
568 1432 831 1489 exscribit
858 1450 871 1485 :
922 1429 1171 1501 adeoque
1201 1427 1362 1484 facile
1386 1426 1633 1498 suppleri
1674 1433 1853 1496 potest
1880 1424 1962 1478 ia-

354 1524 518 1593 cuna,
552 1544 673 1583 cum
716 1526 783 1581 de
814 1526 1007 1599 prima,
1037 1522 1091 1578 in
1134 1539 1264 1594 gaza
1294 1523 1400 1577 ait:
1455 1520 1639 1592 Longa
1666 1520 1720 1573 in
1746 1517 1844 1573 hoc
1865 1517 1963 1572 Ju-

357 1624 531 1680 senci:
577 1620 814 1693 Difﬁcile
837 1620 891 1673 in
936 1620 1085 1673 terris
1111 1616 1275 1671 ad....
1308 1614 1486 1671 Brevis
1511 1616 1565 1668 in
1591 1614 1685 1668 hoc
1712 1613 1961 1684 ejusdem,

361 1716 431 1771 Et
452 1700 585 1790 gaza.
612 1711 839 1768 distabat
882 1726 1056 1764 rerum
1084 1708 1338 1781 possessio
1372 1708 1595 1777 fulgens.
1646 1703 1811 1775 Lege,
1861 1704 1966 1775 dif-

2059 574 2122 629 lt's
2168 571 2545 644 pr0phetaz.'——
2572 568 2767 643 Incipit
2810 568 2937 623 liber
2978 568 3166 624 Judith
3196 569 3423 640 fentinar.
3470 566 3679 638 Incipit

2060 668 2187 724 liber
2235 663 2426 721 Hester
2480 666 2697 739 reginis.
2725 693 2797 704 —-
2846 660 3043 735 Incipit
3087 664 3217 717 liber
3247 660 3678 716 Machabaaorum

2061 764 2274 834 primus.
2295 789 2365 800 —-
2386 757 2697 832 Empliciunt
2717 751 2841 811 libri
2864 750 3288 812 Machabaeorum
3314 764 3363 811 et
3385 754 3678 810 illustrium

2059 856 2305 911 uirorum.
2382 864 2385 869 ‘
2680 920 2684 924 _
3412 840 3415 843 ’

2135 950 2223 1005 7i.
2255 947 2574 1017 Sequuntur
2613 945 2668 999 in
2711 943 2903 1001 eodem
2946 944 3226 1001 volumine
3268 944 3459 1016 ﬁgurae
3486 942 3674 1001 incar-

2061 1042 2301 1101 nationis
2331 1042 2428 1098 ﬁlii
2460 1042 2558 1098 Dei
2584 1059 2596 1095 :
2630 1054 2865 1113 quarum
2893 1038 3122 1113 singulae
3141 1040 3529 1112 exprimuntur
3554 1040 3676 1112 epi-

2062 1138 2460 1213 grammatibus
2487 1138 2568 1193 sic
2596 1136 2943 1209 comp‘dsitis,
2972 1146 3027 1191 et
3055 1147 3124 1192 eo
3145 1134 3377 1192 artiilcio
3402 1132 3579 1204 iactis,
3613 1145 3676 1192 ut

2065 1238 2120 1293 in
2158 1235 2415 1307 .quolibet
2444 1247 2637 1290 eorum
2681 1232 2861 1305 aliqua
2901 1232 3084 1288 littera
3128 1228 3355 1287 omnino
3383 1228 3570 1298 desit,
3610 1240 3677 1287 ut

2066 1332 2123 1387 in
2179 1330 2358 1402 primo
2413 1328 2569 1385 deest
2598 1346 2662 1395 a,
2713 1328 2769 1383 in
2808 1326 3052 1383 secundo
3082 1326 3133 1393 b,
3164 1334 3273 1381 etc.
3320 1323 3381 1379 in
3413 1323 3677 1382 idiomate

2066 1424 2307 1492 Ilisliano
2340 1422 2607 1477 habemus
2646 1422 2885 1491 quinque
2926 1418 3234 1476 fabulaS‘ex
3256 1413 3343 1475 his
3370 1434 3492 1491 qua:
3511 1419 3677 1491 vulgo

2068 1519 2301 1575 Novelas
2330 1517 2621 1584 dicuntur,
2664 1516 2737 1570 ita
2762 1516 3096 1585 compositas
3119 1556 3134 1581 ,
3165 1512 3307 1569 utin
3339 1514 3515 1585 prima
3547 1512 3673 1580 nui-

2068 1618 2177 1672 lum
2208 1615 2280 1670 sit
2307 1630 2368 1683 a,
2410 1614 2465 1668 in
2493 1610 2733 1667 secunda
2764 1609 2978 1665 nullum
3010 1627 3038 1663 e
3058 1655 3073 1679 ,
3118 1608 3171 1664 in
3202 1608 3365 1664 tertia
3397 1604 3599 1664 nullum
3631 1608 3675 1673 ἱ,

2073 1712 2125 1766 in
2155 1722 2351 1782 quarta
2385 1708 2595 1764 nullum
2625 1725 2685 1777 ο,
2740 1706 2794 1761 in
2827 1704 3013 1777 quinta
3055 1702 3263 1759 nullum
3294 1720 3348 1758 u.
3394 1699 3455 1759 Id
3484 1701 3549 1757 ad
3574 1715 3675 1758 co-

366 1810 503 1879 ᾕεηθ
528 1816 602 1863 εει
648 1808 795 1860 εεττίδ
826 1803 1033 1874 adﬁxo.
1061 1803 1226 1856 υίυθνε
1256 1800 1420 1872 σαιίε·
1458 1794 1631 1855 Ἀάἀίι
1672 1807 1881 1864 θυρίον,
1909 1807 1966 1852 ιιι
1995 1800 2043 1861 Β
2071 1810 2219 1880 piam
2265 1815 2319 1860 et
2360 1804 2685 1860 varietatem
2727 1800 2999 1858 sermonis
3030 1797 3504 1870 comprobandum
3535 1806 3675 1853 tam-

360 1902 589 1972 primam
629 1900 680 1954 in
710 1914 841 1972 gaza
871 1910 1217 1962 communem
1247 1908 1371 1949 esse
1414 1892 1522 1966 45
1554 1892 1770 1963 probet,
1822 1895 1964 1949 hunc

365 1996 504 2051 male
529 1994 780 2049 Latinum
810 1987 1293 2058 versum,*Condite
1320 2004 1451 2062 gaza
1480 1987 1611 2059 poli,
1646 1975 1826 2057 saccos
1868 2002 1962 2041 van

362 2098 507 2143 cuate
534 2078 799 2161 gaiarum.
846 2085 962 2140 Dixi
992 2083 1059 2138 ad
1104 2084 1421 2142 Iuvencum,
1453 2080 1491 2134 l.
1527 2090 1619 2149 nt,
1662 2094 1802 2135 vers.
1833 2079 1960 2145 499,

364 2183 566 2238 Bedam
597 2183 651 2235 iu
686 2181 930 2236 codicem
978 2186 1293 2249 corruptum
1326 2177 1551 2238 Iuvenci
1597 2176 1874 2240 incidisse,
1910 2178 1965 2231 in

367 2290 475 2346 quo
514 2258 792 2345 legebatur
819 2291 831 2327 :
860 2273 926 2326 Et
949 2288 1076 2346 gaza
1110 2269 1334 2337 distabat
1380 2286 1479 2339 pro
1510 2267 1578 2322 Et
1609 2285 1737 2339 gaza
1774 2269 1960 2324 stabat.

366 2368 632 2425 Craterum
648 2369 950 2434 character,
967 2382 1073 2437 quo
1095 2364 1183 2420 hic
1193 2364 1616 2419 commentarius
1633 2364 1684 2417 in
1702 2364 1966 2421 Donatum

368 2464 605 2533 scriptus
653 2470 760 2529 est,
803 2461 1018 2517 videtur
1063 2460 1265 2514 saeculo
1309 2474 1343 2513 χ
1378 2472 1484 2513 non
1528 2458 1821 2514 recentior.
1870 2459 1967 2514 Se-

368 2562 611 2627 quuntur
656 2556 706 2607 in
738 2554 928 2609 eodem
976 2552 1256 2608 volumine
1296 2549 1468 2605 Persii
1512 2549 1791 2605 nonnulla:
1833 2551 1968 2605 snti-

373 2662 487 2710 rm;
521 2644 906 2700 commentarii
937 2645 989 2698 in
1021 2644 1289 2697 Donatum
1317 2660 1332 2705 ;
1372 2638 1749 2697 commentarii
1784 2642 1835 2696 in
1863 2642 1967 2699 Be-

374 2739 519 2803 dam,
550 2737 619 2792 de
652 2738 873 2803 Metris;
906 2735 1184 2806 Remigius
1227 2735 1280 2790 in
1308 2735 1629 2805 Dionysium
1662 2735 1922 2790 Catonem
1950 2752 1965 2801 ;

329 2830 341 2839 “
379 2830 493 2886 Vita
520 2830 715 2901 PerSii,
751 2839 978 2886 auctore
1003 2829 1283 2899 Remigio;
1312 2828 1735 2884 commentarius
1763 2831 1815 2883 in
1838 2828 1971 2885 Per—

334 2922 335 2925 “
370 2922 699 2979 sicum.‘Hic
748 2923 919 2979 codex
968 2924 1018 2978 in
1064 2937 1180 2977 var.
1212 2921 1339 2977 lect.
1370 2936 1398 2975 a
1436 2916 1597 2977 nobis
1639 2920 1969 2978 indicabitur

374 3019 475 3075 hac
499 3029 624 3074 nota
656 3018 781 3093 Reg.
811 3021 865 3073 ll.
1225 3005 1231 3014 ’

445 3113 531 3168 70.
567 3113 723 3168 Atius
753 3113 926 3167 codex
965 3112 1192 3181 reginae,
1226 3126 1376 3167 num.
1409 3110 1500 3177 29,
1529 3120 1617 3168 est
1637 3111 1968 3169 chartaceus

374 3206 590 3275 in-{ol.,
630 3208 866 3276 scriptus
893 3206 1046 3263 initio
1072 3206 1259 3263 stecuii
1288 3222 1397 3271 xvi,
1428 3222 1585 3278 quem
1620 3208 1781 3278 paulo
1807 3225 1968 3266 accu-
1995 3208 2040 3271 C

328 3369 332 3373 ἢ
378 3300 547 3355 ratius
571 3300 897 3365 recensebo,
929 3300 1184 3369 quoniam
1213 3299 1432 3369 aliquod
1456 3301 1640 3356 lumen
1670 3301 1796 3358 inde
1815 3302 1972 3358 sifui-

377 3407 506 3463 gere
550 3400 731 3462 potest
775 3392 839 3447 iis
867 3408 989 3463 qum
1033 3391 1323 3447 Fabricius
1348 3393 1400 3447 in
1421 3393 1571 3492 Pibl.‘
1605 3394 1838 3467 med.~et
1869 3396 1967 3453 inf.

380 3486 480 3540 aevi
505 3488 574 3541 de
597 3486 761 3541 Petro
791 3486 1110 3551 Aurorario,
1134 3486 1249 3541 sive
1266 3486 1512 3558 Rigen'si,
1548 3499 1751 3543 narrat.
1784 3489 1970 3547 Primo

379 3582 501 3637 loco
533 3581 624 3637 hic
650 3593 739 3647 est
771 3581 959 3637 titulus
981 3600 994 3634 :
1016 3579 1163 3635 Petri
1193 3583 1489 3647 Aurorarii,
1518 3581 1747 3655 doctoris
1775 3582 1970 3639 theolo-

377 3692 561 3747 gorum
579 3675 754 3729 eximii
780 3691 908 3744 opus
936 3675 1371 3747 elegantissimum
1403 3674 1603 3730 Veteris
1625 3684 1674 3731 et
1709 3676 1846 3732 Novi
1870 3676 1968 3732 Te-

378 3770 617 3826 stamenti
660 3783 850 3822 arcana
897 3768 1141 3839 mysteria
1172 3769 1399 3823 carmine
1444 3768 1754 3836 declarans,
1803 3786 1970 3842 nuper

379 3872 653 3936 repertum.
692 3862 799 3917 Iste
824 3872 967 3918 ortus
1010 3873 1084 3917 est
1124 3864 1178 3917 in
1207 3860 1470 3936 prouincia
1501 3862 1739 3921 Saxonia
1765 3850 1965 3934 vocata,

379 3967 428 4012 et
459 3958 657 4011 dicitur
678 3958 775 4011 iste
803 3957 932 4011 liber
962 3958 1273 4029 compositus
1302 3975 1393 4026 per
1442 3957 1655 4013 Petrum
1695 3959 1966 4015 deSaxo-

377 4051 487 4104 nia.
543 4050 894 4105 Praemittitur
938 4051 1272 4121 epigramma
1304 4050 1603 4122 clegiacum
1652 4052 1706 4106 in
1748 4051 1966 4107 laudem

378 4143 682 4198 carminum
716 4156 1019 4208 sacrorum,
1065 4142 1185 4198 sive
1213 4142 1283 4198 de
1311 4152 1630 4214 argumento
1656 4158 1838 4211 sacro,
1868 4145 1969 4199 Au-

379 4252 468 4290 rea
492 4235 703 4291 Mwonii
730 4236 1015 4291 concedant
1039 4238 1271 4292 carmina
1291 4238 1442 4307 vatis,
1466 4245 1576 4293 etc.
1605 4236 1742 4292 Tum
1766 4239 1969 4294 descri-

382 4328 585 4401 buntur
615 4343 807 4383 versus
835 4328 1078 4384 nonnulli
1112 4345 1175 4385 ex
1204 4331 1435 4401 prologo
1460 4330 1709 4397 Iuvenci,
1744 4347 1849 4387 non
1882 4333 1965 4386 in-

382 4398 560 4472 dicato
586 4428 807 4475 auctore
828 4462 841 4482 .
894 4421 1043 4489 Quod
1073 4423 1117 4475 si
1146 4398 1248 4476 tam
1275 4398 1503 4494 longam,
1530 4432 1665 4492 etc.,
1698 4439 1869 4496 usque
1896 4425 1966 4480 ad

385 4512 545 4567 tinem
590 4516 825 4583 prologi.
872 4515 1069 4583 quibus
1096 4516 1285 4573 eadem
1316 4517 1648 4587 exprimitur
1673 4519 1962 4575 sententia.

2070 1915 2231 1973 quam
2262 1908 2643 1971 argumentum
2674 1895 2863 1953 aﬂerri
2892 1902 3095 1966 potest.
3151 1891 3397 1947 Similem
3427 1892 3555 1946 huic
3577 1890 3679 1946 aii-

2070 2002 2343 2066 quatenus
2388 1993 2663 2049 curibsam
2713 1990 3049 2063 diligentiam
3095 1987 3353 2043 observat
3399 1981 3675 2052 Barthius,

2071 2088 2305 2143 Advers.
2336 2088 2375 2142 l.
2405 2102 2556 2149 xcvr,
2591 2100 2640 2138 (τ.
2669 2085 2760 2149 22,
2803 2086 2856 2137 in
2903 2081 3092 2151 ecloga
3126 2075 3397 2151 Hugbaldi
3424 2076 3675 2134 monachi

2069 2182 2135 2238 ad
2160 2181 2411 2238 Carolum
2430 2178 2657 2235 Calvum
2682 2177 3095 2249 imperatorem,
3120 2174 3281 2246 cujus
3302 2172 3487 2229 omnia
3510 2172 3675 2229 verba

2071 2292 2100 2330 a
2129 2275 2309 2335 littera
2337 2290 2363 2327 c
2391 2272 2682 2343 incipiunt,
2713 2279 2773 2326 ut
2797 2269 3043 2326 Carmina
3069 2269 3345 2324 clarisona
3367 2266 3527 2321 calvis
3558 2284 3677 2321 can-

2072 2377 2176 2425 tate
2223 2385 2485 2423 camwme.
2540 2367 2607 2423 Ut
2655 2366 2721 2421 ad
2772 2365 3021 2422 codicem
3070 2363 3391 2420 Vaticanum
3428 2358 3673 2428 redeam,

2072 2465 2315 2537 sequitur
2341 2463 2544 2520 ibidem
2570 2462 2909 2533 epigramma
2939 2460 3289 2529 inscriptum,
3325 2453 3559 2513 Nomina
3577 2474 3674 2513 an-

2074 2562 2333 2633 tiquorum
2374 2557 2620 2623 Patrum,
2654 2556 2827 2623 aliud,
2857 2555 3089 2609 Nomina
3112 2563 3323 2627 patrum
3350 2553 3466 2608 novi
3492 2549 3676 2607 festa-

2074 2655 2251 2709 menti.
2299 2652 2472 2718 illico,
2520 2651 2713 2720 Incipit
2736 2651 2980 2722 prologus
3009 2665 3165 2723 super
3196 2646 3597 2723 Evangeiislas:

2199 2785 2317 2852 Po_st
2339 2784 2503 2847 legem
2529 2791 2757 2852 veterem
2776 2787 2982 2852 respira,
3008 2784 3162 2852 l’etre
3182 2798 3193 2831 :
3216 2782 3437 2849 refulget

2258 2849 2365 2899 Lex
2383 2846 2508 2899 nova
2525 2846 2538 2898 Ξ
2554 2846 2629 2899 fac
2646 2861 2819 2899 versus
2836 2848 2901 2897 de
2926 2847 3141 2898 novitate
3157 2856 3326 2897 novos.

2072 2973 2337 3030 Narratur
2358 2971 2584 3029 historia
2610 2973 2925 3044 evangelica
2954 2987 3021 3029 ex
3040 2959 3276 3042 quatuor
3291 2971 3669 3042 Evangelistis.

2073 3067 2130 3123 in
2162 3066 2314 3125 line:
2700 3078 2703 3083 ‘

2197 3206 2291 3257 Hic
2312 3206 2529 3269 loquitur
2547 3205 2611 3255 de
2633 3205 2730 3256 line
2756 3205 2923 3269 Iesus,
2950 3204 3173 3268 libroque
3194 3203 3437 3255 Ultimus

2262 3270 2357 3320 Dat
2375 3268 2523 3319 tinem
2540 3309 2554 3334 ,
2577 3269 2757 3327 Petrus
2778 3268 2886 3320 ﬁnit
2902 3268 2957 3318 ut
2976 3269 3082 3331 ipse
3107 3282 3270 3319 suum.

2147 3395 2488 3466 Adjiciuutur
2519 3395 2631 3450 duo
2657 3394 3044 3466 epigrammata
3082 3392 3153 3449 de
3193 3392 3253 3449 S.
3289 3394 3467 3461 Anna,
3495 3392 3669 3465 deque

2074 3487 2191 3557 ejus
2233 3489 2407 3543 tribus
2452 3487 2668 3551 ﬁliabus
2691 3532 2707 3556 ,
2747 3488 2817 3544 de
2838 3487 3039 3559 quibus
3076 3485 3327 3542 nonnihil
3356 3487 3663 3554 disseritur,
3696 3554 3697 3557 η

2073 3583 2148 3637 ιιιί
2198 3581 2267 3638 de
2310 3583 2491 3637 causis
2521 3594 2617 3637 cur
2638 3581 2873 3653 Deipara
2896 3581 3228 3651 desponsata
3258 3581 3444 3649 fuerit,
3473 3582 3543 3637 de
3569 3595 3663 3636 ex-

2070 3686 2247 3732 tremo
2269 3674 2390 3729 Filii
2417 3674 2510 3729 Dei
2533 3672 2766 3744 judicio.
2802 3674 2959 3742 Apud
2979 3673 3308 3744 Gersonem,
3343 3676 3396 3730 in
3420 3689 3668 3731 sermone

2071 3770 2140 3827 de
2171 3770 2466 3826 Nativitate
2503 3766 2783 3839 Deiparaa,
2823 3770 3027 3841 legitur
3054 3781 3108 3826 et
3134 3770 3474 3840 approbatur
3505 3785 3664 3827 unum

2070 3882 2142 3922 ex
2173 3866 2260 3921 his
2284 3864 2699 3935 epigrammatis
2725 3864 2795 3921 de
2821 3866 2880 3921 S.
2907 3864 3086 3933 Anna,
3113 3864 3260 3936 quod
3285 3864 3493 3936 incipit,
3520 3866 3664 3920 Anna

2069 3959 2235 4015 tribus
2280 3958 2476 4031 nupsit.
2532 3957 2798 4028 Rejicitur
2844 3969 3027 4014 tamen
3076 3973 3143 4014 ea
3195 3940 3441 4015 narratio
3480 3960 3663 4015 avitis

2070 4052 2263 4120 doctis.

2142 4151 2233 4206 7‘2.
2270 4150 2328 4205 In
2358 4149 2581 4205 laudato
2612 4150 2801 4206 codice
2833 4150 3098 4206 Vaticano
3122 4151 3371 4223 sequitur
3395 4152 3478 4206 Ad
3501 4153 3660 4208 divam

2070 4244 2365 4300 Theotocon
2401 4244 2648 4298 salutatio
2677 4261 2697 4299 :
2730 4242 2906 4307 Salve,
2940 4254 3117 4299 saneta
3149 4261 3334 4315 parens
3356 4291 3371 4312 ,
3400 4255 3533 4315 etc.,
3576 4248 3659 4317 qui

2070 4346 2197 4393 sunt
2236 4352 2429 4393 versus
2450 4337 2660 4394 Sedulii
2692 4338 2731 4392 l.
2756 4354 2816 4399 ll.
2846 4354 2991 4394 vers.
3020 4340 3091 4395 65
3117 4336 3269 4412 se'qq.
3320 4340 3457 4395 Tum
3490 4343 3658 4398 oratio

2073 4432 2230 4487 Salve
2254 4433 2461 4502 regina,
2496 4442 2658 4487 versu
2684 4432 2928 4503 elegiaco
2952 4476 2965 4497 ,
3012 4443 3197 4504 postea
3229 4436 3413 4490 oratio
3438 4436 3657 4492 illustris

2073 4526 2339 4599 principis
2368 4528 2514 4584 beati
2539 4526 2794 4584 Casimiri
2823 4530 2968 4601 regis
2998 4530 3260 4599 Polonim,
3292 4531 3447 4586 Omni
3473 4533 3555 4588 die
3579 4534 3657 4587 dic

382 4605 586 4661 θείηάθ
613 4603 1074 4703 αυξάθπιγθτευε,
1116 4610 1209 4678 (illi
1249 4609 1500 4703 νίάεέηῐυι·
1528 4613 1858 4681 hexametri.
1902 4621 1959 4669 et
1983 4618 2039 4680 D
2066 4623 2423 4692 Mariae,etc.,
2444 4638 2605 4695 quam
2629 4623 2970 4681 S.Casimiro
2990 4626 3488 4703 antiquioremesse
3508 4629 3651 4695 dicit,

380 4700 726 4771 pentametri,
752 4700 847 4755 sed
871 4686 998 4756 sunt
1018 4703 1235 4769 ametri,
1260 4703 1314 4757 in
1335 4702 1537 4761 Christi
1559 4707 1798 4765 laudem.
1826 4708 1963 4765 Suo-

374 4797 520 4853 cedit
548 4798 791 4867 praefatio
819 4798 872 4852 in
894 4797 1298 4854 Pentateuchon
1323 4814 1481 4869 prosa
1503 4805 1753 4861 oratione
1771 4849 1785 4871 ,
1823 4805 1958 4861 Fre-

372 4908 535 4977 quens
580 4891 839 4945 sodalium
869 4907 1117 4960 meorum,
1153 4902 1259 4947 etc.
1288 4933 1302 4955 ,
1351 4901 1408 4946 ut
1447 4895 1591 4964 apud
1620 4896 1954 4969 Fabricium,

369 4983 466 5039 sed
493 4999 614 5039 cum
651 4984 914 5040 nonnulla
943 4983 1207 5041 varietate
1235 4985 1509 5041 lectionis.
1556 4988 1778 5059 Postea,
1810 4990 1956 5047 Inci-

375 5078 448 5145 pit
477 5077 604 5130 liber
630 5076 967 5133 historiarum
995 5076 1181 5133 Bibliaz
1208 5078 1431 5135 Annona
1459 5084 1733 5141 vocitatus.
1775 5082 1957 5142 Finito

375 5170 769 5239 Pentateucho,
806 5172 1106 5246 Eatpliciunt
1135 5176 1363 5247 quinque
1387 5175 1505 5229 libri
1538 5176 1727 5248 Moysi.
1770 5177 1962 5253 Incipit

373 5264 499 5320 liber
520 5264 679 5323 Josue
704 5269 864 5340 regis.
912 5268 1038 5325 Post
1066 5270 1299 5342 Moysem
1324 5270 1490 5327 Iosue
1510 5274 1703 5344 populo
1727 5275 1962 5330 domina-

335 5368 457 5450 κιαι-
503 5358 744 5414 Hebraeo.
801 5362 929 5418 Post
954 5363 1158 5419 Josue:
1203 5363 1436 5435 Explicit
1484 5366 1613 5421 liber
1632 5364 1793 5422 Josue
1827 5370 1962 5440 regis

375 5450 558 5507 Israel.
587 5452 778 5526 Incipit
799 5455 927 5512 liber
949 5455 1218 5513 Iudicum.
1248 5458 1375 5514 Post
1402 5458 1568 5515 Iosue
1598 5461 1663 5515 de
1686 5459 1960 5518 Iudicibus

376 5548 606 5600 narratio
654 5548 765 5617 ﬁat.
829 5548 1002 5604 Finito
1052 5551 1190 5607 libro
1238 5552 1528 5619 Iudicum,
1590 5553 1786 5625 Incipit
1832 5555 1959 5610 liber

378 5637 537 5691 Ruth.
571 5639 651 5692 Ad
680 5640 815 5694 Ruth
857 5644 1067 5713 festinat
1097 5643 1241 5698 Petri
1270 5646 1456 5717 stylus,
1492 5651 1602 5721 ejus
1630 5656 1685 5701 ut
1713 5656 1858 5702 actus
1886 5680 1959 5689 —

380 5727 635 5802 Depingat
685 5735 824 5788 tenui
871 5736 1098 5791 carmine
1142 5753 1309 5793 sermo
1359 5739 1541 5795 breuis.
1599 5741 1690 5797 Sic
1732 5740 1954 5810 deinde,

379 5819 602 5893 Explicit
640 5828 763 5882 liber
807 5829 961 5883 Ruth.
1020 5828 1212 5902 Incipit
1258 5833 1501 5906 prologue
1546 5835 1601 5890 in
1647 5835 1805 5892 libros
1846 5837 1950 5892 Re-

2068 4735 2136 4776 ex
2168 4720 2360 4783 Pezio,
2403 4720 2459 4774 in
2491 4720 2716 4775 dissert.
2757 4718 2824 4775 de
2850 4719 3038 4793 hymn.
3069 4712 3307 4784 ecclesf.
3350 4734 3503 4778 num.
3534 4722 3651 4778 iii.

2069 4816 2207 4872 Aliae
2253 4814 2358 4889 47
2391 4814 2619 4886 adjectae
2666 4824 2793 4870 sunt
2829 4815 3075 4885 Deiparre
3121 4818 3307 4872 laudes
3333 4817 3515 4872 soluto
3541 4831 3647 4872 ser-

2068 4927 2225 4966 mone
2254 4912 2575 4981 conscriptte
2595 4953 2611 4976 ,
2642 4911 2838 4981 quibus
2866 4912 3109 4968 succedit
3135 4912 3197 4967 de
3222 4912 3515 4968 Concordia
3542 4912 3647 4967 nari

2043 5015 2113 5059 'et
2138 5007 2318 5059 ueteris
2352 5003 2658 5058 Testamenti
2680 5004 2925 5058 metricus
2948 5004 3093 5073 liber,
3127 5005 3377 5061 versibus
3408 5007 3647 5062 hexame-

2064 5100 2163 5154 tris
2187 5099 2423 5154 leoninis
2450 5142 2464 5164 ,
2514 5098 2714 5154 additis
2742 5099 2961 5171 glossis.
3014 5099 3281 5155 Prmterea
3329 5116 3522 5156 versus
3546 5102 3646 5157 ele-

2064 5191 2224 5260 giaci,
2260 5190 2475 5261 Semper
2496 5202 2663 5260 erunt,
2694 5193 2833 5265 quod
2855 5203 3027 5259 erant,
3068 5202 3276 5248 (eterna:
3302 5195 3497 5267 gaudia
3520 5195 3641 5259 vita,

2046 5293 2169 5355 etc.
2222 5284 2562 5355 Epigramma
2602 5287 2676 5341 78
2702 5286 2956 5358 Prosperi
2986 5287 3175 5352 habet,
3222 5286 3444 5359 Semper
3490 5297 3640 5355 erunt,

2063 5379 2203 5448 quod
2229 5389 2366 5444 sunt,
2410 5388 2617 5435 aeterna:
2646 5382 2839 5450 gaudia
2869 5383 3009 5435 eitcc.
3055 5381 3267 5437 Deinde
3297 5382 3509 5438 Senum
3535 5380 3639 5436 Ila.

2060 5471 2155 5525 riae
2175 5473 2390 5543 virginis
2412 5472 2633 5543 eleganti
2655 5475 2883 5529 carmine
2904 5473 3210 5528 venerabilis
3234 5472 3383 5530 Petri
3407 5476 3472 5531 de
3501 5475 3635 5547 Rige,

2065 5581 2228 5619 sacra:
2278 5567 2550 5640 theologiae
2601 5570 2929 5641 professoris.
2968 5567 3202 5624 ‘Versus
3244 5579 3373 5626 sunt
3402 5570 3636 5643 elegiaci.

2064 5657 2226 5714 Liber
2252 5661 2522 5717 secundus
2551 5662 2865 5719 inscribitur
2888 5663 2952 5718 de
2974 5662 3344 5735 Evangetistis,
3380 5666 3512 5721 liber
3541 5677 3639 5722 ter.

2060 5751 2171 5808 tius
2196 5751 2261 5805 de
2293 5751 2593 5827 Prophetis,
2626 5757 2770 5813 liber
2796 5767 3026 5830 quartus
3050 5758 3115 5813 de
3140 5756 3429 5814 Paradiso.
3479 5761 3637 5816 Acce-

2035 5842 2194 5900 dunt
2234 5859 2426 5904 versus
2474 5848 2697 5920 elegiaci
2748 5850 2814 5908 ad
2854 5849 3084 5923 Xystum
3125 5849 3463 5923 pontiﬁcem,
3490 5850 3637 5921 huius
