3904 6340
100 302 213 359 469

1457 290 1963 351 PROLEGOMENA
1977 332 1989 345 .

3285 289 3390 346 4Ἱο

96 417 359 485 quaedam
391 416 552 473 bulla:
578 416 646 474 de
675 416 1012 473 immaculata
1043 412 1397 484 conceptione
1422 410 1690 479 Deiparar,
1721 413 1771 472 Α
1871 410 1958 465 76.
2002 411 2152 467 Alter
2173 412 2342 467 codex
2365 410 2763 475 Ottobonianus
2797 408 2884 473 36,
2930 408 3072 463 in-.l°
3120 407 3389 463 membra-

96 522 329 567 carmcn
354 511 648 584 elegiacum
680 510 902 567 Joannis
931 508 1232 575 Elorentini
1265 510 1329 563 ad
1360 507 1579 562 Petrum
1603 504 1693 558 Ti-

97 617 211 657 ven
268 604 323 658 in
381 605 599 661 laudem
638 605 700 659 B.
757 604 988 676 Virginis
1037 608 1259 674 Marim,
1304 607 1409 661 alia
1452 605 1693 660 carmina

96 695 423 769 Hieronymi
476 699 721 754 Patavini
767 700 999 771 (Vidae),
1048 711 1100 757 et
1141 700 1376 771 Philippi
1417 697 1690 761 Beroaldi,

95 801 151 847 et
182 793 409 850 Pmanes
433 793 703 849 Francisci
736 794 1062 865 Petrarchae,
1093 812 1309 852 carmen
1338 797 1439 851 sub
1460 792 1690 849 Ausonii

96 884 346 952 nomine,
396 886 729 959 Omnipotens
754 929 768 953 ,
799 904 949 957 quem
980 898 1145 943 mente
1175 889 1313 953 colo,
1343 888 1447 942 alia
1477 901 1687 957 anony-

97 990 213 1043 ma,
262 985 319 1032 et
346 976 643 1032 Tlteobaldi
673 977 913 1048 episcopi
960 980 1133 1033 sancti
1166 978 1514 1050 Physioloyus
1557 978 1691 1030 duo—

99 1068 272 1121 decim
322 1069 625 1123 animalium
667 1080 880 1145 naturas
918 1071 1209 1124 describens
1239 1070 1392 1124 vario
1424 1070 1684 1124 carmine.

102 1160 233 1216 Haec
260 1161 432 1217 Paulo
464 1164 685 1217 uberius
715 1164 794 1217 sic
819 1173 1244 1218 commemorata
1276 1172 1400 1217 sunt
1424 1205 1437 1230 ,
1483 1173 1538 1217 ut
1568 1178 1688 1217 car-

97 1258 246 1311 mina
282 1258 432 1313 Pctri
464 1258 715 1328 Rigensis
740 1298 755 1326 ,
808 1259 1097 1313 maximam
1140 1267 1347 1331 partem
1382 1274 1487 1313 non
1520 1260 1686 1325 edita,

96 1349 509 1406 iudicarentur:
538 1352 605 1406 de
629 1369 856 1422 quorum
877 1353 1203 1410 collectione
1224 1369 1253 1408 a
1275 1354 1551 1410 nonnullis
1571 1365 1689 1409 ten-

98 1456 213 1500 tata
242 1446 355 1500 dixi
392 1448 446 1500 in
475 1444 779 1517 Prolegom.
813 1447 877 1501 ad
907 1448 1275 1517 Dracontium,
1311 1465 1459 1504 num.
1490 1448 1579 1504 20.

171 1540 264 1600 75,
314 1534 487 1608 igitur
533 1554 658 1608 pag.
692 1540 986 1611 9.75bujus
1033 1542 1321 1597 voluminis
1371 1553 1548 1597 exstat
1593 1516 1689 1594 $-

93 1630 283 1685 dulius
324 1630 426 1685 hoc
457 1631 613 1687 titulo
647 1651 659 1685 :
711 1630 1041 1689 Mirabiliumr
1068 1635 1360 1691 divinorum
1413 1636 1535 1690 liber
1581 1638 1688 1705 pri-

91 1741 213 1778 mus
251 1722 381 1778 Celii
412 1724 619 1780 Sedulii
641 1727 943 1799 presbyteri.
974 1728 1166 1801 Incipit
1192 1748 1206 1782 :
1232 1729 1358 1785 Cum
1394 1749 1489 1787 sua
1530 1733 1689 1804 genti-

94 1820 197 1885 les,
227 1827 336 1875 etc.
370 1820 575 1875 Desunt
599 1822 828 1891 epistola
868 1822 933 1877 ad
971 1824 1367 1893 Macedoniam,
1402 1837 1455 1881 et
1503 1827 1687 1897 prolo-
1716 1825 1763 1884 B

89 1926 195 1982 gas
236 1905 493 1967 metricus
524 1911 829 1968 Prisc/tales.
859 1916 1105 1978 ,Carmen
1147 1916 1409 1981 dividitur
1454 1919 1505 1971 in
1556 1934 1688 1989 qua-

96 2012 225 2057 tuor
254 2003 447 2057 libros.
490 2004 547 2059 In
586 2005 691 2061 line
732 2015 815 2061 est
842 2018 967 2062 nota
1021 2008 1088 2064 de
1141 2010 1355 2065 Asterio
1395 2011 1688 2066 collectore

91 2096 403 2151 carminum
428 2096 657 2165 Sedulii,
682 2099 982 2168 Cantemus,
1020 2103 1062 2155 Α
1087 2101 1231 2169 solis,
1259 2101 1389 2156 ch
1433 2112 1541 2171 tua,
1568 2119 1688 2173 qua:

96 2188 206 2244 hoc
246 2189 440 2245 ordine
467 2192 824 2258 collocantur,
887 2195 1094 2251 scilicet
1139 2196 1297 2265 paulo
1325 2196 1487 2252 aliter
1528 2206 1689 2266 atque

96 2281 156 2335 in
189 2280 434 2338 editione
466 2284 612 2350 Aldi,
659 2286 753 2354 qui
802 2286 1135 2357 epigramma
1164 2286 1290 2342 Ηιεε
1316 2297 1403 2341 tua
1454 2288 1692 2356 przrmit-

98 2374 168 2428 tit
220 2373 449 2445 hymno,
500 2377 541 2428 Α
579 2377 701 2431 solis
757 2389 920 2432 ortus.
971 2380 1225 2450 Alioquin
1262 2396 1457 2436 censeo
1481 2378 1694 2435 Sedulii

96 2467 343 2521 carmina
374 2469 429 2523 in
459 2467 563 2523 hoc
599 2470 786 2525 codice
835 2487 903 2525 ex
950 2471 1071 2527 Aldi
1119 2472 1357 2529 editione
1421 2474 1691 2543 descripta

99 2572 249 2623 esse,
284 2558 371 2613 cui
414 2558 527 2613 fere
569 2561 772 2631 ubique
798 2563 1171 2619 consentiunt.
1202 2564 1371 2619 Totus
1401 2564 1571 2619 codex
1603 2565 1697 2620 de—

98 2650 343 2719 scriptus
374 2648 474 2704 fuit
522 2651 575 2704 ia
624 2654 815 2706 Castra
856 2651 1207 2710 Cracoviensi
1236 2672 1264 2708 a
1311 2655 1534 2711 Matthia
1583 2657 1694 2711 lilio

101 2742 238 2796 Adze
290 2740 551 2810 Sculteri,
587 2744 950 2800 mansionario
1000 2747 1052 2801 in
1112 2749 1342 2802 ecclesia
1398 2748 1696 2805 cathedrali

101 2835 478 2892 Cracoviensi.
530 2835 667 2893 Nota
719 2839 876 2909 hujus
916 2840 1120 2896 codicis
1168 2832 1274 2897 erit
1325 2842 1452 2915 Reg.
1490 2844 1544 2911 5,
1592 2843 1697 2901 hoc

102 2935 207 2995 est,
234 2927 405 2984 codex
439 2928 473 2982 5
514 2930 733 3001 reginae.

181 3023 267 3078 74.
312 3021 372 3077 ln
397 3022 589 3078 codice
647 3023 849 3095 reginae
894 3023 1302 3094 Alexandrino,
1352 3042 1501 3081 nam.
1556 3026 1697 3082 1560

102 3124 199 3171 aut
225 3115 391 3183 2078,
426 3117 869 3184 metnbranaceo,
902 3118 1086 3173 seculi
1129 3135 1203 3185 tx,
1251 3118 1318 3174 de
1364 3135 1474 3190 quo
1504 3121 1586 3191 egi
1642 3121 1695 3174 in

1798 518 2020 571 uaceus,
2080 507 2481 577 elegantissime
2535 512 2812 569 exaratus,
2870 501 3118 572 plurimis
3188 499 3390 554 litteris

1796 599 1986 652 aureis
2006 613 2068 653 ac
2102 598 2555 662 versicoloribus,
2593 596 2889 668 ﬁgurisque
2918 602 3165 650 ornatas.
3211 591 3385 646 Pecu-

1796 692 1943 746 Iiaris
1974 700 2057 745 cst
2087 691 2246 761 hujus
2268 692 2469 746 codicis
2502 692 2692 745 titulus
2725 710 2737 743 :
2774 688 2969 761 Incipit
3001 687 3129 742 liber
3186 682 3394 741 Sedulii

1796 782 1861 838 de
1908 783 2117 837 Actibus
2166 783 2555 856 praphetarum,
2593 792 2640 836 et
2700 792 2804 836 toto
2856 780 3048 836 Christi
3102 778 3391 833 Saluatoris

1794 894 1967 945 cursu,
2020 876 2086 931 de
2134 892 2241 946 quo
2290 875 2591 941 conler,’si
2641 875 2835 943 placet,
2885 889 3069 944 supra,
3108 887 3258 927 nttm.
3292 871 3384 925 49.

1797 972 1961 1026 Deest
1984 972 2211 1041 epistola
2242 971 2307 1025 ad
2338 970 2711 1025 Macedoniam
2745 988 2757 1024 :
2792 981 2911 1040 post
2941 970 3223 1039 prologum
3266 980 3387 1021 me-

1794 1066 2010 1133 tricum,
2043 1064 2348 1131 Paschales,
2397 1080 2616 1121 carmen
2656 1064 2919 1119 dividitur
2958 1066 3011 1117 in
3038 1064 3280 1134 quinque
3320 1060 3390 1113 li-

1796 1162 1953 1228 bros;
1983 1162 2077 1217 sed
2106 1160 2321 1216 diverso
2350 1160 2512 1215 modo
2541 1159 2608 1214 ab
2651 1159 2770 1213 aliis
2809 1157 3111 1224 codicibus,
3165 1156 3219 1210 in
3270 1154 3390 1223 qui-

1795 1256 1894 1309 bus
1923 1254 2125 1325 pariter
2163 1254 2402 1324 quinque
2440 1252 2565 1307 libri
2598 1260 2975 1314 numerantur,
3022 1258 3078 1303 at
3108 1264 3174 1303 ex
3222 1245 3389 1300 variis

1792 1347 2118 1403 lectionibus
2168 1346 2456 1401 constabit.
2513 1344 2756 1399 Carmini
2816 1341 3057 1412 paschali
3114 1339 3389 1395 adduntur

1793 1440 1987 1510 elegia,
2016 1438 2313 1504 Cantemus,
2348 1448 2403 1492 et
2448 1436 2703 1507 hymnus,
2733 1434 2775 1487 Α
2824 1433 2947 1488 solis
2978 1444 3142 1496 ortus,
3168 1432 3289 1487 sine
3317 1431 3387 1484 ti-

1794 1532 1939 1597 tulis,
1972 1540 2025 1586 et
2049 1546 2239 1585 versus
2267 1528 2555 1584 acrostichi
2598 1527 2808 1581 Liberii
2839 1535 2895 1579 et
2936 1521 3203 1578 Belisarii.
3255 1521 3389 1577 Suc-

1794 1625 1991 1685 cedunt
2015 1625 2133 1680 sine
2151 1622 2506 1694 inscriptione
2525 1621 2577 1675 hi
2600 1635 2791 1676 versus
2812 1618 3079 1688 corrupti,
3104 1617 3193 1671 vel
3222 1615 3386 1671 etiam

1794 1719 2050 1775 barbari:

1918 1843 2140 1903 Qualiter
2163 1842 2335 1891 aliian
2357 1840 2491 1903 ligno
2512 1840 2607 1902 jam
2624 1838 2846 1903 Christus
2867 1838 2917 1886 in
2937 1834 3036 1903 alto
3057 1874 3071 1896 ,

1919 1898 2146 1957 Sedulius
2170 1907 2375 1966 cecinit,
2394 1898 2554 1955 totum
2578 1902 2932 1966 complecteret
2955 1898 3124 1947 orbem
3138 1933 3153 1959 ,

1791 1960 1901 2033 49
1918 1970 2021 2033 Seu
2042 1960 2401 2033 demonstraret
2426 1980 2511 2033 pro
2517 1972 2633 2033 toto
2659 1960 2881 2033 pendere
2908 1967 3086 2033 mando
3101 1994 3116 2019 ,

1915 2032 2156 2081 Versibus
2180 2032 2283 2093 his,
2306 2021 2486 2078 mundo
2509 2021 2704 2077 Christo
2730 2026 2999 2074 miserante
3019 2021 3259 2071 salutem:

1916 2094 2132 2154 Quatuor
2159 2093 2270 2142 inde
2290 2093 2460 2155 plagas
2479 2126 2493 2149 ,
2522 2097 2617 2139 etc.

1792 2184 2104 2253 Sequuntur
2135 2194 2230 2235 sex
2252 2191 2447 2232 versus
2471 2172 2702 2240 Sedulii,
2729 2186 2795 2225 ex
2821 2170 2857 2222 Ι.
2895 2183 2950 2234 v,
2979 2181 3121 2223 vers.
3152 2166 3279 2231 190,
3300 2164 3391 2235 qui

1796 2277 1845 2329 in
1876 2274 1981 2328 alio
2001 2286 2216 2342 quoque
2239 2284 2344 2324 ms.
2365 2266 2562 2331 veteri,
2595 2274 2648 2319 et
2668 2280 2702 2343 .a
2731 2261 2877 2317 Beda
2904 2258 3381 2323 commendantur,

1802 2379 1861 2421 ut
1892 2366 2125 2419 releram
2152 2378 2301 2416 num.
2330 2359 2451 2414 170.
2478 2358 2650 2423 illico,
2677 2353 2850 2407 Finis.
2872 2352 3130 2432 Antonius
3160 2348 3394 2405 Sinibal—

1736 2470 1739 2473 '
1798 2460 1893 2511 dus
1922 2455 2285 2520 Florentinus,
2320 2448 2650 2505 Ferdinandi
2698 2446 2834 2518 regis
2888 2443 3123 2509 testudo,
3181 2441 3393 2510 scripsit

1798 2550 1887 2604 sub
1920 2566 2056 2603 anno
2088 2545 2301 2601 Domini
2344 2543 2504 2607 M75,
2536 2541 2621 2594 die
2647 2539 2713 2593 ~15
2754 2535 2967 2619 Martii,
3006 2533 3255 2604 Neapoli.
3312 2532 3392 2586 Ex

1799 2647 1941 2701 bono
1972 2642 2271 2713 exemplari
2301 2640 2480 2697 codex
2507 2637 2811 2706 descriptus
2842 2632 3084 2698 videtur,
3108 2632 3203 2687 sed
3235 2632 3382 2701 igno-

1800 2738 1975 2793 rantia
2001 2746 2055 2792 et
2082 2735 2288 2791 incuria
2322 2732 2528 2787 librarii
2565 2730 2807 2799 pluribus
2838 2725 3050 2781 mendis
3076 2731 3268 2779 scatet.
3326 2724 3383 2776 ln

1800 2830 2036 2886 rubricis
2083 2843 2179 2883 seu
2215 2826 2386 2881 titulis
2416 2824 2666 2894 qamdam
2698 2826 2995 2875 occurrunt
3028 2817 3083 2871 in
3115 2831 3182 2871 eo
3220 2829 3385 2884 pecu-

1798 2906 1976 2989 liaria,
2000 2934 2121 2993 quae
2145 2919 2257 2974 suis
2284 2919 2421 2973 locis
2446 2913 2854 2970 indicabantur.
2894 2909 3107 2982 Nomen
3135 2908 3266 2963 huic
3294 2921 3388 2962 co-

1797 3016 1904 3071 dici
1936 3014 2040 3070 erit
2073 3014 2181 3067 Ott.
2212 3010 2267 3065 2.

1873 3105 2217 3162 77.Urbinas
2248 3102 2457 3159 Sedulii
2484 3099 2656 3155 codex
2686 3099 2738 3151 in
2768 3093 3103 3151 bibliotheca
3122 3089 3391 3146 Vaticana

104 3207 520 3280 Prolegomenis
546 3209 611 3263 ad
635 3204 1017 3277 Prudentium,
1062 3184 1212 3264 nam.
1243 3211 1331 3280 78,
1373 3184 1494 3281 post
1528 3184 1694 3282 quos-
1722 3222 1767 3281 ε
1802 3217 1941 3257 unus
1970 3210 2174 3255 tantum
2207 3206 2290 3253 est
2316 3213 2464 3252 num.
2508 3192 2635 3259 584,
2676 3191 2806 3246 olim
2854 3189 2977 3255 828,
3037 3184 3390 3256 membrana-

105 3304 229 3358 dam
256 3318 444 3358 versus
468 3301 811 3372 Theodulphi
843 3302 1276 3372 Aurelianensis,
1308 3303 1419 3376 48
1455 3274 1697 3361 car-mina
1727 3274 1767 3345 θ
1802 3308 1933 3350 ceus
1960 3292 2125 3357 iani",
2151 3289 2327 3355 nitido
2344 3288 2667 3343 charactere
2670 3293 2971 3376 exaratas,
2995 3275 3192 3333 litteris
3209 3274 3398 3331 multis

104 3398 303 3454 Alcimi
334 3398 512 3466 Aviti,
546 3398 1022 3471 Psychomachiam
1067 3398 1343 3454 Prudentil
1363 3440 1378 3467 ,
1402 3397 1700 3471 Orthogra-
1726 3432 1730 3443 η

105 3492 291 3564 phiam
321 3491 505 3561 Capri,
550 3501 605 3547 et
643 3491 907 3563 Agroetii,
964 3506 1082 3562 pag.
1120 3492 1208 3558 79,
1243 3503 1368 3546 sunt
1388 3508 1561 3547 versus
1594 3491 1698 3547 Be-

106 3584 283 3639 lesarii
311 3584 610 3639 scholastici
632 3602 649 3639 :
678 3585 757 3640 sic
781 3584 1147 3640 inscribuntur
1168 3584 1289 3639 dua:
1307 3585 1701 3641 acrostichides

108 3677 314 3734 Liberii
342 3685 397 3731 et
418 3676 676 3732 ‘Belisarii
708 3676 775 3731 de
816 3676 1063 3743 Sedulio,
1097 3690 1233 3747 quas
1265 3679 1317 3747 ip
1385 3677 1701 3748 appendici:

108 3773 212 3828 bus
287 3769 617 3841 sabjungam
692 3769 919 3825 collatas
969 3785 1091 3825 cum
1152 3770 1257 3825 hoc
1282 3770 1491 3836 codice,
1537 3786 1700 3842 quem

112 3868 243 3940 Reg.
272 3864 306 3921 6
339 3864 683 3936 nuncupabo.
718 3864 1037 3940 Sequuntur
1057 3866 1109 3919 in
1149 3865 1250 3921 hoc
1272 3865 1458 3921 codice
1509 3881 1704 3922 versus

112 3964 165 4030 7,
190 3938 302 4017 hoc
347 3966 618 4035 corrupto.
635 3960 811 4026 titulo,
861 3938 1181 4014 ΑυεεηΓν-’ϐ
1211 3959 1441 4014 Adamus
1472 3958 1569 4015 Cos
1591 3960 1702 4017 ale—

110 4071 227 4129 gro.
264 4054 361 4108 Est
388 4052 599 4108 initium
622 4050 890 4107 Carminis
924 4050 1043 4108 Rufi
1069 4052 1217 4108 FeSti
1250 4052 1446 4108 Avieni
1474 4054 1553 4108 Ad
1577 4055 1707 4109 ami-

112 4166 197 4204 cos
226 4148 291 4202 de
335 4148 495 4220 Agro,
529 4146 676 4218 quod
706 4155 883 4202 exstat
915 4147 970 4202 in
995 4146 1322 4219 Anthologla
1372 4147 1701 4219 Burmanni,

113 4252 167 4297 et
197 4239 321 4296 aliis
348 4240 403 4294 in
434 4238 587 4295 locis.

187 4328 277 4391 75.
334 4334 393 4391 In
464 4320 792 4390 bibliotheca
861 4332 1119 4389 Vaticana
1186 4332 1543 4391 Ottoboniana
1598 4334 1707 4403 duo

113 4439 242 4487 sunt
269 4427 489 4484 codices
518 4426 745 4493 Sedulii,
777 4426 915 4482 alter
940 4426 1041 4483 sub
1066 4436 1214 4482 num.
1248 4428 1338 4494 55,
1372 4427 1438 4485 de
1460 4444 1566 4499 quo
1595 4425 1708 4485 dixi

114 4524 168 4579 in
200 4522 581 4593 Prolegomen.
607 4519 674 4576 ad
702 4521 1028 4589 Javencum,
1063 4532 1213 4575 num.
1254 4520 1347 4589 49,
1377 4505 1708 4579 characteris

1798 3386 1981 3443 aureis
2008 3393 2060 3440 et
2092 3356 2260 3439 titulis
2288 3379 2629 3451 elegantibus
2670 3356 3005 3444 descriptus,
3036 3369 3133 3426 sed
3164 3386 3192 3422 a
3217 3366 3397 3438 negli-

1799 3491 1960 3553 gente
1992 3480 2171 3551 aliquo
2200 3478 2425 3533 librario
2447 3473 2634 3530 saeculi
2662 3487 2731 3525 xv
2762 3488 2775 3523 :
2805 3484 2930 3524 nam
2966 3466 3283 3535 frequentes
3305 3477 3398 3517 oc-

1802 3584 2028 3633 currunt
2058 3588 2294 3631 errores.
2322 3563 2452 3625 Past
2510 3568 2796 3638 prologum
2834 3560 3123 3617 metricam
3154 3556 3393 3611 Pascha-

1804 3664 1900 3738 ιω,
1923 3676 2145 3723 Carmen
2161 3666 2407 3736 sequitur
2434 3664 2485 3718 in
2510 3669 2743 3731 quatuor
2771 3658 2943 3712 libros
2976 3653 3237 3709 divisum.
3264 3650 3399 3706 Nam

1804 3780 1869 3819 ex
1898 3762 2056 3819 tertio
2085 3772 2140 3817 et
2165 3768 2359 3831 quarto
2392 3759 2531 3813 libro
2555 3755 2614 3809 tit
2644 3770 2805 3818 unus,
2828 3761 2885 3805 ut
2909 3751 2960 3805 in
2988 3747 3176 3804 multis
3198 3746 3395 3802 editio-

1805 3856 1985 3911 nibus.
2019 3855 2153 3910 Post
2176 3868 2397 3908 carmen
2428 3860 2513 3905 est
2544 3846 2738 3917 elegia,
2770 3843 3072 3904 Cantemus,
3106 3853 3228 3909 qua:
3260 3836 3398 3891 dici-

1808 3961 1915 4015 tur,
1936 3947 2320 4013 Paracterium,
2340 3943 2725 4014 elegiacumque
2746 3951 2953 3991 carmen
2975 3932 3164 4004 egregii
3193 3928 3404 3985 Sedulii

1807 4043 2058 4114 episcopi,
2080 4057 2186 4112 quo
2218 4038 2393 4109 elogio
2442 4032 2731 4105 quinquies
2762 4036 2857 4084 aut
2888 4026 3090 4096 smpias
3139 4022 3400 4078 Sedulius

1809 4141 1861 4195 in
1900 4139 2003 4194 hoc
2036 4136 2227 4194 codice
2250 4133 2504 4189 donatur.
2533 4126 2927 4183 Desiderantur
2956 4114 3405 4187 alia,utepistola

1810 4233 1875 4288 ad
1901 4220 2298 4295 Macedonium’,
2334 4226 2589 4297 hymnus,
2618 4220 2663 4274 Α
2710 4217 2833 4273 solis
2866 4225 3035 4282 ortus,
3067 4210 3403 4281 epigramma
3462 4274 3471 4283 ο

1809 4326 2040 4394 Sedulii,
2072 4322 2288 4388 Asterii,
2318 4332 2423 4377 etc.
2475 4319 2605 4373 Post
2636 4312 2863 4384 elegiam
2916 4307 3174 4364 librarius
3224 4298 3421 4360 solum'

1812 4425 2039 4496 notavit,
2087 4419 2309 4492 Explevi
2356 4416 2451 4471 hoc
2493 4428 2644 4485 opus,
2697 4417 2832 4475 etc.,
2884 4414 3016 4473 etc.,
3068 4416 3245 4473 neque
3291 4415 3406 4454 am-

1812 4523 1952 4594 plius
1982 4515 2189 4575 addidit
2216 4523 2307 4569 aut.
2354 4514 2421 4567 de
2456 4525 2555 4565 suo
2576 4506 2797 4562 nomine
2824 4535 2839 4571 ,
2869 4508 2962 4556 aut
3006 4498 3073 4554 de
3104 4509 3247 4552 anno
3300 4508 3409 4564 quo

111 4618 293 4673 forma
349 4591 444 4670 uiri
490 4615 681 4670 incisa.
739 4613 992 4668 Proxime
1022 4615 1229 4669 accedit
1272 4613 1360 4669 hic
1414 4614 1587 4671 codex
1643 4616 1711 4678 ad
1741 4619 1788 4679 D
1813 4591 2091 4689 expletam
2118 4613 2411 4681 fuit'opus.
2448 4606 2765 4676 Sequuntur
2796 4599 2847 4653 in
2882 4595 3076 4653 eodem
3126 4591 3402 4647 volumine

113 4720 335 4767 etatem
358 4707 561 4764 codicis
587 4704 723 4779 Reg.
749 4721 786 4762 ι.
813 4707 1056 4763 Juvenco
1085 4706 1434 4778 praemittitur
1453 4707 1709 4765 Sedulius

112 4806 221 4859 hoc
265 4802 507 4859 ordine:
550 4800 782 4871 epistola
833 4799 899 4855 ad
943 4799 1355 4866 Macedoniam;
1404 4802 1708 4869 annotatio,

98 4897 237 4967 Hoc
262 4912 395 4967 opus
426 4893 698 4958 Sedulius,
720 4904 854 4959 etc.;
889 4891 1087 4948 Asterii
1114 4891 1467 4963 epigramma,
1521 4892 1707 4964 Sume,

111 5009 295 5059 sacer;
342 4988 625 5045 annotatio
652 4988 759 5042 alia
789 4987 858 5043 de
900 4986 1130 5058 prologo
1158 4986 1406 5054 metrica,
1459 4986 1714 5044 Sedulius

112 5087 360 5162 epistola,
386 5092 519 5152 etc.,
549 5093 609 5139 ut
635 5098 698 5138 ex
730 5082 865 5153 Reg.
895 5098 912 5135 1
943 5082 1245 5152 expositum
1274 5080 1393 5149 fuit,
1428 5097 1578 5136 nam.
1610 5082 1707 5149 63;

114 5183 376 5254 hymnus,
428 5178 472 5231 A
498 5177 796 5232 solis‘ortus
823 5176 1067 5243 cardine;
1098 5174 1358 5247 prologus
1406 5177 1666 5231 metricus
1693 5221 1705 5245 ,

116 5271 442 5338 Paschales;
470 5264 691 5326 carmen
723 5266 975 5337 paschale
1003 5268 1070 5343 lin
1105 5267 1343 5339 quinque
1378 5266 1570 5335 libros,
1621 5284 1715 5324 eo-

114 5368 243 5421 dem
273 5363 439 5419 modo
483 5376 590 5434 quo
621 5362 674 5416 in
721 5359 856 5429 Reg.
908 5360 928 5415 l
977 5360 1359 5425 distributum;
1391 5361 1718 5418 acrosticbis

116 5461 371 5517 Belisarii
394 5458 470 5514 de
496 5455 742 5523 Sedulio,
773 5454 1024 5510 Sedulius
1055 5452 1275 5522 Christi,
1298 5463 1430 5532 etc.,
1463 5456 1581 5512 sine
1605 5457 1711 5513 ulla

117 5556 503 5626 inscriptione,
532 5561 587 5608 et
613 5552 813 5607 emisse
854 5550 1027 5605 altera
1067 5549 1438 5614 acrostichide.
1464 5549 1708 5622 Liberii;

117 5632 318 5724 elegia,
351 5648 657 5714 Cantemus,
688 5648 809 5703 sine
830 5647 1025 5715 titulo;
1052 5658 1329 5717 posuemo
1357 5655 1515 5715 nota,
1569 5648 1717 5706 Inci-

119 5736 488 5820 pi‘tars,etc.,
519 5756 641 5812 qua:
671 5755 820 5796 nam.
856 5740 888 5796 9
928 5739 1100 5797 relata
1123 5748 1227 5797 est.
1270 5738 1423 5796 Hunc
1472 5742 1716 5802 codicem

120 5856 258 5899 voco
294 5838 406 5895 Ott.
432 5838 486 5893 l.

1813 4686 2257 4783 MartyrolOgium
2285 4703 2462 4775 Bedae,
2493 4712 2684 4755 versus
2731 4694 2973 4766 ejusdem
3011 4688 3170 4746 Beda:
3201 4689 3269 4743 de
3293 4686 3402 4740 Ka-

1814 4780 2016 4872 lendis,
2045 4812 2101 4858 et
2130 4801 2374 4857 carmina
2403 4797 2744 4852 diversorum
2768 4788 2837 4843 de
2876 4800 3040 4850 anno,
3100 4780 3406 4865 mensibus,

1813 4908 1921 4957 etc.
1968 4862 2108 4953 Dicta
2156 4882 2317 4965 hujus
2372 4888 2589 4947 codicis
2632 4886 2687 4940 in
2720 4881 2900 4943 {variis
2944 4874 3272 4933 lectionibus
3323 4862 3407 4925 ρει

1818 4994 1948 5050 Urb.
2944 4976 2948 4980 ³

1885 5088 1976 5143 78.
2007 5082 2233 5155 Collegii
2256 5077 2488 5137 Romani
2518 5072 2857 5146 Bibliotheca
2901 5054 3270 5155 suppeditavit
3300 5070 3403 5111 no-

1818 5183 1901 5238 bis
1928 5152 2199 5243 codicerri,
2230 5190 2394 5247 quem
2428 5173 2481 5226 in
2514 5165 2724 5224 edendo
2754 5162 2997 5219 Juvenco
3040 5152 3409 5217 contulimus,

1816 5285 1870 5331 et
1896 5242 2286 5341 descripsimus
2316 5268 2366 5321 in
2412 5262 2718 5331 Prolegom.
2761 5268 2908 5309 nam.
2958 5248 3049 5306 50.
3087 5242 3407 5311 Character,

1817 5388 1927 5444 quo
1958 5366 2212 5425 Sedulius
2234 5361 2489 5419 exar‘atus
2516 5349 2904 5422 estantiquior
2952 5342 3191 5407 videtur,
3237 5353 3414 5409 neque

1822 5436 1877 5520 in
1913 5457 2145 5521 Sedulio
2164 5467 2244 5513 tat
2291 5453 2482 5511 menda
2528 5452 2825 5505 occurrunt
2868 5449 3001 5513 quot
3032 5439 3086 5493 in
3142 5436 3413 5491 Juvenco.

1823 5557 2041 5613 Titulus
2060 5563 2177 5610 est:
2214 5548 2406 5619 Incipit
2428 5544 2558 5599 liber
2587 5552 2751 5615 poeta:
2803 5531 3039 5595 Sedulii:
3068 5528 3217 5585 illico
3239 5528 3423 5597 prolo-

1822 5666 1922 5725 gus
1956 5649 2215 5704 metricus
2257 5644 2378 5699 sine
2408 5638 2637 5711 epistola
2666 5635 2733 5690 ad
2782 5625 3180 5687 Macedoniam.
3222 5620 3425 5676 Crebra

1826 5717 1911 5801 est
1958 5744 2012 5798 in
2069 5740 2311 5796 carmine
2337 5734 2619 5793 distinctio
2653 5728 2931 5784 titulorum
2954 5767 2969 5793 ,
3026 5720 3122 5776 sed
3158 5717 3427 5773 librorum

1831 5836 2010 5894 nulla:
2034 5835 2137 5907 ipsi
2167 5834 2328 5891 etiam
2354 5831 2497 5888 tituli
2520 5840 2714 5885 versus
2738 5821 2900 5879 tinem
2934 5833 3043 5875 non
3065 5823 3194 5872 sunt
3219 5809 3425 5877 notati,
