3896 6376
464 358 558 412 471

1750 334 2031 396 C(ELIUS
2068 297 2429 395 ssnuuUs.

3640 334 3760 393 472

468 474 714 544 quamvis
737 474 887 528 locus
914 483 1115 525 vacuus
1144 467 1366 522 relictus
1396 461 1581 518 fuerit.
1608 460 1715 531 50
1765 456 1896 512 Post
1924 469 2044 511 car—
2072 457 2126 516 Α
2150 452 2346 523 elegia,
2379 452 2677 523 Cantemus,
2704 472 2807 528 qua
2844 456 2996 513 ﬁnita
3025 473 3037 512 :
3064 455 3259 527 Incipit
3280 458 3507 530 hymnus
3537 454 3757 512 Sedulii

463 583 587 623 men
612 567 866 638 paschale
896 574 979 619 est
1000 562 1171 632 elegia
1194 560 1489 625 Cantemus,
1508 556 1624 611 sine
1642 553 1999 622 inscriptione
2025 565 2039 602 :

462 670 588 729 post
615 649 865 729 elegiam,
906 655 1156 721 Explicit.
1189 651 1296 707 Iste
1317 650 1445 705 liber
1477 658 1555 704 est
1590 648 1650 701 S.
1681 644 1892 716 Georgii
1927 642 2046 697 Ma-
2090 726 2091 733 γ

449 754 613 821 joris,
635 766 740 808 etc.
779 750 1030 805 Desiderat
1043 756 1125 803 tur
1155 747 1416 819 hymnus,
1452 743 1493 797 A
1520 740 1646 796 solis
1668 748 1837 803 ortus,
1862 746 1916 791 et
1941 751 2047 790 ca:-

465 859 578 903 tera
601 846 781 902 omnia
811 859 933 913 qua:
956 843 1011 898 iu
1044 842 1166 895 aliis
1191 838 1472 893 codicibus
1520 834 1714 889 adesse
1759 831 1958 887 solent.
1987 829 2044 885 In

466 940 608 995 notis
631 937 697 992 ad
719 937 1016 992 Juveucum
1041 933 1189 987 Rom.
1221 929 1406 985 vocavi
1431 928 1585 1001 hunc
1600 925 1868 989 codicem,
1885 932 2047 994 atque

465 1032 536 1083 ita
565 1045 779 1099 quoque
805 1044 945 1081 nunc
969 1024 1276 1093 appellabo.
1562 1004 1578 1031 ”

539 1123 623 1176 7t).
681 1122 737 1176 lu
766 1112 1089 1176 Bibliodtee.
1120 1117 1380 1187 Angeliea
1439 1116 1625 1170 Romae
1656 1120 1834 1166 exstat
1873 1108 2047 1165 codex

464 1231 567 1271 ms.
603 1216 947 1278 Cilﬂl'lilCCllS,
983 1228 1142 1282 quem
1171 1208 1442 1282 descripsi
1471 1210 1521 1262 in
1546 1207 1756 1275 Proleg.
1800 1204 1867 1258 ad
1913 1202 2047 1259 Pru-

464 1309 725 1372 dentium,
760 1322 910 1360 num.
946 1305 1033 1359 76.
1093 1306 1222 1359 Post
1250 1303 1475 1374 elegiam
1508 1300 1575 1355 de
1624 1300 2047 1354 Resurrectione

460 1402 559 1456 sub
600 1401 863 1454 Lactantii
923 1399 1143 1453 nomine
1166 1398 1414 1467 sequitur
1460 1394 1713 1464 prologus
1761 1393 2045 1455 metricus,

461 1492 665 1548 Sedulii
691 1493 996 1558 Puscltales,
1030 1494 1148 1547 sine
1182 1492 1289 1546 ullo
1318 1490 1498 1553 titulo,
1533 1498 1643 1541 tum
1677 1501 1895 1541 carmen
1948 1500 2045 1555 pa-

461 1588 644 1643 scitalc
670 1591 721 1642 in
746 1600 975 1659 quatuor
1004 1588 1171 1642 libros
1201 1586 1457 1646 divisum,
1489 1592 1549 1637 ut
1574 1586 1627 1636 in
1663 1582 1787 1635 aliis
1812 1580 2048 1636 recenti-

460 1681 565 1735 bus
589 1681 887 1743 codicibus,
914 1695 978 1733 ae
1004 1679 1244 1748 denique
1280 1676 1451 1747 elegia
1481 1672 1780 1739 Cantemus,
1814 1673 1935 1727 sine
1961 1672 2045 1725 iu-

457 1774 783 1843 scriptioue,
815 1788 875 1827 ac
898 1772 1071 1827 solum
1108 1781 1230 1839 post
1256 1770 1503 1824 ultimum
1539 1766 2046 1839 versum:cartninis

2149 544 2451 616 presbyteri,
2487 562 2682 618 nempe
2712 549 2753 601 Α
2780 548 2905 604 solis
2930 558 3092 605 orlus.
3125 548 3279 606 Hunc
3302 548 3554 608 codicem
3580 548 3759 603 Alba-

2150 636 2317 703 nium,
2349 637 2469 691 sive
2499 638 2846 715 Alb-dicam.

2220 731 2308 785 81.
2341 731 2589 789 Referam
2637 749 2779 790 nunc
2824 735 3038 790 codices
3068 750 3225 804 mss.,
3254 751 3390 807 quos
3429 736 3484 791 in
3514 750 3613 792 sua
3642 734 3758 791 Sec

2149 822 2278 878 dulii
2328 825 2566 883 editione
2595 828 2841 883 adhibuit
2870 826 3216 889 Arnlzenius.
3268 830 3512 885 Primum
3558 828 3758 885 laudat

2149 916 2390 974 codicem
2422 923 2662 990 parentis
2710 928 2814 989 sui,
2868 940 3026 993 quem
3073 925 3120 979 is
3163 925 3231 980 ad
3274 924 3433 980 Plinii
3471 925 3753 998 Panegyr.

2149 1029 2277 1078 xxv,
2310 1012 2364 1080 5,
2407 1027 2459 1068 et
2492 1031 2614 1069 χιιι
2640 1058 2655 1080 ,
2683 1017 2715 1070 8
2741 1058 2756 1082 ,
2782 1017 3019 1087 appellat
3045 1019 3309 1089 antiquum
3332 1060 3348 1085 ,
3381 1028 3436 1074 et
3463 1018 3757 1073 laudanda:-

2148 1110 2410 1163 uetnstatis
2449 1111 2792 1189 membranas.
2843 1111 3023 1167 Codex
3051 1112 3139 1167 hic
3165 1112 3612 1169 membranaceus
3638 1112 3755 1168 mi-

2149 1202 2266 1255 nori
2298 1199 2470 1257 forma
2500 1203 2812 1259 continebat
2833 1203 3037 1260 Sedulii
3065 1220 3278 1261 carmen
3308 1206 3592 1276 paschale,
3620 1206 3752 1276 epi-

2148 1308 2388 1364 gramma
2416 1295 2638 1358 Asterii,
2659 1306 2712 1349 et
2737 1295 2992 1366 hymnum
3021 1300 3045 1352 l
3076 1296 3305 1363 Sedulii,
3333 1296 3450 1352 sive
3470 1296 3748 1367 Elegiam,

2151 1386 2439 1442 Cantemus.
2472 1388 2697 1459 Reliqua
2729 1390 2972 1446 deerant.
3020 1392 3063 1446 A
3107 1390 3270 1446 Petro
3295 1390 3607 1445 Burmanno
3636 1389 3749 1444 Se-

2149 1478 2326 1533 eundo
2347 1480 2556 1549 accepit
2576 1482 2900 1536 Arntzenius
2929 1481 3170 1537 codicem
3205 1482 3750 1538 Almeloveenianum

2149 1577 2371 1646 majoris
2399 1578 2608 1643 [οι-οιαὶ,
2640 1592 2746 1647 quo
2781 1593 2910 1633 usus
2939 1576 3044 1647 iam
3073 1588 3229 1633 antea
3258 1576 3746 1642 fueratCellarius,

2150 1668 2219 1724 ob
2257 1668 2631 1739 antiquitatem
2685 1678 2740 1724 et
2784 1668 2989 1724 scholia
3041 1669 3287 1742 quaedam
3339 1669 3747 1741 elegantissima

2150 1763 2385 1817 maxime
2413 1762 2902 1819 commendandum
2938 1782 2951 1818 :
2986 1765 3078 1819 sed
3110 1767 3163 1818 in
3196 1779 3263 1819 eo
3293 1762 3749 1820 desiderabantur

459 1866 732 1936 paschalis
760 1865 975 1935 legitur,
1006 1863 1235 1931 Explicit
1268 1862 1392 1915 liber
1415 1858 1641 1915 Sedulii.
1668 1857 1806 1915 Sunt
1861 1868 2038 1912 tamen
2076 1848 2122 1910 B
2149 1865 2461 1910 cunctaav.
2482 1856 2602 1922 l97,
2629 1856 2667 1910 l.
2696 1871 2713 1910 ι
2737 1874 2748 1910 :
2769 1852 2896 1910 Cum
2920 1856 3253 1928 spirante,jad
3270 1872 3324 1911 v.
3351 1856 3438 1921 15,
3475 1856 3511 1909 l.
3548 1871 3601 1910 tv
3628 1874 3643 1911 :
3669 1854 3748 1910 Ni

462 1960 515 2013 in
547 1959 788 2012 carmine
820 1957 1064 2027 paschali
1087 1956 1270 2025 capita
1299 1944 1415 2009 suis
1438 1953 1609 2008 titulis
1628 1952 1906 2007 distincta.
1940 1949 2047 2006 No-

458 2069 582 2109 men
608 2050 1258 2123 utonachiCisterciensis
1279 2049 1635 2120 exscriptoris
1652 2048 1865 2103 videtur
1882 2046 2048 2103 fuisse

457 2146 711 2201 AntOnius
739 2144 965 2199 Lemos:
997 2146 1236 2199 obscure
1274 2143 1438 2198 etiam
1481 2141 1771 2206 indicatur,
1802 2139 2047 2195 codicem

456 2240 787 2308 pertinuisse
816 2237 884 2293 ad
944 2236 1339 2293 monasterium
1385 2233 1721 2290 Claraevallis
1759 2232 2048 2289 Mediolani

458 2333 669 2390 ordinis
696 2331 1108 2395 Cisterciensis;
1145 2330 1339 2385 litterae
1384 2327 1530 2385 enim
1564 2327 1749 2382 multis
1802 2328 1854 2380 in
1906 2325 2046 2382 locis

458 2429 569 2500 jam
600 2428 713 2483 fere
740 2423 1258 2489 evanuerunt.Vidi,
1289 2433 1343 2478 et
1366 2422 1580 2479 excussi
1610 2421 1753 2476 hunc
1774 2420 2045 2486 codicem,

408 2555 413 2562 ο
463 2540 625 2595 quem
648 2520 940 2579 nominabo
967 2518 1309 2590 Angelieum,
1345 2518 1460 2573 sive
1485 2518 1615 2587 Ang.
1640 2517 1715 2571 De
1736 2515 1844 2570 alio
1861 2513 2046 2571 codice

463 2618 817 2674 bibliothecae
846 2615 1124 2687 Angelicaa
1162 2612 1481 2684 antiquiori,
1515 2612 1603 2682 qui
1654 2609 1831 2665 solum
1877 2608 2044 2679 nobis

464 2711 685 2767 exhibet
712 2724 933 2766 carmen
963 2704 1303 2764 Romulidum
1333 2705 1540 2774 ductor,
1569 2711 1702 2772 etc.,
1735 2701 1899 2758 verba
1940 2702 2045 2759 leci

460 2819 612 2859 num.
661 2804 750 2858 57.

535 2899 625 2952 80.
669 2895 856 2952 Alium
914 2892 1158 2950 codicem
1200 2892 1548 2947 chartaceum
1590 2890 1794 2947 Sedulii
1822 2888 2042 2955 habeo,

461 3006 622 3059 quem
664 2988 809 3045 mihi.
831 3004 938 3044 non
968 2988 1157 3042 multis
1189 2996 1315 3041 ante
1361 2986 1518 3040 annis
1573 2984 1905 3054 comparavi,
1937 2998 2042 3038 sae-

460 3084 587 3140 culo
615 3099 685 3138 xv
708 3083 934 3138 ineunte
955 3081 1237 3151 scriptum.
1260 3077 1527 3133 Praecedit
1554 3077 1606 3132 in
1632 3076 1737 3134 hoc
1768 3075 2043 3131 volumine

459 3178 705 3244 Ovidius,
729 3177 792 3232 de
820 3174 1067 3230 Remedio
1086 3174 1300 3239 amoris,
1333 3187 1456 3227 cum
1482 3172 1716 3242 glossis;
1748 3170 2043 3225 Batracho-

2151 1948 2366 2020 genitor.
2398 1947 2617 2003 Addidit
2649 1948 2790 2004 idem
2823 1949 3160 2004 Burmannus
3196 1948 3489 2004 editionem
3524 1948 3748 2019 Georgii

2092 2044 2098 2051 '
2148 2038 2427 2106 Fabricii,
2479 2041 2634 2111 cujus
2684 2040 2919 2112 margini
2964 2038 3191 2098 Carolus
3218 2040 3464 2097 Andreas
3496 2039 3746 2096 Dukerus

2151 2133 2420 2189 variantes
2450 2132 2714 2189 lectiones
2742 2147 2811 2189 ex
2835 2132 3075 2190 editione
3102 2131 3409 2200 Parrhasii,
3440 2141 3500 2187 et
3524 2132 3747 2187 schedis

2149 2224 2461 2293 Pulmanni,
2498 2224 2613 2281 sive
2644 2224 2982 2291 Poelmanni,
3013 2225 3373 2296 ascripserat:
3406 2239 3531 2295 qua:
3553 2223 3750 2281 Fabri-

2148 2317 2221 2372 cii
2247 2316 2415 2372 editio
2442 2320 2496 2372 in
2541 2317 2795 2388 Catalogo
2839 2316 3184 2374 bibliotheca:
3214 2315 3538 2373 Dukerianze
3577 2316 3744 2383 in-l',

2148 2424 2299 2465 num.
2343 2408 2487 2476 571,
2540 2422 2896 2467 memoratur.
2945 2410 3234 2469 Lectiones
3274 2413 3439 2467 variae
3484 2411 3539 2466 in
3587 2410 3746 2467 Poel-

2147 2503 2332 2558 manni
2374 2502 2591 2558 schedis
2640 2502 2936 2559 Arntzenio
2961 2504 3218 2560 videntur
3246 2520 3315 2560 ex
3357 2519 3462 2560 ms.
3490 2503 3750 2574 deprom-

2146 2604 2291 2665 ptae:
2326 2610 2449 2650 nam
2473 2596 2765 2667 aliquando
2795 2596 2849 2652 id
2871 2596 3073 2652 indicat
3099 2598 3218 2667 ipsis
3247 2596 3635 2664 Poelmannus,
3687 2608 3748 2654 ut

2148 2687 2214 2742 ad
2240 2703 2292 2742 v.
2314 2689 2440 2755 276,
2471 2688 2509 2743 ι.
2538 2704 2590 2743 v.
2621 2689 2899 2753 Daumius,
2924 2689 3016 2760 qui
3041 2696 3096 2744 et
3118 2689 3235 2760 ipse
3252 2688 3590 2745 christianos
3614 2706 3749 2761 poe-

2148 2788 2229 2835 tas
2258 2778 2421 2836 edere
2450 2780 2640 2849 voluit,
2674 2780 2730 2836 in
2760 2781 2919 2837 codd.
2962 2782 3015 2836 in
3040 2781 3285 2850 Sedulio,
3307 2782 3560 2849 Aratore,
3588 2785 3748 2843 aliis—

2145 2874 2256 2942 que
2285 2888 2505 2927 manum
2534 2872 2851 2929 Poelmanni
2884 2872 3097 2939 habuit,
3138 2884 3197 2930 ut
3237 2884 3465 2932 testatur
3492 2877 3545 2932 in
3570 2880 3741 2950 epist.

2146 2964 2215 3019 ad
2247 2964 2527 3021 Heinsium
2555 2965 2684 3031 220,
2732 2976 2866 3021 tom.
2897 2984 2931 3021 v
2977 2966 3507 3039 Syllog.Butmann.
3549 2971 3746 3028 Fabri-

2145 3057 2262 3112 cius
2301 3072 2535 3129 quoque,
2590 3057 2895 3114 Comment.
2941 3058 2996 3115 in
3018 3071 3184 3130 poet.»
3224 3059 3436 3130 christ.,
3488 3076 3611 3133 pag.
3643 3065 3743 3132 ει,

2145 3150 2361 3208 codices
2387 3168 2416 3205 a
2439 3151 2771 3209 Poelmanno
2793 3153 3020 3209 collatos
3050 3164 3341 3221 memorat,
3370 3170 3602 3226 quorum
3632 3158 3745 3231 52

460 3268 801 3342 myomacbia
817 3266 1034 3321 llomeri
1052 3262 1262 3319 Latinis
1282 3262 1527 3318 versibus
1547 3261 1781 3329 reddita,
1807 3277 1926 3330 qua:
1959 3261 2037 3315 in-

2149 3253 2326 3301 tamen
2356 3245 2612 3301 lectiones
2639 3246 2874 3302 diversae
2900 3257 3023 3302 sunt
3044 3247 3112 3304 ab
3136 3249 3265 3318 illis,
3293 3265 3415 3320 qua:
3438 3251 3489 3305 in
3516 3251 3742 3309 schedis

459 3362 610 3431 cipit,
628 3358 919 3427 Bonarum,
934 3348 1242 3425 muruntthe
1261 3354 1420 3409 simul
1442 3354 1674 3408 crudelia
1686 3352 1840 3409 bella.
1859 3354 2045 3424 Sequi-

458 3465 545 3510 tur
564 3453 839 3518 Sedulius,
871 3450 967 3506 sed
996 3448 1149 3505 deest
1173 3448 1385 3503 initium
1418 3461 1588 3517 usque
1608 3446 1676 3501 ad
1708 3460 1857 3501 vers.
1877 3444 1947 3502 45
1974 3445 2040 3500 li-

460 3550 545 3606 bri
571 3566 589 3604 ι
616 3567 629 3602 :
660 3547 995 3602 Labruscam.
1024 3543 1256 3613 Margini
1282 3542 1555 3597 adduntur
1588 3541 1725 3598 tituli
1750 3540 1920 3597 minio
1946 3554 2043 3594 no-

458 3645 594 3699 tati:
619 3642 875 3698 carminis
905 3637 1176 3710 paschalis
1193 3637 1393 3693 divisio
1418 3646 1502 3692 est
1519 3637 1571 3691 in
1586 3649 1818 3709 quatuor
1844 3636 2036 3701 libros,

458 3746 518 3792 ut
548 3737 601 3791 in
633 3736 756 3791 aliis
778 3733 1178 3791 recentioribus
1206 3731 1507 3795 codicibus,
1534 3732 1586 3784 in
1614 3730 1810 3801 quibus
1837 3745 1907 3786 ex
1931 3740 2041 3786 ter-

458 3831 537 3887 tio
557 3840 615 3885 et
638 3839 835 3901 quarto
861 3828 1002 3883 libro
1021 3825 1081 3881 lit
1110 3841 1253 3881 unus
1277 3836 1506 3879 tantum.
1523 3822 1763 3880 Carmini
1793 3821 2037 3894 paschali

455 3921 699 3979 succedit
716 3921 1036 3992 elegia,qu2e
1063 3919 1261 3974 dicitur
1288 3918 1607 3991 epigramma
1626 3916 1883 3969 distichon
1901 3916 2038 3981 eius-

453 4018 573 4072 dem
602 4014 832 4073 Sedulii.
861 4012 1067 4069 Deinde
1125 4012 1356 4084 hymnus
1386 4009 1628 4080 ejusdem
1656 4017 1853 4079 poetze,
1880 4008 1925 4062 Α
1953 4025 2037 4062 so-
2078 4051 2082 4056 .

450 4114 517 4168 lis
538 4121 680 4167 ortus
709 4107 1015 4172 cardine,et
1031 4107 1084 4161 in
1114 4104 1222 4160 line
1254 4112 1400 4168 nota,
1422 4103 1666 4159 Sedulius
1686 4092 1861 4175 poeta,
1884 4117 2029 4157 num.

452 4206 521 4263 10
549 4205 741 4260 relata.
772 4201 1057 4259 Accedunt
1086 4198 1435 4254 miscellanea
1485 4198 1587 4252 alia
1619 4211 1801 4265 sacra,
1825 4206 1878 4253 et
1905 4211 2033 4267 pro-

451 4298 597 4366 fana,
633 4299 685 4351 in
713 4296 914 4366 quibus
939 4295 1188 4365 quaedam
1213 4292 1394 4360 Statii,
1425 4289 1762 4361 Calphurnii,
1795 4292 2033 4362 Proper-

453 4396 513 4451 tii
538 4402 593 4448 ct
616 4391 924 4454 Claudiani,
957 4390 1047 4461 qui
1094 4389 1364 4458 Conopeus
1387 4384 1722 4442 Florentinus
1753 4388 1875 4443 civis
1902 4386 2036 4441 dici-

452 4500 561 4546 tur.
585 4488 792 4544 Sedulii
817 4486 1060 4543 carmina
1082 4482 1439 4552 exscriptoris
1472 4481 1801 4553 negligentia
1842 4497 2033 4551 parum

449 4590 699 4642 correcta
720 4589 869 4646 sunt,
894 4580 988 4635 sed
1008 4579 1191 4649 plures
1216 4587 1394 4631 tamen
1423 4570 1717 4632 occurrunt
1737 4576 1900 4629 varize
1924 4576 2031 4630 lec-

2146 3340 2518 3410 reperiuntur:
2542 3356 2666 3397 nam
2693 3340 2746 3395 in
2770 3340 2988 3398 schedis
3016 3358 3234 3399 carmen
3262 3343 3468 3401 Sedulii
3498 3346 3741 3403 divisum

2145 3444 2229 3490 est
2263 3435 2317 3489 in
2346 3435 2584 3505 quinque
2613 3434 2782 3490 libros
2813 3451 2828 3489 :
2874 3434 2927 3490 in
2970 3435 3066 3503 iis,
3111 3435 3181 3492 de
3209 3437 3403 3507 quibus
3428 3436 3740 3506 Fabricius,

2145 3537 2377 3597 quatuor
2398 3534 2602 3582 tantum
2631 3537 3004 3583 numerantur.
3033 3526 3151 3584 Non
3174 3528 3387 3585 viderat
3406 3529 3743 3588 Arntzenius

2143 3620 2438 3678 editionem
2488 3620 2831 3689 Poelmanni,
2878 3637 3040 3693 quam
3083 3638 3233 3678 num.
3263 3623 3366 3680 109
3410 3624 3739 3681 recensebo.

2146 3713 2509 3769 Poelmannus
2547 3714 2727 3783 igitur,
2773 3724 3057 3785 postquam
3090 3709 3369 3772 Sédulium
3406 3730 3532 3772 cum
3569 3718 3741 3775 variis

2142 3808 2306 3863 etiam
2349 3807 2669 3864 lectionibus
2692 3807 2881 3877 edidit,
2914 3808 3018 3864 alia
3049 3809 3380 3880 exemplaria
3409 3824 3538 3865 cum
3562 3810 3735 3877 edita,

2140 3908 2254 3955 tum
2282 3899 2509 3968 inedita,
2536 3901 2787 3968 contulit,
2819 3916 2886 3956 ex
2909 3901 3102 3972 quibus
3130 3903 3391 3959 lectiones
3436 3919 3465 3958 a
3493 3918 3593 3960 sua
3620 3905 3739 3961 edi-

2138 3996 2288 4051 tione
2315 3996 2588 4051 variantes
2634 3995 2936 4066 annotavit,
2969 3996 3039 4054 de
3068 3998 3262 4069 quibus
3296 4013 3444 4070 saepe
3464 4000 3733 4071 judicium

2137 4102 2295 4143 suum
2328 4088 2715 4157 pronuntiavit.

2210 4182 2298 4238 82.
2329 4180 2471 4236 Misit
2496 4190 2758 4251 praeterea
2783 4182 3077 4240 Arntzenio
3100 4183 3441 4241 Burmannus
3466 4186 3734 4259 Excerpta

2137 4275 2383 4349 quaedam
2414 4290 2481 4332 ex
2505 4287 2735 4346 quatuor
2758 4277 3036 4334 codicibus
3066 4279 3413 4338 bibliothecae
3441 4281 3735 4355 Lugdune-

2137 4371 2351 4426 Batavaa
2377 4385 2405 4423 a
2434 4370 2657 4427 Nicolao
2696 4372 2922 4428 Heinsio
2944 4373 3261 4444 deprompta
3282 4415 3299 4443 ,
3338 4386 3502 4447 atque
3532 4377 3602 4433 ab
3626 4380 3739 4435 alio

2136 4462 2204 4517 ad
2233 4478 2382 4518 oram
2413 4463 2663 4520 editionis
2689 4463 3028 4521 Fabricianze
3052 4482 3122 4523 ex
3148 4467 3357 4524 Heiusii
3388 4468 3608 4528 schedis
3637 4474 3739 4529 de-

2134 4554 2357 4625 scripta.
2405 4555 2618 4611 Primus
2642 4554 2810 4613 codex
2837 4567 2953 4613 erat
2980 4573 3048 4613 ex
3074 4573 3195 4614 arca
3229 4558 3492 4628 Vulcanii,
3537 4562 3739 4635 reliqui

450 4626 699 4642 “me-..
720 4626 869 4646 -....-,
894 4626 988 4635 η..
1009 4626 1190 4649 τη---
1217 4626 1394 4631 ---ω-η
1429 4626 1716 4632 --πη-η

448 4679 626 4733 tiones
653 4685 839 4730 notatu
863 4672 1060 4745 dignm,
1080 4672 1186 4743 51
1215 4685 1392 4738 neque
1412 4670 1540 4725 alibi
1572 4668 1728 4724 facile
1752 4668 2031 4739 reperien-

2145 4659 2247 4704 lres
2276 4665 2341 4704 ex
2371 4664 2495 4704 arca
2520 4649 2747 4713 Nansii;
2778 4652 2871 4707 sed
2897 4651 3121 4730 inter_se
3151 4654 3348 4709 litteris
3377 4656 3440 4721 Α,
3474 4626 3543 4724 Β,
3563 4654 3622 4725 C,
3655 4626 3735 4727 ᾖ,

448 4772 552 4827 dze.
576 4771 729 4824 llunc
754 4767 917 4838 igitur
944 4765 1188 4820 codicem
1217 4762 1486 4833 intelligo,
1506 4777 1626 4816 eum
1668 4777 1835 4816 meum
1887 4762 2030 4815 codi-

445 4881 555 4919 cem
578 4861 818 4915 nomino.
852 4859 1135 4929 Antiquior
1158 4865 1243 4911 est
1264 4855 1440 4911 codex
1467 4854 1915 4910 membranaceus
1946 4853 2026 4908 in-

449 4958 535 5023 8°,
565 4964 641 5021 et,
675 4962 734 5005 ut
760 4951 990 5018 videtur,
1018 4929 1205 5004 siculi
1236 4963 1350 5013 xm,
1387 4949 1441 5002 in
1470 4946 1799 5002 bibliotheca
1842 4945 2026 5000 excel-

444 5049 764 5106 lentissima:
790 5046 985 5099 domus
1013 5043 1259 5098 Albania:
1308 5040 1497 5096 Roma:
1540 5048 1876 5105 asservatus,
1920 5052 2027 5107 quo

444 5145 606 5200 etiam
631 5142 761 5193 milu
784 5137 863 5203 uti
890 5136 1056 5191 licuit.
1090 5134 1303 5189 Titulus
1325 5132 1882 5203 simplext‘Sedulius,
1925 5130 2026 5185 sub

442 5254 549 5309 quo
578 5232 903 5290 describitur
932 5230 1188 5300 prologus
1217 5229 1474 5283 ntetricus
1508 5226 1809 5291 Paschales,
1849 5235 1903 5279 et
1928 5225 2021 5279 lib.

442 5346 485 5393 ι,
506 5344 628 5382 cum
654 5324 1004 5380 distinctione
1029 5331 1084 5377 et
1111 5320 1452 5392 argumentis
1477 5335 1653 5375 rerum
1677 5319 1942 5373 indicatis.
1966 5318 2023 5372 ln

442 5422 549 5475 line
590 5419 711 5485 libri
736 5416 896 5487 primi
930 5414 1147 5470 rubrica
1168 5432 1180 5467 :
1205 5414 1437 5484 Explicit
1455 5412 1583 5467 liber
1614 5413 1809 5483 primus
1843 5412 2023 5466 reteri:

442 5512 779 5567 Testamenti.
814 5508 1007 5579 Incipit
1039 5505 1358 5561 Tcstamenti
1409 5506 1525 5560 nari
1571 5504 1696 5559 liber
1725 5504 1788 5558 de
1818 5501 2025 5575 Expul-

433 5610 582 5664 sionc
610 5605 835 5660 hominis
866 5604 928 5660 de
957 5602 1216 5674 paradiso.
1254 5601 1522 5657 Dividitur
1550 5599 1852 5656 carmen‘in
1883 5612 2018 5669 qua-

438 5711 562 5756 tuor
584 5700 750 5757 libros
780 5717 793 5754 :
817 5708 1043 5769 quartus
1066 5696 1255 5766 incipit
1286 5711 1444 5752 versu
1469 5695 1591 5749 1am
1611 5694 1864 5765 placidas,
1887 5702 2015 5759 etc.,

437 5791 503 5844 ad
530 5791 690 5845 linem
722 5806 912 5862 usque.
942 5788 1077 5844 Tum
1103 5808 1115 5842 :
1148 5787 1376 5859 Ezplicit
1401 5788 1525 5843 liber
1545 5798 1755 5860 quartus
1778 5788 2015 5858 feliciter,

429 5902 597 5941 amen.
642 5884 906 5955 Incipiunt
938 5884 1170 5939 carmina
1218 5883 1454 5952 quwdam
1480 5883 1711 5954 ejusdem
1742 5898 1759 5936 :
1806 5882 2015 5938 scilicet

2138 4742 2625 4815 distinguebantur.
2657 4745 2896 4815 Epistola
2924 4754 3129 4802 tantum
3153 4746 3220 4802 ad
3246 4747 3644 4819 Macedoniam,
3676 4761 3736 4809 et

2138 4836 2331 4891 Asterii
2367 4835 2697 4908 epigramma
2742 4837 2825 4893 bis
2867 4839 3154 4910 Excerptis
3188 4842 3734 4912 comprehendeban-

2139 4939 2247 4983 tur.
2302 4928 2357 4983 ιιι
2386 4928 2577 4985 codice
2606 4930 2647 4985 C
2690 4933 2982 5002 ascriptum
3012 4942 3134 4989 erat
3174 4936 3469 4993 recentiori
3511 4952 3679 4996 manu
3712 4957 3729 4995 :

2137 5023 2505 5093 Argumentum
2528 5023 2581 5076 in
2614 5022 2801 5077 librum
2829 5024 3034 5080 Sedulii
3062 5043 3082 5080 :

2257 5181 2535 5249 Coptem_nit
2550 5182 2715 5249 paleas
2736 5183 2967 5249 Sedulius
2981 5218 2998 5245 ,
3022 5184 3167 5247 eligit
3190 5193 3326 5249 aptas

2320 5244 2419 5335 lies
2443 5244 2698 5311 Evangelii
2717 5244 3159 5299 sedulitatemetri.

2130 5413 2248 5469 Non
2272 5415 2432 5481 male,
2452 5414 2672 5486 utfputo,
2696 5425 2841 5471 esset
2860 5417 3001 5488 eligit
3025 5416 3178 5472 altas.
3204 5417 3357 5474 Dono
3377 5420 3547 5476 etiam
3572 5419 3721 5479 Petri

2131 5507 2424 5564 Burmanni
2453 5508 2687 5566 Secundi
2716 5509 2901 5565 habuit
2928 5511 3251 5568 Arntzenius
3289 5514 3587 5573 editionem
3615 5516 3719 5573 Se-

2127 5601 2260 5657 dulii
2307 5602 2690 5671 Cellarianam,
2743 5621 2848 5674 qua
2879 5620 3005 5662 usus
3037 5605 3209 5662 fuerat
3237 5606 3385 5663 Petri
3420 5609 3720 5669 Burmanni

2126 5696 2359 5753 Secundi
2394 5708 2613 5767 patruus
2645 5717 2657 5753 :
2691 5700 2844 5770 cujus
2894 5716 3080 5771 margo
3127 5682 3602 5775 complectebatur
3627 5723 3720 5764 va-

2123 5791 2234 5845 rias
2264 5790 2524 5848 lectiones
2551 5808 2655 5847 non
2684 5792 2856 5848 solum
2890 5809 2955 5850 ex
2985 5794 3123 5852 Aldo
3152 5807 3209 5853 et
3249 5798 3494 5856 editione
3525 5801 3713 5858 Edim-

2120 5886 2395 5957 burgensi,
2426 5888 2520 5949 sed
2548 5889 2710 5945 etiam
2742 5905 2809 5945 ex
2840 5890 3026 5948 codice
3058 5908 3159 5948 ms.
3190 5894 3540 5953 bibliothecae
3569 5898 3712 5970 Lug-
