3904 6344
196 322 307 381 ιιῖὖ

1563 316 2098 376 PROLEGOMENA.

3338 319 3442 378 474

199 436 611 504 (ιιιηοοΒειιεινω,
655 437 743 508 qui
782 436 1052 508 reperitur
1079 444 1204 492 ante
1232 449 1391 507 opera
1421 433 1653 506 Virgilii,
1698 442 1770 501 et,

1879 450 1982 490 nus
2029 435 2071 488 Α
2111 433 2231 489 solis
2259 443 2400 488 ortus
2422 475 2437 502 ,
2469 434 2730 492 monitum
2767 433 2880 489 Hoc
2921 450 3049 504 Opus
3090 432 3338 489 Sedulius
3361 443 3453 498 ,ut

200 542 262 587 ut
293 548 322 586 a
349 533 571 604 reliquis
614 544 863 604 quatuor,
902 532 967 586 de
992 532 1184 601 quibus
1211 531 1408 587 dictum
1437 541 1537 595 est,
1581 530 1772 585 distin-

197 638 433 700 guatur,
464 628 641 682 littera
670 627 717 682 E
765 627 1098 697 designatur.
1147 627 1388 682 Accessit
1430 625 1654 695 epistola
1695 623 1775 679 in-

201 720 350 774 edita
397 719 456 774 P.
499 720 788 775 Burmanni
819 720 886 773 ad
924 719 1075 774 Gisb.
1107 718 1372 787 Cupcrum
1396 760 1409 783 ,
1439 716 1524 772 die
1553 717 1621 771 ‘28
1649 716 1776 772 Julii

200 812 346 868 1704
377 812 516 878 data,
551 815 601 867 in
629 829 730 883 qua
763 812 942 882 plures
965 825 1017 867 et
1039 812 1450 881 elegantissima:
1470 819 1622 864 erant
1649 809 1776 863 Bur-

200 905 387 959 manni
423 905 769 974 conjecturas.
817 905 1067 973 Qumdam
1100 905 1257 960 etiam
1290 905 1402 972 ipse
1426 901 1613 956 Petrus
1643 901 1777 974 Bur:

199 1015 434 1055 manuus
482 998 758 1054 Secundus
805 999 978 1054 eidem
1027 1014 1142 1054 sua:
1192 997 1505 1053 Cellariantc
1559 994 1776 1051 editioni

196 1097 542 1166 ascripserat.

274 1188 363 1242 83.
397 1187 693 1254 Grunerus,
724 1187 814 1258 qui
848 1187 1006 1257 paulo
1049 1195 1173 1241 ante
1199 1185 1471 1241 Sedulium
1513 1167 1774 1249 ediderat,

197 1279 382 1335 nullos
423 1280 655 1346 codices,
705 1281 820 1334 sive
849 1281 1175 1349 exemplaria
1217 1295 1345 1334 mss.
1394 1279 1506 1349 ipse
1549 1277 1772 1342 viderat,

196 1374 298 1428 sed
327 1388 451 1428 usus
480 1384 656 1428 tamen
688 1373 786 1426 fuit
815 1372 1053 1428 editione
1082 1372 1428 1426 Tornmsiana
1457 1372 1580 1423 anni
1615 1368 1773 1434 1565,

196 1481 325 1522 cum
357 1469 498 1522 netis
523 1483 652 1521 mss.
686 1467 826 1521 Erici
857 1465 1093 1521 Benzelii
1114 1508 1128 1532 ,
1158 1481 1223 1520 ex
1251 1481 1352 1520 ms.
1386 1463 1772 1527 Cantuariensi,

195 1562 389 1617 codice
410 1561 615 1629 Nansii,
649 1572 702 1616 et
727 1561 912 1616 codice
940 1562 1180 1616 Vulcanii
1210 1579 1222 1615 :
1247 1577 1314 1614 ex
1345 1561 1426 1615 his
1448 1569 1622 1615 autem
1652 1558 1778 1613 duo-

196 1656 303 1712 bus
329 1659 380 1711 itt
410 1657 522 1711 solo
548 1659 744 1728 primo,
775 1673 948 1726 neque
985 1657 1191 1725 integro
1218 1655 1374 1709 libro.
1421 1655 1494 1709 Ex
1536 1654 1617 1708 his
1644 1653 1774 1722 ipsis

194 1751 410 1806 duobus
454 1752 744 1820 codicibus,
790 1766 816 1804 a
858 1752 972 1806 l\'ic.
1017 1750 1231 1804 lleinsio
1273 1750 1502 1814 collatis,
1547 1748 1772 1820 profecit

194 1845 360 1902 etiam
385 1844 729 1909 Arntzenius,
757 1845 846 1914 qui
877 1859 972 1899 eos
999 1852 1300 1913 opportune
1331 1842 1531 1896 laudat.

271 1936 377 2008 53
390 1937 479 1992 84.
497 1937 758 1992 Cellarius
785 1936 850 1990 ad
872 1951 1022 1990 suam
1052 1936 1341 1991 editionem
1366 1934 1590 2000 Sedulii,
1615 1951 1772 2005 quam

196 2030 305 2087 hoc
348 2032 542 2086 sarculo
590 2030 810 2086 ineunte
858 2030 1204 2100 procuravit,
1246 2027 1490 2082 adhibuit
1534 2027 1772 2083 codicem
1814 2050 1820 2055 ·

197 2137 303 2177 ms.
333 2122 572 2190 Sedulii,
598 2121 797 2194 oppido
847 2123 1155 2192 antiquum,
1182 2136 1248 2175 ex
1288 2119 1605 2176 bibliotheca
1639 2120 1777 2174 Pau-

196 2214 308 2270 lina
339 2214 634 2285 Lipsiensis
659 2214 992 2281 Academias,
1025 2214 1219 2268 librum
1251 2212 1456 2267 Sedulii
1480 2228 1548 2268 ex
1582 2212 1773 2268 biblio-

197 2308 356 2362 theca
379 2306 670 2364 Christiani
700 2307 932 2374 Daumii,
957 2321 1117 2377 quem
1146 2306 1350 2375 GaSpar
1380 2305 1629 2360 Barthius
1651 2321 1770 2361 cum

197 2403 403 2471 scripto
429 2403 616 2457 codice
638 2411 1046 2474 composuerat,
1079 2401 1270 2456 deinde
1301 2401 1488 2466 alium,
1522 2402 1587 2455 ab
1615 2399 1771 2456 Erico

198 2495 458 2553 Beuzelio
485 2495 841 2566 Cantabrigite
863 2511 982 2551 cum
1009 2497 1231 2550 vetustis
1259 2494 1586 2549 membranis
1608 2493 1772 2548 colla-

200 2597 312 2642 tum
337 2629 351 2653 ,
384 2599 438 2643 et
461 2587 678 2659 [iterum
701 2588 893 2653 alium,
926 2601 1082 2658 quem
1114 2586 1229 2642 Nic.
1264 2587 1510 2641 lleinsius
1539 2600 1634 2654 per
1663 2595 1772 2638 tres

199 2682 411 2756 priores
453 2680 618 2737 libros
642 2681 712 2736 ad
739 2689 1004 2736 vetustum
1050 2680 1288 2734 codicem
1314 2686 1584 2748 exegerat.
1615 2675 1773 2732 Com-

199 2785 467 2832 memorat
506 2776 666 2832 etiam
694 2773 953 2830 Cellarius
983 2773 1324 2829 membranas
1359 2773 1576 2842 optimae
1607 2780 1769 2838 noue,

198 2885 334 2941 quas
363 2868 683 2927 Theodorus
732 2869 1024 2924 Jausonius
1075 2867 1142 2921 ab
1190 2867 1534 2923 Almcloveen
1585 2865 1770 2920 misit:

198 2965 398 3038 quibus
437 2966 599 3021 etiam
647 2978 775 3019 usus
801 2975 883 3020 est
914 2962 1258 3018 Arntzenius.
1290 2960 1623 3030 Cappusotus
1643 3001 1656 3024 ,
1680 2959 1769 3028 qui

197 3059 493 3115 editionem
526 3058 766 3124 Sedulii,
796 3073 946 3112 num.
976 3056 1044 3110 95
1070 3054 1452 3110 recensendam
1477 3095 1490 3118 ,
1519 3067 1773 3122 procura-

197 3150 305 3219 vit,
337 3150 485 3220 plura
507 3148 835 3220 exemplaria
859 3162 989 3202 mss.
1022 3146 1275 3211 contulit,
1303 3145 1396 3200 sed
1423 3145 1615 3214 partim
1655 3159 1772 3198 mu~

197 3242 310 3308 tila,
340 3243 537 3313 partim
570 3241 777 3297 mendis
804 3256 1045 3312 aspersa.

267 3338 357 3391 85.
406 3336 594 3391 Plures
621 3337 709 3390 alii
739 3335 838 3389 viri
885 3333 1113 3399 eruditi,
1141 3334 1227 3402 qui
1273 3332 1476 3389 Sedulii
1523 3330 1766 3402 quaedam

193 3428 313 3485 loca
339 3430 712 3495 illustrarunt,
741 3428 954 3483 codices
989 3441 1118 3481 mss.
1143 3424 1380 3491 laudant,
1412 3433 1471 3478 ut
1493 3424 1766 3489 Barthius,

192 3523 284 3595 qui
317 3537 463 3593 saepe
491 3521 624 3578 duos
651 3522 839 3577 saltem
870 3520 1115 3585 codices,
1147 3520 1374 3573 alterum
1415 3518 1588 3572 altero
1632 3518 1770 3571 anti-

191 3621 436 3688 quiorem
463 3659 479 3683 ,
507 3617 574 3672 ad
605 3632 798 3672 versus
819 3623 1100 3684 corruptos
1128 3611 1494 3669 emendandos
1526 3611 1765 3680 profert;

191 3711 258 3771 G.
291 3711 607 3779 Fabricius,
636 3711 705 3766 de
735 3711 885 3781 cujus
913 3718 1145 3780 quatuor
1176 3723 1304 3763 mss.
1348 3705 1626 3761 codicibus
1647 3704 1785 3760 vide.

191 3822 345 3866 num.
377 3806 476 3871 55;
507 3805 752 3861 Wassius
778 3805 828 3858 in
857 3819 950 3858 sua
985 3802 1224 3859 Sallustii
1271 3799 1538 3865 editione,
1572 3799 1638 3852 de
1662 3814 1769 3868 quo

189 3903 244 3959 in
273 3901 496 3958 scholiis
521 3900 587 3955 ad
611 3914 752 3954 vers.
781 3897 1071 3963 29,116,Ι.
1103 3912 1168 3961 n;
1199 3895 1468 3958 Davisius,
1489 3892 1580 3964 qui
1609 3906 1771 3962 quos-

187 4000 314 4056 dam
345 4014 475 4055 mss.
509 3997 724 4053 codices
751 4003 1174 4060 commemorat,
1205 4004 1258 4046 ut
1306 3991 1479 4045 dicam
1521 3989 1587 4044 ad
1636 3989 1681 4071 l._
1709 4003 1768 4052 ι,

187 4111 337 4150 vers.
369 4093 491 4149 105.

265 4186 354 4241 86.
419 4183 711 4240 Bandinius
783 4184 833 4237 in
889 4181 1149 4250 Catalogo
1200 4176 1457 4234 Bibliotb.
1509 4174 1764 4230 Laurent.

187 4280 432 4336 Floreat.
467 4289 506 4334 t.
568 4293 665 4343 ιιι,
720 4292 839 4347 pag.
888 4276 990 4330 722
1020 4291 1172 4346 seq.,
1227 4279 1476 4327 recenset
1528 4268 1768 4322 codicem

187 4376 662 4431 membranaceum
697 4371 878 4426 saeculi
914 4386 1000 4435 xv,
1029 4386 1134 4439 quo
1179 4363 1502 4422 Prudentius
1523 4407 1536 4431 ,
1569 4361 1766 4416 Juven-

185 4485 317 4535 cus,
348 4481 508 4538 atque
537 4467 628 4522 alii
677 4477 850 4537 poetae
890 4464 1167 4520 christiani
1215 4461 1578 4516 continentur.
1608 4456 1762 4511 Nunt.

186 4565 221 4622 8
246 4565 365 4635 ejus
393 4562 682 4619 voluminis
708 4572 790 4616 est
820 4561 992 4615 Cento
1015 4558 1274 4612 Faltonia:
1305 4555 1514 4618 Proba),
1548 4551 1767 4605 mutilus

1878 527 2030 583 alibi.
2073 527 2305 584 POSIea:
2339 527 2474 594 Deo,
2513 540 2558 583 et
2602 529 2825 584 Domino
2863 539 3034 583 nostro
3080 527 3209 584 Jesu
3252 527 3453 584 Christo

1879 622 1986 696 54
2001 622 2330 693 Redemptori
2344 624 2558 677 humani
2581 629 2777 697 generis
2799 625 2862 678 sit
2877 625 3081 694 infinita
3107 624 3240 690 laus,
3264 626 3348 694 qui
3374 641 3452 680 me

1879 726 2192 785 peccatorem
2241 718 2489 786 famulum
2537 734 2685 770 suum
2737 718 3076 787 evangelicam
3127 717 3449 782 doctrinam,

1877 825 2031 878 quam
2071 808 2243 862 beatus
2272 793 2518 864 Sedulius
2540 827 2628 882 per
2655 827 2824 864 versus
2849 811 3100 865 ordinavit
3127 857 3139 876 ,
3173 811 3454 866 scribendo

1879 901 2029 971 [inire
2055 904 2321 973 permisit:
2346 905 2432 974 qui
2460 906 2575 957 vivit
2605 915 2650 957 et
2677 913 2854 974 regnat
2885 922 2998 958 cum
3021 905 3125 958 Deo
3149 904 3325 973 Patre,
3344 916 3451 960 etc.

1880 994 2235 1064 Subjungitur
2257 996 2442 1049 notitia
2475 996 2719 1066 quaedam
2749 998 2815 1051 de
2843 1007 3064 1051 auctore
3092 999 3374 1064 poematis,
3399 1009 3452 1053 et

1879 1090 1946 1144 de
1975 1091 2258 1147 occasione
2283 1106 2384 1160 qua
2411 1091 2543 1146 illud
2570 1092 2872 1162 composuit
2896 1109 2908 1145 :
2943 1093 3021 1146 sic
3047 1092 3248 1161 incipit,
3275 1091 3340 1146 In
3366 1110 3452 1146 ca-

1880 1187 1984 1256 pite
2028 1188 2432 1260 uniuscujusque
2485 1187 2631 1252 libri;
2677 1187 2874 1242 desiuit
2903 1228 2916 1252 ,
2958 1187 3352 1254 manifestantur
3397 1204 3453 1241 ea

1878 1295 1991 1348 qua:
2014 1281 2067 1332 in
2097 1279 2239 1332 libris
2266 1281 2604 1333 continentur.
2637 1279 2838 1334 Deinde
2882 1279 3036 1333 adest
3065 1278 3307 1349 praefatio
3340 1294 3453 1334 me—

1880 1373 2010 1427 trica
2039 1373 2320 1427 Paschales
2341 1413 2354 1437 ,
2382 1382 2436 1427 et
2468 1388 2685 1428 carmen
2733 1362 2985 1440 paschale
3011 1413 3026 1438 ,
3051 1380 3279 1439 quatuor
3303 1371 3453 1426 libris

1879 1467 2345 1537 comprehensum,
2380 1479 2436 1522 ut
2467 1470 2517 1524 iu
2542 1468 2812 1523 similibus
2840 1468 3074 1523 recentis
3105 1469 3281 1523 astatis
3303 1467 3451 1522 codi-

1877 1563 2050 1618 cibus.
2095 1562 2224 1616 Post
2270 1577 2486 1617 carmen
2545 1561 2830 1632 paschale,
2873 1563 2992 1616 sine
3046 1562 3228 1626 titulo,
3281 1562 3452 1632 elegia

1878 1655 2170 1711 Cantemus.
2192 1656 2357 1725 llujus
2380 1655 2582 1710 codicis
2606 1655 2826 1710 memini
2855 1656 3016 1709 etiam
3036 1656 3086 1708 in
3111 1654 3454 1724 Prolegome-

1878 1754 1960 1807 uis
2009 1751 2076 1805 ad
2126 1750 2478 1805 Prudentium
2526 1758 2579 1803 et
2609 1749 2902 1805 Juvencum
2931 1766 2943 1801 :
2978 1748 3070 1817 qui
3099 1747 3454 1802 nitidissimus

1803 1837 1848 1896 B
1877 1846 2074 1900 dicitur
2098 1860 2124 1896 a
2155 1844 2422 1898 Bandinio
2441 1887 2454 1907 ,
2490 1859 2612 1897 cum
2640 1842 2934 1896 initialibus
2956 1840 3213 1895 librorum
3239 1839 3416 1895 aureis
3437 1882 3451 1905 ,

1875 1949 1930 1994 et
1956 1955 2020 1992 ex
2042 1936 2408 1992 vetustissimo
2435 1936 2756 2005 exemplari,
2781 1945 2840 1989 ut
2867 1934 3099 1999 videtur,
3125 1933 3449 2003 descriptus.

1874 2030 2033 2086 Juvat
2062 2029 2164 2085 hoc
2207 2030 2324 2084 loco
2350 2029 2664 2098 advertere,
2692 2027 2892 2083 szrculo
2922 2043 3012 2091 xv,
3035 2041 3154 2080 cum
3183 2025 3336 2079 bonze
3363 2025 3454 2079 lit-

1875 2136 2004 2199 tera:
2030 2125 2240 2180 restitui
2270 2133 2576 2194 coeperunt,
2607 2138 2801 2193 magno
2828 2123 2880 2176 in
2906 2122 3115 2176 honore
3141 2119 3304 2175 fuisse
3327 2134 3454 2189 poe-

1874 2229 1955 2274 tas
1983 2219 2306 2274 christianos
2337 2225 2548 2272 veteres
2574 2260 2589 2282 ,
2622 2217 2710 2287 qui
2741 2232 2804 2271 ex
2829 2214 3217 2283 antiquissimis
3244 2212 3449 2268 codici-

1873 2313 1973 2369 bus
2003 2311 2156 2367 avide
2176 2321 2228 2367 et
2256 2305 2535 2380 eleganter
2556 2308 3022 2365 dcscribebantur.
3050 2306 3317 2363 Ambrosii
3348 2304 3448 2359 Ca-

1873 2407 2221 2480 maldulensis
2248 2405 2461 2460 celebre
2496 2414 2583 2460 est
2622 2400 2822 2458 nomen
2855 2404 2993 2457 inter
3020 2417 3135 2469 eos,
3166 2401 3260 2472 qui
3300 2411 3448 2455 vete-

1872 2515 1993 2554 rum
2052 2507 2400 2552 monumeuta
2453 2511 2780 2551 conservare
2818 2505 2872 2550 et
2905 2496 3175 2549 illustrare
3228 2493 3449 2550 studue-

1874 2601 2035 2646 runt:
2066 2592 2128 2655 is,
2167 2590 2202 2643 l.
2234 2605 2289 2653 ιι,
2319 2589 2478 2658 epist.
2531 2589 2616 2652 14,
2652 2573 2781 2644 tom.
2831 2586 2898 2642 lll
2924 2587 3147 2644 Collect.
3179 2587 3402 2641 Marten.
3434 2629 3449 2652 ,

1873 2684 1939 2739 ad
1968 2682 2283 2738 Michaelent
2315 2682 2662 2746 monachum,
2698 2683 2788 2751 qni
2831 2681 3073 2736 codicum
3106 2680 3450 2750 antiquorum

1874 2777 2176 2845 exscriptor
2207 2783 2263 2839 et
2291 2785 2565 2830 corrector
2588 2785 2726 2840 erat,
2759 2775 2839 2827 sic
2866 2773 3170 2828 scribebat:
3197 2771 3450 2826 Cardina-

1874 2870 1939 2924 lis
1970 2880 2140 2925 noster
2171 2870 2437 2924 transcribi
2463 2868 2559 2922 sibi
2593 2867 2933 2920 Prudentium
2964 2866 3333 2936 Seduliumque
3361 2882 3453 2918 cu-

1875 2963 1982 3032 pit,
2031 2960 2366 3014 ornatissimis
2413 2967 2561 3028 atque
2617 2958 2822 3028 aptimis
2869 2955 3052 3010 litteris
3095 2973 3112 3010 :
3165 2955 3448 3009 Iuvencum

1875 3055 2044 3108 adhuc
2071 3054 2347 3108 desiderat.

1945 3145 2120 3201 87.1n
2171 3145 2495 3200 bibliotheca
2541 3144 2854 3199 Florentina
2904 3143 2960 3198 S.
3011 3143 3219 3210 Crucis,
3255 3141 3452 3197 Bandi-

1796 3221 1840 3284 Ο
1875 3239 2015 3306 nius,
2049 3246 2178 3292 tom.
2208 3254 2294 3302 tv,
2320 3253 2441 3308 pag.
2477 3237 2599 3302 178,
2630 3239 2763 3306 plut.
2796 3237 2897 3303 9.4,
2927 3237 3181 3290 describit
3207 3235 3446 3290 codicem
3489 3281 3492 3283 .

1871 3333 1957 3397 11,
1982 3348 2090 3402 quo
2115 3331 2338 3395 Sedulii,
2363 3331 2515 3386 Statii
2542 3343 2596 3384 et
2623 3330 2909 3384 Claudiani
2938 3331 3176 3384 carmina
3204 3329 3449 3399 quaedam

1869 3425 2240 3480 continentur.
2284 3423 2488 3478 Sedulii
2519 3423 2691 3477 nostri
2717 3424 2958 3477 carmina
2991 3423 3092 3476 hoc
3121 3421 3310 3476 ordine
3341 3423 3454 3476 col-

1868 3519 2115 3574 locantur
2159 3516 2281 3570 sine
2309 3515 2474 3570 certis
2503 3515 2708 3570 titulis:
2743 3516 2920 3584 primo
2957 3515 3198 3582 prwl'atio
3229 3513 3450 3568 metrica

1871 3613 2152 3668 Prisc/tales
2175 3654 2189 3678 ,
2229 3612 2469 3667 secundo
2517 3626 2734 3665 carmen
2767 3609 3052 3679 paschale,
3082 3609 3240 3663 tertio
3281 3608 3452 3676 elegia

1871 3705 2143 3760 Cantemus
2164 3749 2176 3771 ,
2202 3714 2394 3774 quarto
2419 3703 2753 3771 epigramma
2784 3701 2911 3756 "th
2933 3713 3046 3763 tua,
3081 3702 3268 3770 quinto
3300 3699 3454 3770 bym-

1872 3815 1972 3855 nus
2023 3801 2064 3852 Α
2120 3798 2244 3851 solis
2285 3808 2428 3850 ortus
2451 3838 2465 3861 ,
2492 3806 2645 3850 sexto
2677 3794 2832 3846 Liber
2868 3794 3068 3848 Sedulii
3096 3833 3108 3855 ,
3141 3809 3230 3844 seu
3285 3793 3453 3860 potius

1871 3893 2098 3962 epistola!
2129 3894 2476 3963 fragmentum
2520 3881 2830 3958 fugientibus
2869 3887 3049 3939 litteris
3078 3894 3344 3938 exaratum
3386 3885 3452 3936 atl

1872 3986 2232 4041 Macedonian:
2262 3981 2636 4054 presbyterum.
2664 3979 2751 4034 Sic
2783 3978 2858 4032 ait
2884 3978 3211 4042 Bandiuius;
3244 3975 3361 4040 sed,
3398 3985 3453 4029 ut

1871 4079 2140 4148 colligitur
2178 4093 2243 4131 ex
2277 4074 2454 4129 verbis
2484 4074 2729 4142 epistolae
2758 4073 2827 4126 ab
2858 4087 2923 4127 eo
2952 4070 3196 4125 adductis
3218 4113 3231 4135 ,
3259 4078 3454 4139 prmter

1874 4172 2281 4241 inscriptionem
2334 4166 2579 4237 epistola:
2622 4166 2688 4218 ad
2740 4164 3109 4219 Macedoniam
3146 4159 3451 4215 nihil‘aliud

1871 4278 1954 4321 est
2002 4265 2245 4320 Sedulii:
2281 4277 2404 4316 nam
2446 4243 2566 4329 qua:
2613 4260 3009 4328 subjiciuntur,
3042 4257 3108 4310 ad
3153 4256 3451 4310 recentiora

1873 4372 2119 4430 tempora
2173 4358 2475 4428 pertinent,
2524 4356 2591 4409 ab
2637 4355 2974 4425 ignarissitno
3018 4354 3196 4421 aliquo
3235 4351 3454 4404 librario

1872 4454 2178 4522 importune
2208 4449 2412 4504 addita.
2448 4447 2522 4501 lta
2547 4447 2745 4515 quippe
2773 4444 3002 4511 legitur:
3037 4442 3260 4495 Domino
3281 4449 3456 4493 sancto

1870 4565 1980 4602 meo
2019 4547 2158 4614 patri
2207 4543 2511 4596 Macedonio
2542 4544 2838 4612 presbytero
2869 4537 3117 4591 Sedulius
3166 4537 3378 4588 salutem
3404 4534 3456 4584 in

186 4661 240 4716 ln
274 4611 396 4716 Jline
415 4701 428 4724 ,
476 4658 570 4713 sed
621 4657 776 4712 initio
823 4653 1081 4726 prtecedit
1124 4653 1454 4722 epigramma
1477 4691 1489 4712 ,
1529 4647 1765 4701 Romulei
1794 4611 1846 4670 D
1875 4638 2118 4693 Domino.
2143 4633 2428 4690 Januenses
2457 4633 2691 4686 consules
2715 4629 3005 4683 consulibus
3032 4627 3452 4688 Terdonensium,

186 4755 393 4820 ductor,
425 4750 554 4805 clari
585 4751 675 4804 lux
702 4748 867 4802 altera
905 4747 1060 4809 solis,
1085 4745 1224 4814 quod
1253 4743 1345 4796 alii
1379 4751 1647 4809 tamquam
1674 4738 1769 4792 de-

185 4849 514 4904 dicationem
560 4841 766 4901 Sedulii
809 4841 876 4897 ad
922 4837 1285 4895 Theodosium
1325 4835 1640 4898 venditant,
1673 4833 1768 4887 sed

187 4959 285 5016 pro
318 4941 561 4997 Romulei
588 4939 776 5010 legunt
806 4934 1167 4991 Romulidum.
1201 4931 1260 4986 In
1293 4932 1394 4984 hoc
1421 4943 1550 4982 vero
1580 4928 1768 4982 codice

188 5050 270 5095 est
302 5037 557 5108 prologns
581 5033 647 5087 ad
674 5030 969 5103 Centonem
1002 5027 1212 5082 Probae.
1245 5026 1375 5079 Post
1406 5037 1650 5089 versum,
1685 5021 1770 5074 Fit

187 5151 376 5190 sonus:
403 5131 596 5204 ingenti
615 5143 861 5183 concussa
886 5134 958 5180 est
988 5123 1210 5192 pondere
1235 5119 1415 5185 tellus,
1445 5117 1688 5188 quamvis
1721 5119 1770 5170 in

188 5229 310 5283 aliis
348 5222 752 5292 exemplaribus
785 5217 872 5272 alii
919 5229 1109 5270 versus
1138 5212 1425 5274 addantur,
1460 5208 1546 5262 hic
1566 5207 1767 5273 ascrip-

187 5333 300 5377 tutn
343 5329 464 5374 est:
500 5315 726 5379 Explicit
759 5311 988 5365 Centona
1029 5305 1200 5360 Proba
1250 5320 1313 5358 ea:
1359 5301 1663 5356 carminibus
1697 5296 1763 5350 P.

195 5413 446 5485 Virgilii:
474 5410 553 5465 sic
580 5407 726 5462 enirn
753 5405 983 5460 Probam
1012 5416 1078 5456 ex
1113 5398 1365 5454 carminis
1394 5394 1607 5449 nomine
1635 5389 1768 5445 Cen-

190 5525 364 5571 t‘onam
405 5510 689 5565 vocabant.
733 5505 892 5560 Num.
927 5504 990 5569 9,
1025 5499 1213 5570 pagina
1249 5497 1345 5550 251
1377 5512 1389 5548 :
1424 5491 1626 5548 Sedulii
1679 5505 1766 5541 ca-

190 5608 372 5665 tholici
397 5614 555 5677 poetae
587 5604 649 5656 de
674 5601 890 5672 singulis
919 5597 1181 5664 utriusque
1210 5587 1520 5646 Testamenti
1542 5584 1767 5637 miracu-

189 5703 253 5756 lis
281 5701 350 5754 ad
389 5695 754 5752 Macedoniam
788 5691 1133 5762 presbyterum
1163 5686 1279 5741 libri
1316 5700 1388 5749 tv,
1416 5681 1615 5734 heroico
1658 5695 1770 5730 cur-

187 5795 341 5847 mine.
374 5791 526 5844 Hunc
553 5788 697 5844 enim
737 5785 949 5840 titulum
986 5781 1276 5836 Bandinins
1302 5775 1587 5846 evpromit.
1627 5771 1764 5828 0rdr

187 5901 416 5956 Operum
451 5884 538 5939 hic
567 5891 781 5939 notatur
807 5897 819 5932 :
849 5877 1076 5948 cpistola
1103 5875 1169 5930 ad
1201 5870 1587 5931 Macedoniam,
1619 5867 1768 5936 hym-

1876 4735 1982 4807 55
2007 4749 2203 4786 necnon
2227 4742 2272 4784 et
2301 4730 2437 4784 omni
2481 4729 2680 4810 populo
2721 4726 2906 4794 majori
2959 4737 3007 4777 et
3060 4721 3243 4774 minori
3279 4720 3459 4772 antici-

1876 4832 2023 4895 tiam,
2057 4829 2278 4881 salutent
2305 4826 2356 4877 in
2385 4823 2604 4877 Christo.
2635 4821 2918 4889 Rogamus,
2951 4827 2995 4869 et
3019 4816 3245 4886 rogando
3276 4815 3457 4895 depre-

1876 4938 2054 4975 camur
2081 4962 2094 4986 ,
2126 4931 2176 4972 ut
2201 4932 2356 4988 quam
2384 4916 2534 4968 citius
2550 4912 2799 4984 potestis,
2837 4907 3145 4962 conveniatis
3173 4905 3452 4958 nobiscum.

1950 5014 2036 5068 88.
2090 5006 2624 5074 MontlauconiusJin
2650 5001 2975 5057 Bibliothet-a
3009 4997 3454 5052 bibliothecarum

1878 5123 2035 5172 mss.,
2068 5106 2288 5176 profert,
2337 5117 2452 5170 pag.
2498 5099 2622 5162 679.,
2655 5100 2792 5151 inter
2841 5109 2968 5147 mss.
3014 5091 3232 5146 Latinus
3291 5089 3454 5142 lsaaci

1877 5201 2079 5266 Vossii,
2108 5198 2346 5253 Sedulius
2376 5194 2562 5249 Scotus
2590 5193 2641 5244 in
2667 5189 2990 5243 I’risciunum
3014 5203 3030 5249 ;
3055 5187 3191 5239 inter
3213 5182 3450 5242 eosdem,

1877 5312 1997 5367 pag.
2031 5293 2157 5358 681,
2193 5290 2396 5345 Sedulii
2425 5285 2648 5356 episc0pi
2696 5285 2747 5334 in
2789 5283 3004 5348 primunt
3036 5279 3307 5331 editionem
3347 5272 3455 5326 Do-

1878 5390 2028 5443 nati:
2065 5387 2133 5440 de
2161 5385 2354 5454 quibus
2386 5396 2453 5434 ex
2493 5377 2724 5442 Oudino,
2770 5372 3139 5443 suprafnutn.
3188 5371 3274 5433 hii,
3321 5367 3451 5421 dixi.

1879 5481 2184 5540 Ceillierius
2217 5476 2396 5530 laudat
2429 5472 2671 5526 codicem
2718 5485 2818 5524 ms.
2865 5464 3450 5536 Lugdune—Batavum,

1880 5577 2192 5653 :xplanatio
2223 5571 2443 5644 episc0pi
2476 5568 2680 5623 Sedulii
2711 5568 2759 5618 in
2791 5566 3006 5633 primam
3047 5562 3315 5615 editionem
3346 5554 3454 5608 Do-

1876 5651 2008 5739 nati,
2036 5686 2192 5741 quem
2232 5683 2336 5722 non
2365 5675 2493 5736 puto
2521 5663 2792 5717 diversum
2825 5661 2889 5712 ab
2923 5674 2990 5714 eo
3024 5673 3180 5729 quem
3214 5651 3450 5709 Londini

1875 5768 2105 5825 collocat
2131 5761 2374 5816 Oudinus
2401 5759 2504 5812 loc.
2532 5757 2624 5810 cit.
2653 5752 2780 5818 Sed,
2810 5761 2865 5805 ut
2896 5767 3039 5804 num.
3070 5749 3158 5802 cit.
3183 5748 3250 5800 lii
3273 5745 3448 5798 anim-

1877 5865 2157 5920 adversum
2217 5867 2318 5919 est,
2354 5855 2468 5911 haec
2509 5849 2728 5908 minime
2759 5856 2883 5903 sunt
2912 5859 3078 5915 Opera
3132 5839 3454 5910 antiquioris
