3906 6346
398 228 504 287 475

1686 244 1970 335 orntus
2006 245 2370 311 seouuus.

3571 269 3693 326 476

397 347 639 415 Sedulii,
674 350 819 420 quod
852 351 920 408 de
962 357 1353 411 commentario
1400 357 1453 413 in
1488 357 1824 417 Priscianum
1866 380 1986 420 cer-
2014 368 2065 430 Α
2093 376 2139 422 et
2183 364 2480 425 Sedulium.
2536 370 2809 434 Hactenus
2853 378 3067 437 codices
3112 397 3243 438 mss.
3300 387 3563 443 recensiti
3607 404 3690 443 ex

395 438 665 496 tissimum
699 446 897 513 cuique
926 458 1048 501 esse
1094 444 1259 502 debet
1300 466 1313 502 :
1354 449 1663 509 Priscianus
1700 457 1845 512 enim
1878 475 1984 515 non

391 541 475 587 est
509 544 614 589 tam
646 536 900 607 antiquus
935 538 1281 609 quatnlmulti
1316 543 1475 615 vulgo
1510 557 1717 615 putant.
1775 547 1984 608 Floruit

384 626 527 682 enim
560 629 758 684 saeculo
800 645 873 693 vr,
910 641 967 685 ut
994 647 1059 687 ex
1090 632 1464 706 Cassiodorio,
1514 640 1579 696 de
1608 643 1889 716 Orthogr.,
1924 647 1984 701 Ii-

384 730 531 792 quet.
564 720 675 776 lioc
723 724 899 792 ipsum
944 725 1236 784 confirmat
1283 748 1588 809 anonymus
1622 738 1975 809 Mellicensis,

385 812 453 869 de
498 812 698 883 Script.
751 816 975 886 eccles.,
1027 822 1142 891 qui,
1192 840 1310 897 cap.
1352 831 1439 898 l8,
1474 829 1810 891 Priscianum
1838 841 1981 894 hunc

381 898 769 995 peritissimum
795 916 1209 981 grammaticum
1235 920 1378 979 inter
1403 926 1699 997 Scriptores
1727 930 1982 989 christia-

381 985 478 1054 nos
526 1001 777 1057 collocat.
838 1004 1166 1078 Explanatio
1223 1014 1431 1072 Sedulii
1485 985 1539 1075 in
1588 1021 1855 1081 Donatum
1907 1028 1976 1083 ab

375 1094 496 1150 aliis
542 1096 744 1154 dicitur
773 1099 825 1154 in
883 1104 1112 1171 primam
1142 1116 1338 1177 artem,
1385 1094 1498 1168 sive
1529 1106 1821 1173 editionem
1871 1120 1978 1175 Do-

373 1189 506 1258 nati,
530 1191 597 1246 ab
620 1192 742 1248 aliis
765 1194 820 1249 in
843 1198 1135 1254 secundam
1158 1201 1455 1261 editionem
1483 1207 1692 1264 Donati.
1718 1210 1973 1271 Fortasse

370 1280 627 1341 Sedulius
654 1285 757 1341 iste
784 1287 836 1342 in
871 1300 1155 1364 utramque
1178 1295 1479 1355 editionem
1518 1302 1759 1373 scripsit.
1794 1302 1971 1361 Mont-

370 1376 687 1448 laucouius,
709 1382 867 1451 ibid.,
896 1400 1019 1458 pag.
1045 1388 1171 1455 417,
1202 1407 1266 1447 ex
1298 1392 1627 1453 bibliotheca
1652 1404 1968 1459 monasterii

375 1470 854 1531 Benedictinorum
874 1475 1192 1549 Florentiae,
1212 1484 1420 1542 Sedulii
1432 1507 1611 1560 poema
1640 1510 1887 1560 sacrum;
1915 1497 1968 1553 in

365 1566 559 1621 codice
580 1568 1023 1641 membranaceo,
1054 1591 1175 1647 pag.
1198 1579 1328 1647 485,
1356 1597 1423 1637 ex
1452 1584 1780 1643 bibliotheca
1810 1566 1969 1645 Pa'ta-

364 1660 488 1714 vina
521 1659 581 1718 S.
610 1661 838 1719 Joannis
885 1667 937 1722 in
972 1668 1263 1738 Viridario,
1301 1674 1551 1733 Sedulius
1586 1698 1701 1735 cum
1743 1684 1965 1758 glossis;

2089 460 2507 520 Montiauconio.

2159 555 2248 611 91.
2289 554 2348 612 ln
2380 556 2640 634 Catalogo
2670 580 2801 622 mss.
2850 568 3058 641 Anglia:
3098 580 3155 628 et
3184 571 3480 640 Hiberniae,
3522 590 3685 631 num.

2085 648 2247 716 2506,
2296 648 2437 707 inter
2486 654 2705 712 codices
2753 658 2979 718 Thouue
3026 664 3259 730 Bodleii,
3310 665 3517 721 Sedulii
3553 668 3682 722 libri

2086 742 2307 812 quinque
2334 730 2622 820 :intelligo
2663 749 2881 809 carmen
2924 754 3183 827 paschale
3222 758 3276 813 in
3317 758 3557 829 quinque
3601 760 3676 815 li-

2084 836 2211 892 bros
2259 834 2627 899 distributum.
2686 835 2974 919 ‘Labbeus,
3024 852 3077 907 in
3126 853 3273 908 Nova
3335 854 3678 912 bibliotheca

2083 944 2240 995 mss.,
2288 933 2555 1004 supplem.
2601 937 2657 1005 4,
2706 954 2773 994 ex
2805 941 3132 999 bibliotheca
3166 945 3343 1000 Caroli
3390 946 3459 1002 de
3500 947 3680 1005 Mont-

2080 1019 2225 1087 chal,
2268 1024 2391 1079 cod.
2425 1027 2514 1095 84,
2561 1028 2753 1097 refert,
2796 1034 2848 1087 l°
2893 1034 3096 1089 Sedulii
3147 1037 3399 1103 carmina,
3451 1055 3675 1109 quorum

2080 1117 2319 1187 prazfatio
2352 1118 2637 1189 plurimum
2668 1123 2846 1192 diﬁert
2887 1126 2949 1181 ab
2980 1127 3154 1196 edita;
3196 1129 3257 1184 2°
3294 1129 3485 1185 Versus
3514 1130 3676 1188 Libe-

2077 1210 2177 1262 rati
2209 1209 2521 1268 Scholastici
2556 1216 2612 1270 in
2654 1218 2864 1274 laudem
2904 1222 3146 1289 Sedulii;
3178 1224 3240 1279 5°
3283 1221 3472 1278 Versus
3516 1225 3677 1282 Silvii

2076 1301 2139 1354 de
2167 1302 2452 1361 Saluatoris
2481 1313 2903 1381 cognominibus;
2931 1316 2989 1370 4°
3028 1316 3221 1372 Versus
3248 1316 3309 1371 Β.
3337 1316 3671 1388 Columbani;

2073 1390 2137 1444 5°
2166 1393 2243 1447 De
2270 1396 2356 1452 die
2374 1399 2565 1468 judicii
2604 1416 2814 1469 uersus;
2846 1406 2904 1460 6°
2933 1407 3169 1464 Aratoris
3194 1411 3249 1464 in
3273 1409 3404 1466 Acta
3444 1411 3669 1483 Apostoo

2075 1483 2239 1539 lorum
2272 1488 2392 1543 libri
2416 1492 2520 1545 duo
2549 1506 2669 1548 cum
2692 1495 2894 1552 duabus
2920 1502 3153 1572 ejusdem
3182 1504 3416 1572 epistolis
3440 1507 3669 1563 versibus

2071 1579 2337 1654 elegiacis.
2366 1575 2489 1640 Non
2519 1588 2759 1659 explicat
2781 1588 3034 1650 Labbeus
3050 1596 3328 1667 quodnam
3354 1601 3426 1655 sit
3450 1601 3666 1657 initium

2072 1673 2426 1746 praefationis,
2470 1694 2589 1748 qum
2639 1681 2870 1738 multum
2919 1685 3103 1743 dili'ert
3150 1690 3218 1744 ab
3264 1691 3429 1747 edita.
3467 1693 3669 1750 Versus

358 1769 482 1825 pag.
536 1749 663 1821 632,
708 1771 779 1813 ex
824 1758 1157 1820 bibliotheca
1220 1769 1363 1838 regis
1422 1772 1651 1844 Anglia»,
1713 1749 1967 1834 ῥαδειιαιέ
1998 1775 2043 1833 Β
2075 1764 2226 1822 Silvii
2259 1769 2327 1824 de
2358 1770 2658 1830 Salvatoris
2690 1780 3128 1849 cognominibus,
3167 1785 3258 1852 qui
3295 1783 3349 1840 iu
3378 1801 3445 1841 eo
3476 1789 3668 1845 codice

357 1865 488 1923 opus
514 1848 798 1925 (intelligo
826 1859 1106 1931 carmen);
1138 1877 1261 1932 pag.
1292 1864 1416 1929 671,
1450 1880 1514 1924 ex
1539 1868 1872 1929 bibliotheca
1902 1876 1959 1931 S.

358 1943 638 2001 Benedicti
662 1948 807 2017 apud
831 1947 1259 2027 Cantabrigiam,
1291 1958 1580 2030 Sedulius;
1615 1965 1807 2038 pagina
1833 1970 1959 2037 675,

356 2048 424 2093 οι
450 2038 783 2097 bibliotheca
806 2044 1055 2102 ecclesiae
1079 2050 1409 2133 cathedralis
1440 2055 1825 2133 Eboracensis,
1863 2064 1962 2120 Se-

353 2130 557 2201 dulius,
597 2133 661 2191 de
698 2139 851 2193 veteri
893 2149 945 2195 et
988 2128 1118 2199 novo
1157 2144 1526 2219 Testamento;
1567 2162 1690 2227 pag;
1726 2128 1854 2226 685,
1893 2176 1959 2215 ex

356 2246 491 2289 mss.
544 2233 782 2293 Eduardi
815 2238 1101 2310 Bernardi,
1152 2242 1440 2318 Sedulius;
1496 2269 1614 2323 pag.
1661 2254 1961 2323 68.6,Lon-

357 2323 494 2392 diui,
544 2328 598 2381 in
651 2327 860 2387 aedibus
907 2332 1198 2405 Jacobaais,
1264 2340 1470 2397 Sedulii
1518 2360 1646 2418 opus
1694 2338 1959 2417 paschale.

360 2416 827 2491 Montfauconius,
862 2437 917 2481 ut
944 2439 1096 2499 puto,
1143 2440 1198 2487 et
1237 2449 1410 2505 nuper
1440 2416 1699 2507 iudicavi,
1740 2444 1962 2499 nomine

358 2511 527 2585 operis
569 2514 833 2584 paschalis
864 2536 971 2575 non
1020 2524 1283 2598 intelligit
1333 2544 1549 2597 prosam
1599 2532 1828 2603 Sedulii,
1866 2538 1963 2593 sed

356 2605 533 2677 ipsum
563 2621 787 2666 carmen
820 2614 1078 2682 paschale
1108 2635 1120 2670 :
1150 2618 1227 2673 ita
1258 2621 1412 2675 multi
1444 2623 1763 2694 loquuntur.

426 2696 514 2775 80.
560 2698 743 2773 Pergit
784 2719 903 2777 pag.
966 2708 1125 2776 1081,
1160 2725 1227 2765 ex
1259 2712 1595 2773 bibliotheca
1625 2718 1959 2789 Coisliniana

356 2797 895 2867 Sau-Germanensi,
930 2800 1136 2857 Sedulii
1158 2821 1289 2877 apus
1314 2808 1599 2878 paschale;
1640 2826 1764 2885 pag.
1796 2816 1957 2884 l089,

351 2895 511 2962 ibid.,
564 2894 834 2961 Sedulius,
892 2896 955 2950 de
1005 2896 1216 2954 Actibus
1273 2902 1665 2973 prophetarum.
1719 2907 1832 2963 Hoc
1873 2918 1959 2966 est

354 2991 699 3059 ipsissimum
732 3007 951 3048 carmen
986 2995 1262 3064 paschale,
1307 3006 1365 3053 ut
1403 2999 1515 3054 dixi
1558 3017 1707 3057 num.
1739 2999 1827 3071 49,
1864 3006 1956 3062 ubi

348 3084 492 3140 idem
525 3085 717 3142 titulus
769 3089 1049 3157 profertur
1089 3105 1154 3145 ex
1202 3089 1534 3171 bibliotheca
1580 3097 1643 3153 Ι).
1696 3098 1949 3157 Valietta.

2066 1871 2306 1928 exstant,
2351 1864 2660 1924 indicantur
2697 1872 2861 1927 etiam
2892 1890 2922 1928 a
2952 1874 3360 1934 Montfaucouio
3383 1881 3437 1935 in
3469 1880 3668 1937 biblio-

2008 2016 2011 2021 η
2064 1955 2218 2011 theca
2253 1973 2412 2024 mss.,
2436 1976 2555 2032 pag.
2598 1963 2720 2030 126,
2753 1965 2877 2030 cod.
2909 1966 3016 2025 555
3046 1969 3301 2027 biblioth.
3332 1973 3550 2053 ‘Vatic.,
3575 1979 3668 2047 qui

2063 2048 2295 2119 primum
2311 2053 2418 2126 57
2431 2070 2652 2111 versum
2672 2059 2840 2115 refert
2858 2080 2869 2115 :
2887 2061 3040 2133 Spes,
3064 2048 3468 2136 ratio,ria,uita,
3496 2071 3663 2137 salus,

2064 2146 2341 2215 sapientia,
2382 2149 2586 2218 judex;
2617 2162 2670 2207 et
2712 2155 2961 2211 ultimum
2990 2176 3003 2212 :
3043 2159 3293 2228 Verbum,
3328 2163 3507 2232 homo,
3538 2178 3664 2235 rete,

2063 2237 2223 2306 lapis,
2255 2240 2460 2308 domus,
2496 2246 2667 2298 omnia
2703 2244 2956 2317 Christus,
3006 2249 3182 2307 Iesus.
3230 2253 3293 2308 Hi
3337 2271 3531 2312 versus
3564 2260 3665 2313 tri-

2066 2331 2302 2388 buuntur
2338 2333 2397 2391 S.
2441 2333 2695 2407 Damaso,
2742 2341 2887 2398 inter
2922 2345 3077 2416 cujus
3108 2349 3348 2403 carmina
3384 2349 3438 2405 in
3472 2351 3664 2422 pleris-

2064 2439 2168 2498 que
2198 2426 2531 2488 editionib‘us
2563 2437 2767 2503 primus
2790 2454 2987 2495 versus
3012 2440 3273 2500 mendose
3294 2445 3531 2517 scriptus
3554 2459 3662 2519 est,

2064 2521 2142 2575 uti
2173 2522 2335 2577 etiam
2368 2526 2505 2594 apud
2539 2527 2871 2586 Mercndam.

2058 2674 2059 2677 η
2135 2614 2223 2670 02.
2251 2617 2522 2697 Antonius
2561 2622 2877 2693 Sanderus,
2924 2628 2978 2682 in
3026 2629 3363 2689 Bibliotheca
3411 2634 3664 2692 codicum

2065 2720 2194 2761 mss.
2230 2708 2403 2781 Belg,
2450 2726 2514 2766 ex
2548 2712 2874 2773 bibliotheca
2906 2722 3295 2778 canonicorum
3327 2727 3663 2797 regularium

2064 2799 2120 2855 S.
2158 2806 2441 2872 Augustini
2469 2808 2521 2861 in
2556 2808 2707 2865 Valle
2733 2810 2789 2866 S.
2821 2812 3035 2867 Martini
3070 2814 3292 2871 Lovanii
3314 2858 3328 2880 ,
3364 2817 3534 2875 refert
3564 2820 3668 2876 Se-

2062 2892 2195 2947 dulii
2227 2894 2373 2950 Scoti
2402 2901 2635 2954 carmina
2676 2912 2724 2955 et
2755 2906 2951 2975 hymni.
2980 2905 3282 2976 Fabricius,
3312 2910 3366 2964 in
3397 2910 3661 2968 Biblioth.

2062 2995 2167 3040 vet.
2204 2985 2345 3055 Lat,
2378 3002 2773 3049 commemorat
2821 2994 3095 3052 Sedulium
3128 3016 3227 3055 ms.
3260 3000 3662 3075 Norimbergm,

2060 3082 2199 3151 apud
2230 3081 2541 3140 Gotfridum
2574 3076 2950 3144 'l‘homaSium.

350 3179 428 3233 Ex
462 3180 655 3236 eadem
708 3181 1039 3239 bibliomeca
1070 3184 1599 3260 Samcermauensi,
1635 3208 1753 3266 pag.
1794 3196 1949 3267 “56’
1983 3173 2026 3235 C
2130 3175 2528 3248 93.0atalogus
2562 3179 2811 3236 codicum
2837 3182 3182 3243 bibliothecae
3202 3188 3368 3260 regia:
3390 3190 3669 3247 Parisien-

348 3272 553 3329 Sedulii
584 3275 810 3348 episcopi
841 3275 949 3350 56
989 3293 1196 3334 carmen
1240 3280 1507 3352 paschale,
1554 3294 1666 3342 etc.
1710 3286 1957 3343 Belisarii

350 3367 664 3424 Scholastici
691 3371 913 3440 elogium
940 3370 1145 3426 Sedulii
1178 3384 1224 3427 et
1250 3373 1466 3432 Liberii.
1500 3380 1782 3451 Corrigam
1813 3379 1957 3437 Beli-

346 3470 475 3522 sarii
505 3470 817 3524 Scholaslici
850 3482 895 3526 et
920 3470 1113 3526 Liberii
1137 3475 1364 3549 elegiam
1391 3476 1615 3533 Sedulii.
1651 3480 1729 3535 Ex
1754 3481 1954 3537 biblio-

344 3563 501 3619 theca
540 3563 901 3630 Murbacensi,
936 3569 1127 3638 pagina
1167 3569 1323 3631 1176,
1360 3566 1566 3627 Sedulii
1610 3566 1817 3629 carmen
1858 3596 1952 3650 pa-

341 3654 537 3725 schale,
569 3667 617 3712 et
656 3660 762 3712 alia
801 3661 1052 3731 ejusdem.
1094 3660 1351 3718 Belezarii
1382 3664 1696 3723 Scholastici
1727 3685 1904 3725 uersus
1930 3688 1949 3725 :

339 3752 551 3821 titulus,
584 3753 833 3809 Sedulius
856 3758 1093 3828 antistes,
1126 3758 1313 3815 in-iol"
1338 3777 1489 3833 perg.
1518 3764 1583 3819 Hi
1606 3778 1731 3822 sunt
1756 3784 1949 3824 versus

339 3846 637 3903 acrosticbi
669 3849 938 3919 Belisarii,
984 3852 1140 3923 cujus
1172 3869 1374 3911 nomen
1407 3874 1514 3911 non
1546 3874 1657 3915 uno
1693 3860 1859 3917 modo
1892 3863 1943 3920 in

340 3954 475 3995 mss.
514 3941 865 4011 exprimitur.

412 4035 505 4089 90.
542 4034 701 4106 Apud
745 4036 1022 4092 laudatum
1067 4039 1552 4111 Montfauconiuui,
1605 4062 1728 4119 pag.
1782 4048 1943 4116 1180,

334 4147 401 4187 ex
427 4131 755 4191 bibliotheca
782 4136 1013 4193 Mediani
1038 4143 1358 4198 monasterii
1385 4144 1437 4198 in
1470 4142 1707 4217 Vosago,
1736 4144 1946 4201 Sedulii

339 4226 598 4294 carmina,
631 4229 754 4283 cod.
785 4232 966 4287 seculi
998 4250 1064 4299 x;
1114 4250 1240 4306 pag.
1295 4236 1457 4304 1205,
1503 4254 1571 4295 ex
1613 4239 1943 4297 bibliouieca

348 4321 668 4375 monasterii
701 4321 1122 4382 Viudocinensis
1168 4327 1268 4385 SS.
1308 4314 1624 4401 Trinitatis,
1671 4332 1942 4405 Sedulius,

341 4410 465 4475 bis;
498 4413 689 4481 pagina
720 4414 879 4484 1222,
917 4433 980 4472 ex
1007 4414 1347 4479 bibliotheca
1379 4422 1438 4480 S.
1473 4425 1657 4481 Albini
1686 4426 1939 4501 Andega-

340 4505 548 4571 vensis,
582 4502 787 4562 Sedulii
815 4510 1032 4576 epistola
1059 4517 1128 4568 ad
1154 4514 1546 4587 Macedoniam,
1576 4538 1786 4576 sacrum
1810 4539 1943 4592 opus

2061 3269 2133 3323 sis
2167 3270 2390 3338 indicat,
2441 3272 2627 3328 codice
2651 3276 2777 3344 242,
2821 3276 3032 3333 Sedulii
3075 3297 3205 3354 opus
3237 3286 3499 3353 paschale,
3534 3304 3664 3343 cum

2061 3362 2257 3430 glossis
2290 3364 2432 3419 inter
2461 3364 2635 3421 lineas
2660 3369 2846 3423 saeculi
2894 3386 2989 3439 χιι,
3024 3382 3117 3427 aut
3156 3389 3270 3429 xm.
3317 3376 3457 3431 Cod.
3492 3378 3664 3450 7558,

2061 3455 2266 3510 Sedulii
2311 3474 2516 3512 carmen
2569 3459 2851 3531 elegiacum
2910 3462 2974 3517 de
3034 3465 3391 3523 incarnatione
3440 3470 3663 3544 Christi,

2057 3564 2185 3603 saec.
2222 3566 2297 3605 ix.
2324 3550 2458 3606 Cod.
2490 3552 2650 3620 8092,
2685 3552 2829 3609 Ctblii
2860 3554 3065 3611 Sedulii
3096 3576 3299 3615 carmen
3327 3563 3571 3634 paschale
3592 3565 3665 3620 li-

2056 3638 2158 3696 bris
2180 3642 2422 3714 quatuor.
2453 3643 2698 3719 Ejusdem
2724 3664 2929 3704 carmen
2950 3650 3014 3705 de
3041 3654 3306 3709 miraculis
3331 3657 3449 3709 novi
3481 3656 3665 3713 Testa—

2054 3739 2211 3791 menti
2237 3747 2461 3806 quatuor
2489 3740 2633 3795 libris
2667 3759 2684 3795 :
2716 3742 2947 3817 subjecta
2994 3743 3221 3802 Liberali
3250 3749 3563 3808 Scholastici
3602 3760 3661 3807 et

2053 3830 2254 3887 Silonis
2276 3835 2505 3888 carmina
2531 3837 2819 3891 acrosticha
2849 3838 2903 3892 in
2925 3837 3134 3894 laudem
3174 3840 3403 3909 Sedulii,
3436 3858 3563 3900 επις.
3596 3862 3655 3901 ι.

2051 3925 2307 3982 Fortasse
2329 3938 2457 3983 sunt
2487 3929 2594 3985 duo
2622 3932 2954 4002 exemplaria
2991 3934 3235 4004 ejusdem
3262 3938 3465 4007 operis.
3495 3940 3660 4006 Quod

2050 4030 2230 4076 autem
2282 4024 2483 4093 passim
2519 4036 2753 4097 quatuor
2800 4027 2922 4082 libri
2976 4040 3181 4085 tantum
3256 4044 3655 4103 numerantur,

2050 4128 2236 4184 causa,
2267 4123 2325 4170 ut
2355 4119 2549 4186 opinor
2572 4164 2585 4187 ,
2621 4129 2705 4175 est
2732 4120 3067 4191 ipsafdivisio
3092 4127 3273 4195 operis
3302 4129 3359 4182 in
3390 4128 3593 4185 librum
3636 4146 3656 4185 ι

2049 4210 2252 4264 veteris
2276 4209 2637 4279 Testamenti,
2670 4224 2723 4268 et
2754 4215 2923 4272 libros
2951 4234 3002 4272 tv
3056 4212 3209 4274 novi.‘
3238 4220 3437 4279 Silonis
3465 4236 3652 4282 autem

2050 4319 2251 4359 nomen
2276 4321 2372 4375 pro
2391 4305 2656 4361 Beiisario
2679 4310 2920 4379 positum
2939 4311 3173 4368 videtur.
3202 4313 3431 4383 Ibidem,
3458 4320 3654 4378 codice

2050 4397 2229 4453 8093:
2264 4396 2412 4454 σιειΞὶ
2458 4398 2667 4455 Sedulii
2708 4419 2914 4459 carmen
2945 4407 3188 4475 paschale
3227 4407 3375 4465 libris
3400 4426 3647 4483 quatuor.

2060 4485 2253 4543 Veteris
2280 4498 2326 4542 et
2355 4491 2473 4545 novi
2512 4490 2827 4549 Testamenti
2879 4496 3091 4553 collatio
3122 4501 3346 4557 versibus
3387 4506 3650 4578 elegiacis,

340 4602 405 4656 de
426 4603 579 4657 veteri
602 4612 647 4657 et
660 4616 795 4658 ‘novo
822 4602 1168 4676 Testamento,
1195 4611 1373 4683 hymni
1396 4583 1542 4680 duo
1561 4617 1751 4689 pagina
1778 4617 1940 4686 1245,
1971 4583 2021 4645 D
2049 4593 2257 4689 unfit?”
2276 4585 2471 4689 eadem
2493 4585 2700 4689 ad“?
2722 4591 2861 4647 309‘
2922 4591 3067 4648 cm!”
3085 4594 3289 4651 sedum
3309 4614 3515 4689 9mm“
3554 4620 3653 4673 pa.

338 4714 405 4753 ex
437 4698 767 4756 bibliotheca
800 4699 857 4757 S.
894 4702 1039 4758 Petri
1073 4705 1457 4773 Caruutensis,
1493 4698 1807 4781 Incipit'ars
1848 4710 1945 4768 Se-

340 4792 474 4846 dulii
518 4801 685 4864 poeta:
730 4794 1027 4852 christiani.
1072 4793 1199 4853 llaec
1240 4810 1325 4855 est
1364 4805 1647 4859 anuotatio
1694 4804 1941 4874 quaedam

334 4887 573 4956 librarii,
602 4904 630 4943 a
674 4889 832 4944 nobis
873 4892 1039 4947 etiam
1073 4894 1363 4950 observata
1395 4898 1447 4951 in
1477 4890 1743 4953 Ottobon.
1778 4899 1830 4965 1,
1856 4896 1940 4970 fde

338 4999 443 5057 qua
470 4983 665 5041 Confer
692 5001 845 5041 num.
880 4987 911 5039 9
934 4996 987 5043 et
1016 4988 1106 5043 liii.
1145 4989 1221 5043 Ex
1254 4990 1582 5049 bibliotheca
1623 4994 1945 5049 monasterii

337 5088 406 5146 de
434 5088 599 5161 Lyra,
627 5106 750 5163 pag.
788 5091 947 5159 1258,
978 5092 1182 5148 Sedulii
1206 5094 1451 5165 paschale
1477 5114 1715 5171 carmen;
1744 5113 1811 5154 ex
1834 5114 1943 5154 mo-

343 5197 591 5253 nasterio
620 5197 678 5255 S.
711 5198 857 5253 Petri
897 5198 1273 5267 Prateilensis,
1326 5218 1447 5273 pag.
1496 5204 1653 5276 1260,
1711 5204 1943 5272 Sedulii,

342 5310 399 5355 ut
433 5299 673 5365 videtur,
706 5301 859 5371 plura
889 5305 1167 5373 exempla;
1208 5320 1330 5377 pag.
1368 5304 1526 5369 1270,
1563 5323 1630 5362 ex
1665 5316 1946 5377 monaste-

342 5404 425 5459 rio
455 5402 513 5459 S.
548 5404 809 5475 Ebrulphi
843 5404 1121 5462 Uticensis
1146 5406 1349 5463 Sedulii
1379 5408 1601 5465 rhetoris
1630 5428 1807 5483 opera.
1843 5412 1942 5467 Se-

341 5504 525 5563 dulius
561 5516 718 5561 vetus
747 5516 904 5577 poeta
951 5517 1137 5565 noster
1171 5509 1349 5565 rhetor
1377 5526 1409 5567 a
1440 5511 1704 5568 Ratberto
1740 5522 1798 5569 et
1824 5514 1948 5571 aliis

343 5617 591 5674 vocatur,
619 5625 675 5662 ιιι
699 5607 809 5664 dixi
836 5625 988 5666 num.
1010 5611 1102 5664 21.
1128 5610 1205 5665 Ex
1238 5610 1568 5669 bibliotheca
1609 5614 1667 5671 S.
1708 5614 1947 5671 Victoris

347 5708 693 5781 Parisiensis,
732 5728 856 5783 pag.
898 5715 1059 5779 hi5,
1110 5712 1398 5782 Sedulius;
1447 5715 1603 5786 ibid.,
1650 5732 1716 5773 ex
1751 5718 1949 5773 biblio-

344 5807 499 5865 theca
530 5811 899 5883 Laudunensi,
948 5811 1150 5871 Glossts
1188 5816 1421 5888 antiqua:
1461 5835 1617 5892 super
1664 5819 1951 5893 Virgilium

2047 4674 2255 4732 schale:
2272 4680 2464 4751 passim
2486 4679 2619 4735 inter
2644 4682 2810 4738 lineas
2832 4685 3037 4755 glosste,
3064 4703 3193 4745 saec.
3211 4705 3285 4744 ιι.
3302 4688 3439 4746 Cod.
3466 4694 3650 4766 83K):

2050 4767 2200 4823 leii
2231 4769 2437 4826 Sedulii
2466 4788 2674 4828 carmen
2704 4774 2962 4846 paschale.
2996 4776 3215 4834 Collatia
3249 4786 3427 4838 veteris
3456 4793 3505 4839 et
3534 4786 3654 4841 nari

2048 4862 2383 4933 Testamenti,
2406 4868 2586 4922 eodem
2616 4878 2847 4937 auctore,
2870 4885 2993 4927 saec.
3023 4888 3142 4938 xui.
3171 4874 3305 4931 Cod.
3331 4879 3471 4935 85H
3497 4899 3508 4935 :
3535 4880 3652 4937 Cm-

2048 4959 2106 5013 lii
2137 4957 2342 5013 Sedulii
2370 4961 2659 5033 presbyteri
2689 4979 2894 5017 carmen
2920 4964 3184 5035 paschale,
3215 4983 3339 5023 Sil'C.
3374 4988 3493 5027 xm.
3531 4972 3649 5029 (Jol-

2048 5055 2199 5121 latio,
2250 5055 2649 5131 etc._-Hymnus
2707 5069 2867 5113 totum
2911 5062 3066 5116 vitam
3125 5064 3317 5120 Christi
3360 5071 3652 5139 continens,

2053 5166 2179 5205 szec.
2233 5168 2319 5221 xv,
2351 5162 2409 5207 ut
2447 5153 2686 5209 videtur.
2726 5155 2859 5210 Cod.
2912 5159 3087 5214 83l5:
3122 5157 3339 5216 Carmen
3380 5147 3653 5236 paschale,

2054 5246 2299 5313 Collatia,
2347 5258 2477 5314 etc.,
2533 5249 2715 5303 eodem
2758 5260 2987 5307 auctore.
3020 5246 3158 5307 Cod.
3212 5256 3398 5312 8516;
3437 5256 3542 5312 Car
3597 5278 3661 5315 eis

2054 5348 2315 5420 paschale,
2347 5345 2591 5417 Collatia,
2630 5358 2737 5404 etc.
2782 5348 2920 5405 Cod.
2947 5351 3084 5405 8517
3120 5370 3133 5407 :
3166 5352 3384 5409 Carmen
3413 5356 3661 5427 paschale

2055 5460 2171 5497 cum
2208 5442 2434 5509 scholiis,
2468 5442 2720 5511 Collatia,
2772 5444 3035 5517 Hymnus.
3069 5446 3202 5503 Cod.
3236 5451 3379 5507 8510
3406 5471 3419 5507 :
3447 5452 3658 5508 Sedulii

2057 5535 2275 5607 hymnus
2304 5538 2366 5590 de
2394 5535 2511 5591 Vita
2525 5536 2741 5591 Christi.
2768 5536 2892 5593 Haec
2914 5538 3128 5610 quidem
3148 5541 3213 5596 ad
3236 5555 3489 5607 nostrum
3525 5559 3657 5615 poe-

2060 5639 2168 5686 tam
2196 5632 2467 5701 pertinent
2500 5647 2514 5684 :
2546 5646 2669 5686 nam
2697 5630 2906 5687 Sedulii
2927 5636 3382 5691 commentariolus
3414 5639 3469 5691 in
3497 5649 3663 5692 artem

2059 5724 2274 5799 Eutycis
2301 5726 2626 5799 grammatici
2653 5771 2667 5789 ,
2713 5726 2767 5781 in
2810 5727 2932 5783 cod.
2971 5730 3127 5795 7850,
3179 5729 3405 5788 alterius
3448 5731 3663 5789 Sedulii

2058 5834 2183 5876 esse
2212 5819 2474 5889 creditur,
2505 5829 2564 5877 ut
2595 5818 2708 5876 dixi
2735 5836 2888 5876 num.
2916 5821 3005 5875 45.
