3826 6364
1085 576 1297 645 ειηδτ.
1342 573 1523 630 xvut.

876 685 1188 725 εῑιιιιλιῖιιυε
1228 681 1493 723 ΡιΑνιΑηο
1534 680 1749 719 FRATRI.

702 763 986 836 (Conjunge
1014 777 1127 813 cum
1158 758 1255 811 ltae
1279 760 1427 828 epist.
1462 756 1531 811 '54
1559 766 1606 809 et
1637 754 1708 810 ’55
1738 756 1826 807 lib.
1854 755 1930 820 ν.)

591 860 665 913 Ita
698 858 835 909 votis
866 856 917 908 in
949 864 998 908 lc
1041 842 1173 906 meis
1208 850 1329 905 felix
1354 859 1581 904 eventus
1603 846 1873 907 arrident,
1919 852 1977 896 ut
2013 858 2111 911 ego

522 952 753 1024 graviter
782 948 916 1010 fero,
942 944 1161 1000 fratrem
1187 941 1622 1011 llepbatstionem
1653 952 1748 1006 per
1777 944 1830 989 te
1862 932 1993 988 mihi
2016 947 2111 987 co-

524 1046 719 1113 gnitum
744 1083 758 1105 ,
786 1056 885 1111 per
905 1053 967 1094 se
991 1037 1270 1106 probatum
1292 1074 1306 1099 ,
1352 1033 1539 1086 nescio
1575 1028 1705 1097 quid
1738 1024 2113 1080 amaritudinis

524 1130 1022 1198 incidisse.'l£tquia
1047 1128 1528 1180 virtutumtuarum
1551 1115 1940 1186 contemplatio
1966 1115 2113 1183 facit,

525 1235 581 1278 ut
605 1224 746 1277 illius
769 1222 995 1276 fortuna:
1024 1216 1287 1284 applicent
1304 1257 1319 1281 ,
1344 1211 1486 1281 quod
1511 1208 1652 1278 apud
1679 1218 1732 1263 te
1753 1208 1961 1261 minore
1991 1221 2109 1260 mo-

526 1321 704 1367 mento
734 1320 848 1373 est;
894 1307 959 1360 ad
1003 1321 1191 1377 preces
1213 1317 1429 1367 versus,
1458 1310 1515 1353 ut
1545 1300 1637 1356 tibi
1662 1296 2012 1365 respondeas,
2041 1295 2116 1348 fa-

526 1417 773 1470 mamque
793 1400 1013 1470 cogites.
1031 1412 1179 1466 rogo.
1204 1396 1400 1451 Pratsta
1416 1394 1516 1446 IIO'.‘
1530 1390 1905 1456 contubernio,
1921 1399 2112 1457 praesta

528 1493 723 1562 judieio
746 1502 837 1545 tuo
861 1530 877 1555 ,
902 1498 960 1544 ut
996 1489 1095 1563 tibi
1128 1503 1235 1542 non
1270 1487 1408 1541 desit
1437 1482 1721 1554 patientia,
1747 1483 1788 1535 si
1820 1479 1892 1534 illi
1928 1478 2114 1533 modus

527 1586 713 1639 (Iv'IlIIl.
743 1583 880 1638 Nolo
919 1582 1151 1635 videaris
1182 1580 1439 1648 despectu
1463 1577 1618 1630 amici
1658 1572 1974 1628 satisfacere
2004 1571 2115 1625 cui-

527 1679 645 1732 dam
678 1690 847 1745 nuper
873 1675 1097 1728 Romam
1128 1685 1406 1741 regresso,
1432 1668 1585 1735 cujus
1614 1665 1755 1735 apud
1778 1678 1875 1718 nos
1897 1662 2113 1731 iptereIa

528 1773 672 1824 auxit
713 1767 937 1838 gloriam
964 1778 1127 1821 tuam.
1166 1764 1326 1820 Certe
1371 1761 1637 1817 Eusebius
1662 1759 1991 1813 medicorum
2023 1770 2115 1825 po—

532 1860 766 1916 tissimus
791 1858 1051 1927 obsequi-t
1079 1867 1171 1911 tuo
1193 1871 1221 1910 a
1261 1870 1350 1910 me
1378 1853 1637 1917 traditus,
1669 1860 1727 1907 et
1750 1851 1814 1904 ad
1841 1847 2114 1922 leniendas

1678 463 1743 530 ρ.
1789 456 2135 517 Αυῐιειιυδ
2175 455 2603 514 ΞΫΜΜΑΟΙΙΒΞ.
3648 453 3775 513 13':

2133 572 2182 629 Α
2212 568 2402 636 quibus
2443 569 2699 624 beneﬁcia
2743 569 2943 624 domini
2977 574 3141 626 nos'ri
3174 566 3779 635 Thcmlosii‘frequenter

2214 673 2519 721 enumeras,
2537 670 2588 711 et
2606 657 2790 728 augeri
2820 660 3013 714 merita
3047 669 3131 714 tua
3157 660 3362 731 magnis
3387 658 3617 728 prtemiis
3639 673 3779 716 asse-

2214 762 2387 801 veras.
2434 749 2497 802 Et
2530 748 2605 802 illi
2651 748 2867 818 quidem
2916 750 2979 802 ad
3011 750 3244 817 agendas
3266 751 3465 820 gratias
3495 750 3666 817 lingua
3692 757 3779 804 tua

2213 838 2464 892 sufﬁciet.
2520 838 2631 907 Ego
2688 855 2784 907 pro
2846 840 3215 894 mediocritate
3266 839 3462 909 ingenii
3524 839 3624 894 mei
3672 840 3782 893 viro

2215 930 2691 994 excellentissimo,
2734 933 3009 1000 nostrique
3056 932 3108 985 in
3142 932 3450 987 Fiavianum
3492 934 3594 984 voti
3619 930 3780 996 socio,

2217 1021 2384 1075 vicem
2413 1020 2584 1074 laudis
2606 1021 2828 1075 exsolvi.
2856 1022 2958 1077 Sed
2986 1022 3145 1102 etiam
3177 1034 3386 1092 tempus
3408 1030 3509 1088 est,
3538 1031 3593 1074 ut
3617 1022 3783 1090 ipsum

2217 1116 2362 1170 illum
2386 1116 2557 1193 redire
2575 1117 2792 1183 patiaris
2815 1132 2912 1186 pro
2928 1132 3035 1187 quo
3050 1117 3263 1187 obligati
3282 1131 3484 1172 Samus.
3506 1116 3783 1183 Quousque

2219 1208 2579 1276 magistratum
2625 1208 2926 1277 longinqua:
2958 1209 3245 1277 provincia:
3275 1208 3468 1262 solatio
3500 1217 3589 1259 tuo
3620 1204 3785 1258 vindi-

2216 1298 2341 1353 ca~?
2370 1297 2521 1352 Nulla
2551 1298 2620 1353 de
2667 1300 2850 1353 uxoris
2893 1309 3046 1354 utero
3083 1300 3319 1353 causatio
3349 1308 3433 1353 est
3456 1340 3472 1363 ,
3513 1298 3666 1368 cujus
3690 1312 3783 1351 ex-

2218 1395 2605 1465 spectationem
2633 1403 2872 1450 maturus
2901 1405 3084 1463 partus
3114 1394 3361 1448 absolvit.
3396 1393 3543 1448 Vale.

2796 1486 3007 1541 EPIST.
3042 1485 3228 1539 XXIII.

2572 1592 2879 1631 SYIIIACIIUS
2920 1592 3175 1631 FLAVIANO
3214 1591 3427 1630 FRATRI.

2293 1670 2549 1727 Putabam
2598 1678 2677 1724 tot
2719 1669 2938 1724 monitis
2982 1678 3143 1733 atque
3177 1664 3637 1722 exhortationibus
3665 1662 3791 1716 meis

2219 1762 2418 1830 aliquid
2447 1761 2628 1814 animo
2657 1768 2748 1824 tuo
2764 1760 3059 1814 accessisse
3083 1757 3403 1813 tolerantiae.
3438 1756 3725 1809 Enimvero
3746 1762 3791 1805 tu

2220 1850 2379 1908 etiam
2412 1852 2735 1908 rererendas
2776 1849 3203 1905 necessitudines
3234 1856 3446 1900 nostras
3496 1844 3789 1913 jeregriua-

531 1963 863 2024 opportunus
885 1952 1141 2015 offensas,
1165 1949 1272 2017 jam
1301 1946 1499 2017 poterit
1536 1958 1722 1999 amara
1760 1941 1980 2011 condire
2008 1954 2022 1991 :
2050 1938 2118 1992 de
2152 1926 2196 1985 Β
2226 1944 2384 1997 tionis
2404 1943 2681 1997 sollicitas.
2711 1940 2815 1995 Sed
2840 1941 2964 2008 quid
2997 1948 3275 2008 promovet
3313 1939 3412 1990 ista
3450 1932 3795 1997 conquestio?

532 2044 678 2113 cujus
703 2043 909 2097 facetiis
938 2042 1044 2096 duo
1067 2040 1335 2111 spondeo,
1365 2052 1464 2092 nec
1508 2032 1872 2105 Hephtestioni
1916 2041 2120 2095 tempe-

533 2146 866 2199 ramentum,
898 2146 1000 2189 nec
1042 2131 1135 2187 tibi
1162 2129 1470 2185 defuturum
1512 2142 1633 2183 esse
1671 2125 1939 2181 solatium.
1968 2121 2116 2176 Vale.

1123 2220 1338 2276 EPIST.
1384 2218 1522 2273 XIX.

892 2326 1201 2369 SIJIIACIIL'S
1240 2326 1339 2366 ΗΛ
1349 2325 1506 2365 VIANO
1546 2323 1742 2363 FRATRI
1754 2349 1765 2360 .

604 2411 682 2465 En
708 2409 801 2463 tibi
842 2408 1007 2462 lilium
1040 2415 1283 2460 nostrum
1305 2449 1319 2471 ,
1344 2418 1502 2474 queat
1534 2401 1728 2456 solatio
1754 2398 2124 2465 decerpsimus

536 2510 739 2565 nostro,
784 2500 910 2553 dum
941 2497 1212 2553 desiderio
1254 2507 1345 2549 tuo
1385 2494 1644 2549 cedimus.
1690 2490 1928 2544 Tandem
1962 2486 2123 2540 fultus

536 2607 661 2648 caro
701 2590 964 2645 levamine
1009 2589 1121 2643 rcdi
1154 2587 1205 2640 in
1235 2586 1460 2657 gratiam
1490 2582 1681 2652 prioris
1707 2580 1928 2635 Ianitize.
1951 2575 2056 2631 Sed
2080 2577 2123 2629 si

536 2684 746 2740 accedis
784 2683 1071 2748 sententia:
1116 2694 1285 2744 mete;
1325 2678 1413 2732 ubi
1449 2677 1678 2746 primum
1705 2683 1988 2744 paternum
2013 2668 2125 2722 ani-

537 2790 678 2828 mum
722 2774 836 2827 visu
862 2772 1100 2843 pignoris
1129 2770 1327 2824 foveris
1348 2809 1364 2833 ,
1393 2768 1541 2822 utilia
1567 2776 1833 2830 antepoue
1854 2759 2122 2829 jucundis.

536 2868 886 2936 iuvenemque
910 2865 975 2917 ad
1000 2862 1187 2917 civiles
1214 2859 1390 2914 fasces
1410 2855 1676 2911 contende
1704 2854 1996 2907 dimittere.
2012 2849 2128 2914 Quo

536 2958 627 3012 tibi
659 2956 715 3011 iu
745 2956 938 3010 castris
960 2967 1140 3008 coram
1164 2950 1411 3006 duobus?
1437 2949 1562 3003 IIil‘C
1592 2945 1803 3002 consilii
1829 2942 1931 2997 mei
1962 2940 2127 2993 forma

537 3056 638 3101 est.
670 3045 857 3101 Facies
905 3050 1053 3112 ipse,
1088 3042 1228 3113 quod
1273 3040 1554 3110 prudentia
1598 3036 1807 3104 majore
1842 3030 2127 3099 delegeris.

538 3140 693 3193 Plura
719 3138 862 3193 enim
886 3135 1033 3191 videt
1056 3175 1070 3200 ,
1096 3135 1186 3205 qui
1217 3148 1401 3188 coram
1430 3133 1498 3187 de
1531 3146 1707 3184 rerum
1734 3123 2131 3182 conditionibus

538 3229 755 3299 iudicat.
784 3228 896 3297 Ego
923 3226 1064 3298 quod
1098 3227 1308 3297 loquor,
1334 3235 1516 3280 votum
1544 3231 1659 3276 est:
1694 3229 1750 3273 tu
1773 3221 1839 3273 de
1871 3215 2132 3285 appositis

539 3336 749 3377 assume
776 3320 1063 3389 judicium.
1091 3319 1242 3373 Vale.

1139 3406 1359 3463 EPIST.
1404 3404 1521 3460 XX.

902 3517 1040 3556 δγιιιι
1050 3512 1214 3555 ,ιωιιςε
1252 3511 1513 3553 ηΑνιΛκο
1553 3509 1745 3550 FRATRI
1755 3533 1766 3545 .

611 3597 875 3652 Succurre
906 3593 1027 3647 fidei
1047 3633 1064 3658 ,
1109 3606 1228 3661 quae
1261 3588 1454 3643 ofﬁciis
1503 3588 1798 3641 amicorum
1828 3576 2129 3637 debitoiem

544 3704 629 3744 tne
650 3689 683 3743 d
707 3689 849 3742 utius
878 3700 985 3740 non
1007 3684 1225 3753 patitur.
1252 3682 1468 3735 Fratres
1497 3678 1601 3733 mei
1628 3720 1643 3745 ,
1668 3676 1941 3729 Romanus
1971 3678 2130 3738 atque

545 3779 843 3846 Magnillus,
873 3772 1152 3829 durissimi
1183 3771 1316 3837 viri,
1355 3771 1463 3840 jam
1498 3768 1698 3822 dudutn
1729 3780 1815 3819 me
1857 3760 2131 3830 religionis

546 3870 751 3924 meritis
774 3874 1094 3922 nexuerant.
1116 3863 1181 3917 Et
1198 3862 1443 3932 quamvis
1461 3861 1675 3929 prmmia
1693 3872 1801 3911 non
1828 3864 2129 3923 reposcam,

545 3977 663 4033 qua:
706 3962 842 4016 solet
884 3960 1060 4013 minor
1102 3965 1417 4026 exspectare
1459 3955 1669 4010 fortuna
1698 3993 1713 4016 ,
1751 3952 1929 4004 acrius
1954 3960 2131 4000 tamen

544 4056 779 4108 animum
823 4064 1001 4105 meum
1045 4048 1240 4116 saepius
1272 4049 1552 4100 honestate
1593 4041 1947 4097 conveniunt.
1990 4039 2136 4092 Ileu-

548 4147 678 4206 tiar.
704 4144 748 4198 si
782 4140 912 4195 mihi
936 4140 1000 4193 ad
1030 4136 1390 4208 prtestandum
1423 4135 1618 4190 deesse
1648 4144 1861 4201 tempus
1882 4129 2134 4197 allegem,

549 4238 672 4291 ιιιιὶτι
703 4233 938 4305 potentia
970 4245 1089 4287 mea
1128 4231 1196 4285 de
1218 4228 1293 4283 tni
1337 4227 1555 4282 honoris
1585 4222 1789 4279 viribus
1819 4221 2133 4275 a‘stiuzatur.

554 4326 659 4380 I-‘ae
682 4338 809 4387 oro.
837 4334 893 4376 ut
916 4322 1108 4378 effectu
1141 4321 1363 4374 honoris
1386 4318 1465 4373 sui
1496 4317 1726 4372 sentiant
1748 4356 1764 4380 ,
1794 4327 1894 4381 pro
1915 4325 2140 4365 concor-

553 4418 657 4481 dit,
704 4431 823 4486 qua:
860 4413 988 4467 mihi
1020 4423 1195 4467 terum
1226 4421 1309 4467 est
1334 4451 1349 4473 .
1375 4407 1631 4480 quidquid
1655 4404 1897 4459 defertur
1919 4401 2043 4465 uni,
2074 4400 2142 4453 ab

557 4519 778 4576 utraque
808 4505 1015 4561 deberi.
1048 4504 1197 4558 Vale.

1146 4592 1363 4648 EPIST.
1408 4588 1545 4646 XXI.

916 4700 1225 4740 εϊιιιιλειιυδ
1257 4698 1514 4738 FLAVIANO
1554 4695 1768 4734 FRATRI.

627 4780 796 4835 Ofﬁcii
844 4780 949 4833 mei
997 4778 1132 4831 ratio
1173 4775 1375 4837 suasit,
1400 4782 1458 4825 ut
1480 4769 1807 4831 srriberem,
1837 4764 2050 4835 quando
2079 4778 2140 4817 ea

560 4883 640 4928 est
668 4882 890 4936 persona
914 4870 1120 4924 litteras
1148 4866 1441 4926 redditura,
1471 4875 1522 4916 ut
1551 4860 1671 4930 plus
1696 4858 1765 4913 de
1796 4866 1888 4912 tuo
1912 4854 2140 4925 judicio,

561 4974 716 5032 quam
745 4961 810 5014 de
838 4974 959 5013 meo
982 4967 1161 5026 speret
1184 4956 1399 5009 auxilio.
1436 4953 1619 5020 Itaque
1641 4949 1822 5029 omnia
1841 4990 1856 5014 ,
1887 4961 2008 5017 quae
2032 4958 2147 4997 mos

562 5064 645 5109 est
674 5052 863 5107 litteris
890 5050 1163 5120 explicare
1183 5088 1198 5114 ,
1231 5047 1328 5116 ipsi
1359 5047 1538 5116 potius
1562 5041 1830 5098 narranda
1858 5041 2048 5107 delego
2074 5055 2087 5091 :
2119 5052 2147 5089 a

565 5160 668 5215 quo
695 5143 990 5214 amplitudo
1028 5151 1113 5194 tua
1140 5181 1155 5205 ,
1181 5150 1235 5194 et
1255 5154 1376 5206 quae
1405 5138 1472 5193 de
1498 5151 1584 5191 me
1607 5133 1823 5202 cognitu
1846 5132 2003 5199 digna
2031 5142 2151 5181 cre-

568 5234 794 5301 diderit,
818 5243 1013 5303 etquae
1043 5231 1208 5301 ipsius
1231 5228 1444 5282 fortuna
1496 5226 1691 5294 poscit,
1724 5223 1968 5289 accipiet.
2001 5219 2147 5273 Vale.

1153 5320 1366 5377 EPIST.
1411 5318 1576 5374 XXII.

1040 5426 1344 5467 SYHIIACIII'S
1386 5424 1667 5464 FLAVIAVO.

638 5510 991 5580 Reparassem
1033 5503 1240 5575 jamdiu
1282 5500 1591 5572 Carpusculi
1621 5499 1732 5557 mei
1760 5497 2153 5562 valetudinem,

565 5604 611 5657 si
640 5601 739 5657 frui
762 5612 1015 5670 agrorum
1038 5595 1404 5650 salubritatem
1433 5593 1750 5662 potuissi-m.
1779 5588 1883 5644 Sed
1914 5602 2052 5643 nunc
2078 5589 2159 5640 in-

570 5702 679 5748 tuta
708 5701 792 5747 est
831 5687 1126 5743 latrociniis
1156 5686 1534 5739 suburbanitas
1564 5700 1576 5735 :
1601 5694 1764 5750 atque
1790 5681 1911 5735 ideo
1941 5687 2161 5749 prastat

568 5783 826 5839 tnaeerari
854 5781 966 5835 otio
990 5779 1219 5835 civitatis
1237 5817 1251 5840 ,
1286 5791 1443 5843 quam
1471 5774 1705 5844 pericula
1732 5774 1872 5828 ruris
1900 5772 2157 5825 incidere.

582 5874 700 5933 luis
730 5886 907 5931 tamen
934 5871 1126 5928 litteris
1160 5868 1419 5929 prolicere
1451 5868 1734 5922 sanitatem
1763 5878 1937 5921 meam
1960 5862 2154 5922 sentio.

2223 2033 2337 2090 Non
2369 2032 2544 2088 ferunt
2567 2030 2948 2111 impatientiam
2972 2029 3347 2097 tuam,quibus
3373 2027 3578 2082 reditus
3607 2023 3661 2077 iu
3680 2030 3797 2075 voto

2223 2136 2325 2181 εει.
2351 2125 2545 2179 Vident
2576 2123 2719 2178 enim
2746 2122 2846 2177 sub
2872 2120 3189 2187 quibusdam
3235 2117 3442 2175 tantulis
3472 2116 3677 2170 civibus
3706 2129 3797 2167 ex-

2226 2232 2437 2272 cessum
2464 2216 2695 2270 celerem
2724 2214 2853 2267 nihil
2884 2211 3056 2266 laudis
3081 2211 3401 2263 habiturum.
3432 2206 3569 2274 Quin
3594 2218 3799 2257 assume

2225 2308 2605 2371 couszantiam,
2631 2315 2686 2359 et
2704 2304 2827 2374 quid
2856 2304 3039 2357 deceat
3070 2302 3258 2369 magis,
3280 2313 3437 2367 quam
3470 2296 3597 2366 quid
3622 2295 3798 2353 libeat,

2227 2400 2469 2467 expende
2503 2416 2514 2451 :
2544 2413 2635 2467 pra
2654 2397 2946 2461 cipuecum
2976 2393 3087 2461 ipse
3119 2391 3368 2456 fatearis,
3401 2390 3455 2443 in
3488 2404 3671 2442 amore
3711 2388 3797 2437 tIn-

2229 2491 2357 2546 mini
2390 2490 2557 2543 nostri
2589 2486 2874 2542 Theodosii
2902 2482 3223 2539 venerabilis
3253 2480 3507 2551 principis
3532 2519 3548 2544 ,
3570 2480 3799 2531 omnium

2231 2594 2284 2638 te
2329 2582 2729 2637 carissimorum
2783 2577 3060 2647 pignorum
3096 2572 3318 2642 gratiam
3348 2565 3800 2638 reperisse.\'ale.

2798 2666 3013 2720 EPiST.
3054 2664 3241 2718 XXIV.

2222 2826 2231 2834 ⁶
2588 2772 2898 2815 SYMIIACIIUS
2938 2768 3194 2810 ILAVIANO
3231 2766 3446 2807 FRATRI.

2303 2852 2633 2919 Simpl‘cium
2668 2858 2911 2919 agentem
2941 2847 2992 2900 iu
3038 2846 3196 2899 rebus
3246 2858 3379 2910 lene
3426 2844 3478 2895 in
3510 2849 3663 2910 porta
3698 2836 3804 2893 Fls.

2234 2944 2396 3017 minia
2441 2941 2699 2996 retentavi
2725 2981 2739 3002 ,
2770 2951 2824 2991 ιιι
2860 2938 2925 2992 ad
2955 2948 3005 2990 te
3034 2950 3195 3004 pauca
3226 2976 3240 2999 ,
3271 2944 3325 2986 et
3361 2948 3467 2987 non
3510 2930 3802 2985 omittenda

2236 3034 2518 3088 dirtarcm.
2552 3030 2719 3085 Ftlius
2752 3036 2933 3083 noster
2964 3025 3251 3080 Flavianus
3275 3023 3497 3077 Romam
3518 3019 3693 3087 pridie
3723 3034 3803 3071 ca-

2238 3125 2423 3180 lendas
2454 3120 2669 3177 l‘la‘rtias
2693 3121 2867 3184 venit,
2897 3126 2950 3172 et
2974 3117 3117 3171 brevi
3146 3116 3196 3168 in
3231 3113 3409 3168 Asiam
3438 3110 3693 3165 secundis
3721 3122 3807 3161 au-

2238 3218 2422 3285 Spiriis
2448 3215 2718 3277 ordietur,
2752 3210 2890 3280 quod
2917 3210 3036 3262 ideo
3063 3224 3157 3278 par
3181 3208 3277 3261 fuit
3307 3204 3553 3271 indicari,
3581 3211 3640 3257 ut
3674 3202 3808 3256 SUIII-

2158 3284 2207 3347 ο
2236 3308 2524 3362 citudincm
2553 3345 2567 3367 ,
2612 3317 2773 3369 quam
2803 3301 2871 3354 de
2914 3314 3062 3352 mora
3094 3299 3207 3365 ejus
3238 3300 3510 3364 limusque
3552 3290 3808 3356 tolerasti,

2233 3414 2357 3469 spes
2384 3395 2645 3467 promissa
2677 3391 2936 3458 detergat.
2968 3388 3118 3443 Vale.

2810 3478 3025 3534 EI’IST.
3068 3476 3234 3531 XXV.

2660 3585 2968 3626 ειίιιιιιειιυε
3009 3582 3262 3623 I‘LAVIANO
3286 3579 3498 3619 I‘BATIII.

2307 3662 2562 3720 Abundas
2608 3660 2824 3730 quidem
2864 3658 3101 3719 consiliis
3136 3674 3149 3711 :
3184 3658 3235 3710 in
3267 3668 3481 3709 omnem
3528 3652 3604 3707 rei
3667 3665 3808 3707 u-uut

2235 3762 2452 3825 paratus
2478 3793 2493 3816 ,
2522 3761 2575 3805 et
2607 3749 2881 3818 sapientia:
2910 3749 3086 3802 cultus
3124 3745 3327 3801 artibus
3350 3784 3367 3811 ,
3410 3742 3685 3797 monitore
3723 3756 3808 3794 non

2240 3846 2457 3914 indiges.
2495 3842 2602 3897 Sed
2632 3841 2710 3893 fas
2739 3850 2819 3893 est
2843 3881 2858 3905 ,
2885 3848 2941 3893 ut
2968 3855 3114 3892 meas
3139 3854 3205 3906 qu
3246 3853 3348 3907 que
3376 3836 3582 3903 vigilias
3612 3829 3808 3901 aliquid

2239 3936 2460 4005 privatis
2491 3931 2721 4000 negotiis
2761 3930 2865 3983 tuis
2886 3930 3129 3983 conferre
3159 3928 3397 3997 patiaris.
3420 3927 3466 3993 ρ
3488 3938 3595 3977 tare
3625 3923 3678 3977 si
3702 3922 3808 3991 quid

2240 4026 2667 4099 prmntcdi'atum
2701 4023 2912 4089 utrique
2945 4030 3187 4074 nostrum
3234 4018 3402 4087 stt-lus
3439 4018 3721 4068 fraternus
3753 4014 3808 4064 ἱιισ

2238 4116 2504 4186 gesserit,
2560 4115 2894 4167 constantius
2934 4125 3268 4179 exsequere.
3325 4100 3576 4175 tanquam
3614 4104 3808 4159 duobus

2242 4208 2544 4279 probatum.
2579 4205 2635 4259 Si
2672 4204 2796 4274 quid
2832 4202 2901 4257 ibi
2930 4202 3108 4255 adlmc
3138 4215 3328 4254 novum
3349 4197 3577 4266 legeris,
3608 4213 3641 4249 ει
3673 4206 3729 4251 te
3758 4196 3807 4271 iit

2240 4312 2459 4355 ventum
2514 4308 2675 4368 puta,
2709 4295 2849 4361 quod
2882 4294 2948 4347 ab
2989 4303 3199 4348 amante
3243 4290 3568 4361 suggeritur.
3610 4289 3808 4357 Subjec

2241 4395 2412 4464 capita
2439 4398 2642 4457 rerum,
2675 4391 2797 4461 quia
2833 4388 3115 4457 complecti
3144 4386 3337 4441 litteris
3360 4382 3562 4438 fastidii
3591 4382 3721 4448 fuga
3748 4395 3808 4433 no

2245 4487 2338 4540 lui.
2391 4486 2562 4539 Tuum
2594 4483 2699 4537 erit
2726 4483 2990 4535 insinuata
3019 4480 3300 4533 trutinare.
3334 4475 3403 4527 Ita
3430 4472 3574 4527 enim
3604 4488 3742 4528 meo
3767 4467 3808 4524 ol

2252 4577 2372 4630 licio
2404 4576 2614 4631 functus
2645 4588 2785 4633 sum,
2810 4580 2866 4621 ut
2890 4570 2983 4624 tibi
3012 4570 3268 4636 judicium
3300 4577 3663 4620 reservarem.
3696 4562 3808 4617 ιἐιε

2173 4639 2227 4699 D
2820 4658 3036 4714 EPIST.
3081 4657 3267 4711 XXVI.
3414 4687 3437 4697 κ

2721 4766 3029 4808 εγιιιιωιιυδ
3067 4762 3345 4804 ειιιγιιιιϊιτ.

2330 4852 2577 4905 Baiarum
2605 4846 2893 4901 solitudine
2918 4843 3269 4897 vehemen'cr
3299 4836 3535 4891 «ﬂeneus
3561 4876 3575 4898 ,
3609 4831 3808 4889 I‘uteoi

2256 4944 2422 4997 malui
2459 4936 2804 4998 commorari.
2836 4934 2991 4989 Juvat
3008 4934 3147 4987 enim
3179 4946 3275 4985 nos
3304 4929 3457 4982 istius
3484 4926 3587 4978 loci
3612 4924 3808 4978 salubri

2258 5033 2540 5088 habitatio.
2576 5027 2778 5083 Dehinc
2807 5027 2850 5081 si
2893 5025 3077 5093 adjutu
3118 5023 3209 5077 Dei
3238 5027 3417 5086 optata
3444 5018 3808 5083 processerint

2261 5126 2493 5192 Capuam
2526 5133 2773 5187 paramus
2791 5130 3101 5177 excurrere,
3130 5122 3403 5178 totumque
3434 5106 3808 5173 htineniensrt

2260 5218 2618 5274 Novembrem
2644 5210 2871 5264 dI\CI'SIS
2914 5204 3219 5273 Campania:
3268 5201 3396 5255 locis
3435 5208 3599 5263 atque
3632 5198 3807 5253 u‘rbilit

2261 5312 2601 5381 deputamus.
2641 5303 2767 5358 Ilaac
2795 5308 2877 5355 est
2914 5297 3083 5353 nostri
3111 5310 3315 5349 summa
3348 5291 3639 5359 propositi.
3671 5294 3727 5347 Si
3747 5292 3808 5345 dt

2262 5403 2471 5457 animus
2509 5398 2739 5449 a‘acrior
2780 5391 3042 5445 destinata
3089 5392 3436 5455 promoveat,
3491 5382 3701 5436 vestris
3733 5382 3808 5435 alii

2265 5491 2405 5561 quiis
2443 5484 2727 5555 erigendus
2757 5490 2841 5535 est
2880 5495 2893 5531 :
2926 5473 3356 5544 quandoquidem
3389 5469 3645 5524 sanitatis
3672 5481 3808 5527 vestr

2267 5594 2321 5638 ct
2352 5578 2618 5637 felicitatis
2652 5575 2848 5631 iudicio
2886 5572 3015 5627 nihil
3062 5569 3331 5638 antiquius
3361 5563 3731 5620 aestimamus.
3766 5565 3808 5617 Vt

2268 5690 2385 5730 rum
2414 5673 2513 5725 huc
2539 5685 2635 5738 pro
2673 5666 2865 5735 insigni
2898 5664 3156 5733 religione
3188 5670 3376 5727 sponte
3419 5655 3663 5711 facietis.
3698 5662 3808 5721 Αιηι

2271 5768 2389 5820 ideo
2415 5779 2516 5817 non
2550 5768 2630 5815 est
2655 5772 2872 5811 necesse
2915 5752 3227 5808 Voluntariis
3269 5748 3459 5832 officiis
3504 5750 3739 5804 aculeos
3775 5760 3807 5800 ei

2274 5855 2589 5914 hortationis
2610 5850 2887 5908 adhibere.
2915 5849 3118 5902 Interea
3145 5845 3281 5915 quod
3310 5855 3380 5909 te,
3416 5842 3485 5896 mi
3512 5841 3715 5909 frater,
3744 5838 3808 5898 ali
