3904 6350
113 300 223 356 477

1482 290 2017 381 pnetscousus.

3268 296 3397 353 ’478

189 414 281 471 9i.
316 415 663 481 Moratorius,
698 425 826 467 tom.
862 428 915 467 ιιι
950 413 1208 483 Antiquit.
1246 412 1366 467 Ital.
1401 409 1542 467 med.
1589 410 1711 476 aevi,
1738 412 1796 472 Δ
1822 406 1928 463 line
1960 408 2009 463 id
2061 417 2304 465 notatum
2336 418 2454 465 erat
2485 430 2496 463 :
2542 408 2738 464 Valerii
2782 408 3048 465 Martialis
3078 420 3243 482 poeta:
3272 410 3401 483 lepi-

113 523 245 578 pag.
263 510 391 578 818,
414 509 681 565 exscribit
705 507 1007 578 catalogum
1034 506 1377 563 bibliorbecas
1392 505 1713 562 monasterii

119 601 410 656 Bobiensia
437 602 641 656 saeculo
687 617 737 664 x,
792 601 902 673 58
929 600 1147 655 circiter
1174 608 1473 655 exaratum.
1509 598 1713 654 Auctor

113 696 264 750 inter
323 696 526 751 veteris
589 694 937 749 bibliotheca:
1003 693 1170 750 libros
1228 702 1477 749 recenset
1534 712 1547 746 :
1620 692 1709 745 Li-

113 789 235 844 bros
259 789 717 864 Claudianipoette
747 798 991 858 quatuor,
1025 799 1072 843 et
1098 792 1150 842 in
1178 805 1281 842 uno
1312 805 1380 843 ea:
1401 789 1480 841 his
1505 786 1712 842 Sedulii

108 884 353 953 quaedam
375 894 578 954 pars,et
605 881 711 937 alia
725 884 997 954 opuscula.
1024 884 1214 936 Postea
1231 880 1390 936 libros
1415 879 1619 935 Sedulii
1636 895 1708 943 rv,

109 976 350 1032 fortasse
404 989 638 1047 quatuor
684 974 1035 1044 exemplaria.
1072 973 1249 1030 Unum
1292 988 1358 1027 ex
1409 972 1491 1025 his
1543 970 1711 1025 fuisse

108 1082 245 1140 puto
266 1072 518 1129 codicem
542 1071 935 1129 Taurinensem
966 1070 1295 1138 descriptum
1321 1085 1472 1122 num.
1498 1070 1584 1123 ($2.
1620 1066 1709 1120 ln-

109 1177 193 1223 ter
214 1167 387 1223 libros
412 1182 549 1238 quos
581 1166 852 1237 Duogalus
885 1166 1176 1237 pracipuus
1209 1163 1484 1218 Scotorum
1528 1160 1710 1214 obtulit

110 1261 408 1317 beatissimo
434 1261 773 1328 Columbano,
808 1260 865 1315 h.
908 1276 958 1314 e.
978 1302 993 1326 ,
1044 1258 1376 1313 monasterio
1406 1252 1704 1326 liohiensié:

107 1356 321 1412 Sedulii
340 1356 681 1431 orthograph.
713 1357 859 1412 Inter
879 1356 1046 1411 libros
1074 1353 1343 1409 Theodori
1362 1350 1664 1423 presbyteri
1691 1369 1703 1402 :

104 1450 339 1516 Sedulii,
366 1452 608 1514 Iuvenci,
628 1460 673 1505 et
698 1450 971 1523 Prosperi,
1003 1465 1063 1502 ac
1088 1446 1383 1512 Prudentii,
1418 1443 1705 1498 etaliorum

102 1546 519 1616 versificatorum
566 1545 693 1599 liber
732 1561 886 1597 unus.
931 1542 986 1598 In
1017 1558 1132 1596 var.
1165 1542 1290 1596 lect.
1326 1538 1390 1593 ad
1420 1538 1703 1607 epistolam

103 1640 319 1695 Sedulii
357 1640 423 1695 ad
455 1639 826 1697 Macedonium
865 1646 991 1693 ante
1020 1652 1237 1691 carmen
1272 1632 1528 1704 paschale
1559 1627 1701 1685 indi-

101 1743 300 1788 cantur
326 1733 543 1790 codices
575 1748 703 1788 mss.
736 1731 1017 1797 Blandin.,
1043 1731 1237 1797 Scotti,
1272 1725 1617 1797 Roseweydi,
1650 1734 1705 1779 et

1816 504 2033 569 dissimi,
2068 506 2342 559 electorum
2388 506 2819 578 epigrammatum
2867 506 2999 561 liber
3039 506 3237 579 primus
3278 522 3395 560 cum

1817 601 2105 658 Hermanni
2138 602 2352 657 Buschii
2384 605 2789 677 fanriliarissima
2818 606 3144 677 expositione
3163 648 3177 672 ,
3210 606 3263 659 in
3292 604 3398 657 cla-

1813 698 2021 750 rissima
2078 696 2439 768 Agrippinensi
2495 676 2759 751 acadcniia
2815 700 3131 770 impressus,
3174 696 3397 769 feliciter

1813 789 2023 862 eaplicit
2055 806 2189 843 anno
2218 804 2366 844 uorx.
2398 788 2721 845 Arnlzenius
2763 790 2885 846 hinc
2915 789 3142 861 conjicit
3172 834 3185 858 ,
3220 788 3396 847 Sedu-

1814 883 1944 937 lium
1971 898 2187 953 quoque
2234 879 2424 936 eodem
2453 896 2593 935 anno
2644 882 2783 940 1509
2834 885 3159 954 impressum
3192 882 3393 941 fuisse:

1814 979 1908 1032 sed
1933 1020 1946 1043 ,
1973 986 2029 1032 ut
2059 976 2275 1031 videtur
2306 1018 2319 1042 ,
2370 976 2486 1030 haec
2516 975 2621 1030 duo
2645 991 2809 1045 Opera
2839 977 2892 1032 in
2926 993 3089 1034 unum
3140 980 3394 1036 volumen

1812 1068 2093 1141 compacta
2123 1070 2336 1125 fuerant
2360 1110 2375 1134 ,
2421 1078 2584 1140 atque
2621 1066 2756 1124 adeo
2783 1081 2965 1125 certus
2991 1087 3167 1126 annus
3197 1070 3393 1127 editio-

1813 1162 1896 1218 nis
1921 1162 2125 1218 Sedulii
2154 1160 2337 1231 colligi
2368 1159 2575 1230 nequit.
2611 1159 2840 1230 Margini
2871 1161 3116 1232 quaidam
3146 1174 3302 1218 erant
3325 1164 3393 1219 ab

1813 1257 2032 1312 homine
2076 1272 2302 1327 prorsus
2347 1272 2453 1310 non
2502 1257 2723 1313 indocto
2748 1255 3020 1327 ascripta,
3052 1259 3145 1313 sed
3201 1256 3396 1314 litteris

1811 1350 1882 1403 ita
1930 1350 2265 1421 negligenter
2310 1352 2568 1416 exaratis,
2604 1358 2659 1405 ut
2706 1365 2874 1419 pauca
2905 1365 2971 1404 ex
3000 1349 3066 1404 iis
3094 1364 3393 1420 excerpere

1810 1442 2105 1497 Arntzenio
2127 1443 2374 1510 licuerit,
2405 1442 2493 1513 qui
2520 1444 2661 1497 hanc
2681 1441 2976 1497 editionem
3002 1452 3157 1497 vocat
3207 1440 3389 1497 Mona-

1806 1538 2120 1591 steriensem.
2764 1552 2767 1553 '

1879 1635 1966 1689 98.
2013 1632 2186 1688 Editio
2231 1646 2280 1687 tv
2306 1674 2320 1697 ,
2355 1647 2495 1688 anno
2527 1632 2687 1700 1409,
2718 1631 2918 1701 Lipsite
2942 1674 2958 1701 ,
2990 1646 3087 1704 per
3128 1629 3389 1687 Iacobum

1810 1726 2066 1782 Tbanner
2092 1770 2107 1795 ,
2142 1723 2289 1780 ιιι-4ο
2313 1768 2329 1791 ,
2355 1742 2420 1781 ex
2461 1726 2717 1782 Biblioth.
2760 1725 2905 1789 med.
2935 1733 2989 1781 et
3016 1725 3112 1781 inf.
3162 1723 3262 1779 aevi
3293 1722 3391 1779 Fa-

103 1818 384 1895 BOllandi,
410 1829 606 1900 quibus
656 1828 747 1883 illa
796 1828 1025 1898 epistola
1073 1826 1374 1881 illustratur
1422 1837 1487 1877 ea
1526 1829 1700 1891 parte,
1735 1807 1780 1868 Β
1813 1820 1967 1876 bricii
1996 1838 2116 1877 cum
2150 1821 2289 1875 notis
2317 1822 2526 1876 Mansii.

99 1939 209 1989 qua
231 1924 414 1991 agitur
436 1924 503 1979 de
544 1925 874 1995 Syncletice.
906 1921 967 1976 In
995 1920 1267 1975 Chronico
1296 1915 1702 1973 Fontanellensi

101 2018 249 2073 inter
278 2012 452 2075 libros
478 2033 614 2089 quos
640 2017 856 2073 Wando
880 2016 1047 2073 abbas
1079 2014 1277 2069 siceulo
1304 2028 1395 2067 vttt
1420 2024 1702 2081 compara-

101 2104 577 2181 vit,‘recensentur
592 2109 734 2166 Libri
756 2120 977 2181 quatuor
999 2109 1401 2183 Evangeliorum
1423 2104 1702 2176 εχροεὶιὶοέ

100 2221 221 2259 nem
242 2206 563 2260 continentes
576 2205 766 2258 editam
790 2220 823 2257 a
847 2204 1085 2267 Sedulio,
1100 2202 1202 2256 riro
1225 2196 1697 2263 scholasticissimo,

99 2297 171 2353 ad
194 2296 566 2353 Macedonians
595 2298 970 2369 presbyterum.

727 2411 957 2469 CAPUT
998 2413 1085 2470 IV.

104 2520 460 2585 Recensentur
490 2530 740 2585 editiones
769 2530 992 2597 Sedulii,
1024 2534 1345 2605 interpretes,
1370 2544 1417 2590 et
1439 2538 1701 2608 conjectu-

558 2646 731 2685 rarum
752 2632 807 2685 in
830 2648 948 2685 eum
972 2642 1233 2707 auctores.

177 2745 267 2801 95.
296 2744 477 2800 Editto
500 2761 538 2813 r,
564 2747 685 2802 sine
706 2748 833 2802 anni
861 2757 1007 2811 nota,
1039 2747 1267 2804 Parisiis
1288 2749 1454 2819 ιιι-4⁸³,
1486 2767 1552 2805 ex
1582 2751 1702 2805 olli-

104 2838 228 2893 cina
269 2839 625 2909 Ascensiana,
679 2852 1004 2897 recensente
1053 2842 1169 2898 Nic.
1231 2844 1562 2914 Cappusoto.
1611 2844 1702 2901 Sic

108 2931 393 2987 Fabricius
417 2934 472 2986 in
500 2932 641 2989 Bibl.
688 2943 795 2990 vet.
821 2934 941 2989 Lat.
978 2935 1108 2990 Eam
1133 2936 1241 2991 vidi
1275 2940 1326 2993 in
1358 2937 1695 2995 Bibliotheca

102 3024 355 3082 Corsinia
390 3026 494 3082 hoc
536 3027 700 3085 titulo
734 3047 747 3085 :
785 3027 915 3083 Celii
948 3030 1151 3085 Sedulii
1194 3032 1495 3104 presbyteri,
1531 3032 1698 3088 Mira-

103 3118 288 3174 bilium
308 3121 602 3176 divinorum
628 3122 749 3177 libri
778 3124 1005 3194 quinque
1031 3141 1147 3177 cum
1192 3125 1380 3196 hymno
1402 3137 1448 3179 et
1469 3129 1698 3181 carmine

1876 1916 1971 1971 99.
2004 1915 2184 1970 Editio
2211 1931 2263 1980 ν,
2304 1929 2444 1969 anno
2477 1916 2609 1970 1499
2632 1957 2646 1980 ,
2676 1915 2897 1970 Parisiis
2925 1956 2939 1979 ,
2986 1913 3172 1969 in-fol°
3203 1954 3219 1979 ,
3266 1928 3391 1970 cum

1804 2010 2043 2065 Juvenco
2068 2020 2121 2063 ct
2154 2008 2274 2063 aliis
2296 2051 2308 2073 ,
2340 2020 2392 2063 ιιι
2434 2008 2608 2063 fusius
2639 2008 2748 2063 dixi
2779 2009 2833 2063 in
2862 2007 3169 2077 Prolegom.
3200 2006 3269 2062 ad
3297 2005 3391 2062 Jtt-

1806 2118 2053 2167 vencum,
2085 2118 2228 2156 num.
2261 2103 2344 2158 55.
2374 2100 2510 2157 Vide
2539 2102 2703 2156 etiam
2735 2102 3026 2171 Maittaire,
3054 2103 3247 2157 Annal.
3275 2112 3385 2174 typ.

1806 2210 1925 2266 pag.
1950 2195 2077 2253 562.

1805 2324 1813 2331 ι
1878 2287 2001 2343 100.
2045 2288 2223 2344 Editio
2256 2302 2339 2354 vt,
2369 2304 2512 2344 anno
2542 2288 2703 2355 1501,
2734 2288 3025 2345 Mediolani
3054 2330 3069 2353 ,
3100 2303 3229 2344 cura
3272 2288 3388 2345 lani

1805 2380 2101 2439 Parrhasii.
2133 2384 2279 2438 Hanc
2302 2384 2594 2439 editionem
2620 2384 2762 2454 apud
2785 2384 3021 2439 Batavos
3052 2385 3389 2440 rarissimam

1804 2475 2132 2534 Arntsenius
2160 2477 2362 2533 frustra
2384 2478 2479 2533 diu
2521 2480 2791 2549 quaesivit.
2817 2478 3002 2532 Romae
3034 2480 3256 2547 quidem
3282 2494 3392 2535 non

1805 2571 1963 2626 obvia
2006 2579 2113 2638 est,
2144 2572 2239 2627 sed
2270 2581 2445 2627 exstat
2474 2570 2618 2640 apud
2655 2572 2726 2626 cl.
2754 2571 3042 2642 praesulem
3084 2570 3345 2644 Reggium
3374 2614 3392 2639 ,

1804 2664 2191 2722 reconditioris
2222 2681 2387 2722 sacrze
2433 2666 2699 2723 doctrina:
2754 2668 2808 2721 in
2864 2668 3049 2737 paucis
3091 2682 3308 2737 a-quum
3338 2676 3397 2723 et

1806 2758 2023 2814 doctum
2076 2761 2505 2817 aestimatorem:
2563 2762 2648 2817 cui
2706 2762 2995 2831 plurimum
3046 2759 3161 2815 lucc
3208 2770 3393 2815 nostra

1805 2866 2087 2923 poetarum
2143 2855 2561 2910 christianorum
2614 2856 2829 2926 sylloge
2877 2850 3086 2922 debet,
3120 2862 3232 2911 tum
3286 2871 3391 2926 qua

1805 2951 2061 3017 pricl’ecto
2116 2950 2453 3005 bibliothecae
2500 2932 2805 3017 Vaticanus,
2863 2960 2973 3006 tum
3008 2966 3111 3021 qua
3164 2950 3389 3006 selectis

1804 3040 1957 3095 libris
1988 3055 2051 3096 ac
2080 3042 2337 3111 singulari
2382 3042 2694 3114 philologia:
2744 3044 2937 3113 peritia
2984 3041 3269 3098 instructo.
3303 3043 3394 3097 Ti-

1805 3136 1949 3190 tulus
1975 3146 2057 3190 est
2087 3155 2098 3187 :
2135 3135 2336 3191 Sedulii
2359 3151 2563 3190 carmen
2588 3136 2851 3207 paschale.
2887 3136 3086 3191 Aurelii
3114 3135 3391 3191 Prudentii

102 3216 333 3287 elegiaco
356 3216 625 3288 ejusdem,
674 3215 843 3271 Jehan
872 3214 1033 3273 Petit.
1064 3217 1440 3274 Venundantur
1474 3219 1696 3274 Parrhi-
1725 3216 1770 3280 C
1800 3230 1909 3302 ϐο
1958 3231 2206 3284 carmina,
2238 3230 2593 3302 ευωυηςίιιη
2630 3230 2912 3285 decretum
2965 3229 3168 3285 Gerasn
3199 3230 3267 3285 de
3293 3230 3391 3284 sc.

100 3310 188 3362 siis
215 3310 270 3363 in
292 3309 376 3363 uia
402 3310 472 3363 ad
500 3310 673 3364 divum
696 3308 952 3365 Iacobum
976 3312 1067 3367 sub
1094 3311 1540 3387 Leoneargenteo,
1565 3326 1611 3368 et
1645 3317 1697 3369 in

101 3414 273 3459 monte
302 3405 408 3458 diri
435 3403 635 3460 Hilarii
656 3394 747 3459 sub
784 3404 1028 3476 Speculo.
1059 3408 1323 3463 Prmiatur
1347 3408 1465 3464 Nic.
1490 3411 1699 3481 Cappa-

102 3510 253 3555 s‘otus
281 3499 352 3554 ad
395 3498 657 3555 Joannem
707 3498 1046 3555 Guillardurn
1087 3501 1449 3558 Parisiensem
1488 3519 1697 3573 magn-.c

103 3592 536 3662 exspectationis
583 3592 1079 3648 adolescentulum.
1108 3595 1164 3647 In
1196 3594 1301 3649 line
1342 3610 1355 3647 :
1388 3595 1580 3663 Quinto
1600 3596 1696 3649 ka-

102 3686 283 3741 lendas
312 3688 529 3740 martias
551 3702 613 3741 ex
636 3687 851 3757 ofﬁcina
888 3687 1353 3760 Ascensianajaputl
1365 3689 1692 3744 Parrhisios.

102 3781 225 3836 Post
257 3794 481 3836 carmen
527 3780 781 3849 paschale
831 3790 913 3837 est
943 3782 1274 3853 epigramma
1306 3782 1544 3851 Sedulii,
1579 3794 1691 3839 tum

102 3876 337 3947 hymnus
366 3882 422 3929 et
448 3857 639 3944 elegia.
672 3872 1017 3944 Cappusotus
1044 3874 1324 3933 Sedulium
1344 3876 1691 3948 interpretari

98 3970 481 4025 constituerat.
506 3967 695 4022 Mirari
726 3979 895 4023 autem
928 3986 1030 4023 non
1064 3986 1279 4041 nequeo,
1306 3969 1403 4036 ait,
1433 3980 1537 4025 tam
1560 3971 1690 4026 reli-

95 4067 322 4138 giosum,
344 4075 550 4136 tamque
568 4080 823 4119 amomum
840 4066 1141 4135 scriptorem
1171 4082 1272 4119 non
1294 4067 1456 4138 fuisse
1476 4068 1690 4121 antehac

94 4162 147 4213 in
170 4160 460 4233 gymnasiis
489 4158 872 4215 Parisiensibus
900 4160 1256 4231 uulgatiorem.
1286 4158 1497 4215 Profert
1527 4161 1687 4215 etiam

96 4255 303 4310 Sedulii
336 4253 572 4326 elogium
603 4268 670 4309 ex
691 4254 922 4309 decreto
973 4252 1263 4309 Gelasiano
1310 4254 1449 4324 apud
1479 4252 1690 4309 Gratia-

94 4366 245 4413 num,
279 4350 330 4404 in
361 4349 483 4405 aliis
512 4334 845 4406 editionibus
875 4353 1186 4420 repetitum.

162 4445 390 4518 5996.
437 4443 615 4499 Editio
653 4442 829 4510 iii-4°,
880 4445 997 4499 sine
1039 4460 1181 4500 anno
1211 4454 1265 4500 et
1312 4445 1555 4511 consule,
1613 4447 1688 4501 ait

92 4538 538 4609 Arntzenius,qui
566 4555 626 4595 ea
653 4555 780 4595 usus
804 4549 908 4607 est,
941 4549 997 4594 et
1021 4540 1265 4608 id,solum
1296 4541 1501 4611 profert
1530 4558 1596 4598 ex
1624 4542 1687 4597 ti-

1804 3323 1970 3376 dulio.
2003 3324 2257 3393 Sequitur
2283 3324 2547 3379 dedicatio
2570 3365 2586 3391 ,
2618 3324 2730 3378 sive
2759 3323 3003 3393 prtclatio
3025 3322 3295 3379 Parrhasii
3320 3322 3386 3377 ad

1805 3417 2124 3472 Michaelem
2156 3417 2390 3473 Ricciuin
2422 3416 2841 3488 Neapolitanum
2884 3419 3093 3489 regium
3123 3416 3388 3473 Insubrizc

1800 3504 2221 3583 gubernatorem
2251 3533 2263 3567 :
2298 3528 2410 3585 qua:
2440 3513 2495 3568 in
2528 3513 2629 3568 hoc
2668 3511 2972 3583 exemplari
3000 3514 3182 3579 deest,
3212 3529 3275 3567 ac
3300 3514 3390 3567 vix

1802 3609 2047 3676 quantum
2079 3626 2146 3662 ex
2179 3609 2282 3663 line
2312 3610 2412 3677 legi
2447 3616 2715 3678 possunt,
2754 3609 3010 3662 nimirum
3046 3626 3058 3659 :
3089 3608 3275 3681 Accipe
3304 3609 3388 3660 in-

1801 3712 1935 3754 terea
1964 3701 2167 3755 Sedulii
2213 3702 2373 3753 nostri
2421 3715 2666 3767 carmen,
2707 3709 2753 3753 et
2797 3701 3018 3753 alterunt
3061 3699 3390 3753 disertissimi

1798 3795 1891 3847 viri
1914 3792 2229 3863 Prudentiil,
2259 3796 2403 3865 cujus
2431 3794 2629 3847 utinam
2654 3794 2848 3864 scripta
2877 3793 3049 3846 omnia
3077 3801 3339 3845 exstarent
3370 3832 3385 3857 ,

1797 3900 1886 3949 aut
1912 3891 2090 3944 saltem
2112 3890 2259 3960 siqua
2279 3890 2620 3960 reperiuntur,
2650 3889 2854 3942 incuria
2884 3898 3170 3961 temporum
3198 3886 3387 3957 depra-

1795 3992 1911 4039 vata
1935 4003 2039 4040 non
2065 3994 2250 4039 essent.
2284 3983 2426 4039 Certe
2456 4000 2547 4038 nec
2565 4000 2660 4055 ego
2686 3992 2883 4038 tantum
2912 3982 3107 4037 laboris
3136 3983 3189 4036 in
3213 3996 3384 4035 emen—

1793 4080 1969 4133 dando
2012 4080 2263 4134 subissem
2289 4121 2301 4144 ,
2331 4080 2514 4151 quique
2561 4079 2860 4133 divinorum
2887 4078 3059 4132 studio
3109 4088 3343 4131 tenentur
3366 4119 3381 4142 ,

1794 4172 1925 4227 nihil
1949 4174 2001 4227 in
2032 4188 2091 4227 eo
2114 4190 2301 4246 genere
2324 4174 2696 4228 desiderarent.
2730 4173 2836 4229 Sed
2866 4173 2964 4227 ista
2993 4154 3388 4243 qualiticumque

1792 4265 1891 4339 legi
1917 4266 2076 4321 nralui
2094 4284 2267 4337 ,quam
2295 4267 2493 4339 penitus
2517 4268 2727 4321 interire
2745 4310 2758 4335 ,
2784 4281 2901 4337 quin
2931 4274 2988 4319 tu
3011 4265 3156 4332 boni,
3186 4281 3379 4335 quaeso,

1791 4362 2061 4429 consulas,
2093 4372 2143 4416 et
2172 4359 2362 4415 latrant
2410 4370 2552 4415 tuum
2579 4400 2594 4428 ,
2626 4365 2715 4431 qui
2764 4372 2811 4415 te
2856 4360 2981 4415 colit
3010 4402 3023 4426 ,
3055 4376 3193 4414 ansa.
3244 4358 3383 4414 Bene

1791 4454 1902 4510 vale
1931 4497 1949 4522 ,
1994 4456 2149 4511 decus
2208 4458 2364 4512 nostri
2410 4457 2533 4511 soli.
2589 4454 2927 4522 Mediolani,
2980 4456 3164 4511 Idibus
3208 4456 3385 4511 Juniis

1790 4562 2032 4603 ucccccr.
2064 4548 2285 4602 Putabat
2316 4547 2636 4603 Parrhasius
2663 4589 2678 4615 ,
2728 4532 3086 4603 Prudentium
3122 4559 3176 4603 et
3204 4547 3380 4603 Sedu-

92 4635 207 4689 tulo
241 4654 256 4689 :
285 4633 492 4689 Sedulii
523 4644 684 4701 poeta:
713 4635 1145 4701 christianissimi,
1167 4636 1427 4705 paschalis
1447 4638 1689 4708 carminis
1713 4624 1767 4687 Ι)
1794 4646 1922 4700 lium
1952 4654 2108 4700 ante;
2132 4643 2309 4700 editos
2338 4659 2444 4699 ηοη
2494 4644 2662 4699 fuisse
2699 4662 2711 4697 ;
2744 4643 2841 4700 sed
2868 4643 3007 4699 falso
3035 4643 3088 4697 id
3134 4644 3379 4708 putabat,

90 4726 208 4781 libri
231 4736 475 4795 quatuor.
503 4727 753 4796 Ejusdem
802 4728 978 4799 hymni
1006 4729 1107 4783 duo
1143 4746 1243 4783 non
1274 4731 1574 4801 paenitendi.
1602 4706 1683 4787 Ad

89 4821 352 4879 lectorem
384 4818 653 4875 distichon
691 4840 705 4875 :

215 4938 336 5003 Haec
354 4936 442 5003 tibi
468 4937 685 5003 Sedulii,
710 4941 752 4988 si
777 4946 828 4989 te
846 4952 985 4990 sacra
1006 4941 1155 4992 lectio
1177 4942 1339 5003 ducit,

275 5000 447 5051 Dulcia
471 5000 620 5051 divini
640 5004 853 5053 carmina
869 5006 995 5054 vatis
1020 5018 1148 5056 eme.

85 5109 425 5181 Sequebatur
452 5108 653 5165 Gelasii
677 5110 1069 5166 tcsrimonium.
1099 5115 1423 5168 Arntzenius
1450 5112 1685 5170 Veterem

87 5209 108 5263 1
146 5204 403 5277 appellat.

152 5298 244 5352 97.
278 5295 458 5352 Editio
487 5312 565 5351 ιιι.
601 5296 742 5352 Idem
773 5298 1101 5353 Arntzenius
1129 5299 1264 5373 vidit
1300 5299 1462 5354 aliam
1488 5302 1683 5356 editio-

89 5407 212 5448 nem
255 5392 376 5446 sine
406 5390 534 5445 anni
567 5401 714 5456 nota,
752 5392 817 5447 ad
845 5393 999 5463 cujus
1032 5394 1236 5446 calcem
1267 5395 1381 5448 Irtec
1423 5395 1677 5464 legeban-

89 5498 174 5543 tur
200 5505 213 5540 :
247 5485 365 5541 Hoc
414 5501 540 5558 opus
586 5487 723 5555 [elici
754 5470 896 5543 exitu
932 5490 994 5542 ab
1025 5489 1284 5543 industrio
1313 5492 1421 5545 viro
1452 5490 1673 5565 Georgio

83 5579 334 5647 Richol/T,
365 5579 605 5650 impensis
634 5579 903 5636 Laurentii
930 5581 1197 5636 Bornman
1237 5585 1393 5637 teneis
1422 5586 1557 5657 typis
1582 5603 1678 5641 ea:-

82 5692 259 5731 cusum
288 5683 363 5728 est
405 5674 457 5727 in
497 5676 751 5755 praeclara
790 5676 913 5730 urbe
942 5676 1338 5730 Monasteriensi
1363 5718 1375 5739 ,
1422 5677 1678 5750 Vestpha-

81 5772 161 5827 lite
211 5768 481 5850 metropoli
512 5768 853 5824 nobilissima.
902 5771 1133 5840 Adjecta
1188 5779 1346 5824 erant
1398 5772 1524 5826 huic
1553 5775 1670 5829 edi-

78 5864 212 5921 tioni
242 5860 494 5935 quaedam
519 5851 930 5932 "epigrammata
963 5861 1248 5919 lMartialis
1278 5904 1293 5932 ,
1328 5866 1381 5923 in
1434 5865 1666 5941 quorum

1792 4740 1924 4795 Post
1966 4739 2374 4810 prmfationem:
2432 4736 2637 4794 Sedulii
2686 4737 2954 4792 christiani
2984 4746 3147 4809 poeta:
3178 4754 3381 4791 carmen

1791 4833 2054 4905 paschale.
2117 4832 2374 4905 Sequitur
2433 4832 2685 4905 prologus
2740 4834 3000 4887 rnetricus
3044 4831 3294 4898 Sedulii,
3328 4840 3391 4916 et

1786 4931 1909 4986 sine
1936 4928 2239 4984 ulio'titulo
2264 4940 2353 4983 aut
2383 4927 2652 4983 divisione
2694 4926 2962 4981 librorum
3014 4924 3230 4981 carmen
3281 4942 3376 4995 pa-

1785 5026 1992 5082 schale.
2022 5024 2093 5095 gln
2146 5024 2294 5099 line:
2348 5020 2577 5092 Ezplicit
2602 5018 2806 5075 Sedulii
2860 5036 3062 5072 carmen
3112 5018 3375 5090 paschale.

1791 5116 2079 5173 Adduntur
2127 5117 2371 5171 nonnulli
2424 5115 2601 5187 hymni
2656 5112 2933 5167 Prudentii
2967 5155 2980 5176 ,
3029 5124 3085 5165 ut
3139 5112 3375 5181 explicui

1788 5211 2098 5267 Comment.
2139 5210 2206 5265 ad
2261 5214 2447 5282 hymn.
2478 5210 2511 5262 2
2538 5206 2844 5275 Peristepb.
2898 5222 3041 5260 vers.
3077 5206 3128 5268 1,
3164 5206 3252 5259 ubi
3306 5223 3371 5264 ex

1784 5306 1980 5361 litteris
2008 5304 2357 5361 eruditissimi
2384 5304 2481 5357 viri
2522 5302 2709 5357 Jacobi
2735 5300 2948 5356 Morelli
2979 5294 3160 5354 nmnui
3189 5344 3201 5366 ,
3224 5300 3374 5358 hanc

1782 5399 2075 5455 editionem
2107 5407 2325 5453 exstare
2358 5398 2407 5449 in
2442 5395 2769 5449 bibliotheca
2798 5394 2855 5450 S.
2888 5393 3052 5448 Marci
3104 5374 3369 5450 Veiietiis.

1758 5496 1946 5551 Plura
1968 5494 2079 5547 alia
2117 5492 2183 5546 de
2220 5491 2321 5545 hac
2369 5491 2609 5545 editione
2640 5489 2831 5543 eodem
2867 5489 2990 5543 loco
3040 5489 3325 5544 observavi
3357 5532 3373 5557 ,

1785 5604 1902 5660 qua:
1930 5587 2115 5641 Roma:
2137 5585 2299 5639 etiam
2325 5585 2375 5638 in
2402 5584 2736 5641 Bibliotheca
2753 5582 3005 5639 Corsiaia
3032 5594 3369 5639 asservatur.

1780 5677 2295 5738 Animadversiones
2329 5678 2598 5733 Parrhasii
2622 5678 2675 5732 in
2718 5677 3002 5735 Sedulium
3034 5687 3091 5732 et
3119 5677 3371 5734 Pruden-

1779 5779 1909 5831 tiom
1952 5773 2222 5846 proferam
2248 5790 2394 5828 num.
2427 5772 2528 5829 189
2552 5788 2668 5843 seq.
2703 5771 3036 5828 Arntzenius
3060 5772 3239 5827 varias
3292 5773 3372 5830 le-

1772 5871 1984 5927 ctiones
2035 5884 2101 5925 ex
2150 5867 2438 5923 Parrhasio
2494 5863 2700 5939 profert
2725 5863 2747 5937 ,'
2804 5865 2926 5937 quia
2966 5879 3059 5923 eas
3106 5866 3372 5937 ascriptas
