3904 6330
473 317 579 379 679

1758 316 2038 379 CCELIUS
2074 319 2432 383 SEDULIUS.

3662 323 3782 382 480

474 448 506 490 a
533 432 695 490 docta
724 448 889 491 manu
922 434 1205 492 invenerat
1231 433 1289 489 in
1315 431 1534 507 Georgii
1561 431 1795 491 Fabricii
1821 434 2059 494 editione
2084 437 2140 502 Α
2235 439 2343 512 62
2366 437 2551 495 Editio
2578 454 2706 509 sui,
2741 456 2884 499 anno
2927 444 3092 512 1516,
3133 444 3393 512 Taurini,
3421 445 3568 517 apud
3601 444 3781 501 Joan-

479 528 776 587 Poetarum
824 529 1273 586 christianorum.

554 625 678 683 101.
725 624 903 681 Editio
929 640 1031 693 vn,
1061 638 1203 680 anno
1234 622 1407 691 1501,
1436 624 1705 696 publicata
1729 640 1869 681 anno
1902 626 2060 683 1502.

481 720 750 786 Venetiis,
776 718 920 792 apud
951 718 1148 775 Aldum
1175 765 1189 790 ,
1219 734 1341 776 cum
1374 721 1493 777 aliis
1518 721 1692 792 poetis
1728 720 2062 777 christianis.

481 816 611 873 Eam
635 814 901 885 descripsi
935 814 987 869 in
1022 814 1331 886 Prolegom.
1361 814 1427 870 ad
1452 815 1772 884 Juvencum,
1795 831 1943 870 num.
1973 814 2063 872 60.

477 911 535 968 In
567 909 809 966 secundo
854 909 1133 966 volumine
1174 920 1456 981 poetarum
1487 911 1905 967 christianorum
1934 955 1949 979 ,
1975 911 2066 967 Al-

480 1005 582 1062 dus
609 1004 847 1075 primum
882 1004 1062 1060 locum
1097 1005 1325 1062 Sedulio
1353 1005 1504 1063 dedit
1553 1006 1654 1063 hoc
1685 1006 1879 1062 titulo:
1922 1004 2066 1061 Caelii

478 1098 689 1157 Sedulii
716 1100 1002 1173 presbyteri
1035 1099 1358 1157 Mirabilium
1382 1102 1672 1157 divinorum
1697 1101 1825 1158 liber
1844 1102 2059 1175 primus.

477 1192 607 1249 Cum
632 1210 729 1248 sua
777 1192 994 1267 gentiles
1020 1235 1037 1262 ,
1070 1204 1177 1251 etc.
1218 1197 1419 1252 Desunt
1466 1197 1692 1267 epistola
1720 1196 1787 1251 ad
1820 1196 2066 1252 Macedo-

476 1285 626 1342 nium
657 1294 713 1342 et
742 1286 1005 1360 prologus
1036 1288 1316 1345 metricus.
1362 1287 1543 1360 Capita
1568 1290 1766 1359 passim
1798 1289 1911 1344 suis
1935 1289 2064 1346 titu-

474 1382 541 1439 lis
565 1366 1000 1455 distin'guuntur.
1054 1385 1268 1439 Primus
1304 1385 1441 1442 liber
1482 1385 1829 1441 continenter
1857 1394 2067 1454 protra-

476 1474 624 1533 hitur
650 1493 820 1548 usque
851 1479 919 1534 ad
950 1494 1169 1535 versum
1196 1476 1304 1534 Ora
1349 1478 1476 1550 lupi,
1511 1479 1602 1550 qui
1627 1479 1682 1534 in
1707 1477 1835 1535 aliis
1862 1480 2064 1536 editio-

477 1570 643 1627 nibus
671 1581 754 1627 est
796 1571 921 1628 finis
948 1572 1074 1628 libri
1108 1569 1355 1629 secundi.
1402 1571 1533 1627 Post
1560 1587 1782 1629 carmen
1812 1572 2067 1644 paschale

478 1676 565 1722 est
596 1666 769 1738 elegia
800 1661 1078 1722 Cantemus
1119 1682 1241 1721 cum
1275 1666 1663 1737 inscriptione,
1702 1668 1813 1723 Iloc
1841 1685 2062 1741 opuscu-

478 1761 615 1826 lum,
669 1771 777 1828 etc,
830 1760 898 1817 de
946 1776 1049 1832 qua
1078 1760 1258 1828 alibi,
1294 1769 1406 1816 tum
1451 1760 1650 1817 Sedulii
1699 1763 2017 1834 epigramma
2047 1804 2063 1831 ,

2169 548 2291 589 nem
2337 532 2603 604 Angelum
2656 537 3138 595 et‘Bernardinum
3192 539 3259 595 de
3302 538 3487 606 Silva,
3536 540 3782 596 curante

2167 628 2377 683 Joanne
2411 627 2643 696 Brema,
2683 645 2844 702 quam
2886 632 3072 688 laudat
3099 632 3167 687 cl.
3210 630 3503 688 Zacharias
3540 632 3599 687 in
3636 649 3784 702 per-

2174 723 2395 793 egregio
2439 738 2539 780 suo
2579 739 2747 797 Opere
2775 726 3249 793 Storia,_Potemica
3280 727 3418 782 delle
3457 725 3783 798 proibizioni

2168 818 2245 871 de‘
2271 817 2388 872 libri
2414 864 2427 887 ,
2460 818 2525 873 ad
2549 834 2748 875 annum
2776 821 2911 889 496,
2944 838 2999 877 ιι.
3036 822 3122 886 10,
3149 837 3275 893 pag.
3307 822 3397 877 51.

2242 913 2363 967 105.
2391 913 2575 970 Editio
2595 931 2708 982 xw,
2740 931 2883 970 anno
2911 918 3079 986 152.1,
3108 915 3404 986 Compluti,
3441 914 3606 981 in-L",
3641 932 3772 972 cum

2168 1008 2489 1077 paraphrasi
2515 1008 2922 1077 Nebrissensis,
2956 1018 3013 1064 ut
3041 1008 3209 1065 refert
3249 1008 3369 1067 Nic.
3404 1011 3679 1066 Antonius
3711 1010 3775 1066 in

2167 1099 2430 1158 Biblioth.
2464 1118 2629 1159 ‘nova
2660 1104 2811 1175 Hisp.
2854 1105 3022 1160 verbo
3062 1105 3313 1159 Antonius
3352 1103 3610 1169 Lebrim,
3652 1106 3774 1161 sive

2170 1194 2404 1252 Nebrixa
2422 1240 2436 1263 ,
2463 1196 2653 1253 Latine
2680 1198 3032 1253 Nebrisseusis
3052 1240 3067 1263 ,
3099 1212 3262 1265 quem
3292 1195 3530 1253 edidisse
3550 1197 3632 1252 ait
3657 1215 3671 1251 :
3702 1196 3774 1253 In

2170 1289 2378 1346 Sedulii
2406 1309 2587 1364 poema
2610 1293 2674 1347 de
2704 1290 2898 1347 Clm'sti
2926 1291 3191 1346 miraculis
3227 1290 3581 1362 paraphrasis.
3615 1290 3775 1345 Com-

2168 1384 2301 1456 pluti
2321 1428 2334 1449 ,
2370 1385 2538 1452 1524,
2587 1385 2750 1452 in-1°,
2782 1385 2884 1441 nisi
2930 1400 3086 1441 error
3122 1393 3209 1440 est
3248 1384 3303 1439 in
3350 1384 3593 1440 numeris
3626 1384 3773 1443 1525

2168 1458 2267 1559 prq
2315 1480 2485 1546 1511,
2534 1489 2592 1536 ιιι
2622 1480 2785 1535 modo
2831 1479 3099 1537 dicebam.
3155 1479 3362 1536 Recusa
3406 1480 3593 1549 paucis
3640 1487 3773 1536 ante

2169 1577 2326 1632 annis
2370 1587 2454 1634 est
2498 1576 2832 1634 Bibliotheca
2874 1586 3065 1645 vetus,
3116 1584 3172 1633 et
3209 1592 3350 1633 nova
3394 1574 3514 1632 Nic.
3546 1574 3774 1631 Antonii

2168 1670 2370 1727 Matriti
2413 1670 2836 1742 elegantis‘simis
2869 1673 3009 1744 typis
3040 1689 3054 1726 :
3095 1681 3150 1727 et
3173 1670 3527 1727 Bibliotheca}
3546 1669 3773 1742 quidem

2170 1768 2344 1825 veteri
2367 1770 2676 1825 notationes
2701 1783 2831 1825 suas
2857 1784 2967 1823 non
2989 1766 3208 1839 quidem
3232 1769 3304 1823 ita
3338 1766 3539 1822 multas
3562 1781 3663 1836 pro
3688 1767 3772 1822 rei

476 1855 623 1927 quod
675 1854 870 1926 incipit
897 1900 910 1925 ,
970 1855 1103 1911 Haec
1133 1867 1223 1911 tua
1249 1899 1262 1923 ,
1312 1866 1582 1928 postremo
1611 1858 1718 1931 61
1763 1854 1824 1913 C.
1858 1858 2068 1914 Sedulii
2098 1844 2148 1906 Β
2172 1862 2560 1933 amplitudine,
2604 1862 2703 1919 sed
2737 1862 2982 1919 eruditas
3021 1870 3201 1919 tamen
3227 1870 3281 1918 et
3311 1862 3543 1918 selectas
3571 1859 3774 1930 adjecit

476 1950 762 2022 presbyteri
791 1948 1016 2022 hymnus
1040 1949 1104 2004 de
1124 1949 1327 2006 Christo
1356 1951 1605 2006 succincte
1626 1953 1687 2006 ab
1714 1951 2070 2009 incarnatione

473 2061 637 2117 usque
686 2045 755 2100 ad
804 2046 1173 2103 ascensionem.
1209 2046 1426 2120 Baylius
1474 2047 1681 2118 priores
1712 2046 1844 2105 alias
1875 2047 2069 2103 editio.

476 2156 578 2198 nes
630 2140 942 2214 ignoravit,
978 2143 1069 2213 qui
1099 2141 1155 2197 in
1180 2142 1381 2199 Lexico
1411 2142 1551 2200 hanc
1599 2145 1825 2214 primam
1870 2144 2070 2200 carmi-

474 2253 606 2295 num
630 2236 838 2294 Sedulii
876 2236 1175 2295 editionem
1218 2253 1347 2296 csse
1372 2238 1576 2296 docuit.

546 2333 669 2389 102.
694 2331 880 2388 Editio
905 2348 999 2389 vtu
1024 2377 1039 2402 ,
1072 2348 1220 2390 anno
1242 2334 1382 2393 1501
1405 2376 1421 2403 ,
1454 2332 1681 2403 Lipsiae,
1709 2333 1869 2390 in-4°.
1898 2332 2070 2405 Hujus

473 2426 655 2483 varias
681 2426 950 2485 lectiones
973 2427 1257 2485 annotavit
1281 2426 1582 2509 Grunerus.

547 2522 677 2578 105.
710 2520 895 2576 Editio
921 2538 1008 2589 rx,
1035 2538 1183 2579 anno
1211 2524 1349 2580 1509
1373 2565 1388 2591 ,
1417 2523 1573 2595 cujds
1602 2522 1781 2580 varias
1809 2523 2073 2581 lectiones

479 2614 715 2685 margini
764 2614 1023 2671 editionis
1077 2616 1283 2675 Sedulii
1341 2617 1698 2673 Tornaasianae
1752 2620 1878 2673 anni
1936 2618 2071 2674 1566

470 2708 745 2779 ascriptas
771 2708 1367 2781 collegitArntzenius.
1397 2710 1871 2783 lgnoraturlocus;
1899 2728 1962 2768 ac
1978 2728 2070 2767 so-
2120 2758 2123 2761 .

478 2801 592 2858 lum
621 2802 835 2857 erudita
864 2817 1062 2859 manus
1088 2803 1153 2858 ad
1187 2804 1471 2874 prologum
1516 2819 1657 2861 vers.
1682 2806 1715 2860 4
1743 2815 2024 2862 notaverat
2055 2824 2068 2860 :

474 2897 749 2968 Nusquam
781 2898 1135 2971 diphthongus
1162 2916 1328 2972 neque
1364 2911 1599 2955 accentus
1628 2911 1847 2973 apparet
1877 2902 2070 2968 infcdi-

474 2990 617 3046 tione
640 3000 816 3045 nostra
836 2992 963 3046 anni
990 2993 1150 3060 1509,
1182 2992 1249 3049 de
1274 2994 1428 3062 cujus
1450 2994 1731 3065 scriptura:
1752 2994 2072 3064 antiquitate

474 3083 737 3140 disseruit
766 3085 1098 3153 Salmasius,
1126 3086 1196 3143 ad
1224 3087 1533 3144 Sarravium
1573 3089 1733 3158 epist.
1767 3089 1889 3151 185.
1919 3089 2071 3145 Hanc

476 3177 775 3235 editionem
822 3177 1151 3236 Arntzenius
1184 3180 1418 3236 Veterem
1459 3183 1493 3236 2
1522 3181 1778 3236 nominat.
1817 3180 2071 3238 Fortasse

2175 1957 2257 2013 vir
2292 1958 2470 2014 clarus
2508 1957 2836 2014 Franciscus
2873 1955 3044 2013 Perez
3091 1955 3288 2030 Bayer.
3331 1954 3387 2011 ιιι
3434 1952 3773 2011 Bibliotheca

2175 2065 2313 2104 nova
2340 2050 2516 2104 solum
2544 2058 2813 2120 apparent
2839 2047 3147 2105 additiones
3177 2048 3481 2119 posthumae
3521 2046 3773 2118 ejusdem

2173 2144 2289 2201 Nic.
2342 2145 2589 2201 Antonii.
2641 2142 2861 2202 Utinam
2908 2142 3071 2199 simul
3120 2142 3453 2214 prodiisset,
3496 2152 3588 2198 aut
3629 2157 3773 2197 nunc

2126 2272 2139 2284 -
2174 2238 2405 2310 denique
2456 2239 2512 2294 in
2557 2238 2737 2294 lucem
2793 2237 3132 2294 emitteretur
3185 2235 3626 2308 supplementum
3682 2235 3774 2290 Bi-

2176 2333 2466 2392 bliotheca:
2491 2349 2647 2390 nova:
2667 2376 2682 2402 ,
2715 2332 2797 2389 de
2822 2347 2930 2405 quo
2958 2347 3138 2388 sermo
3167 2331 3227 2407 βε
3263 2332 3319 2388 in
3358 2330 3681 2403 praefatione
3706 2330 3774 2386 ad

2174 2427 2318 2485 hanc
2344 2428 2640 2486 editionem
2682 2427 3071 2483 Matritensem.
3104 2411 3242 2483 cum
3276 2425 3423 2482 enim
3456 2415 3561 2480 viri
3588 2425 3769 2494 docti,

2176 2526 2414 2584 Thomas
2445 2524 2715 2583 Antonius
2756 2523 3006 2580 Sanchez
3025 2564 3041 2591 ,
3083 2522 3325 2579 Joannes
3353 2520 3621 2578 Antonius
3651 2508 3776 2576 Pet;

2176 2622 2329 2689 licer,
2364 2629 2421 2677 et
2442 2619 2683 2692 Raphael
2707 2615 3014 2685 Casalbon,
3043 2614 3311 2686 augendae
3342 2624 3398 2671 et
3439 2614 3779 2685 corrigenda:

2178 2715 2530 2773 Bibliotheca:
2574 2729 2737 2770 novae
2782 2711 3007 2768 multam
3052 2725 3277 2782 operam
3323 2718 3379 2765 et
3408 2709 3657 2765 laborem
3698 2710 3777 2763 in—

2176 2814 2546 2881 sumpserim,
2585 2817 2644 2864 ut
2669 2823 2786 2864 eam
2818 2807 2990 2862 tutius
3027 2805 3210 2878 legere
3250 2803 3557 2872 possimus,
3586 2813 3779 2874 Optan-

2177 2905 2304 2961 dum
2336 2902 2495 2958 valde
2523 2911 2608 2958 est
2628 2946 2643 2971 ,
2676 2900 2871 2956 saltem
2902 2898 3280 2954 correctiones
3310 2897 3366 2952 in
3394 2894 3668 2968 publicam
3697 2895 3780 2951 lu-

2175 3014 2295 3056 cem
2339 2999 2552 3054 venire.

2252 3092 2375 3148 106.
2408 3089 2590 3147 Editio
2616 3105 2713 3159 xv,
2740 3104 2886 3145 anno
2913 3090 3076 3146 1528.
3122 3089 3260 3144 Huic
3298 3103 3448 3144 anno
3477 3087 3780 3145 editionem

2177 3182 2389 3240 Sedulii
2445 3182 2676 3239 Basileze
2726 3181 2893 3248 in-8°,
2944 3197 3015 3237 ex
3068 3180 3455 3253 recognitione
3496 3181 3782 3238 Theodori

476 3290 585 3332 non
614 3282 702 3331 est
723 3275 940 3332 diversa
970 3274 1041 3332 ab
1081 3290 1149 3332 ea
1179 3290 1299 3347 qua:
1328 3276 1381 3331 in
1427 3274 1680 3331 Biblioth.
1710 3274 1854 3331 med.
1885 3287 1941 3331 et
1972 3274 2070 3330 inf.
2099 3259 2144 3322 Ο
2178 3277 2501 3334 Poelmanni
2525 3319 2539 3344 ,
2588 3277 2838 3349 assignat
2881 3275 3170 3331 Fabricius
3202 3276 3275 3337 ,in
3322 3275 3588 3333 Biblioth.
3641 3286 3779 3345 νει,

479 3372 580 3428 aevi
630 3370 870 3430 Fabricii
913 3372 1022 3430 hoc
1058 3387 1204 3428 anno
1243 3373 1380 3428 1509
1411 3382 1622 3443 peracta
1650 3353 1846 3429 dicitur
1874 3370 2073 3442 Lipsiae

481 3481 582 3538 per
609 3466 876 3523 Jacobum
906 3465 1189 3535 Thanner,
1220 3464 1382 3522 in-4’.

553 3564 735 3621 Editio
786 3580 866 3633 ι,
926 3562 1105 3634 1509,
1162 3560 1448 3630 Colonia),
1497 3578 1562 3620 ex
1611 3561 1872 3619 Biblioth.
1927 3559 2071 3617 ntcd.

482 3660 649 3719 Fabr.

557 3756 739 3811 Editio
793 3772 879 3825 ιι,
932 3756 1104 3823 1512,
1156 3755 1439 3828 Lugduni,
1495 3770 1610 3812 cum
1667 3757 2077 3813 commentariis

485 3835 896 3917 Nebrissensis,
944 3850 1111 3918 in—4°,
1160 3867 1229 3908 ex
1275 3852 1533 3908 Biblioth.
1569 3853 1712 3909 med.
1755 3853 1915 3910 Fabr.
1947 3854 2080 3910 For-

485 3958 630 4006 tasse
656 3948 945 4020 legendum
976 3946 1231 4003 Lucronii
1260 3964 1357 4020 pro
1387 3947 1647 4024 Lugduni.
1677 3948 1815 4005 Vide
1845 3966 1901 4004 ιι.
1927 3966 2043 4021 seq.

563 4042 688 4098 101.
723 4041 904 4098 Editio
926 4058 1021 4113 xu,
1048 4058 1195 4098 anno
1228 4043 1387 4109 1515,
1423 4043 1585 4110 iii-4°,
1618 4043 2043 4114 Caesaraugusta:
2065 4085 2079 4109 ,

482 4153 607 4196 cum
634 4139 956 4211 paraphrasi
984 4138 1381 4195 Nebrissensis.
1413 4138 1537 4195 llaec
1564 4139 1890 4195 describitur
1914 4155 1943 4193 a
1973 4137 2083 4193 Ma-

479 4236 663 4309 jansio
710 4234 764 4291 in
817 4235 981 4306 Spec.
1025 4251 1140 4290 sua:
1194 4234 1538 4291 bibliothecae
1576 4252 1632 4306 p.
1660 4236 1751 4291 27.
1798 4234 1855 4289 in
1902 4232 2083 4290 fronte

485 4331 826 4403 conspicitur
858 4329 1121 4387 Sedulius
1148 4330 1427 4402 explicans
1452 4330 1703 4386 volumen
1734 4345 1856 4387 cum
1884 4329 1986 4385 hoc
2018 4330 2087 4385 ti-

485 4424 600 4481 tulo
628 4443 642 4478 :
668 4423 814 4481 Caelii
838 4424 1044 4480 Sedulii
1071 4426 1353 4497 presbyteri
1375 4423 1634 4481 Paschale
1657 4442 1822 4497 opus:
1845 4434 1902 4481 et
1922 4425 2085 4497 paulo

491 4516 717 4574 inferius
763 4518 962 4587 legitur
1006 4536 1018 4573 :
1070 4518 1274 4574 Sedulii
1319 4517 1596 4586 Paschate,
1643 4535 1763 4573 cum
1800 4527 2085 4573 commento

491 4611 707 4670 Antonii
739 4609 1073 4679 Nebrissen.;
1104 4622 1159 4668 et
1196 4612 1263 4667 ad
1293 4612 1455 4670 linem
1482 4616 1663 4686 operis
1706 4614 1778 4669 ita
1818 4632 1829 4668 :
1879 4613 2088 4669 Sedulii
2118 4636 2166 4686 _-

2176 3388 2300 3430 cum
2322 3373 2389 3430 de
2417 3372 2643 3430 Sedulio
2670 3374 2817 3444 agit;
2862 3385 3024 3444 quam
3063 3372 3354 3444 repetitam
3387 3372 3570 3428 innuit
3603 3374 3776 3441 1551,

2180 3471 2339 3537 1557,
2383 3477 2438 3525 et
2465 3467 2645 3523 Calari
2688 3467 2845 3522 1575.
2890 3465 3156 3537 Loquitur
3184 3465 3254 3522 de
3291 3466 3535 3522 editione
3572 3464 3782 3522 Sedulii

2177 3561 2341 3617 simul
2389 3577 2512 3618 cum
2554 3560 2836 3630 Juvenco,
2888 3560 3161 3626 Aratore,
3210 3570 3266 3615 et
3308 3558 3528 3616 duobus
3565 3558 3780 3632 hymnis

2186 3655 2435 3713 Venantii
2479 3655 2766 3711 Fortunati
2814 3653 3110 3725 integritati
3144 3668 3259 3709 sua:
3300 3667 3401 3725 per
3427 3652 3496 3710 G.
3546 3651 3779 3708 Cassan-

2180 3752 2336 3809 drum
2357 3730 2655 3806 restitutis.
2689 3751 2759 3804 At
2788 3749 2906 3819 ipse
2928 3746 3215 3803 Fabricius
3245 3746 3377 3802 dum
3405 3744 3634 3803 Juvenci
3660 3745 3779 3801 edi-

2180 3852 2361 3907 tiones
2385 3854 2694 3914 enumerat,
2720 3844 2899 3901 solum
2926 3843 3098 3922 refert
3122 3842 3421 3899 editionem
3444 3857 3514 3898 ex
3534 3841 3775 3911 recogni-

2182 3946 2333 4002 tione
2357 3941 2679 4000 Poelmanni
2710 3941 2937 3996 Basileae
2978 3940 3101 3995 siue
3126 3938 3256 3993 anni
3298 3947 3423 3993 nota
3444 3981 3460 4004 ,
3504 3937 3775 4007 prtemissa

2183 4041 2414 4113 cpistola
2450 4038 2787 4105 lladamarii,
2817 4054 2935 4107 qua:
2957 4036 3193 4107 repetita
3219 4034 3387 4091 fuerit
3414 4032 3614 4089 Calari.
3641 4033 3775 4090 Con-

2184 4135 2269 4192 fer
2300 4151 2448 4191 num.
2482 4133 2604 4190 109.
2634 4132 2950 4189 Ceillierius
2975 4145 3193 4202 quoque
3230 4138 3627 4185 commemorat
3663 4128 3777 4184 edi-

2186 4232 2391 4289 tionem
2421 4231 2792 4288 Basileeusem
2816 4227 3027 4284 Sedulii
3057 4225 3189 4283 anni
3218 4225 3379 4294 1528,
3407 4225 3507 4283 sed
3526 4268 3542 4295 ,
3576 4236 3631 4282 ut
3658 4239 3770 4281 con-

2182 4326 2353 4399 jiccre
2385 4326 2546 4392 licet,
2580 4340 2648 4381 ex
2678 4322 2951 4380 Fabricio.

2262 4422 2386 4478 107.
2421 4419 2603 4476 Editio
2636 4435 2756 4486 xvi,
2791 4433 2934 4473 anno
2964 4417 3103 4474 1554
3124 4459 3141 4486 ,
3173 4416 3405 4473 Basilea:
3442 4416 3608 4483 ino8°,
3634 4424 3693 4471 ut
3712 4429 3771 4472 ex

2187 4514 2443 4573 Fabricio
2473 4530 2647 4586 nuper
2668 4512 2799 4570 dixi.
2832 4511 3088 4569 Adhaeret
3108 4511 3440 4570 Ceillierius.

2266 4611 2389 4667 108.
2424 4609 2605 4667 Editio
2629 4626 2738 4666 xvn
2760 4653 2776 4677 ,
2811 4623 2957 4663 anno
3010 4607 3173 4675 1557,
3209 4605 3360 4662 iit-8°
3396 4625 3410 4661 :
3441 4604 3650 4662 Iuvenci
3677 4605 3773 4660 Hi-

492 4703 783 4771 Paschale,
828 4721 942 4759 cum
987 4675 1200 4777 reliquis
1242 4675 1531 4779 opusculis,
1566 4725 1681 4781 qua:
1724 4718 1925 4764 exstant
1960 4725 2079 4762 σαι*-
2114 4675 2168 4737 D
2190 4708 2343 4780 spani
2372 4716 2420 4761 et
2448 4705 2651 4761 Sedulii
2663 4675 3077 4778 638cotigenw
3100 4702 3513 4776 presbyterorum
3534 4711 3581 4757 et
3606 4712 3772 4774 poeta-

493 4799 633 4874 mine
675 4800 997 4872 conscripta,
1047 4800 1323 4871 ﬁniuntur.
1367 4801 1626 4874 Explicita
1677 4802 2085 4877 Caesaraugusta:

487 4894 779 4965 industria,
816 4905 861 4950 et
885 4897 1124 4963 expensis
1157 4895 1363 4972 Georgii
1393 4897 1531 4967 Caci,
1565 4915 1615 4953 vr
1644 4898 1826 4954 Nonas
1848 4898 2085 4967 Septent-

494 4991 609 5045 bres
633 5032 647 5057 ,
675 5007 815 5045 anno
844 4991 1032 5048 salutis
1063 4978 1362 5049 christiana:
1387 5007 1555 5061 luxv,
1599 5003 1712 5062 post
1742 4993 1963 5065 primum
1992 4991 2092 5044 im-

490 5086 811 5159 pressionem
834 5128 849 5154 ,
891 5104 1045 5159 quant
1086 5089 1380 5161 castigavit,
1416 5088 1631 5159 punrcit,
1672 5086 1941 5157 dispunxit
1964 5127 1978 5153 ,
2010 5084 2093 5138 in-

493 5181 863 5251 terpunxitque
906 5183 1164 5237 Antonius
1211 5181 1545 5249 Nebrissen.,
1595 5179 1886 5250 adjecitque
1930 5193 2087 5251 para-

493 5273 711 5344 phrasin
753 5277 804 5331 in
845 5276 973 5332 locis
1024 5277 1346 5332 obscuriores
1375 5275 1519 5348 (sic).
1556 5275 1917 5331 Praecesserat
1962 5287 2094 5343 ergo

492 5370 599 5427 alia
623 5373 824 5439 editio,
858 5388 923 5427 ac
950 5372 1185 5429 fortasse
1224 5372 1493 5443 Compluti
1522 5372 1658 5426 15M
1679 5414 1694 5439 ,
1728 5387 1846 5442 quae
1878 5385 1974 5439 per
2006 5383 2093 5423 cr-

491 5482 676 5523 rorem
715 5467 768 5523 in
809 5468 1065 5525 Biblioth.
1110 5469 1226 5526 Nic.
1274 5468 1489 5525 Antonii
1535 5467 1750 5539 alligata
1789 5466 1951 5523 fuerit
1993 5479 2091 5518 an-

498 5581 572 5623 no
598 5568 761 5636 1524,
792 5576 886 5623 aut
910 5565 1172 5625 Lucrouii
1194 5608 1208 5633 ,
1244 5566 1328 5622 vel
1356 5565 1621 5637 Lugduni,
1656 5580 1723 5619 ex
1753 5562 1913 5619 dictis
1944 5574 2090 5614 num.

502 5661 739 5732 prmced.
777 5663 1128 5734 Dempsterus
1172 5663 1279 5730 ait,
1310 5677 1370 5718 se
1406 5678 1514 5717 non
1559 5658 1761 5716 vidisse
1794 5657 1968 5711 Vitam
1999 5653 2095 5709 Se-

503 5755 659 5821 dulii,
686 5772 851 5827 quam
879 5771 908 5812 a
936 5755 1279 5815 Nebrissensi
1313 5754 1613 5812 confectam
1636 5759 1861 5809 narrant
1886 5749 2097 5806 Gesne-

503 5867 597 5907 rus
627 5862 680 5908 et
713 5851 1001 5909 Simlerus.
1037 5853 1142 5909 Sed
1166 5894 1181 5914 .
1215 5864 1273 5907 ut
1300 5868 1402 5923 ego
1430 5861 1581 5922 puto,
1608 5845 1983 5904 Nebrissensis
2009 5859 2097 5899 so-

506 5944 618 5998 lum
648 5944 867 6015 Scripsit
892 5945 1109 6001 brevem
1141 5947 1512 6013 prmiationem
1541 5944 1592 5997 in
1623 5943 1885 6025 carmina.

2187 4821 2303 4862 rum
2331 4802 2882 4858 christianissimorum
2916 4798 3149 4855 historia:
3195 4800 3531 4871 evangelica,
3561 4797 3769 4854 versibus

2193 4899 2413 4954 heroicis
2442 4897 2511 4951 ad
2546 4896 2794 4951 amussim
2837 4909 3099 4963 expressa
3127 4909 3145 4948 :
3177 4894 3294 4965 jam
3334 4895 3600 4961 tersiores,
3631 4900 3673 4947 et
3709 4907 3768 4945 επ

2192 5001 2416 5047 veterum
2440 4990 2639 5062 aliquot
2668 4987 2916 5043 librorum
2945 4987 3222 5042 collatione
3244 4986 3413 5043 multo
3434 4986 3767 5060 castigatiores

2196 5088 2251 5141 in
2281 5085 2447 5140 lucem
2478 5085 2717 5157 prolatte.
2749 5081 3014 5152 Coloniae,
3048 5082 3191 5150 apud
3222 5080 3547 5137 Eucharium
3573 5081 3759 5153 (Cervi-

2196 5182 2469 5248 cornum).
2508 5177 2802 5233 Recensuit
2828 5175 3170 5231 Reinhardus
3208 5175 3497 5232 Lorichius
3526 5175 3763 5232 Hadama—

2198 5273 2329 5330 rius.
2365 5272 2517 5327 Hanc
2544 5271 2839 5327 editionem
2860 5269 3101 5341 explicui
3129 5269 3293 5326 etiam
3328 5269 3386 5325 in
3412 5269 3757 5339 Prolegouten.

2197 5367 2265 5423 ad
2290 5367 2590 5423 iuvencum
2622 5355 2772 5422 nu'm.
2807 5365 2897 5421 69.
2931 5364 3062 5421 Post
3092 5364 3396 5422 Juvencum
3427 5374 3512 5421 est
3538 5361 3761 5423 Sedulius

2198 5477 2319 5519 cum
2366 5463 2594 5533 epistola
2634 5461 2701 5516 ad
2738 5458 3118 5528 :Macedonium
3165 5469 3229 5514 et
3271 5459 3501 5530 prologo
3541 5455 3754 5513 metrico.

2198 5557 2468 5625 Carmen,
2497 5565 2557 5613 ut
2586 5558 2641 5613 in
2674 5555 2836 5627 Aldo,
2874 5556 2927 5611 in
2956 5563 3192 5628 quatuor
3219 5553 3392 5609 libros
3422 5553 3639 5610 divisum
3667 5555 3752 5602 est.
3776 5542 3782 5551 ’

2198 5652 2391 5708 Postea
2423 5670 2435 5706 :
2469 5650 2664 5723 Incipit
2692 5651 2914 5723 hymnus
2951 5648 3181 5724 ejusdem
3204 5690 3220 5715 ,
3261 5658 3372 5703 etc.
3406 5646 3529 5702 Ηωο
3553 5652 3629 5699 est
3660 5638 3755 5694 ele-

2198 5751 2289 5821 gia
2311 5748 2603 5805 Cantemus.
2638 5746 2882 5818 Denique
2908 5758 3127 5801 carmen
3149 5740 3401 5814 Sedulii,
3427 5742 3537 5798 sive
3557 5739 3751 5812 hymnus

2201 5842 2603 5912 alphabeticus,
2631 5840 2675 5894 A
2699 5841 2823 5895 solis
2849 5848 3016 5895 ortus.

2276 5937 2396 5991 109.
2434 5936 2612 5991 Editio
2653 5950 2805 5999 xvut,
2852 5935 2977 5990 eod.
3026 5951 3115 5991 an.
3163 5931 3327 5995 1557.
3360 5935 3510 5991 ἱιιο8ο
3538 5924 3752 5988 εΙκοαά

3470 6222 3487 6229 -
3506 6146 3811 6229 ὦ...
