  <div class='ocr_page' id='page_1' title='image "/cluster/home/n/w/nwhite01/storage/ocr_20150623/18-19/uva.x000826554/1032.png"; bbox 0 0 3904 6346; ppageno 0'>
   <div class='ocr_carea' id='block_1_1' title="bbox 189 197 296 259">
    <p class='ocr_par' dir='ltr' id='par_1_1' title="bbox 189 197 296 259">
     <span class='ocr_line' id='line_1_1' title="bbox 189 197 296 259; baseline 0.009 -2"><span class='ocrx_word' id='word_1_1' title='bbox 189 197 296 259; x_wconf 67' lang='grc'><strong>681</strong></span> 
     </span>
    </p>
   </div>
   <div class='ocr_carea' id='block_1_2' title="bbox 1565 197 2096 262">
    <p class='ocr_par' dir='ltr' id='par_1_2' title="bbox 1565 197 2096 262">
     <span class='ocr_line' id='line_1_2' title="bbox 1565 197 2096 262; baseline 0.002 -5"><span class='ocrx_word' id='word_1_2' title='bbox 1565 197 2096 262; x_wconf 81' lang='lat' dir='ltr'><strong><em>PROLEGOMENA.</em></strong></span> 
     </span>
    </p>
   </div>
   <div class='ocr_carea' id='block_1_3' title="bbox 3377 206 3484 269">
    <p class='ocr_par' dir='ltr' id='par_1_3' title="bbox 3377 206 3484 269">
     <span class='ocr_line' id='line_1_3' title="bbox 3377 206 3484 269; baseline 0.019 -2"><span class='ocrx_word' id='word_1_3' title='bbox 3377 206 3484 269; x_wconf 66' lang='grc'><strong><em>482</em></strong></span> 
     </span>
    </p>
   </div>
   <div class='ocr_carea' id='block_1_4' title="bbox 187 311 1803 388">
    <p class='ocr_par' dir='ltr' id='par_1_4' title="bbox 187 311 1786 386">
     <span class='ocr_line' id='line_1_4' title="bbox 187 311 1786 386; baseline 0.001 -20"><span class='ocrx_word' id='word_1_4' title='bbox 187 311 423 386; x_wconf 80' lang='lat' dir='ltr'><strong><em>Hispani</em></strong></span> <span class='ocrx_word' id='word_1_5' title='bbox 455 314 758 386; x_wconf 79' lang='lat' dir='ltr'><strong><em>evangelicce</em></strong></span> <span class='ocrx_word' id='word_1_6' title='bbox 783 311 1015 369; x_wconf 76' lang='lat' dir='ltr'><strong><em>historice</em></strong></span> <span class='ocrx_word' id='word_1_7' title='bbox 1041 311 1156 366; x_wconf 91' lang='lat' dir='ltr'><strong><em>libri</em></strong></span> <span class='ocrx_word' id='word_1_8' title='bbox 1182 325 1255 367; x_wconf 81' lang='lat' dir='ltr'><strong><em>IV.</em></strong></span> <span class='ocrx_word' id='word_1_9' title='bbox 1284 311 1431 367; x_wconf 73' lang='lat' dir='ltr'><strong><em>leii</em></strong></span> <span class='ocrx_word' id='word_1_10' title='bbox 1456 314 1657 370; x_wconf 82' lang='lat' dir='ltr'><strong><em>Sedulii</em></strong></span> <span class='ocrx_word' id='word_1_11' title='bbox 1684 314 1786 368; x_wconf 82' lang='lat' dir='ltr'><strong><em>Mi-</em></strong></span> 
     </span>
    </p>
   </div>
   <div class='ocr_carea' id='block_1_5' title="bbox 1920 311 3488 388">
    <p class='ocr_par' dir='ltr' id='par_1_5' title="bbox 1965 315 3488 388">
     <span class='ocr_line' id='line_1_5' title="bbox 1965 315 3488 388; baseline 0.002 -15"><span class='ocrx_word' id='word_1_12' title='bbox 1965 315 2136 373; x_wconf 82' lang='lat' dir='ltr'><strong><em>Editio</em></strong></span> <span class='ocrx_word' id='word_1_13' title='bbox 2169 333 2309 385; x_wconf 83' lang='lat' dir='ltr'><strong>xxxx,</strong></span> <span class='ocrx_word' id='word_1_14' title='bbox 2351 330 2496 372; x_wconf 86' lang='lat' dir='ltr'><strong><em>anno</em></strong></span> <span class='ocrx_word' id='word_1_15' title='bbox 2523 316 2682 375; x_wconf 71' lang='grc'><strong>1545.</strong></span> <span class='ocrx_word' id='word_1_16' title='bbox 2720 315 2976 386; x_wconf 80' lang='lat' dir='ltr'><strong><em>Basileac,</em></strong></span> <span class='ocrx_word' id='word_1_17' title='bbox 3019 317 3193 388; x_wconf 72' lang='grc' dir='ltr'>ιιι-8ο,</span> <span class='ocrx_word' id='word_1_18' title='bbox 3226 335 3347 376; x_wconf 89' lang='lat' dir='ltr'><strong><em>cum</em></strong></span> <span class='ocrx_word' id='word_1_19' title='bbox 3385 321 3488 376; x_wconf 84' lang='lat' dir='ltr'><strong><em>Ju-</em></strong></span> 
     </span>
    </p>
   </div>
   <div class='ocr_carea' id='block_1_6' title="bbox 185 408 1788 482">
    <p class='ocr_par' dir='ltr' id='par_1_6' title="bbox 185 408 1788 482">
     <span class='ocr_line' id='line_1_6' title="bbox 185 408 1788 482; baseline 0.002 -22"><span class='ocrx_word' id='word_1_20' title='bbox 185 410 432 464; x_wconf 85' lang='lat' dir='ltr'><strong><em>rabilium</em></strong></span> <span class='ocrx_word' id='word_1_21' title='bbox 477 413 790 477; x_wconf 85' lang='lat' dir='ltr'><strong><em>divinorum,</em></strong></span> <span class='ocrx_word' id='word_1_22' title='bbox 834 413 937 466; x_wconf 83' lang='lat' dir='ltr'><strong><em>sive</em></strong></span> <span class='ocrx_word' id='word_1_23' title='bbox 971 408 1230 482; x_wconf 76' lang='lat' dir='ltr'><strong><em>paschalis</em></strong></span> <span class='ocrx_word' id='word_1_24' title='bbox 1277 411 1525 465; x_wconf 84' lang='lat' dir='ltr'><strong><em>carminis</em></strong></span> <span class='ocrx_word' id='word_1_25' title='bbox 1569 411 1686 465; x_wconf 86' lang='lat' dir='ltr'><strong><em>libri</em></strong></span> <span class='ocrx_word' id='word_1_26' title='bbox 1714 426 1788 477; x_wconf 86' lang='lat' dir='ltr'><strong><em>tv,</em></strong></span> 
     </span>
    </p>
   </div>
   <div class='ocr_carea' id='block_1_7' title="bbox 187 507 1794 580">
    <p class='ocr_par' dir='ltr' id='par_1_7' title="bbox 187 507 1794 580">
     <span class='ocr_line' id='line_1_7' title="bbox 187 507 1794 580; baseline 0.003 -23"><span class='ocrx_word' id='word_1_27' title='bbox 187 520 300 559; x_wconf 83' lang='lat' dir='ltr'><strong><em>una</em></strong></span> <span class='ocrx_word' id='word_1_28' title='bbox 333 524 445 561; x_wconf 87' lang='lat' dir='ltr'><strong><em>cum</em></strong></span> <span class='ocrx_word' id='word_1_29' title='bbox 476 510 677 580; x_wconf 77' lang='lat' dir='ltr'><strong><em>hymnis</em></strong></span> <span class='ocrx_word' id='word_1_30' title='bbox 718 508 936 575; x_wconf 90' lang='lat' dir='ltr'><strong><em>aliquot.</em></strong></span> <span class='ocrx_word' id='word_1_31' title='bbox 969 507 1202 562; x_wconf 84' lang='lat' dir='ltr'><strong><em>Aratoris</em></strong></span> <span class='ocrx_word' id='word_1_32' title='bbox 1242 507 1297 561; x_wconf 88' lang='lat' dir='ltr'><strong><em>in</em></strong></span> <span class='ocrx_word' id='word_1_33' title='bbox 1325 507 1456 561; x_wconf 82' lang='lat' dir='ltr'><strong><em>Acta</em></strong></span> <span class='ocrx_word' id='word_1_34' title='bbox 1492 507 1794 579; x_wconf 82' lang='lat' dir='ltr'><strong><em>Apostolica</em></strong></span> 
     </span>
    </p>
   </div>
   <div class='ocr_carea' id='block_1_8' title="bbox 185 596 1792 673">
    <p class='ocr_par' dir='ltr' id='par_1_8' title="bbox 185 596 1792 673">
     <span class='ocr_line' id='line_1_8' title="bbox 185 596 1792 673; baseline 0.002 -23"><span class='ocrx_word' id='word_1_35' title='bbox 185 596 318 652; x_wconf 84' lang='lat' dir='ltr'><strong><em>libri</em></strong></span> <span class='ocrx_word' id='word_1_36' title='bbox 344 600 467 656; x_wconf 90' lang='lat' dir='ltr'><strong><em>duo.</em></strong></span> <span class='ocrx_word' id='word_1_37' title='bbox 507 602 745 656; x_wconf 78' lang='lat' dir='ltr'><strong><em>Venantii</em></strong></span> <span class='ocrx_word' id='word_1_38' title='bbox 776 600 1005 656; x_wconf 86' lang='lat' dir='ltr'><strong><em>Honorii</em></strong></span> <span class='ocrx_word' id='word_1_39' title='bbox 1046 600 1324 656; x_wconf 83' lang='lat' dir='ltr'><strong><em>Fortunati</em></strong></span> <span class='ocrx_word' id='word_1_40' title='bbox 1353 601 1533 673; x_wconf 80' lang='lat' dir='ltr'><strong><em>hymni</em></strong></span> <span class='ocrx_word' id='word_1_41' title='bbox 1570 601 1674 655; x_wconf 91' lang='lat' dir='ltr'><strong><em>duo</em></strong></span> <span class='ocrx_word' id='word_1_42' title='bbox 1703 617 1792 672; x_wconf 87' lang='lat' dir='ltr'><strong><em>per</em></strong></span> 
     </span>
    </p>
   </div>
   <div class='ocr_carea' id='block_1_9' title="bbox 189 688 1793 765">
    <p class='ocr_par' dir='ltr' id='par_1_9' title="bbox 189 688 1793 765">
     <span class='ocr_line' id='line_1_9' title="bbox 189 688 1793 765; baseline 0.001 -21"><span class='ocrx_word' id='word_1_43' title='bbox 189 688 261 744; x_wconf 72' lang='grc' dir='ltr'><strong>(ἶ.</strong></span> <span class='ocrx_word' id='word_1_44' title='bbox 315 691 660 749; x_wconf 83' lang='lat' dir='ltr'><strong><em>Cassandrum</em></strong></span> <span class='ocrx_word' id='word_1_45' title='bbox 697 694 986 765; x_wconf 89' lang='lat' dir='ltr'><strong><em>integritati</em></strong></span> <span class='ocrx_word' id='word_1_46' title='bbox 1024 710 1133 749; x_wconf 79' lang='lat' dir='ltr'><strong><em>sua:</em></strong></span> <span class='ocrx_word' id='word_1_47' title='bbox 1172 695 1414 749; x_wconf 83' lang='lat' dir='ltr'><strong><em>restituti.</em></strong></span> <span class='ocrx_word' id='word_1_48' title='bbox 1461 691 1652 748; x_wconf 85' lang='lat' dir='ltr'><strong><em>Omnia</em></strong></span> <span class='ocrx_word' id='word_1_49' title='bbox 1701 709 1793 764; x_wconf 88' lang='lat' dir='ltr'><strong><em>per</em></strong></span> 
     </span>
    </p>
   </div>
   <div class='ocr_carea' id='block_1_10' title="bbox 185 780 1789 860">
    <p class='ocr_par' dir='ltr' id='par_1_10' title="bbox 185 780 1789 860">
     <span class='ocr_line' id='line_1_10' title="bbox 185 780 1789 860; baseline 0.001 -21"><span class='ocrx_word' id='word_1_50' title='bbox 185 780 525 842; x_wconf 83' lang='lat' dir='ltr'><strong><em>Theodorum</em></strong></span> <span class='ocrx_word' id='word_1_51' title='bbox 552 786 938 842; x_wconf 88' lang='lat' dir='ltr'><strong><em>Poelmannum</em></strong></span> <span class='ocrx_word' id='word_1_52' title='bbox 969 786 1477 860; x_wconf 88' lang='lat' dir='ltr'><strong><em>Cranenburgensem</em></strong></span> <span class='ocrx_word' id='word_1_53' title='bbox 1505 790 1789 859; x_wconf 88' lang='lat' dir='ltr'><strong><em>recognita,</em></strong></span> 
     </span>
    </p>
   </div>
   <div class='ocr_carea' id='block_1_11' title="bbox 186 876 1792 952">
    <p class='ocr_par' dir='ltr' id='par_1_11' title="bbox 186 876 1792 952">
     <span class='ocr_line' id='line_1_11' title="bbox 186 876 1792 952; baseline 0.002 -20"><span class='ocrx_word' id='word_1_54' title='bbox 186 876 413 935; x_wconf 80' lang='lat' dir='ltr'><strong><em>Basileaz</em></strong></span> <span class='ocrx_word' id='word_1_55' title='bbox 456 897 474 936; x_wconf 90' lang='lat'><strong><em>:</em></strong></span> <span class='ocrx_word' id='word_1_56' title='bbox 510 880 632 937; x_wconf 88' lang='lat' dir='ltr'><strong><em>sine</em></strong></span> <span class='ocrx_word' id='word_1_57' title='bbox 671 890 824 936; x_wconf 89' lang='lat' dir='ltr'><strong><em>certa</em></strong></span> <span class='ocrx_word' id='word_1_58' title='bbox 861 881 989 936; x_wconf 89' lang='lat' dir='ltr'><strong><em>anni</em></strong></span> <span class='ocrx_word' id='word_1_59' title='bbox 1029 891 1181 948; x_wconf 90' lang='lat' dir='ltr'><strong><em>nota,</em></strong></span> <span class='ocrx_word' id='word_1_60' title='bbox 1224 881 1508 952; x_wconf 61' lang='lat' dir='ltr'><strong><em>praemissa</em></strong></span> <span class='ocrx_word' id='word_1_61' title='bbox 1554 881 1792 952; x_wconf 87' lang='lat' dir='ltr'><strong><em>epistola</em></strong></span> 
     </span>
    </p>
   </div>
   <div class='ocr_carea' id='block_1_12' title="bbox 185 968 1787 1044">
    <p class='ocr_par' dir='ltr' id='par_1_12' title="bbox 185 968 1787 1044">
     <span class='ocr_line' id='line_1_12' title="bbox 185 968 1787 1044; baseline 0.001 -18"><span class='ocrx_word' id='word_1_62' title='bbox 185 968 502 1029; x_wconf 81' lang='lat' dir='ltr'><strong><em>Hadamarii</em></strong></span> <span class='ocrx_word' id='word_1_63' title='bbox 523 988 590 1029; x_wconf 87' lang='lat' dir='ltr'><strong>ex</strong></span> <span class='ocrx_word' id='word_1_64' title='bbox 612 973 852 1030; x_wconf 84' lang='lat' dir='ltr'><strong><em>editione</em></strong></span> <span class='ocrx_word' id='word_1_65' title='bbox 873 974 1182 1029; x_wconf 81' lang='lat' dir='ltr'><strong><em>Coloniensi</em></strong></span> <span class='ocrx_word' id='word_1_66' title='bbox 1208 973 1454 1044; x_wconf 83' lang='lat' dir='ltr'><strong><em>ejusdem</em></strong></span> <span class='ocrx_word' id='word_1_67' title='bbox 1480 975 1603 1030; x_wconf 88' lang='lat' dir='ltr'><strong><em>anni</em></strong></span> <span class='ocrx_word' id='word_1_68' title='bbox 1628 973 1787 1029; x_wconf 79' lang='grc'><strong>1557.</strong></span> 
     </span>
    </p>
   </div>
   <div class='ocr_carea' id='block_1_13' title="bbox 186 1060 1795 1138">
    <p class='ocr_par' dir='ltr' id='par_1_13' title="bbox 186 1060 1795 1138">
     <span class='ocr_line' id='line_1_13' title="bbox 186 1060 1795 1138; baseline 0.003 -22"><span class='ocrx_word' id='word_1_69' title='bbox 186 1060 250 1117; x_wconf 83' lang='lat' dir='ltr'><strong><em>In</em></strong></span> <span class='ocrx_word' id='word_1_70' title='bbox 282 1063 694 1138; x_wconf 88' lang='lat' dir='ltr'><strong><em>Prolegomenis</em></strong></span> <span class='ocrx_word' id='word_1_71' title='bbox 737 1066 805 1123; x_wconf 87' lang='lat' dir='ltr'><strong><em>ad</em></strong></span> <span class='ocrx_word' id='word_1_72' title='bbox 829 1065 1130 1123; x_wconf 70' lang='lat' dir='ltr'><strong><em>iuvencum</em></strong></span> <span class='ocrx_word' id='word_1_73' title='bbox 1173 1083 1323 1122; x_wconf 91' lang='lat' dir='ltr'><strong><em>num.</em></strong></span> <span class='ocrx_word' id='word_1_74' title='bbox 1360 1067 1430 1123; x_wconf 90' lang='lat'><strong><em>70</em></strong></span> <span class='ocrx_word' id='word_1_75' title='bbox 1459 1078 1516 1123; x_wconf 91' lang='lat' dir='ltr'><strong><em>et</em></strong></span> <span class='ocrx_word' id='word_1_76' title='bbox 1546 1068 1632 1134; x_wconf 85' lang='grc'><strong><em>75,</em></strong></span> <span class='ocrx_word' id='word_1_77' title='bbox 1663 1082 1795 1122; x_wconf 90' lang='lat' dir='ltr'><strong><em>con-</em></strong></span> 
     </span>
    </p>
   </div>
   <div class='ocr_carea' id='block_1_14' title="bbox 180 1154 1795 1226">
    <p class='ocr_par' dir='ltr' id='par_1_14' title="bbox 180 1154 1795 1226">
     <span class='ocr_line' id='line_1_14' title="bbox 180 1154 1795 1226; baseline 0.002 -14"><span class='ocrx_word' id='word_1_78' title='bbox 180 1154 472 1226; x_wconf 83' lang='lat' dir='ltr'><strong><em>jiciebam,</em></strong></span> <span class='ocrx_word' id='word_1_79' title='bbox 506 1160 644 1216; x_wconf 86' lang='lat' dir='ltr'><strong><em>hanc</em></strong></span> <span class='ocrx_word' id='word_1_80' title='bbox 670 1160 970 1216; x_wconf 81' lang='lat' dir='ltr'><strong><em>editionem</em></strong></span> <span class='ocrx_word' id='word_1_81' title='bbox 1017 1160 1374 1218; x_wconf 78' lang='lat' dir='ltr'><strong><em>differendam</em></strong></span> <span class='ocrx_word' id='word_1_82' title='bbox 1418 1177 1544 1219; x_wconf 89' lang='lat' dir='ltr'><strong><em>esse</em></strong></span> <span class='ocrx_word' id='word_1_83' title='bbox 1591 1161 1657 1217; x_wconf 86' lang='lat' dir='ltr'><strong><em>ad</em></strong></span> <span class='ocrx_word' id='word_1_84' title='bbox 1697 1177 1795 1216; x_wconf 89' lang='lat' dir='ltr'><strong><em>an-</em></strong></span> 
     </span>
    </p>
   </div>
   <div class='ocr_carea' id='block_1_15' title="bbox 186 1256 1796 1328">
    <p class='ocr_par' dir='ltr' id='par_1_15' title="bbox 186 1256 1796 1328">
     <span class='ocr_line' id='line_1_15' title="bbox 186 1256 1796 1328; baseline 0.003 -21"><span class='ocrx_word' id='word_1_85' title='bbox 186 1268 322 1309; x_wconf 89' lang='lat' dir='ltr'><strong><em>num</em></strong></span> <span class='ocrx_word' id='word_1_86' title='bbox 356 1256 514 1322; x_wconf 75' lang='lat'><strong>1551,</strong></span> <span class='ocrx_word' id='word_1_87' title='bbox 541 1272 720 1326; x_wconf 90' lang='lat' dir='ltr'><strong><em>neque</em></strong></span> <span class='ocrx_word' id='word_1_88' title='bbox 749 1272 894 1312; x_wconf 93' lang='lat' dir='ltr'><strong><em>nunc</em></strong></span> <span class='ocrx_word' id='word_1_89' title='bbox 926 1257 1145 1328; x_wconf 86' lang='lat' dir='ltr'><strong><em>quidem</em></strong></span> <span class='ocrx_word' id='word_1_90' title='bbox 1175 1257 1336 1314; x_wconf 83' lang='lat' dir='ltr'><strong><em>aliter</em></strong></span> <span class='ocrx_word' id='word_1_91' title='bbox 1364 1259 1569 1322; x_wconf 89' lang='lat' dir='ltr'><strong><em>sentio,</em></strong></span> <span class='ocrx_word' id='word_1_92' title='bbox 1604 1273 1796 1328; x_wconf 88' lang='lat' dir='ltr'><strong><em>quam-</em></strong></span> 
     </span>
    </p>
   </div>
   <div class='ocr_carea' id='block_1_16' title="bbox 183 1347 1791 1415">
    <p class='ocr_par' dir='ltr' id='par_1_16' title="bbox 183 1347 1791 1415">
     <span class='ocr_line' id='line_1_16' title="bbox 183 1347 1791 1415; baseline 0.001 -5"><span class='ocrx_word' id='word_1_93' title='bbox 183 1353 272 1410; x_wconf 87' lang='lat' dir='ltr'><strong><em>vis</em></strong></span> <span class='ocrx_word' id='word_1_94' title='bbox 303 1353 585 1413; x_wconf 83' lang='lat' dir='ltr'><strong><em>Fabricius</em></strong></span> <span class='ocrx_word' id='word_1_95' title='bbox 608 1357 910 1414; x_wconf 86' lang='lat' dir='ltr'><strong><em>editionem</em></strong></span> <span class='ocrx_word' id='word_1_96' title='bbox 940 1357 1148 1415; x_wconf 90' lang='lat' dir='ltr'><strong><em>Sedulii</em></strong></span> <span class='ocrx_word' id='word_1_97' title='bbox 1176 1365 1231 1413; x_wconf 89' lang='lat' dir='ltr'><strong><em>et</em></strong></span> <span class='ocrx_word' id='word_1_98' title='bbox 1257 1356 1486 1414; x_wconf 88' lang='lat' dir='ltr'><strong><em>Juvenci</em></strong></span> <span class='ocrx_word' id='word_1_99' title='bbox 1508 1373 1632 1414; x_wconf 90' lang='lat' dir='ltr'><strong><em>cum</em></strong></span> <span class='ocrx_word' id='word_1_100' title='bbox 1653 1347 1791 1412; x_wconf 80' lang='lat' dir='ltr'><strong><em>Ara-</em></strong></span> 
     </span>
    </p>
   </div>
   <div class='ocr_carea' id='block_1_17' title="bbox 188 1451 1794 1518">
    <p class='ocr_par' dir='ltr' id='par_1_17' title="bbox 188 1451 1794 1518">
     <span class='ocr_line' id='line_1_17' title="bbox 188 1451 1794 1518; baseline 0.001 -13"><span class='ocrx_word' id='word_1_101' title='bbox 188 1457 338 1518; x_wconf 91' lang='lat' dir='ltr'><strong><em>tore,</em></strong></span> <span class='ocrx_word' id='word_1_102' title='bbox 373 1460 504 1518; x_wconf 87' lang='lat' dir='ltr'><strong><em>etc.,</em></strong></span> <span class='ocrx_word' id='word_1_103' title='bbox 539 1452 912 1508; x_wconf 87' lang='lat' dir='ltr'><strong><em>Basileensem</em></strong></span> <span class='ocrx_word' id='word_1_104' title='bbox 943 1467 1088 1508; x_wconf 91' lang='lat' dir='ltr'><strong><em>anno</em></strong></span> <span class='ocrx_word' id='word_1_105' title='bbox 1119 1453 1256 1507; x_wconf 79' lang='lat'><strong>1537</strong></span> <span class='ocrx_word' id='word_1_106' title='bbox 1296 1451 1518 1508; x_wconf 79' lang='lat' dir='ltr'><strong><em>referat.</em></strong></span> <span class='ocrx_word' id='word_1_107' title='bbox 1551 1452 1794 1508; x_wconf 84' lang='lat' dir='ltr'><strong><em>Accura-</em></strong></span> 
     </span>
    </p>
   </div>
   <div class='ocr_carea' id='block_1_18' title="bbox 183 1544 1792 1611">
    <p class='ocr_par' dir='ltr' id='par_1_18' title="bbox 183 1544 1792 1611">
     <span class='ocr_line' id='line_1_18' title="bbox 183 1544 1792 1611; baseline 0.001 -13"><span class='ocrx_word' id='word_1_108' title='bbox 183 1544 296 1600; x_wconf 88' lang='lat' dir='ltr'><strong><em>tior</em></strong></span> <span class='ocrx_word' id='word_1_109' title='bbox 322 1547 466 1601; x_wconf 89' lang='lat' dir='ltr'><strong><em>enim</em></strong></span> <span class='ocrx_word' id='word_1_110' title='bbox 497 1545 627 1601; x_wconf 89' lang='lat' dir='ltr'><strong><em>mihi</em></strong></span> <span class='ocrx_word' id='word_1_111' title='bbox 645 1546 861 1602; x_wconf 89' lang='lat' dir='ltr'><strong><em>videtur</em></strong></span> <span class='ocrx_word' id='word_1_112' title='bbox 879 1546 1187 1611; x_wconf 89' lang='lat' dir='ltr'><strong><em>Fabricius,</em></strong></span> <span class='ocrx_word' id='word_1_113' title='bbox 1211 1562 1333 1602; x_wconf 93' lang='lat' dir='ltr'><strong><em>cum</em></strong></span> <span class='ocrx_word' id='word_1_114' title='bbox 1359 1547 1500 1603; x_wconf 91' lang='lat' dir='ltr'><strong><em>inter</em></strong></span> <span class='ocrx_word' id='word_1_115' title='bbox 1523 1545 1792 1602; x_wconf 87' lang='lat' dir='ltr'><strong><em>editiones</em></strong></span> 
     </span>
    </p>
   </div>
   <div class='ocr_carea' id='block_1_19' title="bbox 184 1640 1793 1711">
    <p class='ocr_par' dir='ltr' id='par_1_19' title="bbox 184 1640 1793 1711">
     <span class='ocr_line' id='line_1_19' title="bbox 184 1640 1793 1711; baseline -0.002 -14"><span class='ocrx_word' id='word_1_116' title='bbox 184 1640 419 1698; x_wconf 81' lang='lat' dir='ltr'><strong><em>Juveuci</em></strong></span> <span class='ocrx_word' id='word_1_117' title='bbox 451 1642 819 1699; x_wconf 88' lang='lat' dir='ltr'><strong><em>Basileensem</em></strong></span> <span class='ocrx_word' id='word_1_118' title='bbox 851 1643 992 1698; x_wconf 90' lang='lat' dir='ltr'><strong><em>banc</em></strong></span> <span class='ocrx_word' id='word_1_119' title='bbox 1023 1642 1338 1698; x_wconf 86' lang='lat' dir='ltr'><strong><em>Poelmanui</em></strong></span> <span class='ocrx_word' id='word_1_120' title='bbox 1378 1644 1496 1697; x_wconf 88' lang='lat' dir='ltr'><strong><em>sine</em></strong></span> <span class='ocrx_word' id='word_1_121' title='bbox 1528 1641 1793 1711; x_wconf 89' lang='lat' dir='ltr'><strong><em>temporis</em></strong></span> 
     </span>
    </p>
   </div>
   <div class='ocr_carea' id='block_1_20' title="bbox 1899 411 3486 486">
    <p class='ocr_par' dir='ltr' id='par_1_20' title="bbox 1899 411 3486 486">
     <span class='ocr_line' id='line_1_20' title="bbox 1899 411 3486 486; baseline 0.005 -23"><span class='ocrx_word' id='word_1_122' title='bbox 1899 427 2068 468; x_wconf 89' lang='lat' dir='ltr'><strong><em>venco</em></strong></span> <span class='ocrx_word' id='word_1_123' title='bbox 2101 423 2153 468; x_wconf 91' lang='lat' dir='ltr'><strong><em>et</em></strong></span> <span class='ocrx_word' id='word_1_124' title='bbox 2191 412 2444 478; x_wconf 83' lang='lat' dir='ltr'><strong><em>Aratore,</em></strong></span> <span class='ocrx_word' id='word_1_125' title='bbox 2476 411 2670 468; x_wconf 86' lang='lat' dir='ltr'><strong><em>collata</em></strong></span> <span class='ocrx_word' id='word_1_126' title='bbox 2694 429 2817 470; x_wconf 91' lang='lat' dir='ltr'><strong><em>cum</em></strong></span> <span class='ocrx_word' id='word_1_127' title='bbox 2846 414 3035 470; x_wconf 89' lang='lat' dir='ltr'><strong><em>codice</em></strong></span> <span class='ocrx_word' id='word_1_128' title='bbox 3065 414 3486 486; x_wconf 82' lang='lat' dir='ltr'><strong><em>Rottcudorplxii</em></strong></span> 
     </span>
    </p>
   </div>
   <div class='ocr_carea' id='block_1_21' title="bbox 1895 508 3489 577">
    <p class='ocr_par' dir='ltr' id='par_1_21' title="bbox 1895 508 3489 577">
     <span class='ocr_line' id='line_1_21' title="bbox 1895 508 3489 577; baseline 0 -13"><span class='ocrx_word' id='word_1_129' title='bbox 1895 516 1948 564; x_wconf 92' lang='lat' dir='ltr'><strong><em>et</em></strong></span> <span class='ocrx_word' id='word_1_130' title='bbox 1986 508 2103 563; x_wconf 88' lang='lat' dir='ltr'><strong><em>aliis</em></strong></span> <span class='ocrx_word' id='word_1_131' title='bbox 2153 508 2432 564; x_wconf 84' lang='lat' dir='ltr'><strong><em>codicibus</em></strong></span> <span class='ocrx_word' id='word_1_132' title='bbox 2478 524 2638 577; x_wconf 91' lang='lat' dir='ltr'><strong><em>mss.,</em></strong></span> <span class='ocrx_word' id='word_1_133' title='bbox 2671 525 2737 563; x_wconf 88' lang='lat' dir='ltr'><strong>ex</strong></span> <span class='ocrx_word' id='word_1_134' title='bbox 2773 508 3021 566; x_wconf 84' lang='lat' dir='ltr'><strong><em>Fabricio</em></strong></span> <span class='ocrx_word' id='word_1_135' title='bbox 3049 519 3106 566; x_wconf 93' lang='lat' dir='ltr'><strong><em>et</em></strong></span> <span class='ocrx_word' id='word_1_136' title='bbox 3135 509 3408 566; x_wconf 82' lang='lat' dir='ltr'><strong><em>Reusclxio</em></strong></span> <span class='ocrx_word' id='word_1_137' title='bbox 3438 509 3489 564; x_wconf 91' lang='lat' dir='ltr'><strong><em>in</em></strong></span> 
     </span>
    </p>
   </div>
   <div class='ocr_carea' id='block_1_22' title="bbox 1896 601 3495 674">
    <p class='ocr_par' dir='ltr' id='par_1_22' title="bbox 1896 601 3495 674">
     <span class='ocr_line' id='line_1_22' title="bbox 1896 601 3495 674; baseline 0.001 -17"><span class='ocrx_word' id='word_1_138' title='bbox 1896 602 2136 674; x_wconf 78' lang='lat' dir='ltr'><strong><em>catalogo</em></strong></span> <span class='ocrx_word' id='word_1_139' title='bbox 2173 603 2480 658; x_wconf 83' lang='lat' dir='ltr'><strong><em>editionum</em></strong></span> <span class='ocrx_word' id='word_1_140' title='bbox 2526 601 2774 659; x_wconf 90' lang='lat' dir='ltr'><strong><em>Juvenci.</em></strong></span> <span class='ocrx_word' id='word_1_141' title='bbox 2828 601 3084 660; x_wconf 84' lang='lat' dir='ltr'><strong><em>Fortasse</em></strong></span> <span class='ocrx_word' id='word_1_142' title='bbox 3135 601 3353 659; x_wconf 87' lang='lat' dir='ltr'><strong><em>diversa</em></strong></span> <span class='ocrx_word' id='word_1_143' title='bbox 3408 608 3495 658; x_wconf 88' lang='lat' dir='ltr'><strong><em>est</em></strong></span> 
     </span>
    </p>
   </div>
   <div class='ocr_carea' id='block_1_23' title="bbox 1896 696 3492 756">
    <p class='ocr_par' dir='ltr' id='par_1_23' title="bbox 1896 696 3492 756">
     <span class='ocr_line' id='line_1_23' title="bbox 1896 696 3492 756; baseline -0.001 -2"><span class='ocrx_word' id='word_1_144' title='bbox 1896 697 2059 754; x_wconf 84' lang='lat' dir='ltr'><strong><em>editio</em></strong></span> <span class='ocrx_word' id='word_1_145' title='bbox 2089 696 2413 754; x_wconf 88' lang='lat' dir='ltr'><strong><em>Basileensis</em></strong></span> <span class='ocrx_word' id='word_1_146' title='bbox 2446 697 2662 755; x_wconf 89' lang='lat' dir='ltr'><strong><em>Sedulii</em></strong></span> <span class='ocrx_word' id='word_1_147' title='bbox 2694 698 2798 754; x_wconf 90' lang='lat' dir='ltr'><strong><em>hoc</em></strong></span> <span class='ocrx_word' id='word_1_148' title='bbox 2840 713 2982 754; x_wconf 85' lang='lat' dir='ltr'><strong><em>anno</em></strong></span> <span class='ocrx_word' id='word_1_149' title='bbox 3024 715 3146 756; x_wconf 91' lang='lat' dir='ltr'><strong><em>cum</em></strong></span> <span class='ocrx_word' id='word_1_150' title='bbox 3189 707 3492 756; x_wconf 89' lang='lat' dir='ltr'><strong><em>comment.</em></strong></span> 
     </span>
    </p>
   </div>
   <div class='ocr_carea' id='block_1_24' title="bbox 1894 787 3498 864">
    <p class='ocr_par' dir='ltr' id='par_1_24' title="bbox 1894 787 3498 864">
     <span class='ocr_line' id='line_1_24' title="bbox 1894 787 3498 864; baseline 0.001 -17"><span class='ocrx_word' id='word_1_151' title='bbox 1894 790 2156 857; x_wconf 82' lang='lat' dir='ltr'><strong><em>Nebriss.,</em></strong></span> <span class='ocrx_word' id='word_1_152' title='bbox 2189 807 2309 864; x_wconf 76' lang='lat' dir='ltr'><strong><em>qua:</em></strong></span> <span class='ocrx_word' id='word_1_153' title='bbox 2342 791 2614 848; x_wconf 90' lang='lat' dir='ltr'><strong><em>indicatur</em></strong></span> <span class='ocrx_word' id='word_1_154' title='bbox 2645 793 2698 847; x_wconf 89' lang='lat' dir='ltr'><strong><em>in</em></strong></span> <span class='ocrx_word' id='word_1_155' title='bbox 2731 791 2870 853; x_wconf 87' lang='lat' dir='ltr'><strong><em>Bibl.</em></strong></span> <span class='ocrx_word' id='word_1_156' title='bbox 2910 793 3059 850; x_wconf 91' lang='lat' dir='ltr'><strong><em>med.</em></strong></span> <span class='ocrx_word' id='word_1_157' title='bbox 3099 792 3289 861; x_wconf 87' lang='lat' dir='ltr'><strong><em>Fabr.,</em></strong></span> <span class='ocrx_word' id='word_1_158' title='bbox 3323 787 3498 850; x_wconf 62' lang='lat' dir='ltr'><strong><em>verbo&#39;</em></strong></span> 
     </span>
    </p>
   </div>
   <div class='ocr_carea' id='block_1_25' title="bbox 1900 888 2164 944">
    <p class='ocr_par' dir='ltr' id='par_1_25' title="bbox 1900 888 2164 944">
     <span class='ocr_line' id='line_1_25' title="bbox 1900 888 2164 944; baseline -0.008 0"><span class='ocrx_word' id='word_1_159' title='bbox 1900 888 2164 944; x_wconf 80' lang='lat' dir='ltr'><strong><em>Sedulius.</em></strong></span> 
     </span>
    </p>
   </div>
   <div class='ocr_carea' id='block_1_26' title="bbox 1969 981 3486 1054">
    <p class='ocr_par' dir='ltr' id='par_1_26' title="bbox 1969 981 3486 1054">
     <span class='ocr_line' id='line_1_26' title="bbox 1969 981 3486 1054; baseline 0.001 -16"><span class='ocrx_word' id='word_1_160' title='bbox 1969 984 2088 1039; x_wconf 78' lang='grc'><strong>115.</strong></span> <span class='ocrx_word' id='word_1_161' title='bbox 2114 981 2295 1040; x_wconf 83' lang='lat' dir='ltr'><strong><em>Editio</em></strong></span> <span class='ocrx_word' id='word_1_162' title='bbox 2319 1000 2470 1052; x_wconf 85' lang='lat' dir='ltr'><strong>xxxu,</strong></span> <span class='ocrx_word' id='word_1_163' title='bbox 2502 1000 2648 1042; x_wconf 90' lang='lat' dir='ltr'><strong><em>anno</em></strong></span> <span class='ocrx_word' id='word_1_164' title='bbox 2680 984 2844 1044; x_wconf 74' lang='grc'><strong>1548.</strong></span> <span class='ocrx_word' id='word_1_165' title='bbox 2877 985 3129 1054; x_wconf 68' lang='lat' dir='ltr'><strong><em>Basilete,</em></strong></span> <span class='ocrx_word' id='word_1_166' title='bbox 3163 985 3338 1052; x_wconf 64' lang='grc' dir='ltr'><strong><em>ἱιι-Ἡο,</em></strong></span> <span class='ocrx_word' id='word_1_167' title='bbox 3365 999 3486 1041; x_wconf 62' lang='lat' dir='ltr'><strong><em>cum</em></strong></span> 
     </span>
    </p>
   </div>
   <div class='ocr_carea' id='block_1_27' title="bbox 1895 1079 3496 1152">
    <p class='ocr_par' dir='ltr' id='par_1_27' title="bbox 1895 1079 3496 1152">
     <span class='ocr_line' id='line_1_27' title="bbox 1895 1079 3496 1152; baseline 0 -16"><span class='ocrx_word' id='word_1_168' title='bbox 1895 1079 2130 1137; x_wconf 83' lang='lat' dir='ltr'><strong><em>Juvenco</em></strong></span> <span class='ocrx_word' id='word_1_169' title='bbox 2159 1089 2214 1137; x_wconf 90' lang='lat' dir='ltr'><strong><em>et</em></strong></span> <span class='ocrx_word' id='word_1_170' title='bbox 2241 1082 2492 1152; x_wconf 89' lang='lat' dir='ltr'><strong><em>Aratore,</em></strong></span> <span class='ocrx_word' id='word_1_171' title='bbox 2531 1099 2599 1139; x_wconf 92' lang='lat' dir='ltr'><strong>ex</strong></span> <span class='ocrx_word' id='word_1_172' title='bbox 2631 1081 2886 1138; x_wconf 87' lang='lat' dir='ltr'><strong><em>Fabricio</em></strong></span> <span class='ocrx_word' id='word_1_173' title='bbox 2921 1081 3067 1139; x_wconf 90' lang='lat' dir='ltr'><strong><em>inter</em></strong></span> <span class='ocrx_word' id='word_1_174' title='bbox 3096 1081 3367 1138; x_wconf 89' lang='lat' dir='ltr'><strong><em>editiones</em></strong></span> <span class='ocrx_word' id='word_1_175' title='bbox 3394 1079 3496 1136; x_wconf 87' lang='lat' dir='ltr'><strong><em>Se-</em></strong></span> 
     </span>
    </p>
   </div>
   <div class='ocr_carea' id='block_1_28' title="bbox 1897 1175 3495 1244">
    <p class='ocr_par' dir='ltr' id='par_1_28' title="bbox 1897 1175 3495 1244">
     <span class='ocr_line' id='line_1_28' title="bbox 1897 1175 3495 1244; baseline 0.001 -14"><span class='ocrx_word' id='word_1_176' title='bbox 1897 1175 2045 1231; x_wconf 90' lang='lat' dir='ltr'><strong><em>dulii.</em></strong></span> <span class='ocrx_word' id='word_1_177' title='bbox 2102 1175 2320 1244; x_wconf 86' lang='lat' dir='ltr'><strong><em>Vereor,</em></strong></span> <span class='ocrx_word' id='word_1_178' title='bbox 2370 1193 2439 1233; x_wconf 90' lang='lat' dir='ltr'><strong><em>ne</em></strong></span> <span class='ocrx_word' id='word_1_179' title='bbox 2480 1178 2533 1233; x_wconf 91' lang='lat' dir='ltr'><strong><em>in</em></strong></span> <span class='ocrx_word' id='word_1_180' title='bbox 2587 1186 2668 1233; x_wconf 91' lang='lat' dir='ltr'><strong><em>tot</em></strong></span> <span class='ocrx_word' id='word_1_181' title='bbox 2713 1177 3047 1234; x_wconf 89' lang='lat' dir='ltr'><strong><em>editionibus</em></strong></span> <span class='ocrx_word' id='word_1_182' title='bbox 3092 1175 3495 1233; x_wconf 87' lang='lat' dir='ltr'><strong><em>Basileensibus</em></strong></span> 
     </span>
    </p>
   </div>
   <div class='ocr_carea' id='block_1_29' title="bbox 1897 1269 3496 1343">
    <p class='ocr_par' dir='ltr' id='par_1_29' title="bbox 1897 1269 3496 1343">
     <span class='ocr_line' id='line_1_29' title="bbox 1897 1269 3496 1343; baseline -0.001 -18"><span class='ocrx_word' id='word_1_183' title='bbox 1897 1270 2074 1342; x_wconf 88' lang='lat' dir='ltr'><strong><em>aliqua</em></strong></span> <span class='ocrx_word' id='word_1_184' title='bbox 2106 1271 2276 1327; x_wconf 80' lang='lat' dir='ltr'><strong><em>subsit</em></strong></span> <span class='ocrx_word' id='word_1_185' title='bbox 2305 1271 2455 1328; x_wconf 82' lang='lat' dir='ltr'><strong><em>fraus</em></strong></span> <span class='ocrx_word' id='word_1_186' title='bbox 2486 1270 2934 1343; x_wconf 89' lang='lat' dir='ltr'><strong><em>bibliopolarum,</em></strong></span> <span class='ocrx_word' id='word_1_187' title='bbox 2964 1271 3054 1342; x_wconf 89' lang='lat' dir='ltr'><strong><em>qui</em></strong></span> <span class='ocrx_word' id='word_1_188' title='bbox 3086 1285 3236 1340; x_wconf 70' lang='lat' dir='ltr'><strong><em>saepe</em></strong></span> <span class='ocrx_word' id='word_1_189' title='bbox 3263 1269 3496 1340; x_wconf 84' lang='lat' dir='ltr'><strong><em>primam</em></strong></span> 
     </span>
    </p>
   </div>
   <div class='ocr_carea' id='block_1_30' title="bbox 1896 1362 3495 1435">
    <p class='ocr_par' dir='ltr' id='par_1_30' title="bbox 1896 1362 3495 1435">
     <span class='ocr_line' id='line_1_30' title="bbox 1896 1362 3495 1435; baseline 0 -18"><span class='ocrx_word' id='word_1_190' title='bbox 1896 1364 2125 1422; x_wconf 80' lang='lat' dir='ltr'><strong><em>frontem</em></strong></span> <span class='ocrx_word' id='word_1_191' title='bbox 2157 1365 2421 1420; x_wconf 88' lang='lat' dir='ltr'><strong><em>librorum</em></strong></span> <span class='ocrx_word' id='word_1_192' title='bbox 2449 1364 2737 1435; x_wconf 87' lang='lat' dir='ltr'><strong><em>recudunt,</em></strong></span> <span class='ocrx_word' id='word_1_193' title='bbox 2773 1373 2832 1419; x_wconf 89' lang='lat' dir='ltr'><strong><em>ut</em></strong></span> <span class='ocrx_word' id='word_1_194' title='bbox 2863 1379 3000 1421; x_wconf 88' lang='lat' dir='ltr'><strong><em>nova</em></strong></span> <span class='ocrx_word' id='word_1_195' title='bbox 3035 1364 3201 1421; x_wconf 88' lang='lat' dir='ltr'><strong><em>editio</em></strong></span> <span class='ocrx_word' id='word_1_196' title='bbox 3222 1362 3495 1419; x_wconf 85' lang='lat' dir='ltr'><strong><em>videatur.</em></strong></span> 
     </span>
    </p>
   </div>
   <div class='ocr_carea' id='block_1_31' title="bbox 1897 1457 3496 1530">
    <p class='ocr_par' dir='ltr' id='par_1_31' title="bbox 1897 1457 3496 1530">
     <span class='ocr_line' id='line_1_31' title="bbox 1897 1457 3496 1530; baseline -0.001 -17"><span class='ocrx_word' id='word_1_197' title='bbox 1897 1457 2146 1514; x_wconf 85' lang='lat' dir='ltr'><strong><em>Fortasse</em></strong></span> <span class='ocrx_word' id='word_1_198' title='bbox 2167 1460 2331 1514; x_wconf 90' lang='lat' dir='ltr'><strong><em>etiam</em></strong></span> <span class='ocrx_word' id='word_1_199' title='bbox 2357 1473 2514 1514; x_wconf 91' lang='lat' dir='ltr'><strong><em>error</em></strong></span> <span class='ocrx_word' id='word_1_200' title='bbox 2550 1467 2632 1514; x_wconf 88' lang='lat' dir='ltr'><strong><em>est</em></strong></span> <span class='ocrx_word' id='word_1_201' title='bbox 2659 1459 2712 1513; x_wconf 92' lang='lat' dir='ltr'><strong><em>in</em></strong></span> <span class='ocrx_word' id='word_1_202' title='bbox 2755 1458 2999 1515; x_wconf 88' lang='lat' dir='ltr'><strong><em>numeris</em></strong></span> <span class='ocrx_word' id='word_1_203' title='bbox 3035 1457 3176 1515; x_wconf 66' lang='lat'><strong><em>1548</em></strong></span> <span class='ocrx_word' id='word_1_204' title='bbox 3202 1472 3304 1530; x_wconf 90' lang='lat' dir='ltr'><strong><em>pro</em></strong></span> <span class='ocrx_word' id='word_1_205' title='bbox 3333 1457 3496 1514; x_wconf 76' lang='grc'><strong>1545.</strong></span> 
     </span>
    </p>
   </div>
   <div class='ocr_carea' id='block_1_32' title="bbox 1971 1551 3495 1620">
    <p class='ocr_par' dir='ltr' id='par_1_32' title="bbox 1971 1551 3495 1620">
     <span class='ocr_line' id='line_1_32' title="bbox 1971 1551 3495 1620; baseline -0.001 -12"><span class='ocrx_word' id='word_1_206' title='bbox 1971 1553 2089 1608; x_wconf 72' lang='grc'><strong>111.</strong></span> <span class='ocrx_word' id='word_1_207' title='bbox 2135 1551 2313 1608; x_wconf 87' lang='lat' dir='ltr'><strong><em>Editio</em></strong></span> <span class='ocrx_word' id='word_1_208' title='bbox 2338 1569 2485 1617; x_wconf 90' lang='lat' dir='ltr'><strong>xxxv,</strong></span> <span class='ocrx_word' id='word_1_209' title='bbox 2510 1568 2653 1607; x_wconf 85' lang='lat' dir='ltr'><strong><em>anno</em></strong></span> <span class='ocrx_word' id='word_1_210' title='bbox 2685 1553 2842 1608; x_wconf 83' lang='grc'><strong>1551.</strong></span> <span class='ocrx_word' id='word_1_211' title='bbox 2873 1552 3122 1620; x_wconf 67' lang='lat' dir='ltr'><strong><em>Basilem,</em></strong></span> <span class='ocrx_word' id='word_1_212' title='bbox 3158 1552 3331 1618; x_wconf 86' lang='lat' dir='ltr'><strong><em>in-8°,</em></strong></span> <span class='ocrx_word' id='word_1_213' title='bbox 3361 1564 3495 1606; x_wconf 83' lang='lat' dir='ltr'><strong><em>cura</em></strong></span> 
     </span>
    </p>
   </div>
   <div class='ocr_carea' id='block_1_33' title="bbox 1899 1645 3494 1714">
    <p class='ocr_par' dir='ltr' id='par_1_33' title="bbox 1899 1645 3494 1714">
     <span class='ocr_line' id='line_1_33' title="bbox 1899 1645 3494 1714; baseline -0.001 -14"><span class='ocrx_word' id='word_1_214' title='bbox 1899 1654 1950 1700; x_wconf 91' lang='lat' dir='ltr'><strong><em>et</em></strong></span> <span class='ocrx_word' id='word_1_215' title='bbox 1978 1646 2156 1700; x_wconf 87' lang='lat' dir='ltr'><strong><em>studio</em></strong></span> <span class='ocrx_word' id='word_1_216' title='bbox 2191 1645 2533 1714; x_wconf 88' lang='lat' dir='ltr'><strong><em>Poelmanni,</em></strong></span> <span class='ocrx_word' id='word_1_217' title='bbox 2562 1655 2622 1701; x_wconf 91' lang='lat' dir='ltr'><strong><em>ut</em></strong></span> <span class='ocrx_word' id='word_1_218' title='bbox 2647 1645 2755 1701; x_wconf 78' lang='lat' dir='ltr'><strong><em>dixi</em></strong></span> <span class='ocrx_word' id='word_1_219' title='bbox 2787 1645 2851 1701; x_wconf 90' lang='lat' dir='ltr'><strong><em>ad</em></strong></span> <span class='ocrx_word' id='word_1_220' title='bbox 2882 1661 3082 1701; x_wconf 87' lang='lat' dir='ltr'><strong><em>annum</em></strong></span> <span class='ocrx_word' id='word_1_221' title='bbox 3115 1645 3277 1713; x_wconf 80' lang='grc'><strong>1557,</strong></span> <span class='ocrx_word' id='word_1_222' title='bbox 3308 1659 3376 1702; x_wconf 82' lang='lat' dir='ltr'><strong>ex</strong></span> <span class='ocrx_word' id='word_1_223' title='bbox 3402 1659 3494 1700; x_wconf 88' lang='lat' dir='ltr'><strong><em>ca-</em></strong></span> 
     </span>
    </p>
   </div>
   <div class='ocr_carea' id='block_1_34' title="bbox 189 1727 3496 1814">
    <p class='ocr_par' dir='ltr' id='par_1_34' title="bbox 189 1727 3496 1814">
     <span class='ocr_line' id='line_1_34' title="bbox 189 1727 3496 1814; baseline 0.001 -24"><span class='ocrx_word' id='word_1_224' title='bbox 189 1744 320 1790; x_wconf 87' lang='lat' dir='ltr'><strong><em>nota</em></strong></span> <span class='ocrx_word' id='word_1_225' title='bbox 352 1736 484 1790; x_wconf 88' lang='lat' dir='ltr'><strong><em>dicit</em></strong></span> <span class='ocrx_word' id='word_1_226' title='bbox 509 1751 635 1791; x_wconf 88' lang='lat' dir='ltr'><strong><em>esse</em></strong></span> <span class='ocrx_word' id='word_1_227' title='bbox 668 1754 682 1790; x_wconf 90' lang='lat'><strong>:</strong></span> <span class='ocrx_word' id='word_1_228' title='bbox 712 1745 862 1792; x_wconf 89' lang='lat' dir='ltr'><strong><em>errat</em></strong></span> <span class='ocrx_word' id='word_1_229' title='bbox 896 1744 1105 1800; x_wconf 87' lang='lat' dir='ltr'><strong><em>tamen,</em></strong></span> <span class='ocrx_word' id='word_1_230' title='bbox 1137 1734 1277 1806; x_wconf 88' lang='lat' dir='ltr'><strong><em>quod</em></strong></span> <span class='ocrx_word' id='word_1_231' title='bbox 1310 1743 1544 1806; x_wconf 85' lang='lat' dir='ltr'><strong><em>quatuor</em></strong></span> <span class='ocrx_word' id='word_1_232' title='bbox 1570 1736 1799 1807; x_wconf 87' lang='lat' dir='ltr'><strong><em>hymnos</em></strong></span> <span class='ocrx_word' id='word_1_233' title='bbox 1829 1727 1876 1790; x_wconf 86' lang='lat' dir='ltr'><strong>B</strong></span> <span class='ocrx_word' id='word_1_234' title='bbox 1904 1740 2077 1811; x_wconf 87' lang='lat' dir='ltr'><strong><em>talogo</em></strong></span> <span class='ocrx_word' id='word_1_235' title='bbox 2120 1739 2462 1797; x_wconf 68' lang='lat' dir='ltr'><strong><em>bibliothecae</em></strong></span> <span class='ocrx_word' id='word_1_236' title='bbox 2491 1741 2600 1814; x_wconf 76' lang='lat'><strong><em>65</em></strong></span> <span class='ocrx_word' id='word_1_237' title='bbox 2636 1739 2802 1812; x_wconf 74' lang='lat' dir='ltr'><strong><em>regite</em></strong></span> <span class='ocrx_word' id='word_1_238' title='bbox 2841 1737 3187 1797; x_wconf 88' lang='lat' dir='ltr'><strong><em>Parisiensis.</em></strong></span> <span class='ocrx_word' id='word_1_239' title='bbox 3234 1737 3496 1796; x_wconf 88' lang='lat' dir='ltr'><strong><em>Dubitavi</em></strong></span> 
     </span>
    </p>
   </div>
   <div class='ocr_carea' id='block_1_35' title="bbox 187 1825 1796 1900">
    <p class='ocr_par' dir='ltr' id='par_1_35' title="bbox 187 1825 1796 1900">
     <span class='ocr_line' id='line_1_35' title="bbox 187 1825 1796 1900; baseline 0.001 -18"><span class='ocrx_word' id='word_1_240' title='bbox 187 1825 478 1882; x_wconf 90' lang='lat' dir='ltr'><strong><em>Fortunati</em></strong></span> <span class='ocrx_word' id='word_1_241' title='bbox 511 1843 543 1882; x_wconf 89' lang='lat' dir='ltr'><strong><em>a</em></strong></span> <span class='ocrx_word' id='word_1_242' title='bbox 568 1827 634 1884; x_wconf 85' lang='lat' dir='ltr'><strong><em>G.</em></strong></span> <span class='ocrx_word' id='word_1_243' title='bbox 662 1827 976 1885; x_wconf 87' lang='lat' dir='ltr'><strong><em>Cassandro</em></strong></span> <span class='ocrx_word' id='word_1_244' title='bbox 1021 1828 1328 1900; x_wconf 82' lang='lat' dir='ltr'><strong><em>integritati</em></strong></span> <span class='ocrx_word' id='word_1_245' title='bbox 1373 1843 1487 1884; x_wconf 70' lang='lat' dir='ltr'><strong><em>sua:</em></strong></span> <span class='ocrx_word' id='word_1_246' title='bbox 1517 1829 1796 1885; x_wconf 88' lang='lat' dir='ltr'><strong><em>restitutos</em></strong></span> 
     </span>
    </p>
   </div>
   <div class='ocr_carea' id='block_1_36' title="bbox 186 1920 1796 2002">
    <p class='ocr_par' dir='ltr' id='par_1_36' title="bbox 186 1920 1796 2002">
     <span class='ocr_line' id='line_1_36' title="bbox 186 1920 1796 2002; baseline -0.001 -27"><span class='ocrx_word' id='word_1_247' title='bbox 186 1922 411 1978; x_wconf 87' lang='lat' dir='ltr'><strong><em>asserit.</em></strong></span> <span class='ocrx_word' id='word_1_248' title='bbox 429 1920 484 1976; x_wconf 90' lang='lat' dir='ltr'><strong><em>In</em></strong></span> <span class='ocrx_word' id='word_1_249' title='bbox 496 1921 677 2002; x_wconf 84' lang='lat' dir='ltr'><strong><em>elogio</em></strong></span> <span class='ocrx_word' id='word_1_250' title='bbox 698 1923 907 1978; x_wconf 86' lang='lat' dir='ltr'><strong><em>Sedulii</em></strong></span> <span class='ocrx_word' id='word_1_251' title='bbox 929 1932 1073 1979; x_wconf 90' lang='lat' dir='ltr'><strong><em>recte</em></strong></span> <span class='ocrx_word' id='word_1_252' title='bbox 1088 1922 1226 1978; x_wconf 92' lang='lat' dir='ltr'><strong><em>duos</em></strong></span> <span class='ocrx_word' id='word_1_253' title='bbox 1247 1932 1456 1978; x_wconf 86' lang='lat' dir='ltr'><strong><em>tantum</em></strong></span> <span class='ocrx_word' id='word_1_254' title='bbox 1471 1938 1796 1978; x_wconf 82' lang='lat' dir='ltr'><strong><em>commemo-</em></strong></span> 
     </span>
    </p>
   </div>
   <div class='ocr_carea' id='block_1_37' title="bbox 189 2014 1790 2088">
    <p class='ocr_par' dir='ltr' id='par_1_37' title="bbox 189 2014 1790 2088">
     <span class='ocr_line' id='line_1_37' title="bbox 189 2014 1790 2088; baseline 0 -18"><span class='ocrx_word' id='word_1_255' title='bbox 189 2025 302 2072; x_wconf 88' lang='lat' dir='ltr'><strong><em>rat.</em></strong></span> <span class='ocrx_word' id='word_1_256' title='bbox 330 2014 697 2073; x_wconf 86' lang='lat' dir='ltr'><strong><em>Poelmanuus</em></strong></span> <span class='ocrx_word' id='word_1_257' title='bbox 722 2016 1002 2073; x_wconf 88' lang='lat' dir='ltr'><strong><em>Sedulium</em></strong></span> <span class='ocrx_word' id='word_1_258' title='bbox 1043 2026 1166 2088; x_wconf 90' lang='lat' dir='ltr'><strong><em>post</em></strong></span> <span class='ocrx_word' id='word_1_259' title='bbox 1189 2017 1488 2073; x_wconf 87' lang='lat' dir='ltr'><strong><em>Juvencum</em></strong></span> <span class='ocrx_word' id='word_1_260' title='bbox 1525 2017 1790 2073; x_wconf 87' lang='lat' dir='ltr'><strong><em>collocat:</em></strong></span> 
     </span>
    </p>
   </div>
   <div class='ocr_carea' id='block_1_38' title="bbox 187 2112 1793 2186">
    <p class='ocr_par' dir='ltr' id='par_1_38' title="bbox 187 2112 1793 2186">
     <span class='ocr_line' id='line_1_38' title="bbox 187 2112 1793 2186; baseline 0.001 -20"><span class='ocrx_word' id='word_1_261' title='bbox 187 2112 770 2183; x_wconf 60' lang='lat' dir='ltr'><strong><em>praemittitepistolam</em></strong></span> <span class='ocrx_word' id='word_1_262' title='bbox 783 2113 850 2168; x_wconf 91' lang='lat' dir='ltr'><strong><em>ad</em></strong></span> <span class='ocrx_word' id='word_1_263' title='bbox 868 2113 1268 2183; x_wconf 90' lang='lat' dir='ltr'><strong><em>Macedonium,</em></strong></span> <span class='ocrx_word' id='word_1_264' title='bbox 1286 2125 1398 2170; x_wconf 91' lang='lat' dir='ltr'><strong><em>tum</em></strong></span> <span class='ocrx_word' id='word_1_265' title='bbox 1421 2114 1793 2186; x_wconf 70' lang='lat' dir='ltr'><strong><em>prmiationem</em></strong></span> 
     </span>
    </p>
   </div>
   <div class='ocr_carea' id='block_1_39' title="bbox 188 2200 1796 2281">
    <p class='ocr_par' dir='ltr' id='par_1_39' title="bbox 188 2200 1796 2281">
     <span class='ocr_line' id='line_1_39' title="bbox 188 2200 1796 2281; baseline 0.001 -18"><span class='ocrx_word' id='word_1_266' title='bbox 188 2208 495 2264; x_wconf 83' lang='lat' dir='ltr'><strong><em>metricam.</em></strong></span> <span class='ocrx_word' id='word_1_267' title='bbox 525 2209 760 2268; x_wconf 85' lang='lat' dir='ltr'><strong><em>Carmen</em></strong></span> <span class='ocrx_word' id='word_1_268' title='bbox 800 2200 1060 2281; x_wconf 79' lang='lat' dir='ltr'><strong><em>paschale</em></strong></span> <span class='ocrx_word' id='word_1_269' title='bbox 1092 2211 1326 2266; x_wconf 90' lang='lat' dir='ltr'><strong><em>divisum</em></strong></span> <span class='ocrx_word' id='word_1_270' title='bbox 1367 2219 1452 2266; x_wconf 78' lang='lat' dir='ltr'><strong><em>est</em></strong></span> <span class='ocrx_word' id='word_1_271' title='bbox 1480 2211 1536 2265; x_wconf 91' lang='lat' dir='ltr'><strong><em>in</em></strong></span> <span class='ocrx_word' id='word_1_272' title='bbox 1560 2221 1796 2280; x_wconf 87' lang='lat' dir='ltr'><strong><em>quatuor</em></strong></span> 
     </span>
    </p>
   </div>
   <div class='ocr_carea' id='block_1_40' title="bbox 191 2302 1800 2371">
    <p class='ocr_par' dir='ltr' id='par_1_40' title="bbox 191 2302 1800 2371">
     <span class='ocr_line' id='line_1_40' title="bbox 191 2302 1800 2371; baseline 0.002 -14"><span class='ocrx_word' id='word_1_273' title='bbox 191 2302 367 2359; x_wconf 86' lang='lat' dir='ltr'><strong><em>libros</em></strong></span> <span class='ocrx_word' id='word_1_274' title='bbox 398 2345 413 2371; x_wconf 91' lang='lat'><strong>,</strong></span> <span class='ocrx_word' id='word_1_275' title='bbox 443 2304 516 2359; x_wconf 88' lang='lat' dir='ltr'><strong><em>ita</em></strong></span> <span class='ocrx_word' id='word_1_276' title='bbox 549 2305 808 2360; x_wconf 86' lang='lat' dir='ltr'><strong><em>nimirum</em></strong></span> <span class='ocrx_word' id='word_1_277' title='bbox 841 2314 901 2360; x_wconf 91' lang='lat' dir='ltr'><strong><em>ut</em></strong></span> <span class='ocrx_word' id='word_1_278' title='bbox 932 2307 1128 2362; x_wconf 86' lang='lat' dir='ltr'><strong><em>tertius</em></strong></span> <span class='ocrx_word' id='word_1_279' title='bbox 1155 2306 1432 2369; x_wconf 87' lang='lat' dir='ltr'><strong><em>coalescat</em></strong></span> <span class='ocrx_word' id='word_1_280' title='bbox 1457 2323 1521 2362; x_wconf 85' lang='lat' dir='ltr'><strong>ex</strong></span> <span class='ocrx_word' id='word_1_281' title='bbox 1552 2307 1712 2363; x_wconf 91' lang='lat' dir='ltr'><strong><em>tertio</em></strong></span> <span class='ocrx_word' id='word_1_282' title='bbox 1743 2313 1800 2362; x_wconf 89' lang='lat' dir='ltr'><strong><em>et</em></strong></span> 
     </span>
    </p>
   </div>
   <div class='ocr_carea' id='block_1_41' title="bbox 192 2399 1801 2469">
    <p class='ocr_par' dir='ltr' id='par_1_41' title="bbox 192 2399 1801 2469">
     <span class='ocr_line' id='line_1_41' title="bbox 192 2399 1801 2469; baseline 0.002 -18"><span class='ocrx_word' id='word_1_283' title='bbox 192 2407 387 2469; x_wconf 85' lang='lat' dir='ltr'><strong><em>quarto</em></strong></span> <span class='ocrx_word' id='word_1_284' title='bbox 417 2408 618 2454; x_wconf 71' lang='lat' dir='ltr'><strong><em>nostra:</em></strong></span> <span class='ocrx_word' id='word_1_285' title='bbox 645 2400 925 2456; x_wconf 87' lang='lat' dir='ltr'><strong><em>editionis.</em></strong></span> <span class='ocrx_word' id='word_1_286' title='bbox 958 2399 1090 2455; x_wconf 89' lang='lat' dir='ltr'><strong><em>Post</em></strong></span> <span class='ocrx_word' id='word_1_287' title='bbox 1119 2415 1342 2457; x_wconf 90' lang='lat' dir='ltr'><strong><em>carmen</em></strong></span> <span class='ocrx_word' id='word_1_288' title='bbox 1369 2443 1384 2467; x_wconf 91' lang='lat'><strong><em>,</em></strong></span> <span class='ocrx_word' id='word_1_289' title='bbox 1413 2400 1560 2457; x_wconf 83' lang='lat' dir='ltr'><strong><em>Caelii</em></strong></span> <span class='ocrx_word' id='word_1_290' title='bbox 1590 2402 1801 2459; x_wconf 85' lang='lat' dir='ltr'><strong><em>Sedulii</em></strong></span> 
     </span>
    </p>
   </div>
   <div class='ocr_carea' id='block_1_42' title="bbox 191 2490 1801 2565">
    <p class='ocr_par' dir='ltr' id='par_1_42' title="bbox 191 2490 1801 2565">
     <span class='ocr_line' id='line_1_42' title="bbox 191 2490 1801 2565; baseline 0.001 -18"><span class='ocrx_word' id='word_1_291' title='bbox 191 2491 381 2563; x_wconf 83' lang='lat' dir='ltr'><strong><em>elegia,</em></strong></span> <span class='ocrx_word' id='word_1_292' title='bbox 412 2490 729 2560; x_wconf 55' lang='lat' dir='ltr'><strong><em>Cumanus,</em></strong></span> <span class='ocrx_word' id='word_1_293' title='bbox 760 2501 867 2550; x_wconf 90' lang='lat' dir='ltr'><strong><em>etc.</em></strong></span> <span class='ocrx_word' id='word_1_294' title='bbox 908 2493 1040 2549; x_wconf 89' lang='lat' dir='ltr'><strong><em>Post</em></strong></span> <span class='ocrx_word' id='word_1_295' title='bbox 1088 2494 1357 2565; x_wconf 78' lang='lat' dir='ltr'><strong><em>elegiam,</em></strong></span> <span class='ocrx_word' id='word_1_296' title='bbox 1407 2495 1555 2550; x_wconf 66' lang='grc' dir='ltr'><strong><em>(Σαξιξὶ</em></strong></span> <span class='ocrx_word' id='word_1_297' title='bbox 1597 2494 1801 2550; x_wconf 88' lang='lat' dir='ltr'><strong><em>Sedulii</em></strong></span> 
     </span>
    </p>
   </div>
   <div class='ocr_carea' id='block_1_43' title="bbox 195 2584 1801 2660">
    <p class='ocr_par' dir='ltr' id='par_1_43' title="bbox 195 2584 1801 2660">
     <span class='ocr_line' id='line_1_43' title="bbox 195 2584 1801 2660; baseline 0.005 -23"><span class='ocrx_word' id='word_1_298' title='bbox 195 2584 442 2657; x_wconf 79' lang='lat' dir='ltr'><strong><em>hymnus,</em></strong></span> <span class='ocrx_word' id='word_1_299' title='bbox 473 2584 519 2640; x_wconf 82' lang='lat' dir='ltr'><strong>A</strong></span> <span class='ocrx_word' id='word_1_300' title='bbox 547 2602 712 2651; x_wconf 81' lang='lat' dir='ltr'><strong><em>sous,</em></strong></span> <span class='ocrx_word' id='word_1_301' title='bbox 755 2595 858 2644; x_wconf 90' lang='lat' dir='ltr'><strong><em>etc.</em></strong></span> <span class='ocrx_word' id='word_1_302' title='bbox 891 2586 1026 2643; x_wconf 89' lang='lat' dir='ltr'><strong><em>Post</em></strong></span> <span class='ocrx_word' id='word_1_303' title='bbox 1064 2588 1326 2660; x_wconf 80' lang='lat' dir='ltr'><strong><em>hymnum</em></strong></span> <span class='ocrx_word' id='word_1_304' title='bbox 1358 2590 1691 2660; x_wconf 78' lang='lat' dir='ltr'><strong><em>epigramma</em></strong></span> <span class='ocrx_word' id='word_1_305' title='bbox 1732 2588 1801 2645; x_wconf 92' lang='lat' dir='ltr'><strong><em>de</em></strong></span> 
     </span>
    </p>
   </div>
   <div class='ocr_carea' id='block_1_44' title="bbox 196 2680 1799 2753">
    <p class='ocr_par' dir='ltr' id='par_1_44' title="bbox 196 2680 1799 2753">
     <span class='ocr_line' id='line_1_44' title="bbox 196 2680 1799 2753; baseline 0.003 -19"><span class='ocrx_word' id='word_1_306' title='bbox 196 2688 431 2750; x_wconf 89' lang='lat' dir='ltr'><strong><em>quatuor</em></strong></span> <span class='ocrx_word' id='word_1_307' title='bbox 458 2680 851 2752; x_wconf 84' lang='lat' dir='ltr'><strong><em>Evangelistis,</em></strong></span> <span class='ocrx_word' id='word_1_308' title='bbox 885 2680 1164 2737; x_wconf 75' lang='lat' dir='ltr'><strong><em>Matthteus</em></strong></span> <span class='ocrx_word' id='word_1_309' title='bbox 1199 2683 1455 2750; x_wconf 88' lang='lat' dir='ltr'><strong><em>instituit,</em></strong></span> <span class='ocrx_word' id='word_1_310' title='bbox 1493 2682 1799 2753; x_wconf 69' lang='lat' dir='ltr'><strong><em>etc.,-quod</em></strong></span> 
     </span>
    </p>
   </div>
   <div class='ocr_carea' id='block_1_45' title="bbox 197 2775 1801 2840">
    <p class='ocr_par' dir='ltr' id='par_1_45' title="bbox 197 2775 1801 2840">
     <span class='ocr_line' id='line_1_45' title="bbox 197 2775 1801 2840; baseline 0.001 -10"><span class='ocrx_word' id='word_1_311' title='bbox 197 2777 252 2830; x_wconf 86' lang='lat' dir='ltr'><strong><em>in</em></strong></span> <span class='ocrx_word' id='word_1_312' title='bbox 306 2785 490 2830; x_wconf 90' lang='lat' dir='ltr'><strong><em>nostra</em></strong></span> <span class='ocrx_word' id='word_1_313' title='bbox 521 2775 759 2831; x_wconf 74' lang='lat' dir='ltr'><strong><em>editione</em></strong></span> <span class='ocrx_word' id='word_1_314' title='bbox 803 2776 1053 2840; x_wconf 88' lang='lat' dir='ltr'><strong><em>Juvenci,</em></strong></span> <span class='ocrx_word' id='word_1_315' title='bbox 1098 2792 1172 2832; x_wconf 87' lang='lat' dir='ltr'><strong>ex</strong></span> <span class='ocrx_word' id='word_1_316' title='bbox 1205 2776 1576 2832; x_wconf 88' lang='lat' dir='ltr'><strong><em>vetustissimo</em></strong></span> <span class='ocrx_word' id='word_1_317' title='bbox 1617 2791 1801 2833; x_wconf 82' lang='lat' dir='ltr'><strong><em>exem-</em></strong></span> 
     </span>
    </p>
   </div>
   <div class='ocr_carea' id='block_1_46' title="bbox 198 2869 1796 2942">
    <p class='ocr_par' dir='ltr' id='par_1_46' title="bbox 198 2869 1796 2942">
     <span class='ocr_line' id='line_1_46' title="bbox 198 2869 1796 2942; baseline -0.001 -18"><span class='ocrx_word' id='word_1_318' title='bbox 198 2870 336 2941; x_wconf 87' lang='lat' dir='ltr'><strong><em>plari</em></strong></span> <span class='ocrx_word' id='word_1_319' title='bbox 372 2870 612 2940; x_wconf 88' lang='lat' dir='ltr'><strong><em>positum</em></strong></span> <span class='ocrx_word' id='word_1_320' title='bbox 642 2869 744 2925; x_wconf 80' lang='lat' dir='ltr'><strong><em>fuit</em></strong></span> <span class='ocrx_word' id='word_1_321' title='bbox 770 2886 870 2942; x_wconf 87' lang='lat' dir='ltr'><strong><em>pro</em></strong></span> <span class='ocrx_word' id='word_1_322' title='bbox 896 2871 1071 2942; x_wconf 87' lang='lat' dir='ltr'><strong><em>prima</em></strong></span> <span class='ocrx_word' id='word_1_323' title='bbox 1113 2870 1436 2942; x_wconf 67' lang='lat' dir='ltr'><strong><em>praefatione</em></strong></span> <span class='ocrx_word' id='word_1_324' title='bbox 1464 2869 1710 2925; x_wconf 85' lang='lat' dir='ltr'><strong><em>Juvenci.</em></strong></span> <span class='ocrx_word' id='word_1_325' title='bbox 1741 2869 1796 2923; x_wconf 88' lang='lat' dir='ltr'><strong><em>In</em></strong></span> 
     </span>
    </p>
   </div>
   <div class='ocr_carea' id='block_1_47' title="bbox 200 2963 1796 3034">
    <p class='ocr_par' dir='ltr' id='par_1_47' title="bbox 200 2963 1796 3034">
     <span class='ocr_line' id='line_1_47' title="bbox 200 2963 1796 3034; baseline 0 -18"><span class='ocrx_word' id='word_1_326' title='bbox 200 2964 387 3019; x_wconf 83' lang='lat' dir='ltr'><strong><em>codice</em></strong></span> <span class='ocrx_word' id='word_1_327' title='bbox 407 2963 722 3019; x_wconf 86' lang='lat' dir='ltr'><strong><em>Poelmanni</em></strong></span> <span class='ocrx_word' id='word_1_328' title='bbox 743 2979 939 3020; x_wconf 88' lang='lat' dir='ltr'><strong><em>nomen</em></strong></span> <span class='ocrx_word' id='word_1_329' title='bbox 958 2965 1195 3020; x_wconf 89' lang='lat' dir='ltr'><strong><em>auctoris</em></strong></span> <span class='ocrx_word' id='word_1_330' title='bbox 1213 2966 1512 3034; x_wconf 88' lang='lat' dir='ltr'><strong><em>ascriptum</em></strong></span> <span class='ocrx_word' id='word_1_331' title='bbox 1528 2980 1634 3019; x_wconf 92' lang='lat' dir='ltr'><strong><em>non</em></strong></span> <span class='ocrx_word' id='word_1_332' title='bbox 1659 2973 1796 3019; x_wconf 89' lang='lat' dir='ltr'><strong><em>erat.</em></strong></span> 
     </span>
    </p>
   </div>
   <div class='ocr_carea' id='block_1_48' title="bbox 200 3055 1800 3131">
    <p class='ocr_par' dir='ltr' id='par_1_48' title="bbox 200 3055 1800 3131">
     <span class='ocr_line' id='line_1_48' title="bbox 200 3055 1800 3131; baseline -0.003 -18"><span class='ocrx_word' id='word_1_333' title='bbox 200 3055 332 3113; x_wconf 88' lang='lat' dir='ltr'><strong><em>Post</em></strong></span> <span class='ocrx_word' id='word_1_334' title='bbox 361 3057 691 3131; x_wconf 82' lang='lat' dir='ltr'><strong><em>epigramma</em></strong></span> <span class='ocrx_word' id='word_1_335' title='bbox 715 3073 904 3114; x_wconf 86' lang='lat' dir='ltr'><strong><em>versus</em></strong></span> <span class='ocrx_word' id='word_1_336' title='bbox 933 3057 1228 3114; x_wconf 88' lang='lat' dir='ltr'><strong><em>acrostichi</em></strong></span> <span class='ocrx_word' id='word_1_337' title='bbox 1257 3057 1325 3111; x_wconf 91' lang='lat' dir='ltr'><strong><em>de</em></strong></span> <span class='ocrx_word' id='word_1_338' title='bbox 1356 3057 1599 3125; x_wconf 88' lang='lat' dir='ltr'><strong><em>Sedulio,</em></strong></span> <span class='ocrx_word' id='word_1_339' title='bbox 1630 3055 1800 3112; x_wconf 88' lang='lat' dir='ltr'><strong><em>Sedu-</em></strong></span> 
     </span>
    </p>
   </div>
   <div class='ocr_carea' id='block_1_49' title="bbox 201 3131 1873 3224">
    <p class='ocr_par' dir='ltr' id='par_1_49' title="bbox 201 3131 1873 3224">
     <span class='ocr_line' id='line_1_49' title="bbox 201 3131 1873 3224; baseline 0.001 -20"><span class='ocrx_word' id='word_1_340' title='bbox 201 3150 302 3205; x_wconf 84' lang='lat' dir='ltr'><strong><em>lius</em></strong></span> <span class='ocrx_word' id='word_1_341' title='bbox 349 3149 583 3221; x_wconf 85' lang='lat' dir='ltr'><strong><em>Domini,</em></strong></span> <span class='ocrx_word' id='word_1_342' title='bbox 634 3150 745 3224; x_wconf 63' lang='grc'><strong><em>64,</em></strong></span> <span class='ocrx_word' id='word_1_343' title='bbox 783 3160 837 3208; x_wconf 85' lang='lat' dir='ltr'><strong><em>et</em></strong></span> <span class='ocrx_word' id='word_1_344' title='bbox 867 3151 1112 3207; x_wconf 84' lang='lat' dir='ltr'><strong><em>Sedulius</em></strong></span> <span class='ocrx_word' id='word_1_345' title='bbox 1164 3150 1380 3218; x_wconf 83' lang='lat' dir='ltr'><strong><em>Christi,</em></strong></span> <span class='ocrx_word' id='word_1_346' title='bbox 1432 3150 1798 3220; x_wconf 69' lang='lat' dir='ltr'><strong><em>prtetermisso</em></strong></span> <span class='ocrx_word' id='word_1_347' title='bbox 1826 3131 1873 3196; x_wconf 70' lang='grc' dir='ltr'><strong>Ο</strong></span> 
     </span>
    </p>
   </div>
   <div class='ocr_carea' id='block_1_50' title="bbox 200 3241 1800 3313">
    <p class='ocr_par' dir='ltr' id='par_1_50' title="bbox 200 3241 1800 3313">
     <span class='ocr_line' id='line_1_50' title="bbox 200 3241 1800 3313; baseline -0.001 -14"><span class='ocrx_word' id='word_1_348' title='bbox 200 3254 489 3301; x_wconf 82' lang='lat' dir='ltr'><strong><em>auctorum</em></strong></span> <span class='ocrx_word' id='word_1_349' title='bbox 516 3246 754 3300; x_wconf 89' lang='lat' dir='ltr'><strong><em>nomine.</em></strong></span> <span class='ocrx_word' id='word_1_350' title='bbox 782 3243 838 3299; x_wconf 82' lang='lat' dir='ltr'><strong><em>In</em></strong></span> <span class='ocrx_word' id='word_1_351' title='bbox 860 3243 967 3300; x_wconf 84' lang='lat' dir='ltr'><strong><em>ﬁne</em></strong></span> <span class='ocrx_word' id='word_1_352' title='bbox 992 3243 1283 3299; x_wconf 88' lang='lat' dir='ltr'><strong><em>voluminis</em></strong></span> <span class='ocrx_word' id='word_1_353' title='bbox 1303 3283 1318 3308; x_wconf 91' lang='lat'><strong>,</strong></span> <span class='ocrx_word' id='word_1_354' title='bbox 1348 3251 1472 3313; x_wconf 91' lang='lat' dir='ltr'><strong><em>post</em></strong></span> <span class='ocrx_word' id='word_1_355' title='bbox 1498 3243 1680 3297; x_wconf 77' lang='lat' dir='ltr'><strong><em>varias</em></strong></span> <span class='ocrx_word' id='word_1_356' title='bbox 1724 3241 1800 3298; x_wconf 87' lang='lat' dir='ltr'><strong><em>le-</em></strong></span> 
     </span>
    </p>
   </div>
   <div class='ocr_carea' id='block_1_51' title="bbox 203 3338 1799 3397">
    <p class='ocr_par' dir='ltr' id='par_1_51' title="bbox 203 3338 1799 3397">
     <span class='ocr_line' id='line_1_51' title="bbox 203 3338 1799 3397; baseline -0.003 -1"><span class='ocrx_word' id='word_1_357' title='bbox 203 3340 418 3396; x_wconf 88' lang='lat' dir='ltr'><strong><em>ctiones</em></strong></span> <span class='ocrx_word' id='word_1_358' title='bbox 451 3340 503 3395; x_wconf 91' lang='lat' dir='ltr'><strong><em>in</em></strong></span> <span class='ocrx_word' id='word_1_359' title='bbox 529 3339 828 3397; x_wconf 68' lang='lat' dir='ltr'><strong><em>iuvencum</em></strong></span> <span class='ocrx_word' id='word_1_360' title='bbox 869 3339 1075 3395; x_wconf 63' lang='lat' dir='ltr'><strong><em>additae</em></strong></span> <span class='ocrx_word' id='word_1_361' title='bbox 1118 3348 1243 3395; x_wconf 91' lang='lat' dir='ltr'><strong><em>sunt</em></strong></span> <span class='ocrx_word' id='word_1_362' title='bbox 1273 3339 1552 3394; x_wconf 74' lang='lat' dir='ltr'><strong><em>nonnulla:</em></strong></span> <span class='ocrx_word' id='word_1_363' title='bbox 1595 3338 1715 3393; x_wconf 67' lang='lat' dir='ltr'><strong><em>alia:</em></strong></span> <span class='ocrx_word' id='word_1_364' title='bbox 1748 3339 1799 3392; x_wconf 90' lang='lat' dir='ltr'><strong><em>in</em></strong></span> 
     </span>
    </p>
   </div>
   <div class='ocr_carea' id='block_1_52' title="bbox 201 3432 1802 3506">
    <p class='ocr_par' dir='ltr' id='par_1_52' title="bbox 201 3432 1802 3506">
     <span class='ocr_line' id='line_1_52' title="bbox 201 3432 1802 3506; baseline -0.003 -15"><span class='ocrx_word' id='word_1_365' title='bbox 201 3434 508 3502; x_wconf 86' lang='lat' dir='ltr'><strong><em>Sedulium,</em></strong></span> <span class='ocrx_word' id='word_1_366' title='bbox 530 3451 654 3506; x_wconf 68' lang='lat' dir='ltr'><strong><em>qua:</em></strong></span> <span class='ocrx_word' id='word_1_367' title='bbox 677 3435 906 3505; x_wconf 79' lang='lat' dir='ltr'><strong><em>margini</em></strong></span> <span class='ocrx_word' id='word_1_368' title='bbox 927 3435 1090 3490; x_wconf 89' lang='lat' dir='ltr'><strong><em>etiam</em></strong></span> <span class='ocrx_word' id='word_1_369' title='bbox 1119 3437 1421 3489; x_wconf 84' lang='lat' dir='ltr'><strong><em>carminum</em></strong></span> <span class='ocrx_word' id='word_1_370' title='bbox 1449 3434 1561 3487; x_wconf 89' lang='lat' dir='ltr'><strong><em>suis</em></strong></span> <span class='ocrx_word' id='word_1_371' title='bbox 1589 3433 1642 3487; x_wconf 91' lang='lat' dir='ltr'><strong><em>iu</em></strong></span> <span class='ocrx_word' id='word_1_372' title='bbox 1668 3432 1802 3488; x_wconf 85' lang='lat' dir='ltr'><strong><em>locis</em></strong></span> 
     </span>
    </p>
   </div>
   <div class='ocr_carea' id='block_1_53' title="bbox 205 3528 791 3599">
    <p class='ocr_par' dir='ltr' id='par_1_53' title="bbox 205 3528 791 3599">
     <span class='ocr_line' id='line_1_53' title="bbox 205 3528 791 3599; baseline -0.003 -15"><span class='ocrx_word' id='word_1_373' title='bbox 205 3528 476 3599; x_wconf 65' lang='lat' dir='ltr'><strong><em>apposita:</em></strong></span> <span class='ocrx_word' id='word_1_374' title='bbox 506 3537 791 3598; x_wconf 87' lang='lat' dir='ltr'><strong><em>apparent.</em></strong></span> 
     </span>
    </p>
   </div>
   <div class='ocr_carea' id='block_1_54' title="bbox 278 3617 1804 3686">
    <p class='ocr_par' dir='ltr' id='par_1_54' title="bbox 278 3617 1804 3686">
     <span class='ocr_line' id='line_1_54' title="bbox 278 3617 1804 3686; baseline -0.003 -9"><span class='ocrx_word' id='word_1_375' title='bbox 278 3621 404 3677; x_wconf 89' lang='grc'><strong>110.</strong></span> <span class='ocrx_word' id='word_1_376' title='bbox 438 3621 617 3677; x_wconf 84' lang='lat' dir='ltr'><strong><em>Editio</em></strong></span> <span class='ocrx_word' id='word_1_377' title='bbox 639 3637 748 3686; x_wconf 84' lang='lat' dir='ltr'><strong>xxx,</strong></span> <span class='ocrx_word' id='word_1_378' title='bbox 777 3635 921 3676; x_wconf 88' lang='lat' dir='ltr'><strong><em>anno</em></strong></span> <span class='ocrx_word' id='word_1_379' title='bbox 945 3621 1105 3678; x_wconf 80' lang='grc'><strong>1558.</strong></span> <span class='ocrx_word' id='word_1_380' title='bbox 1129 3619 1409 3677; x_wconf 88' lang='lat' dir='ltr'><strong><em>Grunerus</em></strong></span> <span class='ocrx_word' id='word_1_381' title='bbox 1435 3617 1666 3675; x_wconf 88' lang='lat' dir='ltr'><strong><em>contulit</em></strong></span> <span class='ocrx_word' id='word_1_382' title='bbox 1687 3617 1804 3674; x_wconf 91' lang='lat' dir='ltr'><strong><em>edi-</em></strong></span> 
     </span>
    </p>
   </div>
   <div class='ocr_carea' id='block_1_55' title="bbox 205 3714 1619 3786">
    <p class='ocr_par' dir='ltr' id='par_1_55' title="bbox 205 3714 1619 3786">
     <span class='ocr_line' id='line_1_55' title="bbox 205 3714 1619 3786; baseline -0.004 -14"><span class='ocrx_word' id='word_1_383' title='bbox 205 3715 410 3773; x_wconf 89' lang='lat' dir='ltr'><strong><em>tionem</em></strong></span> <span class='ocrx_word' id='word_1_384' title='bbox 440 3715 647 3773; x_wconf 89' lang='lat' dir='ltr'><strong><em>Sedulii</em></strong></span> <span class='ocrx_word' id='word_1_385' title='bbox 677 3714 1060 3772; x_wconf 88' lang='lat' dir='ltr'><strong><em>Colonieusem</em></strong></span> <span class='ocrx_word' id='word_1_386' title='bbox 1093 3715 1252 3786; x_wconf 85' lang='lat' dir='ltr'><strong><em>hujus</em></strong></span> <span class='ocrx_word' id='word_1_387' title='bbox 1293 3715 1419 3769; x_wconf 89' lang='lat' dir='ltr'><strong><em>anui</em></strong></span> <span class='ocrx_word' id='word_1_388' title='bbox 1448 3715 1619 3769; x_wconf 87' lang='lat' dir='ltr'><strong><em>in-8°.</em></strong></span> 
     </span>
    </p>
   </div>
   <div class='ocr_carea' id='block_1_56' title="bbox 282 3809 1803 3881">
    <p class='ocr_par' dir='ltr' id='par_1_56' title="bbox 282 3809 1803 3881">
     <span class='ocr_line' id='line_1_56' title="bbox 282 3809 1803 3881; baseline -0.002 -13"><span class='ocrx_word' id='word_1_389' title='bbox 282 3812 406 3868; x_wconf 88' lang='lat'><strong>111.</strong></span> <span class='ocrx_word' id='word_1_390' title='bbox 433 3811 616 3866; x_wconf 89' lang='lat' dir='ltr'><strong><em>Editio</em></strong></span> <span class='ocrx_word' id='word_1_391' title='bbox 633 3827 884 3880; x_wconf 89' lang='lat' dir='ltr'><strong><em>xx,anno</em></strong></span> <span class='ocrx_word' id='word_1_392' title='bbox 905 3812 1099 3867; x_wconf 89' lang='lat' dir='ltr'><strong><em>eodem</em></strong></span> <span class='ocrx_word' id='word_1_393' title='bbox 1123 3811 1283 3877; x_wconf 79' lang='grc'><strong>1556,</strong></span> <span class='ocrx_word' id='word_1_394' title='bbox 1307 3809 1640 3880; x_wconf 72' lang='lat' dir='ltr'><strong><em>Antuerpire,</em></strong></span> <span class='ocrx_word' id='word_1_395' title='bbox 1660 3809 1803 3881; x_wconf 90' lang='lat' dir='ltr'><strong><em>apud</em></strong></span> 
     </span>
    </p>
   </div>
   <div class='ocr_carea' id='block_1_57' title="bbox 207 3907 1802 3980">
    <p class='ocr_par' dir='ltr' id='par_1_57' title="bbox 207 3907 1802 3980">
     <span class='ocr_line' id='line_1_57' title="bbox 207 3907 1802 3980; baseline -0.003 -16"><span class='ocrx_word' id='word_1_396' title='bbox 207 3909 446 3967; x_wconf 83' lang='lat' dir='ltr'><strong><em>Viduam</em></strong></span> <span class='ocrx_word' id='word_1_397' title='bbox 474 3908 684 3964; x_wconf 74' lang='lat' dir='ltr'><strong><em>Martini</em></strong></span> <span class='ocrx_word' id='word_1_398' title='bbox 713 3908 1174 3980; x_wconf 51' lang='lat' dir='ltr'><strong><em>Cmsarisﬁiu-S’,</em></strong></span> <span class='ocrx_word' id='word_1_399' title='bbox 1208 3925 1275 3963; x_wconf 80' lang='lat' dir='ltr'><strong>ex</strong></span> <span class='ocrx_word' id='word_1_400' title='bbox 1307 3908 1444 3962; x_wconf 87' lang='lat' dir='ltr'><strong><em>Bibl.</em></strong></span> <span class='ocrx_word' id='word_1_401' title='bbox 1479 3908 1621 3963; x_wconf 90' lang='lat' dir='ltr'><strong><em>med.</em></strong></span> <span class='ocrx_word' id='word_1_402' title='bbox 1642 3907 1802 3962; x_wconf 84' lang='lat' dir='ltr'><strong><em>Fabr.</em></strong></span> 
     </span>
    </p>
   </div>
   <div class='ocr_carea' id='block_1_58' title="bbox 284 4001 1808 4072">
    <p class='ocr_par' dir='ltr' id='par_1_58' title="bbox 284 4001 1808 4072">
     <span class='ocr_line' id='line_1_58' title="bbox 284 4001 1808 4072; baseline -0.005 -11"><span class='ocrx_word' id='word_1_403' title='bbox 284 4005 412 4061; x_wconf 72' lang='grc'><strong>112.</strong></span> <span class='ocrx_word' id='word_1_404' title='bbox 457 4004 636 4060; x_wconf 85' lang='lat' dir='ltr'><strong><em>Editio</em></strong></span> <span class='ocrx_word' id='word_1_405' title='bbox 684 4021 804 4072; x_wconf 79' lang='lat' dir='ltr'><strong>xxx,</strong></span> <span class='ocrx_word' id='word_1_406' title='bbox 838 4021 928 4060; x_wconf 82' lang='lat' dir='ltr'><strong><em>an.</em></strong></span> <span class='ocrx_word' id='word_1_407' title='bbox 977 4003 1138 4069; x_wconf 70' lang='grc'><strong>1541,</strong></span> <span class='ocrx_word' id='word_1_408' title='bbox 1191 4003 1338 4059; x_wconf 83' lang='grc' dir='ltr'><strong><em>ἰιι-8ο</em></strong></span> <span class='ocrx_word' id='word_1_409' title='bbox 1369 4021 1381 4057; x_wconf 89' lang='lat'><strong>:</strong></span> <span class='ocrx_word' id='word_1_410' title='bbox 1417 4001 1562 4057; x_wconf 79' lang='lat' dir='ltr'><strong><em>Ctelii</em></strong></span> <span class='ocrx_word' id='word_1_411' title='bbox 1602 4001 1808 4057; x_wconf 86' lang='lat' dir='ltr'><strong><em>Sedulii</em></strong></span> 
     </span>
    </p>
   </div>
   <div class='ocr_carea' id='block_1_59' title="bbox 210 4095 1805 4172">
    <p class='ocr_par' dir='ltr' id='par_1_59' title="bbox 210 4095 1805 4172">
     <span class='ocr_line' id='line_1_59' title="bbox 210 4095 1805 4172; baseline -0.004 -17"><span class='ocrx_word' id='word_1_412' title='bbox 210 4099 493 4172; x_wconf 83' lang='lat' dir='ltr'><strong><em>presbyteri</em></strong></span> <span class='ocrx_word' id='word_1_413' title='bbox 518 4115 633 4152; x_wconf 87' lang='lat' dir='ltr'><strong><em>cum</em></strong></span> <span class='ocrx_word' id='word_1_414' title='bbox 655 4098 895 4170; x_wconf 84' lang='lat' dir='ltr'><strong><em>piissimi,</em></strong></span> <span class='ocrx_word' id='word_1_415' title='bbox 921 4107 1030 4152; x_wconf 87' lang='lat' dir='ltr'><strong><em>tum</em></strong></span> <span class='ocrx_word' id='word_1_416' title='bbox 1056 4097 1363 4162; x_wconf 87' lang='lat' dir='ltr'><strong><em>doctissimi,</em></strong></span> <span class='ocrx_word' id='word_1_417' title='bbox 1394 4095 1636 4169; x_wconf 86' lang='lat' dir='ltr'><strong><em>paschale</em></strong></span> <span class='ocrx_word' id='word_1_418' title='bbox 1659 4113 1805 4167; x_wconf 81' lang='lat' dir='ltr'><strong><em>Opus,</em></strong></span> 
     </span>
    </p>
   </div>
   <div class='ocr_carea' id='block_1_60' title="bbox 210 4191 1812 4260">
    <p class='ocr_par' dir='ltr' id='par_1_60' title="bbox 210 4191 1812 4260">
     <span class='ocr_line' id='line_1_60' title="bbox 210 4191 1812 4260; baseline -0.005 -11"><span class='ocrx_word' id='word_1_419' title='bbox 210 4209 302 4249; x_wconf 85' lang='lat' dir='ltr'><strong><em>seu</em></strong></span> <span class='ocrx_word' id='word_1_420' title='bbox 350 4191 673 4247; x_wconf 82' lang='lat' dir='ltr'><strong><em>Mirabilium</em></strong></span> <span class='ocrx_word' id='word_1_421' title='bbox 711 4193 1008 4246; x_wconf 85' lang='lat' dir='ltr'><strong><em>divinorum</em></strong></span> <span class='ocrx_word' id='word_1_422' title='bbox 1045 4191 1160 4245; x_wconf 86' lang='lat' dir='ltr'><strong><em>libri</em></strong></span> <span class='ocrx_word' id='word_1_423' title='bbox 1190 4191 1416 4260; x_wconf 85' lang='lat' dir='ltr'><strong><em>quinque</em></strong></span> <span class='ocrx_word' id='word_1_424' title='bbox 1453 4207 1571 4244; x_wconf 86' lang='lat' dir='ltr'><strong><em>cum</em></strong></span> <span class='ocrx_word' id='word_1_425' title='bbox 1600 4206 1812 4244; x_wconf 87' lang='lat' dir='ltr'><strong><em>enarra-</em></strong></span> 
     </span>
    </p>
   </div>
   <div class='ocr_carea' id='block_1_61' title="bbox 214 4281 1814 4340">
    <p class='ocr_par' dir='ltr' id='par_1_61' title="bbox 214 4281 1814 4340">
     <span class='ocr_line' id='line_1_61' title="bbox 214 4281 1814 4340; baseline -0.004 0"><span class='ocrx_word' id='word_1_426' title='bbox 214 4285 441 4340; x_wconf 86' lang='lat' dir='ltr'><strong><em>tionibus</em></strong></span> <span class='ocrx_word' id='word_1_427' title='bbox 470 4283 889 4338; x_wconf 85' lang='lat' dir='ltr'><strong><em>luculentissimis</em></strong></span> <span class='ocrx_word' id='word_1_428' title='bbox 914 4285 1048 4339; x_wconf 33' lang='lat' dir='ltr'><strong><em>.‘lflii</em></strong></span> <span class='ocrx_word' id='word_1_429' title='bbox 1075 4285 1282 4338; x_wconf 85' lang='lat' dir='ltr'><strong><em>Antonii</em></strong></span> <span class='ocrx_word' id='word_1_430' title='bbox 1307 4282 1675 4338; x_wconf 88' lang='lat' dir='ltr'><strong><em>Nebrissensis.</em></strong></span> <span class='ocrx_word' id='word_1_431' title='bbox 1707 4281 1814 4335; x_wconf 78' lang='lat' dir='ltr'><strong><em>Ad-</em></strong></span> 
     </span>
    </p>
   </div>
   <div class='ocr_carea' id='block_1_62' title="bbox 203 4371 1812 4454">
    <p class='ocr_par' dir='ltr' id='par_1_62' title="bbox 203 4371 1812 4454">
     <span class='ocr_line' id='line_1_62' title="bbox 203 4371 1812 4454; baseline -0.004 -20"><span class='ocrx_word' id='word_1_432' title='bbox 203 4383 483 4454; x_wconf 76' lang='lat' dir='ltr'><strong><em>junximus</em></strong></span> <span class='ocrx_word' id='word_1_433' title='bbox 513 4382 667 4433; x_wconf 86' lang='lat' dir='ltr'><strong><em>etiam</em></strong></span> <span class='ocrx_word' id='word_1_434' title='bbox 695 4377 911 4433; x_wconf 83' lang='lat' dir='ltr'><strong><em>Juvenci</em></strong></span> <span class='ocrx_word' id='word_1_435' title='bbox 964 4377 1194 4449; x_wconf 84' lang='lat' dir='ltr'><strong><em>Hispani</em></strong></span> <span class='ocrx_word' id='word_1_436' title='bbox 1238 4377 1520 4450; x_wconf 79' lang='lat' dir='ltr'><strong><em>presbyteri</em></strong></span> <span class='ocrx_word' id='word_1_437' title='bbox 1551 4371 1812 4448; x_wconf 76' lang='lat' dir='ltr'><strong><em>euangeli-</em></strong></span> 
     </span>
    </p>
   </div>
   <div class='ocr_carea' id='block_1_63' title="bbox 216 4471 1812 4544">
    <p class='ocr_par' dir='ltr' id='par_1_63' title="bbox 216 4471 1812 4544">
     <span class='ocr_line' id='line_1_63' title="bbox 216 4471 1812 4544; baseline -0.006 -13"><span class='ocrx_word' id='word_1_438' title='bbox 216 4493 332 4531; x_wconf 86' lang='lat' dir='ltr'><strong><em>cum</em></strong></span> <span class='ocrx_word' id='word_1_439' title='bbox 359 4475 629 4529; x_wconf 87' lang='lat' dir='ltr'><strong><em>historiam</em></strong></span> <span class='ocrx_word' id='word_1_440' title='bbox 654 4474 886 4544; x_wconf 82' lang='lat' dir='ltr'><strong><em>ejusdem</em></strong></span> <span class='ocrx_word' id='word_1_441' title='bbox 937 4474 1257 4544; x_wconf 85' lang='lat' dir='ltr'><strong><em>argumenti,</em></strong></span> <span class='ocrx_word' id='word_1_442' title='bbox 1288 4471 1485 4526; x_wconf 86' lang='lat' dir='ltr'><strong><em>additis</em></strong></span> <span class='ocrx_word' id='word_1_443' title='bbox 1515 4480 1561 4524; x_wconf 89' lang='lat' dir='ltr'><strong><em>et</em></strong></span> <span class='ocrx_word' id='word_1_444' title='bbox 1588 4472 1645 4524; x_wconf 89' lang='lat' dir='ltr'><strong><em>in</em></strong></span> <span class='ocrx_word' id='word_1_445' title='bbox 1672 4487 1812 4524; x_wconf 83' lang='lat' dir='ltr'><strong><em>cant-</em></strong></span> 
     </span>
    </p>
   </div>
   <div class='ocr_carea' id='block_1_64' title="bbox 1898 1823 3495 1907">
    <p class='ocr_par' dir='ltr' id='par_1_64' title="bbox 1898 1823 3495 1907">
     <span class='ocr_line' id='line_1_64' title="bbox 1898 1823 3495 1907; baseline 0 -18"><span class='ocrx_word' id='word_1_446' title='bbox 1898 1835 1948 1890; x_wconf 89' lang='lat' dir='ltr'><strong><em>in</em></strong></span> <span class='ocrx_word' id='word_1_447' title='bbox 1977 1823 2351 1907; x_wconf 84' lang='lat' dir='ltr'><strong><em>Prolegomen.</em></strong></span> <span class='ocrx_word' id='word_1_448' title='bbox 2383 1835 2451 1890; x_wconf 90' lang='lat' dir='ltr'><strong><em>ad</em></strong></span> <span class='ocrx_word' id='word_1_449' title='bbox 2480 1836 2805 1902; x_wconf 84' lang='lat' dir='ltr'><strong><em>Juvencum,</em></strong></span> <span class='ocrx_word' id='word_1_450' title='bbox 2831 1850 3064 1890; x_wconf 91' lang='lat' dir='ltr'><strong><em>numero</em></strong></span> <span class='ocrx_word' id='word_1_451' title='bbox 3092 1835 3181 1899; x_wconf 78' lang='lat'><strong><em>75,</em></strong></span> <span class='ocrx_word' id='word_1_452' title='bbox 3215 1841 3272 1889; x_wconf 91' lang='lat' dir='ltr'><strong><em>et</em></strong></span> <span class='ocrx_word' id='word_1_453' title='bbox 3302 1832 3495 1889; x_wconf 90' lang='lat' dir='ltr'><strong><em>dubito</em></strong></span> 
     </span>
    </p>
   </div>
   <div class='ocr_carea' id='block_1_65' title="bbox 1895 1926 3494 2000">
    <p class='ocr_par' dir='ltr' id='par_1_65' title="bbox 1895 1926 3494 2000">
     <span class='ocr_line' id='line_1_65' title="bbox 1895 1926 3494 2000; baseline 0.001 -17"><span class='ocrx_word' id='word_1_454' title='bbox 1895 1929 2207 1998; x_wconf 86' lang='lat' dir='ltr'><strong><em>etiamnum,</em></strong></span> <span class='ocrx_word' id='word_1_455' title='bbox 2235 1931 2377 1986; x_wconf 91' lang='lat' dir='ltr'><strong><em>sitne</em></strong></span> <span class='ocrx_word' id='word_1_456' title='bbox 2404 1929 2521 1985; x_wconf 75' lang='lat' dir='ltr'><strong><em>Ixzec</em></strong></span> <span class='ocrx_word' id='word_1_457' title='bbox 2547 1929 2720 2000; x_wconf 86' lang='lat' dir='ltr'><strong><em>prima</em></strong></span> <span class='ocrx_word' id='word_1_458' title='bbox 2745 1928 2913 1985; x_wconf 87' lang='lat' dir='ltr'><strong><em>editio</em></strong></span> <span class='ocrx_word' id='word_1_459' title='bbox 2940 1926 3284 1995; x_wconf 88' lang='lat' dir='ltr'><strong><em>Poelmauxxi,</em></strong></span> <span class='ocrx_word' id='word_1_460' title='bbox 3315 1943 3386 1983; x_wconf 91' lang='lat' dir='ltr'><strong><em>an</em></strong></span> <span class='ocrx_word' id='word_1_461' title='bbox 3408 1942 3494 1984; x_wconf 85' lang='lat' dir='ltr'><strong><em>re-</em></strong></span> 
     </span>
    </p>
   </div>
   <div class='ocr_carea' id='block_1_66' title="bbox 1896 2026 2080 2096">
    <p class='ocr_par' dir='ltr' id='par_1_66' title="bbox 1896 2026 2080 2096">
     <span class='ocr_line' id='line_1_66' title="bbox 1896 2026 2080 2096; baseline 0 -16"><span class='ocrx_word' id='word_1_462' title='bbox 1896 2026 2056 2096; x_wconf 86' lang='lat' dir='ltr'><strong><em>petita</em></strong></span> <span class='ocrx_word' id='word_1_463' title='bbox 2068 2066 2080 2080; x_wconf 94' lang='lat'><strong>.</strong></span> 
     </span>
    </p>
   </div>
   <div class='ocr_carea' id='block_1_67' title="bbox 1968 2115 3499 2192">
    <p class='ocr_par' dir='ltr' id='par_1_67' title="bbox 1968 2115 3499 2192">
     <span class='ocr_line' id='line_1_67' title="bbox 1968 2115 3499 2192; baseline -0.001 -18"><span class='ocrx_word' id='word_1_464' title='bbox 1968 2120 2090 2192; x_wconf 33' lang='grc'><strong>115..</strong></span> <span class='ocrx_word' id='word_1_465' title='bbox 2133 2119 2314 2174; x_wconf 88' lang='lat' dir='ltr'><strong><em>Editio</em></strong></span> <span class='ocrx_word' id='word_1_466' title='bbox 2357 2135 2484 2188; x_wconf 84' lang='lat' dir='ltr'><strong>xxv,</strong></span> <span class='ocrx_word' id='word_1_467' title='bbox 2538 2134 2683 2176; x_wconf 89' lang='lat' dir='ltr'><strong><em>anno</em></strong></span> <span class='ocrx_word' id='word_1_468' title='bbox 2731 2118 2925 2175; x_wconf 90' lang='lat' dir='ltr'><strong><em>eodem</em></strong></span> <span class='ocrx_word' id='word_1_469' title='bbox 2972 2117 3134 2173; x_wconf 88' lang='grc'><strong>1551.</strong></span> <span class='ocrx_word' id='word_1_470' title='bbox 3197 2115 3499 2181; x_wconf 88' lang='lat' dir='ltr'><strong><em>Barthius,</em></strong></span> 
     </span>
    </p>
   </div>
   <div class='ocr_carea' id='block_1_68' title="bbox 1898 2209 3501 2285">
    <p class='ocr_par' dir='ltr' id='par_1_68' title="bbox 1898 2209 3501 2285">
     <span class='ocr_line' id='line_1_68' title="bbox 1898 2209 3501 2285; baseline 0 -19"><span class='ocrx_word' id='word_1_471' title='bbox 1898 2211 2021 2267; x_wconf 90' lang='lat' dir='ltr'><strong><em>libr.</em></strong></span> <span class='ocrx_word' id='word_1_472' title='bbox 2057 2229 2183 2268; x_wconf 67' lang='grc' dir='ltr'>χιιι(</span> <span class='ocrx_word' id='word_1_473' title='bbox 2212 2212 2468 2280; x_wconf 75' lang='lat' dir='ltr'><strong><em>Advers.,</em></strong></span> <span class='ocrx_word' id='word_1_474' title='bbox 2502 2229 2622 2285; x_wconf 81' lang='lat' dir='ltr'><strong><em>cap;</em></strong></span> <span class='ocrx_word' id='word_1_475' title='bbox 2662 2215 2727 2280; x_wconf 87' lang='grc'><strong>5,</strong></span> <span class='ocrx_word' id='word_1_476' title='bbox 2778 2214 2910 2268; x_wconf 91' lang='lat' dir='ltr'><strong><em>citat</em></strong></span> <span class='ocrx_word' id='word_1_477' title='bbox 2949 2211 3244 2269; x_wconf 89' lang='lat' dir='ltr'><strong><em>editionem</em></strong></span> <span class='ocrx_word' id='word_1_478' title='bbox 3278 2209 3501 2283; x_wconf 88' lang='lat' dir='ltr'><strong><em>Lugdu-</em></strong></span> 
     </span>
    </p>
   </div>
   <div class='ocr_carea' id='block_1_69' title="bbox 1899 2304 3502 2378">
    <p class='ocr_par' dir='ltr' id='par_1_69' title="bbox 1899 2304 3502 2378">
     <span class='ocr_line' id='line_1_69' title="bbox 1899 2304 3502 2378; baseline -0.001 -15"><span class='ocrx_word' id='word_1_479' title='bbox 1899 2321 2121 2363; x_wconf 90' lang='lat' dir='ltr'><strong><em>nensem</em></strong></span> <span class='ocrx_word' id='word_1_480' title='bbox 2168 2307 2331 2376; x_wconf 91' lang='lat' dir='ltr'><strong><em>hujus</em></strong></span> <span class='ocrx_word' id='word_1_481' title='bbox 2371 2307 2535 2375; x_wconf 89' lang='lat' dir='ltr'><strong><em>anni,</em></strong></span> <span class='ocrx_word' id='word_1_482' title='bbox 2576 2323 2698 2378; x_wconf 70' lang='lat' dir='ltr'><strong><em>quae</em></strong></span> <span class='ocrx_word' id='word_1_483' title='bbox 2738 2307 3066 2373; x_wconf 82' lang='lat' dir='ltr'><strong><em>Aratorem,</em></strong></span> <span class='ocrx_word' id='word_1_484' title='bbox 3117 2304 3402 2362; x_wconf 90' lang='lat' dir='ltr'><strong><em>Sedulium</em></strong></span> <span class='ocrx_word' id='word_1_485' title='bbox 3445 2313 3502 2361; x_wconf 88' lang='lat' dir='ltr'><strong><em>et</em></strong></span> 
     </span>
    </p>
   </div>
   <div class='ocr_carea' id='block_1_70' title="bbox 1899 2399 3500 2472">
    <p class='ocr_par' dir='ltr' id='par_1_70' title="bbox 1899 2399 3500 2472">
     <span class='ocr_line' id='line_1_70' title="bbox 1899 2399 3500 2472; baseline 0.001 -16"><span class='ocrx_word' id='word_1_486' title='bbox 1899 2399 2191 2456; x_wconf 74' lang='lat' dir='ltr'><strong><em>iuvencum</em></strong></span> <span class='ocrx_word' id='word_1_487' title='bbox 2213 2401 2280 2456; x_wconf 90' lang='lat' dir='ltr'><strong><em>ad</em></strong></span> <span class='ocrx_word' id='word_1_488' title='bbox 2307 2401 2600 2457; x_wconf 90' lang='lat' dir='ltr'><strong><em>lectionem</em></strong></span> <span class='ocrx_word' id='word_1_489' title='bbox 2624 2415 2756 2457; x_wconf 88' lang='lat' dir='ltr'><strong><em>mss.</em></strong></span> <span class='ocrx_word' id='word_1_490' title='bbox 2788 2415 3013 2472; x_wconf 79' lang='lat' dir='ltr'><strong><em>prorsus</em></strong></span> <span class='ocrx_word' id='word_1_491' title='bbox 3039 2409 3335 2457; x_wconf 87' lang='lat' dir='ltr'><strong><em>reuovatos</em></strong></span> <span class='ocrx_word' id='word_1_492' title='bbox 3356 2414 3500 2472; x_wconf 70' lang='lat' dir='ltr'><strong><em>prae-</em></strong></span> 
     </span>
    </p>
   </div>
   <div class='ocr_carea' id='block_1_71' title="bbox 1902 2494 2089 2551">
    <p class='ocr_par' dir='ltr' id='par_1_71' title="bbox 1902 2494 2089 2551">
     <span class='ocr_line' id='line_1_71' title="bbox 1902 2494 2089 2551; baseline 0 0"><span class='ocrx_word' id='word_1_493' title='bbox 1902 2494 2089 2551; x_wconf 79' lang='lat' dir='ltr'><strong><em>seiert.</em></strong></span> 
     </span>
    </p>
   </div>
   <div class='ocr_carea' id='block_1_72' title="bbox 1972 2588 3499 2664">
    <p class='ocr_par' dir='ltr' id='par_1_72' title="bbox 1972 2588 3499 2664">
     <span class='ocr_line' id='line_1_72' title="bbox 1972 2588 3499 2664; baseline 0.004 -21"><span class='ocrx_word' id='word_1_494' title='bbox 1972 2590 2093 2644; x_wconf 91' lang='grc'><strong>116.</strong></span> <span class='ocrx_word' id='word_1_495' title='bbox 2139 2588 2324 2645; x_wconf 88' lang='lat' dir='ltr'><strong><em>Editio</em></strong></span> <span class='ocrx_word' id='word_1_496' title='bbox 2352 2605 2483 2645; x_wconf 83' lang='lat' dir='ltr'><strong>xxvx</strong></span> <span class='ocrx_word' id='word_1_497' title='bbox 2507 2632 2521 2656; x_wconf 91' lang='lat'><strong><em>,</em></strong></span> <span class='ocrx_word' id='word_1_498' title='bbox 2552 2605 2696 2646; x_wconf 88' lang='lat' dir='ltr'><strong><em>anno</em></strong></span> <span class='ocrx_word' id='word_1_499' title='bbox 2737 2590 2892 2648; x_wconf 78' lang='grc'><strong>1555.</strong></span> <span class='ocrx_word' id='word_1_500' title='bbox 2927 2589 3176 2664; x_wconf 77' lang='lat' dir='ltr'><strong><em>Lugduni</em></strong></span> <span class='ocrx_word' id='word_1_501' title='bbox 3203 2632 3218 2659; x_wconf 93' lang='lat'><strong>,</strong></span> <span class='ocrx_word' id='word_1_502' title='bbox 3250 2605 3372 2649; x_wconf 89' lang='lat' dir='ltr'><strong><em>cum</em></strong></span> <span class='ocrx_word' id='word_1_503' title='bbox 3402 2590 3499 2649; x_wconf 85' lang='lat' dir='ltr'><strong><em>Ju-</em></strong></span> 
     </span>
    </p>
   </div>
   <div class='ocr_carea' id='block_1_73' title="bbox 1903 2683 3500 2756">
    <p class='ocr_par' dir='ltr' id='par_1_73' title="bbox 1903 2683 3500 2756">
     <span class='ocr_line' id='line_1_73' title="bbox 1903 2683 3500 2756; baseline 0.001 -19"><span class='ocrx_word' id='word_1_504' title='bbox 1903 2697 2101 2752; x_wconf 85' lang='lat' dir='ltr'><strong><em>venco,</em></strong></span> <span class='ocrx_word' id='word_1_505' title='bbox 2135 2683 2320 2750; x_wconf 73' lang='grc' dir='ltr'>ιιι-12,</span> <span class='ocrx_word' id='word_1_506' title='bbox 2353 2700 2512 2754; x_wconf 90' lang='lat' dir='ltr'><strong><em>quam</em></strong></span> <span class='ocrx_word' id='word_1_507' title='bbox 2540 2685 2799 2753; x_wconf 89' lang='lat' dir='ltr'><strong><em>contulit,</em></strong></span> <span class='ocrx_word' id='word_1_508' title='bbox 2832 2694 2888 2740; x_wconf 90' lang='lat' dir='ltr'><strong><em>et</em></strong></span> <span class='ocrx_word' id='word_1_509' title='bbox 2921 2683 3317 2741; x_wconf 79' lang='lat' dir='ltr'><strong><em>Torntesianam</em></strong></span> <span class='ocrx_word' id='word_1_510' title='bbox 3346 2685 3371 2742; x_wconf 88' lang='lat'><strong><em>1</em></strong></span> <span class='ocrx_word' id='word_1_511' title='bbox 3405 2702 3500 2756; x_wconf 86' lang='lat' dir='ltr'><strong><em>ap-</em></strong></span> 
     </span>
    </p>
   </div>
   <div class='ocr_carea' id='block_1_74' title="bbox 1903 2776 3496 2850">
    <p class='ocr_par' dir='ltr' id='par_1_74' title="bbox 1903 2776 3496 2850">
     <span class='ocr_line' id='line_1_74' title="bbox 1903 2776 3496 2850; baseline 0.004 -20"><span class='ocrx_word' id='word_1_512' title='bbox 1903 2778 2060 2848; x_wconf 87' lang='lat' dir='ltr'><strong><em>pellat</em></strong></span> <span class='ocrx_word' id='word_1_513' title='bbox 2096 2776 2444 2835; x_wconf 83' lang='lat' dir='ltr'><strong><em>Arntzeuius.</em></strong></span> <span class='ocrx_word' id='word_1_514' title='bbox 2493 2777 2746 2842; x_wconf 80' lang='lat' dir='ltr'><strong><em>Continet</em></strong></span> <span class='ocrx_word' id='word_1_515' title='bbox 2792 2781 2957 2835; x_wconf 91' lang='lat' dir='ltr'><strong><em>etiam</em></strong></span> <span class='ocrx_word' id='word_1_516' title='bbox 2998 2781 3309 2838; x_wconf 90' lang='lat' dir='ltr'><strong><em>Aratorem.</em></strong></span> <span class='ocrx_word' id='word_1_517' title='bbox 3362 2780 3496 2850; x_wconf 83' lang='lat' dir='ltr'><strong><em>Ejus</em></strong></span> 
     </span>
    </p>
   </div>
   <div class='ocr_carea' id='block_1_75' title="bbox 1902 2869 3492 2942">
    <p class='ocr_par' dir='ltr' id='par_1_75' title="bbox 1902 2869 3492 2942">
     <span class='ocr_line' id='line_1_75' title="bbox 1902 2869 3492 2942; baseline 0.001 -17"><span class='ocrx_word' id='word_1_518' title='bbox 1902 2870 2225 2925; x_wconf 89' lang='lat' dir='ltr'><strong><em>mentionem</em></strong></span> <span class='ocrx_word' id='word_1_519' title='bbox 2259 2869 2358 2926; x_wconf 81' lang='lat' dir='ltr'><strong><em>ieci</em></strong></span> <span class='ocrx_word' id='word_1_520' title='bbox 2390 2871 2441 2926; x_wconf 93' lang='lat' dir='ltr'><strong><em>in</em></strong></span> <span class='ocrx_word' id='word_1_521' title='bbox 2473 2870 2782 2942; x_wconf 86' lang='lat' dir='ltr'><strong><em>Prolegoxn.</em></strong></span> <span class='ocrx_word' id='word_1_522' title='bbox 2827 2871 2896 2927; x_wconf 91' lang='lat' dir='ltr'><strong><em>ad</em></strong></span> <span class='ocrx_word' id='word_1_523' title='bbox 2931 2871 3183 2940; x_wconf 81' lang='lat' dir='ltr'><strong><em>Juveuc.,</em></strong></span> <span class='ocrx_word' id='word_1_524' title='bbox 3219 2890 3366 2930; x_wconf 91' lang='lat' dir='ltr'><strong><em>num.</em></strong></span> <span class='ocrx_word' id='word_1_525' title='bbox 3401 2872 3492 2930; x_wconf 88' lang='lat'><strong><em>76.</em></strong></span> 
     </span>
    </p>
   </div>
   <div class='ocr_carea' id='block_1_76' title="bbox 1974 2964 3495 3036">
    <p class='ocr_par' dir='ltr' id='par_1_76' title="bbox 1974 2964 3495 3036">
     <span class='ocr_line' id='line_1_76' title="bbox 1974 2964 3495 3036; baseline 0.003 -18"><span class='ocrx_word' id='word_1_526' title='bbox 1974 2965 2093 3018; x_wconf 85' lang='lat'><strong>1-17.</strong></span> <span class='ocrx_word' id='word_1_527' title='bbox 2137 2964 2317 3019; x_wconf 86' lang='lat' dir='ltr'><strong><em>Editio</em></strong></span> <span class='ocrx_word' id='word_1_528' title='bbox 2346 2976 2497 3020; x_wconf 77' lang='lat' dir='ltr'><strong>xxvxx</strong></span> <span class='ocrx_word' id='word_1_529' title='bbox 2522 3007 2537 3035; x_wconf 93' lang='lat'><strong>,</strong></span> <span class='ocrx_word' id='word_1_530' title='bbox 2568 2981 2713 3022; x_wconf 87' lang='lat' dir='ltr'><strong><em>anno</em></strong></span> <span class='ocrx_word' id='word_1_531' title='bbox 2745 2967 2904 3022; x_wconf 72' lang='lat'><strong>1551.</strong></span> <span class='ocrx_word' id='word_1_532' title='bbox 2951 2966 3203 3036; x_wconf 66' lang='lat' dir='ltr'><strong><em>Basileaa,</em></strong></span> <span class='ocrx_word' id='word_1_533' title='bbox 3260 2977 3321 3023; x_wconf 90' lang='lat' dir='ltr'><strong><em>ut</em></strong></span> <span class='ocrx_word' id='word_1_534' title='bbox 3347 2967 3495 3026; x_wconf 86' lang='lat' dir='ltr'><strong><em>Ceil-</em></strong></span> 
     </span>
    </p>
   </div>
   <div class='ocr_carea' id='block_1_77' title="bbox 1903 3055 2997 3114">
    <p class='ocr_par' dir='ltr' id='par_1_77' title="bbox 1903 3055 2997 3114">
     <span class='ocr_line' id='line_1_77' title="bbox 1903 3055 2997 3114; baseline 0.004 -2"><span class='ocrx_word' id='word_1_535' title='bbox 1903 3056 2086 3114; x_wconf 89' lang='lat' dir='ltr'><strong><em>lierius</em></strong></span> <span class='ocrx_word' id='word_1_536' title='bbox 2120 3068 2374 3114; x_wconf 90' lang='lat' dir='ltr'><strong><em>testatur.</em></strong></span> <span class='ocrx_word' id='word_1_537' title='bbox 2995 3055 2997 3058; x_wconf 63' lang='grc'><em>’</em></span> 
     </span>
    </p>
   </div>
   <div class='ocr_carea' id='block_1_78' title="bbox 1977 3154 3496 3231">
    <p class='ocr_par' dir='ltr' id='par_1_78' title="bbox 1977 3154 3496 3231">
     <span class='ocr_line' id='line_1_78' title="bbox 1977 3154 3496 3231; baseline 0.006 -23"><span class='ocrx_word' id='word_1_538' title='bbox 1977 3155 2095 3209; x_wconf 91' lang='grc'><strong>118.</strong></span> <span class='ocrx_word' id='word_1_539' title='bbox 2141 3154 2319 3220; x_wconf 85' lang='lat' dir='ltr'><strong><em>Editio</em></strong></span> <span class='ocrx_word' id='word_1_540' title='bbox 2348 3171 2558 3225; x_wconf 82' lang='lat' dir='ltr'><strong>xxvux,</strong></span> <span class='ocrx_word' id='word_1_541' title='bbox 2599 3170 2744 3212; x_wconf 86' lang='lat' dir='ltr'><strong><em>anno</em></strong></span> <span class='ocrx_word' id='word_1_542' title='bbox 2773 3156 2942 3227; x_wconf 70' lang='lat'><strong>1564,</strong></span> <span class='ocrx_word' id='word_1_543' title='bbox 2974 3172 3096 3214; x_wconf 92' lang='lat' dir='ltr'><strong><em>eum</em></strong></span> <span class='ocrx_word' id='word_1_544' title='bbox 3149 3159 3269 3216; x_wconf 88' lang='lat' dir='ltr'><strong><em>aliis</em></strong></span> <span class='ocrx_word' id='word_1_545' title='bbox 3317 3159 3496 3231; x_wconf 87' lang='lat' dir='ltr'><strong><em>poetis</em></strong></span> 
     </span>
    </p>
   </div>
   <div class='ocr_carea' id='block_1_79' title="bbox 1903 3246 3501 3323">
    <p class='ocr_par' dir='ltr' id='par_1_79' title="bbox 1903 3246 3501 3323">
     <span class='ocr_line' id='line_1_79' title="bbox 1903 3246 3501 3323; baseline 0.005 -20"><span class='ocrx_word' id='word_1_546' title='bbox 1903 3246 2248 3315; x_wconf 82' lang='lat' dir='ltr'><strong><em>Christianis,</em></strong></span> <span class='ocrx_word' id='word_1_547' title='bbox 2298 3260 2624 3306; x_wconf 89' lang='lat' dir='ltr'><strong><em>recensente</em></strong></span> <span class='ocrx_word' id='word_1_548' title='bbox 2675 3250 2909 3323; x_wconf 90' lang='lat' dir='ltr'><strong><em>Georgio</em></strong></span> <span class='ocrx_word' id='word_1_549' title='bbox 2940 3251 3213 3320; x_wconf 88' lang='lat' dir='ltr'><strong><em>Fabricio,</em></strong></span> <span class='ocrx_word' id='word_1_550' title='bbox 3247 3263 3306 3308; x_wconf 92' lang='lat' dir='ltr'><strong><em>ut</em></strong></span> <span class='ocrx_word' id='word_1_551' title='bbox 3337 3253 3501 3311; x_wconf 88' lang='lat' dir='ltr'><strong><em>latius</em></strong></span> 
     </span>
    </p>
   </div>
   <div class='ocr_carea' id='block_1_80' title="bbox 1904 3343 3499 3418">
    <p class='ocr_par' dir='ltr' id='par_1_80' title="bbox 1904 3343 3499 3418">
     <span class='ocr_line' id='line_1_80' title="bbox 1904 3343 3499 3418; baseline 0.005 -20"><span class='ocrx_word' id='word_1_552' title='bbox 1904 3343 1957 3398; x_wconf 92' lang='lat' dir='ltr'><strong><em>in</em></strong></span> <span class='ocrx_word' id='word_1_553' title='bbox 1985 3343 2196 3415; x_wconf 78' lang='lat' dir='ltr'><strong><em>Px&#39;oleg.</em></strong></span> <span class='ocrx_word' id='word_1_554' title='bbox 2221 3344 2285 3400; x_wconf 89' lang='lat' dir='ltr'><strong><em>ad</em></strong></span> <span class='ocrx_word' id='word_1_555' title='bbox 2316 3344 2600 3412; x_wconf 89' lang='lat' dir='ltr'><strong><em>Prudent.,</em></strong></span> <span class='ocrx_word' id='word_1_556' title='bbox 2624 3345 2850 3402; x_wconf 84' lang='lat' dir='ltr'><strong><em>Juvenc.</em></strong></span> <span class='ocrx_word' id='word_1_557' title='bbox 2874 3356 2928 3401; x_wconf 89' lang='lat' dir='ltr'><strong><em>et</em></strong></span> <span class='ocrx_word' id='word_1_558' title='bbox 2950 3347 3207 3403; x_wconf 89' lang='lat' dir='ltr'><strong><em>Dracont.</em></strong></span> <span class='ocrx_word' id='word_1_559' title='bbox 3251 3349 3499 3418; x_wconf 83' lang='lat' dir='ltr'><strong><em>exposui.</em></strong></span> 
     </span>
    </p>
   </div>
   <div class='ocr_carea' id='block_1_81' title="bbox 1905 3439 3505 3512">
    <p class='ocr_par' dir='ltr' id='par_1_81' title="bbox 1905 3439 3505 3512">
     <span class='ocr_line' id='line_1_81' title="bbox 1905 3439 3505 3512; baseline 0.002 -17"><span class='ocrx_word' id='word_1_560' title='bbox 1905 3439 2202 3495; x_wconf 82' lang='lat' dir='ltr'><strong><em>Conﬁrmat</em></strong></span> <span class='ocrx_word' id='word_1_561' title='bbox 2247 3440 2574 3496; x_wconf 88' lang='lat' dir='ltr'><strong><em>Arntzeuius</em></strong></span> <span class='ocrx_word' id='word_1_562' title='bbox 2621 3439 2767 3512; x_wconf 86' lang='lat' dir='ltr'><strong><em>quod</em></strong></span> <span class='ocrx_word' id='word_1_563' title='bbox 2833 3441 2940 3496; x_wconf 90' lang='lat' dir='ltr'><strong><em>loc.</em></strong></span> <span class='ocrx_word' id='word_1_564' title='bbox 2989 3441 3084 3496; x_wconf 90' lang='lat' dir='ltr'><strong><em>cit.</em></strong></span> <span class='ocrx_word' id='word_1_565' title='bbox 3135 3442 3202 3497; x_wconf 91' lang='lat' dir='ltr'><strong><em>de</em></strong></span> <span class='ocrx_word' id='word_1_566' title='bbox 3243 3441 3505 3499; x_wconf 87' lang='lat' dir='ltr'><strong><em>Fabricio</em></strong></span> 
     </span>
    </p>
   </div>
   <div class='ocr_carea' id='block_1_82' title="bbox 1905 3515 3504 3606">
    <p class='ocr_par' dir='ltr' id='par_1_82' title="bbox 1905 3515 3504 3606">
     <span class='ocr_line' id='line_1_82' title="bbox 1905 3515 3504 3606; baseline 0.002 -16"><span class='ocrx_word' id='word_1_567' title='bbox 1905 3533 2013 3590; x_wconf 85' lang='lat' dir='ltr'><strong><em>dixi</em></strong></span> <span class='ocrx_word' id='word_1_568' title='bbox 2045 3553 2057 3588; x_wconf 89' lang='lat'><strong>:</strong></span> <span class='ocrx_word' id='word_1_569' title='bbox 2092 3533 2332 3589; x_wconf 83' lang='lat' dir='ltr'><strong><em>Permisit</em></strong></span> <span class='ocrx_word' id='word_1_570' title='bbox 2364 3535 2486 3601; x_wconf 83' lang='lat' dir='ltr'><strong><em>sibi,</em></strong></span> <span class='ocrx_word' id='word_1_571' title='bbox 2515 3537 2610 3603; x_wconf 84' lang='lat' dir='ltr'><strong><em>ait,</em></strong></span> <span class='ocrx_word' id='word_1_572' title='bbox 2642 3552 2744 3589; x_wconf 89' lang='lat' dir='ltr'><strong><em>uno</em></strong></span> <span class='ocrx_word' id='word_1_573' title='bbox 2771 3545 2818 3588; x_wconf 90' lang='lat' dir='ltr'><strong><em>et</em></strong></span> <span class='ocrx_word' id='word_1_574' title='bbox 2848 3536 3012 3590; x_wconf 82' lang='lat' dir='ltr'><strong><em>altero</em></strong></span> <span class='ocrx_word' id='word_1_575' title='bbox 3045 3534 3191 3603; x_wconf 87' lang='lat' dir='ltr'><strong><em>loco,</em></strong></span> <span class='ocrx_word' id='word_1_576' title='bbox 3223 3538 3360 3606; x_wconf 87' lang='lat' dir='ltr'><strong><em>quod</em></strong></span> <span class='ocrx_word' id='word_1_577' title='bbox 3399 3515 3504 3593; x_wconf 81' lang='lat' dir='ltr'><strong><em>non</em></strong></span> 
     </span>
    </p>
   </div>
   <div class='ocr_carea' id='block_1_83' title="bbox 1904 3624 3503 3702">
    <p class='ocr_par' dir='ltr' id='par_1_83' title="bbox 1904 3624 3503 3702">
     <span class='ocr_line' id='line_1_83' title="bbox 1904 3624 3503 3702; baseline 0.002 -20"><span class='ocrx_word' id='word_1_578' title='bbox 1904 3624 2134 3693; x_wconf 80' lang='lat' dir='ltr'><strong><em>debebat,</em></strong></span> <span class='ocrx_word' id='word_1_579' title='bbox 2145 3627 2326 3698; x_wconf 85' lang='lat' dir='ltr'><strong><em>judice</em></strong></span> <span class='ocrx_word' id='word_1_580' title='bbox 2345 3627 2587 3694; x_wconf 87' lang='lat' dir='ltr'><strong><em>Daumio,</em></strong></span> <span class='ocrx_word' id='word_1_581' title='bbox 2608 3629 2675 3681; x_wconf 88' lang='lat' dir='ltr'><strong><em>ad</em></strong></span> <span class='ocrx_word' id='word_1_582' title='bbox 2691 3627 2966 3683; x_wconf 86' lang='lat' dir='ltr'><strong><em>Heinsium</em></strong></span> <span class='ocrx_word' id='word_1_583' title='bbox 2989 3630 3143 3702; x_wconf 88' lang='lat' dir='ltr'><strong><em>epist.</em></strong></span> <span class='ocrx_word' id='word_1_584' title='bbox 3167 3632 3296 3697; x_wconf 67' lang='lat'><strong><em>2‘25,</em></strong></span> <span class='ocrx_word' id='word_1_585' title='bbox 3319 3639 3445 3686; x_wconf 87' lang='lat' dir='ltr'><strong><em>tom.</em></strong></span> <span class='ocrx_word' id='word_1_586' title='bbox 3466 3646 3503 3685; x_wconf 85' lang='lat' dir='ltr'><strong><em>v</em></strong></span> 
     </span>
    </p>
   </div>
   <div class='ocr_carea' id='block_1_84' title="bbox 1908 3719 3503 3796">
    <p class='ocr_par' dir='ltr' id='par_1_84' title="bbox 1908 3719 3503 3796">
     <span class='ocr_line' id='line_1_84' title="bbox 1908 3719 3503 3796; baseline 0 -18"><span class='ocrx_word' id='word_1_587' title='bbox 1908 3723 2041 3793; x_wconf 86' lang='lat' dir='ltr'><strong><em>Syll.</em></strong></span> <span class='ocrx_word' id='word_1_588' title='bbox 2072 3720 2257 3777; x_wconf 89' lang='lat' dir='ltr'><strong><em>Burm.</em></strong></span> <span class='ocrx_word' id='word_1_589' title='bbox 2291 3719 2440 3776; x_wconf 87' lang='lat' dir='ltr'><strong><em>Idem</em></strong></span> <span class='ocrx_word' id='word_1_590' title='bbox 2466 3738 2671 3793; x_wconf 85' lang='lat' dir='ltr'><strong><em>quoque</em></strong></span> <span class='ocrx_word' id='word_1_591' title='bbox 2695 3722 2796 3793; x_wconf 86' lang='lat' dir='ltr'><strong><em>egit</em></strong></span> <span class='ocrx_word' id='word_1_592' title='bbox 2825 3723 2878 3776; x_wconf 89' lang='lat' dir='ltr'><strong><em>in</em></strong></span> <span class='ocrx_word' id='word_1_593' title='bbox 2905 3722 3146 3789; x_wconf 84' lang='lat' dir='ltr'><strong><em>Sedulio,</em></strong></span> <span class='ocrx_word' id='word_1_594' title='bbox 3176 3724 3503 3796; x_wconf 86' lang='lat' dir='ltr'><strong><em>transpositis</em></strong></span> 
     </span>
    </p>
   </div>
   <div class='ocr_carea' id='block_1_85' title="bbox 1907 3814 3500 3890">
    <p class='ocr_par' dir='ltr' id='par_1_85' title="bbox 1907 3814 3500 3890">
     <span class='ocr_line' id='line_1_85' title="bbox 1907 3814 3500 3890; baseline 0.001 -20"><span class='ocrx_word' id='word_1_595' title='bbox 1907 3816 2202 3888; x_wconf 88' lang='lat' dir='ltr'><strong><em>plerumque</em></strong></span> <span class='ocrx_word' id='word_1_596' title='bbox 2224 3814 2407 3878; x_wconf 87' lang='lat' dir='ltr'><strong><em>verbis,</em></strong></span> <span class='ocrx_word' id='word_1_597' title='bbox 2447 3816 2492 3869; x_wconf 87' lang='lat' dir='ltr'><strong><em>si</em></strong></span> <span class='ocrx_word' id='word_1_598' title='bbox 2535 3817 2685 3869; x_wconf 88' lang='lat' dir='ltr'><strong><em>metri</em></strong></span> <span class='ocrx_word' id='word_1_599' title='bbox 2728 3815 2866 3885; x_wconf 88' lang='lat' dir='ltr'><strong><em>leges</em></strong></span> <span class='ocrx_word' id='word_1_600' title='bbox 2903 3817 3103 3888; x_wconf 87' lang='lat' dir='ltr'><strong><em>aliquid</em></strong></span> <span class='ocrx_word' id='word_1_601' title='bbox 3139 3817 3316 3871; x_wconf 84' lang='lat' dir='ltr'><strong><em>damni</em></strong></span> <span class='ocrx_word' id='word_1_602' title='bbox 3352 3827 3500 3890; x_wconf 86' lang='lat' dir='ltr'><strong><em>pate-</em></strong></span> 
     </span>
    </p>
   </div>
   <div class='ocr_carea' id='block_1_86' title="bbox 1909 3909 3500 3981">
    <p class='ocr_par' dir='ltr' id='par_1_86' title="bbox 1909 3909 3500 3981">
     <span class='ocr_line' id='line_1_86' title="bbox 1909 3909 3500 3981; baseline 0.003 -19"><span class='ocrx_word' id='word_1_603' title='bbox 1909 3919 2104 3973; x_wconf 85' lang='lat' dir='ltr'><strong><em>rentur,</em></strong></span> <span class='ocrx_word' id='word_1_604' title='bbox 2138 3925 2250 3980; x_wconf 81' lang='lat' dir='ltr'><strong><em>qute</em></strong></span> <span class='ocrx_word' id='word_1_605' title='bbox 2290 3910 2457 3979; x_wconf 87' lang='lat' dir='ltr'><strong><em>ipsius</em></strong></span> <span class='ocrx_word' id='word_1_606' title='bbox 2490 3909 2948 3981; x_wconf 86' lang='lat' dir='ltr'><strong><em>transpositiones,</em></strong></span> <span class='ocrx_word' id='word_1_607' title='bbox 2989 3911 3104 3965; x_wconf 85' lang='lat' dir='ltr'><strong><em>licet</em></strong></span> <span class='ocrx_word' id='word_1_608' title='bbox 3147 3912 3199 3965; x_wconf 89' lang='lat' dir='ltr'><strong><em>in</em></strong></span> <span class='ocrx_word' id='word_1_609' title='bbox 3238 3912 3500 3967; x_wconf 81' lang='lat' dir='ltr'><strong><em>codicibus</em></strong></span> 
     </span>
    </p>
   </div>
   <div class='ocr_carea' id='block_1_87' title="bbox 1870 4003 3500 4087">
    <p class='ocr_par' dir='ltr' id='par_1_87' title="bbox 1870 4003 3500 4087">
     <span class='ocr_line' id='line_1_87' title="bbox 1870 4003 3500 4087; baseline 0.001 -29"><span class='ocrx_word' id='word_1_610' title='bbox 1870 4075 1881 4087; x_wconf 46' lang='lat'><strong>.</strong></span> <span class='ocrx_word' id='word_1_611' title='bbox 1911 4005 2201 4081; x_wconf 71' lang='lat' dir='ltr'><strong><em>neutiquam</em></strong></span> <span class='ocrx_word' id='word_1_612' title='bbox 2229 4003 2477 4072; x_wconf 79' lang='lat' dir='ltr'><strong><em>fundatte,</em></strong></span> <span class='ocrx_word' id='word_1_613' title='bbox 2513 4011 2683 4056; x_wconf 88' lang='lat' dir='ltr'><strong><em>tamen</em></strong></span> <span class='ocrx_word' id='word_1_614' title='bbox 2714 4020 2747 4055; x_wconf 92' lang='lat' dir='ltr'><strong><em>a</em></strong></span> <span class='ocrx_word' id='word_1_615' title='bbox 2782 4003 3155 4075; x_wconf 87' lang='lat' dir='ltr'><strong><em>posterioribus</em></strong></span> <span class='ocrx_word' id='word_1_616' title='bbox 3194 4003 3343 4059; x_wconf 86' lang='lat' dir='ltr'><strong><em>avide</em></strong></span> <span class='ocrx_word' id='word_1_617' title='bbox 3381 4013 3500 4059; x_wconf 87' lang='lat' dir='ltr'><strong><em>sunt</em></strong></span> 
     </span>
    </p>
   </div>
   <div class='ocr_carea' id='block_1_88' title="bbox 1909 4094 3503 4168">
    <p class='ocr_par' dir='ltr' id='par_1_88' title="bbox 1909 4094 3503 4168">
     <span class='ocr_line' id='line_1_88' title="bbox 1909 4094 3503 4168; baseline 0.001 -17"><span class='ocrx_word' id='word_1_618' title='bbox 1909 4097 2170 4151; x_wconf 84' lang='lat' dir='ltr'><strong><em>interdum</em></strong></span> <span class='ocrx_word' id='word_1_619' title='bbox 2213 4105 2444 4168; x_wconf 69' lang='lat' dir='ltr'><strong><em>receptae.</em></strong></span> <span class='ocrx_word' id='word_1_620' title='bbox 2498 4094 2704 4167; x_wconf 77' lang='lat' dir='ltr'><strong><em>Swpius</em></strong></span> <span class='ocrx_word' id='word_1_621' title='bbox 2747 4095 2884 4148; x_wconf 88' lang='lat' dir='ltr'><strong><em>illud</em></strong></span> <span class='ocrx_word' id='word_1_622' title='bbox 2926 4097 2980 4149; x_wconf 89' lang='lat' dir='ltr'><strong><em>in</em></strong></span> <span class='ocrx_word' id='word_1_623' title='bbox 3024 4099 3340 4168; x_wconf 84' lang='lat' dir='ltr'><strong><em>transposita</em></strong></span> <span class='ocrx_word' id='word_1_624' title='bbox 3384 4113 3503 4153; x_wconf 85' lang='lat' dir='ltr'><strong><em>voce</em></strong></span> 
     </span>
    </p>
   </div>
   <div class='ocr_carea' id='block_1_89' title="bbox 1910 4187 3503 4260">
    <p class='ocr_par' dir='ltr' id='par_1_89' title="bbox 1910 4187 3503 4260">
     <span class='ocr_line' id='line_1_89' title="bbox 1910 4187 3503 4260; baseline 0 -14"><span class='ocrx_word' id='word_1_625' title='bbox 1910 4207 2047 4247; x_wconf 74' lang='lat' dir='ltr'><strong><em>JUGIS</em></strong></span> <span class='ocrx_word' id='word_1_626' title='bbox 2088 4191 2441 4257; x_wconf 81' lang='lat' dir='ltr'><strong><em>observavi,...</em></strong></span> <span class='ocrx_word' id='word_1_627' title='bbox 2475 4190 2602 4242; x_wconf 85' lang='lat' dir='ltr'><strong><em>licet</em></strong></span> <span class='ocrx_word' id='word_1_628' title='bbox 2635 4189 2690 4243; x_wconf 89' lang='lat' dir='ltr'><strong><em>in</em></strong></span> <span class='ocrx_word' id='word_1_629' title='bbox 2724 4189 3033 4260; x_wconf 84' lang='lat' dir='ltr'><strong><em>quibusdam</em></strong></span> <span class='ocrx_word' id='word_1_630' title='bbox 3071 4187 3348 4246; x_wconf 78' lang='lat' dir='ltr'><strong><em>Fabricius</em></strong></span> <span class='ocrx_word' id='word_1_631' title='bbox 3390 4207 3503 4247; x_wconf 57' lang='lat' dir='ltr'><strong><em>cer.</em></strong></span> 
     </span>
    </p>
   </div>
   <div class='ocr_carea' id='block_1_90' title="bbox 1913 4283 3217 4355">
    <p class='ocr_par' dir='ltr' id='par_1_90' title="bbox 1913 4283 3217 4355">
     <span class='ocr_line' id='line_1_90' title="bbox 1913 4283 3217 4355; baseline -0.001 -17"><span class='ocrx_word' id='word_1_632' title='bbox 1913 4285 2102 4338; x_wconf 82' lang='lat' dir='ltr'><strong><em>tissime</em></strong></span> <span class='ocrx_word' id='word_1_633' title='bbox 2131 4283 2361 4338; x_wconf 84' lang='lat' dir='ltr'><strong><em>habuerit</em></strong></span> <span class='ocrx_word' id='word_1_634' title='bbox 2391 4290 2700 4355; x_wconf 81' lang='lat' dir='ltr'><strong><em>prteeuntes,</em></strong></span> <span class='ocrx_word' id='word_1_635' title='bbox 2731 4298 2857 4352; x_wconf 89' lang='lat' dir='ltr'><strong><em>quos</em></strong></span> <span class='ocrx_word' id='word_1_636' title='bbox 2886 4289 3092 4336; x_wconf 85' lang='lat' dir='ltr'><strong><em>secutus</em></strong></span> <span class='ocrx_word' id='word_1_637' title='bbox 3122 4291 3217 4338; x_wconf 87' lang='lat' dir='ltr'><strong><em>est.</em></strong></span> 
     </span>
    </p>
   </div>
   <div class='ocr_carea' id='block_1_91' title="bbox 1987 4376 3507 4444">
    <p class='ocr_par' dir='ltr' id='par_1_91' title="bbox 1987 4376 3507 4444">
     <span class='ocr_line' id='line_1_91' title="bbox 1987 4376 3507 4444; baseline 0.004 -13"><span class='ocrx_word' id='word_1_638' title='bbox 1987 4377 2110 4432; x_wconf 85' lang='lat'><strong>119.</strong></span> <span class='ocrx_word' id='word_1_639' title='bbox 2146 4376 2322 4432; x_wconf 87' lang='lat' dir='ltr'><strong><em>Editio</em></strong></span> <span class='ocrx_word' id='word_1_640' title='bbox 2345 4393 2502 4443; x_wconf 81' lang='lat' dir='ltr'><strong>xxxx,</strong></span> <span class='ocrx_word' id='word_1_641' title='bbox 2527 4391 2670 4431; x_wconf 86' lang='lat' dir='ltr'><strong><em>anno</em></strong></span> <span class='ocrx_word' id='word_1_642' title='bbox 2697 4376 3007 4444; x_wconf 67' lang='lat' dir='ltr'><strong><em>15156,’eum</em></strong></span> <span class='ocrx_word' id='word_1_643' title='bbox 3030 4377 3273 4438; x_wconf 84' lang='lat' dir='ltr'><strong><em>Juvenco</em></strong></span> <span class='ocrx_word' id='word_1_644' title='bbox 3293 4387 3350 4436; x_wconf 89' lang='lat' dir='ltr'><strong><em>et</em></strong></span> <span class='ocrx_word' id='word_1_645' title='bbox 3372 4386 3507 4436; x_wconf 83' lang='lat' dir='ltr'><strong><em>Ara-</em></strong></span> 
     </span>
    </p>
   </div>
   <div class='ocr_carea' id='block_1_92' title="bbox 1917 4467 3509 4540">
    <p class='ocr_par' dir='ltr' id='par_1_92' title="bbox 1917 4467 3509 4540">
     <span class='ocr_line' id='line_1_92' title="bbox 1917 4467 3509 4540; baseline 0.003 -15"><span class='ocrx_word' id='word_1_646' title='bbox 1917 4480 2052 4536; x_wconf 88' lang='lat' dir='ltr'><strong><em>tore,</em></strong></span> <span class='ocrx_word' id='word_1_647' title='bbox 2085 4471 2254 4536; x_wconf 68' lang='lat' dir='ltr'><strong><em>in-19,</em></strong></span> <span class='ocrx_word' id='word_1_648' title='bbox 2283 4480 2372 4524; x_wconf 88' lang='lat' dir='ltr'><strong><em>aut</em></strong></span> <span class='ocrx_word' id='word_1_649' title='bbox 2402 4470 2491 4539; x_wconf 87' lang='lat'><strong><em>16,</em></strong></span> <span class='ocrx_word' id='word_1_650' title='bbox 2516 4484 2678 4540; x_wconf 87' lang='lat' dir='ltr'><strong><em>quam</em></strong></span> <span class='ocrx_word' id='word_1_651' title='bbox 2707 4467 3098 4525; x_wconf 67' lang='lat' dir='ltr'><strong><em>Tornaesianam</em></strong></span> <span class='ocrx_word' id='word_1_652' title='bbox 3126 4471 3158 4524; x_wconf 74' lang='lat'><strong>2</strong></span> <span class='ocrx_word' id='word_1_653' title='bbox 3183 4472 3509 4529; x_wconf 86' lang='lat' dir='ltr'><strong><em>Arntzcnius</em></strong></span> 
     </span>
    </p>
   </div>
   <div class='ocr_carea' id='block_1_93' title="bbox 219 4538 3512 4637">
    <p class='ocr_par' dir='ltr' id='par_1_93' title="bbox 219 4538 3512 4637">
     <span class='ocr_line' id='line_1_93' title="bbox 219 4538 3512 4637; baseline -0.002 -11"><span class='ocrx_word' id='word_1_654' title='bbox 219 4572 336 4626; x_wconf 88' lang='lat' dir='ltr'><strong><em>dem</em></strong></span> <span class='ocrx_word' id='word_1_655' title='bbox 363 4569 764 4626; x_wconf 86' lang='lat' dir='ltr'><strong><em>commentariis.</em></strong></span> <span class='ocrx_word' id='word_1_656' title='bbox 803 4568 990 4623; x_wconf 89' lang='lat' dir='ltr'><strong><em>Omnia</em></strong></span> <span class='ocrx_word' id='word_1_657' title='bbox 1029 4568 1097 4621; x_wconf 87' lang='lat' dir='ltr'><strong><em>ad</em></strong></span> <span class='ocrx_word' id='word_1_658' title='bbox 1125 4568 1467 4623; x_wconf 80' lang='lat' dir='ltr'><strong><em>vetustissima</em></strong></span> <span class='ocrx_word' id='word_1_659' title='bbox 1499 4565 1813 4637; x_wconf 78' lang='lat' dir='ltr'><strong><em>exemplaria</em></strong></span> <span class='ocrx_word' id='word_1_660' title='bbox 1839 4538 1893 4598; x_wconf 82' lang='lat' dir='ltr'><strong>D</strong></span> <span class='ocrx_word' id='word_1_661' title='bbox 1920 4576 2095 4621; x_wconf 88' lang='lat' dir='ltr'><strong><em>vocat.</em></strong></span> <span class='ocrx_word' id='word_1_662' title='bbox 2146 4566 2218 4620; x_wconf 86' lang='lat' dir='ltr'><strong><em>Ea</em></strong></span> <span class='ocrx_word' id='word_1_663' title='bbox 2248 4566 2408 4620; x_wconf 88' lang='lat' dir='ltr'><strong><em>etiam</em></strong></span> <span class='ocrx_word' id='word_1_664' title='bbox 2437 4579 2539 4635; x_wconf 89' lang='lat' dir='ltr'><strong><em>ego</em></strong></span> <span class='ocrx_word' id='word_1_665' title='bbox 2567 4579 2696 4618; x_wconf 90' lang='lat' dir='ltr'><strong><em>usus</em></strong></span> <span class='ocrx_word' id='word_1_666' title='bbox 2727 4578 2845 4618; x_wconf 91' lang='lat' dir='ltr'><strong><em>sum</em></strong></span> <span class='ocrx_word' id='word_1_667' title='bbox 2875 4579 2941 4620; x_wconf 85' lang='lat' dir='ltr'><strong>ex</strong></span> <span class='ocrx_word' id='word_1_668' title='bbox 2969 4564 3399 4634; x_wconf 87' lang='lat' dir='ltr'><strong><em>locupletissima</em></strong></span> <span class='ocrx_word' id='word_1_669' title='bbox 3432 4567 3512 4621; x_wconf 90' lang='lat' dir='ltr'><strong><em>bi-</em></strong></span> 
     </span>
    </p>
   </div>
   <div class='ocr_carea' id='block_1_94' title="bbox 220 4659 1817 4736">
    <p class='ocr_par' dir='ltr' id='par_1_94' title="bbox 220 4659 1817 4736">
     <span class='ocr_line' id='line_1_94' title="bbox 220 4659 1817 4736; baseline -0.006 -15"><span class='ocrx_word' id='word_1_670' title='bbox 220 4663 415 4721; x_wconf 85' lang='lat' dir='ltr'><strong><em>collata</em></strong></span> <span class='ocrx_word' id='word_1_671' title='bbox 441 4672 487 4717; x_wconf 92' lang='lat' dir='ltr'><strong><em>et</em></strong></span> <span class='ocrx_word' id='word_1_672' title='bbox 517 4663 789 4736; x_wconf 87' lang='lat' dir='ltr'><strong><em>castigata.</em></strong></span> <span class='ocrx_word' id='word_1_673' title='bbox 823 4660 1065 4727; x_wconf 72' lang='lat' dir='ltr'><strong><em>Basileaz,</em></strong></span> <span class='ocrx_word' id='word_1_674' title='bbox 1097 4678 1234 4715; x_wconf 90' lang='lat' dir='ltr'><strong><em>anno</em></strong></span> <span class='ocrx_word' id='word_1_675' title='bbox 1279 4677 1460 4716; x_wconf 77' lang='lat' dir='ltr'><strong><em>nexu.</em></strong></span> <span class='ocrx_word' id='word_1_676' title='bbox 1493 4660 1663 4730; x_wconf 89' lang='lat' dir='ltr'><strong><em>llujus</em></strong></span> <span class='ocrx_word' id='word_1_677' title='bbox 1699 4659 1817 4714; x_wconf 89' lang='lat' dir='ltr'><strong><em>edi-</em></strong></span> 
     </span>
    </p>
   </div>
   <div class='ocr_carea' id='block_1_95' title="bbox 221 4754 1816 4829">
    <p class='ocr_par' dir='ltr' id='par_1_95' title="bbox 221 4754 1816 4829">
     <span class='ocr_line' id='line_1_95' title="bbox 221 4754 1816 4829; baseline -0.005 -13"><span class='ocrx_word' id='word_1_678' title='bbox 221 4761 388 4816; x_wconf 90' lang='lat' dir='ltr'><strong><em>tionis</em></strong></span> <span class='ocrx_word' id='word_1_679' title='bbox 431 4757 655 4814; x_wconf 83' lang='lat' dir='ltr'><strong><em>meuxini</em></strong></span> <span class='ocrx_word' id='word_1_680' title='bbox 685 4773 899 4829; x_wconf 89' lang='lat' dir='ltr'><strong><em>quoque</em></strong></span> <span class='ocrx_word' id='word_1_681' title='bbox 940 4758 996 4812; x_wconf 91' lang='lat' dir='ltr'><strong><em>in</em></strong></span> <span class='ocrx_word' id='word_1_682' title='bbox 1039 4757 1346 4828; x_wconf 84' lang='lat' dir='ltr'><strong><em>Prolegom.</em></strong></span> <span class='ocrx_word' id='word_1_683' title='bbox 1383 4756 1449 4810; x_wconf 88' lang='lat' dir='ltr'><strong><em>ad</em></strong></span> <span class='ocrx_word' id='word_1_684' title='bbox 1495 4754 1816 4820; x_wconf 69' lang='lat' dir='ltr'><strong><em>Iuvencum,</em></strong></span> 
     </span>
    </p>
   </div>
   <div class='ocr_carea' id='block_1_96' title="bbox 225 4846 1822 4921">
    <p class='ocr_par' dir='ltr' id='par_1_96' title="bbox 225 4846 1822 4921">
     <span class='ocr_line' id='line_1_96' title="bbox 225 4846 1822 4921; baseline -0.004 -13"><span class='ocrx_word' id='word_1_685' title='bbox 225 4868 376 4908; x_wconf 90' lang='lat' dir='ltr'><strong><em>num.</em></strong></span> <span class='ocrx_word' id='word_1_686' title='bbox 407 4852 494 4906; x_wconf 89' lang='lat'><strong>71.</strong></span> <span class='ocrx_word' id='word_1_687' title='bbox 521 4849 915 4921; x_wconf 84' lang='lat' dir='ltr'><strong><em>Typographus</em></strong></span> <span class='ocrx_word' id='word_1_688' title='bbox 943 4859 1028 4906; x_wconf 92' lang='lat' dir='ltr'><strong><em>est</em></strong></span> <span class='ocrx_word' id='word_1_689' title='bbox 1050 4849 1484 4914; x_wconf 87' lang='lat' dir='ltr'><strong><em>Westhemerus,</em></strong></span> <span class='ocrx_word' id='word_1_690' title='bbox 1513 4850 1604 4918; x_wconf 89' lang='lat' dir='ltr'><strong><em>qui</em></strong></span> <span class='ocrx_word' id='word_1_691' title='bbox 1627 4846 1822 4919; x_wconf 73' lang='lat' dir='ltr'><strong><em>praefa-</em></strong></span> 
     </span>
    </p>
   </div>
   <div class='ocr_carea' id='block_1_97' title="bbox 228 4941 1820 5014">
    <p class='ocr_par' dir='ltr' id='par_1_97' title="bbox 228 4941 1820 5014">
     <span class='ocr_line' id='line_1_97' title="bbox 228 4941 1820 5014; baseline -0.003 -13"><span class='ocrx_word' id='word_1_692' title='bbox 228 4948 430 5001; x_wconf 90' lang='lat' dir='ltr'><strong><em>tionem</em></strong></span> <span class='ocrx_word' id='word_1_693' title='bbox 462 4959 680 5014; x_wconf 89' lang='lat' dir='ltr'><strong><em>quoque</em></strong></span> <span class='ocrx_word' id='word_1_694' title='bbox 706 4943 923 5013; x_wconf 89' lang='lat' dir='ltr'><strong><em>adjecit.</em></strong></span> <span class='ocrx_word' id='word_1_695' title='bbox 956 4943 1334 5000; x_wconf 79' lang='lat' dir='ltr'><strong><em>Nebrissensis</em></strong></span> <span class='ocrx_word' id='word_1_696' title='bbox 1364 4943 1736 5000; x_wconf 87' lang='lat' dir='ltr'><strong><em>enarrationes</em></strong></span> <span class='ocrx_word' id='word_1_697' title='bbox 1767 4941 1820 4996; x_wconf 90' lang='lat' dir='ltr'><strong><em>in</em></strong></span> 
     </span>
    </p>
   </div>
   <div class='ocr_carea' id='block_1_98' title="bbox 232 5038 1823 5119">
    <p class='ocr_par' dir='ltr' id='par_1_98' title="bbox 232 5038 1823 5119">
     <span class='ocr_line' id='line_1_98' title="bbox 232 5038 1823 5119; baseline -0.003 -21"><span class='ocrx_word' id='word_1_698' title='bbox 232 5043 329 5098; x_wconf 88' lang='lat' dir='ltr'><strong><em>hac</em></strong></span> <span class='ocrx_word' id='word_1_699' title='bbox 363 5051 569 5096; x_wconf 90' lang='lat' dir='ltr'><strong><em>tantum</em></strong></span> <span class='ocrx_word' id='word_1_700' title='bbox 592 5040 833 5096; x_wconf 86' lang='lat' dir='ltr'><strong><em>editione</em></strong></span> <span class='ocrx_word' id='word_1_701' title='bbox 853 5039 961 5094; x_wconf 89' lang='lat' dir='ltr'><strong><em>vidi</em></strong></span> <span class='ocrx_word' id='word_1_702' title='bbox 992 5057 1005 5092; x_wconf 90' lang='lat'>:</span> <span class='ocrx_word' id='word_1_703' title='bbox 1031 5039 1385 5119; x_wconf 66' lang='lat' dir='ltr'><strong><em>Arntzznius,</em></strong></span> <span class='ocrx_word' id='word_1_704' title='bbox 1407 5038 1608 5110; x_wconf 89' lang='lat' dir='ltr'><strong><em>aliique</em></strong></span> <span class='ocrx_word' id='word_1_705' title='bbox 1634 5054 1823 5096; x_wconf 89' lang='lat' dir='ltr'><strong><em>recen-</em></strong></span> 
     </span>
    </p>
   </div>
   <div class='ocr_carea' id='block_1_99' title="bbox 231 5133 1822 5205">
    <p class='ocr_par' dir='ltr' id='par_1_99' title="bbox 231 5133 1822 5205">
     <span class='ocr_line' id='line_1_99' title="bbox 231 5133 1822 5205; baseline -0.001 -15"><span class='ocrx_word' id='word_1_706' title='bbox 231 5145 312 5191; x_wconf 88' lang='lat' dir='ltr'><strong><em>tes</em></strong></span> <span class='ocrx_word' id='word_1_707' title='bbox 342 5135 583 5191; x_wconf 87' lang='lat' dir='ltr'><strong><em>editores</em></strong></span> <span class='ocrx_word' id='word_1_708' title='bbox 610 5133 817 5189; x_wconf 89' lang='lat' dir='ltr'><strong><em>Sedulii</em></strong></span> <span class='ocrx_word' id='word_1_709' title='bbox 840 5133 1061 5188; x_wconf 82' lang='lat' dir='ltr'><strong><em>omnino</em></strong></span> <span class='ocrx_word' id='word_1_710' title='bbox 1084 5134 1166 5187; x_wconf 84' lang='lat' dir='ltr'><strong><em>lxis</em></strong></span> <span class='ocrx_word' id='word_1_711' title='bbox 1187 5143 1500 5188; x_wconf 77' lang='lat' dir='ltr'><strong><em>caruerunt.</em></strong></span> <span class='ocrx_word' id='word_1_712' title='bbox 1533 5134 1662 5188; x_wconf 87' lang='lat' dir='ltr'><strong><em>Post</em></strong></span> <span class='ocrx_word' id='word_1_713' title='bbox 1685 5149 1822 5205; x_wconf 76' lang='lat' dir='ltr'><strong><em>prte-</em></strong></span> 
     </span>
    </p>
   </div>
   <div class='ocr_carea' id='block_1_100' title="bbox 233 5225 1824 5296">
    <p class='ocr_par' dir='ltr' id='par_1_100' title="bbox 233 5225 1824 5296">
     <span class='ocr_line' id='line_1_100' title="bbox 233 5225 1824 5296; baseline -0.003 -13"><span class='ocrx_word' id='word_1_714' title='bbox 233 5229 493 5284; x_wconf 85' lang='lat' dir='ltr'><strong><em>fationeux</em></strong></span> <span class='ocrx_word' id='word_1_715' title='bbox 523 5226 921 5292; x_wconf 78' lang='lat' dir='ltr'><strong><em>Nebrissensis,</em></strong></span> <span class='ocrx_word' id='word_1_716' title='bbox 954 5227 1321 5296; x_wconf 83' lang='lat' dir='ltr'><strong><em>praetermissa</em></strong></span> <span class='ocrx_word' id='word_1_717' title='bbox 1350 5226 1580 5294; x_wconf 85' lang='lat' dir='ltr'><strong><em>epistola</em></strong></span> <span class='ocrx_word' id='word_1_718' title='bbox 1613 5225 1679 5280; x_wconf 86' lang='lat' dir='ltr'><strong><em>ad</em></strong></span> <span class='ocrx_word' id='word_1_719' title='bbox 1712 5226 1824 5280; x_wconf 78' lang='lat' dir='ltr'><strong><em>Ma-</em></strong></span> 
     </span>
    </p>
   </div>
   <div class='ocr_carea' id='block_1_101' title="bbox 233 5317 1820 5392">
    <p class='ocr_par' dir='ltr' id='par_1_101' title="bbox 233 5317 1820 5392">
     <span class='ocr_line' id='line_1_101' title="bbox 233 5317 1820 5392; baseline -0.004 -12"><span class='ocrx_word' id='word_1_720' title='bbox 233 5322 561 5388; x_wconf 89' lang='lat' dir='ltr'><strong><em>cedonium,</em></strong></span> <span class='ocrx_word' id='word_1_721' title='bbox 615 5322 803 5391; x_wconf 87' lang='lat' dir='ltr'><strong><em>incipit</em></strong></span> <span class='ocrx_word' id='word_1_722' title='bbox 845 5321 1103 5392; x_wconf 87' lang='lat' dir='ltr'><strong><em>prologus</em></strong></span> <span class='ocrx_word' id='word_1_723' title='bbox 1142 5319 1402 5375; x_wconf 89' lang='lat' dir='ltr'><strong><em>metricus</em></strong></span> <span class='ocrx_word' id='word_1_724' title='bbox 1444 5319 1649 5375; x_wconf 88' lang='lat' dir='ltr'><strong><em>Sedulii</em></strong></span> <span class='ocrx_word' id='word_1_725' title='bbox 1712 5317 1820 5373; x_wconf 89' lang='lat' dir='ltr'><strong><em>Pa-</em></strong></span> 
     </span>
    </p>
   </div>
   <div class='ocr_carea' id='block_1_102' title="bbox 235 5416 1822 5488">
    <p class='ocr_par' dir='ltr' id='par_1_102' title="bbox 235 5416 1822 5488">
     <span class='ocr_line' id='line_1_102' title="bbox 235 5416 1822 5488; baseline -0.003 -13"><span class='ocrx_word' id='word_1_726' title='bbox 235 5420 433 5475; x_wconf 85' lang='lat' dir='ltr'><strong><em>schales</em></strong></span> <span class='ocrx_word' id='word_1_727' title='bbox 465 5435 482 5472; x_wconf 92' lang='lat'><strong><em>:</em></strong></span> <span class='ocrx_word' id='word_1_728' title='bbox 513 5428 622 5473; x_wconf 90' lang='lat' dir='ltr'><strong><em>tum</em></strong></span> <span class='ocrx_word' id='word_1_729' title='bbox 651 5434 870 5474; x_wconf 87' lang='lat' dir='ltr'><strong><em>carmen</em></strong></span> <span class='ocrx_word' id='word_1_730' title='bbox 891 5418 942 5473; x_wconf 88' lang='lat' dir='ltr'><strong><em>in</em></strong></span> <span class='ocrx_word' id='word_1_731' title='bbox 969 5417 1205 5488; x_wconf 89' lang='lat' dir='ltr'><strong><em>quinque</em></strong></span> <span class='ocrx_word' id='word_1_732' title='bbox 1247 5416 1416 5471; x_wconf 86' lang='lat' dir='ltr'><strong><em>libros</em></strong></span> <span class='ocrx_word' id='word_1_733' title='bbox 1441 5416 1822 5485; x_wconf 86' lang='lat' dir='ltr'><strong><em>distributum;</em></strong></span> 
     </span>
    </p>
   </div>
   <div class='ocr_carea' id='block_1_103' title="bbox 238 5508 1826 5583">
    <p class='ocr_par' dir='ltr' id='par_1_103' title="bbox 238 5508 1826 5583">
     <span class='ocr_line' id='line_1_103' title="bbox 238 5508 1826 5583; baseline -0.003 -15"><span class='ocrx_word' id='word_1_734' title='bbox 238 5512 434 5569; x_wconf 84' lang='lat' dir='ltr'><strong><em>deinde</em></strong></span> <span class='ocrx_word' id='word_1_735' title='bbox 463 5528 479 5566; x_wconf 85' lang='lat'><strong>:</strong></span> <span class='ocrx_word' id='word_1_736' title='bbox 512 5508 707 5580; x_wconf 83' lang='lat' dir='ltr'><strong><em>Incipit</em></strong></span> <span class='ocrx_word' id='word_1_737' title='bbox 735 5511 954 5582; x_wconf 78' lang='lat' dir='ltr'><strong><em>hymnus</em></strong></span> <span class='ocrx_word' id='word_1_738' title='bbox 979 5510 1228 5583; x_wconf 85' lang='lat' dir='ltr'><strong><em>ejusdem,</em></strong></span> <span class='ocrx_word' id='word_1_739' title='bbox 1250 5519 1357 5564; x_wconf 88' lang='lat' dir='ltr'><strong><em>etc.</em></strong></span> <span class='ocrx_word' id='word_1_740' title='bbox 1387 5509 1513 5563; x_wconf 64' lang='lat' dir='ltr'><strong><em>“int:</em></strong></span> <span class='ocrx_word' id='word_1_741' title='bbox 1540 5519 1626 5564; x_wconf 84' lang='lat' dir='ltr'><strong><em>est</em></strong></span> <span class='ocrx_word' id='word_1_742' title='bbox 1655 5511 1826 5581; x_wconf 82' lang='lat' dir='ltr'><strong><em>elegia</em></strong></span> 
     </span>
    </p>
   </div>
   <div class='ocr_carea' id='block_1_104' title="bbox 239 5601 1828 5674">
    <p class='ocr_par' dir='ltr' id='par_1_104' title="bbox 239 5601 1828 5674">
     <span class='ocr_line' id='line_1_104' title="bbox 239 5601 1828 5674; baseline -0.004 -10"><span class='ocrx_word' id='word_1_743' title='bbox 239 5610 534 5665; x_wconf 83' lang='lat' dir='ltr'><strong><em>Cantemus.</em></strong></span> <span class='ocrx_word' id='word_1_744' title='bbox 566 5605 852 5661; x_wconf 84' lang='lat' dir='ltr'><strong><em>Postremo</em></strong></span> <span class='ocrx_word' id='word_1_745' title='bbox 882 5623 894 5658; x_wconf 91' lang='lat'>:</span> <span class='ocrx_word' id='word_1_746' title='bbox 925 5603 1128 5659; x_wconf 82' lang='lat' dir='ltr'><strong><em>Sedulii</em></strong></span> <span class='ocrx_word' id='word_1_747' title='bbox 1154 5603 1434 5674; x_wconf 82' lang='lat' dir='ltr'><strong><em>presbyteri</em></strong></span> <span class='ocrx_word' id='word_1_748' title='bbox 1455 5601 1672 5673; x_wconf 80' lang='lat' dir='ltr'><strong><em>hymnus</em></strong></span> <span class='ocrx_word' id='word_1_749' title='bbox 1699 5604 1828 5658; x_wconf 87' lang='lat' dir='ltr'><strong><em>iam-</em></strong></span> 
     </span>
    </p>
   </div>
   <div class='ocr_carea' id='block_1_105' title="bbox 243 5695 1830 5768">
    <p class='ocr_par' dir='ltr' id='par_1_105' title="bbox 243 5695 1830 5768">
     <span class='ocr_line' id='line_1_105' title="bbox 243 5695 1830 5768; baseline -0.002 -12"><span class='ocrx_word' id='word_1_750' title='bbox 243 5703 378 5756; x_wconf 85' lang='lat' dir='ltr'><strong><em>bicus</em></strong></span> <span class='ocrx_word' id='word_1_751' title='bbox 421 5701 658 5768; x_wconf 84' lang='lat' dir='ltr'><strong><em>dimeter,</em></strong></span> <span class='ocrx_word' id='word_1_752' title='bbox 703 5708 808 5754; x_wconf 90' lang='lat' dir='ltr'><strong><em>etc.</em></strong></span> <span class='ocrx_word' id='word_1_753' title='bbox 855 5699 1244 5755; x_wconf 86' lang='lat' dir='ltr'><strong><em>Enarrationes</em></strong></span> <span class='ocrx_word' id='word_1_754' title='bbox 1279 5695 1649 5752; x_wconf 84' lang='lat' dir='ltr'><strong><em>Nebrissensis</em></strong></span> <span class='ocrx_word' id='word_1_755' title='bbox 1689 5697 1830 5753; x_wconf 87' lang='lat' dir='ltr'><strong><em>inter</em></strong></span> 
     </span>
    </p>
   </div>
   <div class='ocr_carea' id='block_1_106' title="bbox 243 5796 833 5855">
    <p class='ocr_par' dir='ltr' id='par_1_106' title="bbox 243 5796 833 5855">
     <span class='ocr_line' id='line_1_106' title="bbox 243 5796 833 5855; baseline -0.007 -2"><span class='ocrx_word' id='word_1_756' title='bbox 243 5813 435 5855; x_wconf 84' lang='lat' dir='ltr'><strong><em>versus</em></strong></span> <span class='ocrx_word' id='word_1_757' title='bbox 473 5796 833 5853; x_wconf 87' lang='lat' dir='ltr'><strong><em>collocantur.</em></strong></span> 
     </span>
    </p>
   </div>
   <div class='ocr_carea' id='block_1_107' title="bbox 1922 4658 3510 4730">
    <p class='ocr_par' dir='ltr' id='par_1_107' title="bbox 1922 4658 3510 4730">
     <span class='ocr_line' id='line_1_107' title="bbox 1922 4658 3510 4730; baseline 0.001 -14"><span class='ocrx_word' id='word_1_758' title='bbox 1922 4661 2186 4716; x_wconf 84' lang='lat' dir='ltr'><strong><em>bliotlxcca</em></strong></span> <span class='ocrx_word' id='word_1_759' title='bbox 2220 4659 2409 4730; x_wconf 87' lang='lat' dir='ltr'><strong><em>optimi</em></strong></span> <span class='ocrx_word' id='word_1_760' title='bbox 2439 4658 2700 4730; x_wconf 88' lang='lat' dir='ltr'><strong><em>principis</em></strong></span> <span class='ocrx_word' id='word_1_761' title='bbox 2721 4701 2737 4726; x_wconf 92' lang='lat'><strong>,</strong></span> <span class='ocrx_word' id='word_1_762' title='bbox 2767 4658 3186 4715; x_wconf 87' lang='lat' dir='ltr'><strong><em>eminentissimi</em></strong></span> <span class='ocrx_word' id='word_1_763' title='bbox 3215 4660 3510 4718; x_wconf 86' lang='lat' dir='ltr'><strong><em>cardinalis</em></strong></span> 
     </span>
    </p>
   </div>
   <div class='ocr_carea' id='block_1_108' title="bbox 1923 4751 3507 4826">
    <p class='ocr_par' dir='ltr' id='par_1_108' title="bbox 1923 4751 3507 4826">
     <span class='ocr_line' id='line_1_108' title="bbox 1923 4751 3507 4826; baseline 0.003 -18"><span class='ocrx_word' id='word_1_764' title='bbox 1923 4754 2164 4810; x_wconf 85' lang='lat' dir='ltr'><strong><em>Valentis</em></strong></span> <span class='ocrx_word' id='word_1_765' title='bbox 2193 4752 2479 4826; x_wconf 70' lang='lat' dir='ltr'><strong><em>Gonzagaa.</em></strong></span> <span class='ocrx_word' id='word_1_766' title='bbox 2518 4751 2724 4810; x_wconf 83' lang='lat' dir='ltr'><strong><em>Confer</em></strong></span> <span class='ocrx_word' id='word_1_767' title='bbox 2756 4754 3056 4825; x_wconf 87' lang='lat' dir='ltr'><strong><em>prolegom.</em></strong></span> <span class='ocrx_word' id='word_1_768' title='bbox 3110 4754 3177 4809; x_wconf 88' lang='lat' dir='ltr'><strong><em>ad</em></strong></span> <span class='ocrx_word' id='word_1_769' title='bbox 3207 4754 3507 4812; x_wconf 82' lang='lat' dir='ltr'><strong><em>Juvencum</em></strong></span> 
     </span>
    </p>
   </div>
   <div class='ocr_carea' id='block_1_109' title="bbox 1926 4850 2192 4906">
    <p class='ocr_par' dir='ltr' id='par_1_109' title="bbox 1926 4850 2192 4906">
     <span class='ocr_line' id='line_1_109' title="bbox 1926 4850 2192 4906; baseline -0.008 0"><span class='ocrx_word' id='word_1_770' title='bbox 1926 4866 2071 4906; x_wconf 91' lang='lat' dir='ltr'><strong><em>num.</em></strong></span> <span class='ocrx_word' id='word_1_771' title='bbox 2102 4850 2192 4905; x_wconf 91' lang='lat'><strong><em>78.</em></strong></span> 
     </span>
    </p>
   </div>
   <div class='ocr_carea' id='block_1_110' title="bbox 1999 4942 3509 5021">
    <p class='ocr_par' dir='ltr' id='par_1_110' title="bbox 1999 4942 3509 5021">
     <span class='ocr_line' id='line_1_110' title="bbox 1999 4942 3509 5021; baseline 0.001 -22"><span class='ocrx_word' id='word_1_772' title='bbox 1999 4945 2118 5001; x_wconf 71' lang='lat'><strong><em>120.</em></strong></span> <span class='ocrx_word' id='word_1_773' title='bbox 2160 4945 2338 5001; x_wconf 89' lang='lat' dir='ltr'><strong><em>Editio</em></strong></span> <span class='ocrx_word' id='word_1_774' title='bbox 2363 4961 2493 5012; x_wconf 78' lang='lat' dir='ltr'><strong>xxx,</strong></span> <span class='ocrx_word' id='word_1_775' title='bbox 2516 4960 2657 5001; x_wconf 88' lang='lat' dir='ltr'><strong><em>anno</em></strong></span> <span class='ocrx_word' id='word_1_776' title='bbox 2685 4944 2838 5001; x_wconf 79' lang='grc'><strong>1568.</strong></span> <span class='ocrx_word' id='word_1_777' title='bbox 2866 4942 3091 5021; x_wconf 61' lang='lat' dir='ltr'><strong><em>Lipsius,</em></strong></span> <span class='ocrx_word' id='word_1_778' title='bbox 3124 4952 3180 4998; x_wconf 90' lang='lat' dir='ltr'><strong><em>ut</em></strong></span> <span class='ocrx_word' id='word_1_779' title='bbox 3204 4943 3509 5002; x_wconf 86' lang='lat' dir='ltr'><strong><em>Ceillierxus</em></strong></span> 
     </span>
    </p>
   </div>
   <div class='ocr_carea' id='block_1_111' title="bbox 1927 5036 3513 5109">
    <p class='ocr_par' dir='ltr' id='par_1_111' title="bbox 1927 5036 3513 5109">
     <span class='ocr_line' id='line_1_111' title="bbox 1927 5036 3513 5109; baseline -0.001 -14"><span class='ocrx_word' id='word_1_780' title='bbox 1927 5039 2104 5105; x_wconf 80' lang='lat' dir='ltr'><strong><em>refert,</em></strong></span> <span class='ocrx_word' id='word_1_781' title='bbox 2135 5039 2226 5108; x_wconf 92' lang='lat' dir='ltr'><strong><em>qui</em></strong></span> <span class='ocrx_word' id='word_1_782' title='bbox 2256 5041 2486 5095; x_wconf 83' lang='lat' dir='ltr'><strong><em>afﬁrmat</em></strong></span> <span class='ocrx_word' id='word_1_783' title='bbox 2518 5054 2639 5095; x_wconf 90' lang='lat' dir='ltr'><strong><em>esse</em></strong></span> <span class='ocrx_word' id='word_1_784' title='bbox 2675 5039 2840 5103; x_wconf 75' lang='grc' dir='ltr'>ιιι-80,</span> <span class='ocrx_word' id='word_1_785' title='bbox 2868 5052 2990 5093; x_wconf 90' lang='lat' dir='ltr'><strong><em>cum</em></strong></span> <span class='ocrx_word' id='word_1_786' title='bbox 3015 5036 3138 5092; x_wconf 90' lang='lat' dir='ltr'><strong><em>aliis</em></strong></span> <span class='ocrx_word' id='word_1_787' title='bbox 3170 5040 3345 5109; x_wconf 87' lang='lat' dir='ltr'><strong><em>poetis</em></strong></span> <span class='ocrx_word' id='word_1_788' title='bbox 3367 5039 3513 5094; x_wconf 89' lang='lat' dir='ltr'><strong><em>chri-</em></strong></span> 
     </span>
    </p>
   </div>
   <div class='ocr_carea' id='block_1_112' title="bbox 1927 5130 3512 5202">
    <p class='ocr_par' dir='ltr' id='par_1_112' title="bbox 1927 5130 3512 5202">
     <span class='ocr_line' id='line_1_112' title="bbox 1927 5130 3512 5202; baseline 0.001 -14"><span class='ocrx_word' id='word_1_789' title='bbox 1927 5134 2492 5202; x_wconf 86' lang='lat' dir='ltr'><strong><em>stianis,procuratam</em></strong></span> <span class='ocrx_word' id='word_1_790' title='bbox 2523 5149 2552 5187; x_wconf 90' lang='lat' dir='ltr'><strong><em>a</em></strong></span> <span class='ocrx_word' id='word_1_791' title='bbox 2574 5131 2640 5187; x_wconf 91' lang='lat' dir='ltr'><strong><em>G.</em></strong></span> <span class='ocrx_word' id='word_1_792' title='bbox 2670 5130 2940 5187; x_wconf 84' lang='lat' dir='ltr'><strong><em>Fabricio.</em></strong></span> <span class='ocrx_word' id='word_1_793' title='bbox 2967 5131 3020 5185; x_wconf 91' lang='lat' dir='ltr'><strong><em>ld</em></strong></span> <span class='ocrx_word' id='word_1_794' title='bbox 3054 5130 3190 5185; x_wconf 89' lang='lat' dir='ltr'><strong><em>nihil</em></strong></span> <span class='ocrx_word' id='word_1_795' title='bbox 3216 5132 3359 5188; x_wconf 90' lang='lat' dir='ltr'><strong><em>aliud</em></strong></span> <span class='ocrx_word' id='word_1_796' title='bbox 3389 5149 3512 5189; x_wconf 90' lang='lat' dir='ltr'><strong><em>esse</em></strong></span> 
     </span>
    </p>
   </div>
   <div class='ocr_carea' id='block_1_113' title="bbox 1930 5224 3512 5296">
    <p class='ocr_par' dir='ltr' id='par_1_113' title="bbox 1930 5224 3512 5296">
     <span class='ocr_line' id='line_1_113' title="bbox 1930 5224 3512 5296; baseline -0.002 -12"><span class='ocrx_word' id='word_1_797' title='bbox 1930 5242 2146 5292; x_wconf 88' lang='lat' dir='ltr'><strong><em>censeo,</em></strong></span> <span class='ocrx_word' id='word_1_798' title='bbox 2181 5227 2283 5280; x_wconf 88' lang='lat' dir='ltr'><strong><em>nisi</em></strong></span> <span class='ocrx_word' id='word_1_799' title='bbox 2308 5228 2448 5296; x_wconf 91' lang='lat' dir='ltr'><strong><em>quod</em></strong></span> <span class='ocrx_word' id='word_1_800' title='bbox 2481 5225 2760 5279; x_wconf 86' lang='lat' dir='ltr'><strong><em>Fabricius</em></strong></span> <span class='ocrx_word' id='word_1_801' title='bbox 2788 5225 2840 5279; x_wconf 92' lang='lat' dir='ltr'><strong><em>in</em></strong></span> <span class='ocrx_word' id='word_1_802' title='bbox 2874 5224 3008 5279; x_wconf 86' lang='lat' dir='ltr'><strong><em>Bibl.</em></strong></span> <span class='ocrx_word' id='word_1_803' title='bbox 3046 5224 3164 5278; x_wconf 78' lang='lat' dir='ltr'><strong><em>Lat.</em></strong></span> <span class='ocrx_word' id='word_1_804' title='bbox 3197 5225 3233 5279; x_wconf 93' lang='grc'><strong><em>1.</em></strong></span> <span class='ocrx_word' id='word_1_805' title='bbox 3265 5240 3338 5288; x_wconf 91' lang='lat' dir='ltr'><strong>xv,</strong></span> <span class='ocrx_word' id='word_1_806' title='bbox 3371 5241 3423 5280; x_wconf 89' lang='lat' dir='ltr'><strong><em>e.</em></strong></span> <span class='ocrx_word' id='word_1_807' title='bbox 3452 5227 3512 5292; x_wconf 70' lang='grc' dir='ltr'><strong><em>Ξ,</em></strong></span> 
     </span>
    </p>
   </div>
   <div class='ocr_carea' id='block_1_114' title="bbox 1931 5316 3517 5392">
    <p class='ocr_par' dir='ltr' id='par_1_114' title="bbox 1931 5316 3517 5392">
     <span class='ocr_line' id='line_1_114' title="bbox 1931 5316 3517 5392; baseline -0.001 -17"><span class='ocrx_word' id='word_1_808' title='bbox 1931 5321 2068 5375; x_wconf 90' lang='lat' dir='ltr'><strong><em>inter</em></strong></span> <span class='ocrx_word' id='word_1_809' title='bbox 2098 5319 2364 5374; x_wconf 89' lang='lat' dir='ltr'><strong><em>editiones</em></strong></span> <span class='ocrx_word' id='word_1_810' title='bbox 2392 5316 2670 5373; x_wconf 87' lang='lat' dir='ltr'><strong><em>Prudentii</em></strong></span> <span class='ocrx_word' id='word_1_811' title='bbox 2703 5329 3094 5373; x_wconf 86' lang='lat' dir='ltr'><strong><em>commemorat</em></strong></span> <span class='ocrx_word' id='word_1_812' title='bbox 3129 5337 3141 5374; x_wconf 91' lang='lat'>:</span> <span class='ocrx_word' id='word_1_813' title='bbox 3168 5317 3378 5392; x_wconf 82' lang='lat' dir='ltr'><strong><em>Georgii</em></strong></span> <span class='ocrx_word' id='word_1_814' title='bbox 3405 5317 3517 5374; x_wconf 90' lang='lat' dir='ltr'><strong><em>Fa-</em></strong></span> 
     </span>
    </p>
   </div>
   <div class='ocr_carea' id='block_1_115' title="bbox 1932 5410 3511 5483">
    <p class='ocr_par' dir='ltr' id='par_1_115' title="bbox 1932 5410 3511 5483">
     <span class='ocr_line' id='line_1_115' title="bbox 1932 5410 3511 5483; baseline -0.001 -15"><span class='ocrx_word' id='word_1_815' title='bbox 1932 5417 2078 5469; x_wconf 86' lang='lat' dir='ltr'><strong><em>bricii</em></strong></span> <span class='ocrx_word' id='word_1_816' title='bbox 2105 5417 2161 5468; x_wconf 90' lang='lat' dir='ltr'><strong><em>in</em></strong></span> <span class='ocrx_word' id='word_1_817' title='bbox 2187 5414 2408 5467; x_wconf 75' lang='lat' dir='ltr'><strong><em>Pwanas</em></strong></span> <span class='ocrx_word' id='word_1_818' title='bbox 2437 5422 2538 5466; x_wconf 90' lang='lat' dir='ltr'><strong><em>tres</em></strong></span> <span class='ocrx_word' id='word_1_819' title='bbox 2563 5410 2863 5479; x_wconf 88' lang='lat' dir='ltr'><strong><em>Prudentii,</em></strong></span> <span class='ocrx_word' id='word_1_820' title='bbox 2895 5411 3096 5468; x_wconf 87' lang='lat' dir='ltr'><strong><em>Sedulii</em></strong></span> <span class='ocrx_word' id='word_1_821' title='bbox 3129 5422 3176 5467; x_wconf 88' lang='lat' dir='ltr'><strong><em>et</em></strong></span> <span class='ocrx_word' id='word_1_822' title='bbox 3206 5412 3511 5483; x_wconf 86' lang='lat' dir='ltr'><strong><em>Fortunati,</em></strong></span> 
     </span>
    </p>
   </div>
   <div class='ocr_carea' id='block_1_116' title="bbox 1932 5505 3518 5579">
    <p class='ocr_par' dir='ltr' id='par_1_116' title="bbox 1932 5505 3518 5579">
     <span class='ocr_line' id='line_1_116' title="bbox 1932 5505 3518 5579; baseline -0.003 -14"><span class='ocrx_word' id='word_1_823' title='bbox 1932 5512 1993 5565; x_wconf 83' lang='lat' dir='ltr'><strong><em>de</em></strong></span> <span class='ocrx_word' id='word_1_824' title='bbox 2026 5510 2142 5564; x_wconf 82' lang='lat' dir='ltr'><strong><em>Vita</em></strong></span> <span class='ocrx_word' id='word_1_825' title='bbox 2168 5518 2216 5562; x_wconf 89' lang='lat' dir='ltr'><strong><em>et</em></strong></span> <span class='ocrx_word' id='word_1_826' title='bbox 2246 5509 2414 5563; x_wconf 82' lang='lat' dir='ltr'><strong><em>Morte</em></strong></span> <span class='ocrx_word' id='word_1_827' title='bbox 2442 5505 2657 5575; x_wconf 87' lang='lat' dir='ltr'><strong><em>Christi,</em></strong></span> <span class='ocrx_word' id='word_1_828' title='bbox 2688 5516 2735 5563; x_wconf 89' lang='lat' dir='ltr'><strong><em>et</em></strong></span> <span class='ocrx_word' id='word_1_829' title='bbox 2766 5509 2818 5561; x_wconf 90' lang='lat' dir='ltr'><strong><em>in</em></strong></span> <span class='ocrx_word' id='word_1_830' title='bbox 2849 5508 3063 5579; x_wconf 82' lang='lat' dir='ltr'><strong><em>hymnos</em></strong></span> <span class='ocrx_word' id='word_1_831' title='bbox 3096 5519 3198 5562; x_wconf 89' lang='lat' dir='ltr'><strong><em>tres</em></strong></span> <span class='ocrx_word' id='word_1_832' title='bbox 3215 5507 3346 5562; x_wconf 86' lang='lat' dir='ltr'><strong><em>alios</em></strong></span> <span class='ocrx_word' id='word_1_833' title='bbox 3377 5507 3518 5562; x_wconf 89' lang='lat' dir='ltr'><strong><em>Pru-</em></strong></span> 
     </span>
    </p>
   </div>
   <div class='ocr_carea' id='block_1_117' title="bbox 1934 5600 3519 5683">
    <p class='ocr_par' dir='ltr' id='par_1_117' title="bbox 1934 5600 3519 5683">
     <span class='ocr_line' id='line_1_117' title="bbox 1934 5600 3519 5683; baseline -0.001 -25"><span class='ocrx_word' id='word_1_834' title='bbox 1934 5603 2124 5672; x_wconf 87' lang='lat' dir='ltr'><strong><em>dentii,</em></strong></span> <span class='ocrx_word' id='word_1_835' title='bbox 2169 5611 2216 5656; x_wconf 85' lang='lat' dir='ltr'><strong><em>et</em></strong></span> <span class='ocrx_word' id='word_1_836' title='bbox 2252 5603 2307 5656; x_wconf 86' lang='lat' dir='ltr'><strong><em>in</em></strong></span> <span class='ocrx_word' id='word_1_837' title='bbox 2351 5600 2644 5656; x_wconf 84' lang='lat' dir='ltr'><strong><em>Romanum</em></strong></span> <span class='ocrx_word' id='word_1_838' title='bbox 2690 5611 2965 5674; x_wconf 82' lang='lat' dir='ltr'><strong><em>martyrem</em></strong></span> <span class='ocrx_word' id='word_1_839' title='bbox 3011 5604 3282 5683; x_wconf 73' lang='lat' dir='ltr'><strong><em>expositio.</em></strong></span> <span class='ocrx_word' id='word_1_840' title='bbox 3323 5601 3519 5673; x_wconf 77' lang='lat' dir='ltr'><strong><em>Lipsia:</em></strong></span> 
     </span>
    </p>
   </div>
   <div class='ocr_carea' id='block_1_118' title="bbox 1935 5693 3515 5770">
    <p class='ocr_par' dir='ltr' id='par_1_118' title="bbox 1935 5693 3515 5770">
     <span class='ocr_line' id='line_1_118' title="bbox 1935 5693 3515 5770; baseline -0.003 -16"><span class='ocrx_word' id='word_1_841' title='bbox 1935 5697 2096 5764; x_wconf 81' lang='lat'><strong>1568,</strong></span> <span class='ocrx_word' id='word_1_842' title='bbox 2116 5693 2277 5752; x_wconf 76' lang='lat' dir='ltr'><strong><em>ixi-8°.</em></strong></span> <span class='ocrx_word' id='word_1_843' title='bbox 2303 5695 2593 5766; x_wconf 85' lang='lat' dir='ltr'><strong><em>Subjuncta</em></strong></span> <span class='ocrx_word' id='word_1_844' title='bbox 2611 5696 2920 5770; x_wconf 80' lang='lat' dir='ltr'><strong><em>adagiorum</em></strong></span> <span class='ocrx_word' id='word_1_845' title='bbox 2939 5706 3235 5750; x_wconf 87' lang='lat' dir='ltr'><strong><em>notatorum</em></strong></span> <span class='ocrx_word' id='word_1_846' title='bbox 3258 5697 3515 5751; x_wconf 88' lang='lat' dir='ltr'><strong><em>centuria.</em></strong></span> 
     </span>
    </p>
   </div>
   <div class='ocr_carea' id='block_1_119' title="bbox 1939 5787 3522 5862">
    <p class='ocr_par' dir='ltr' id='par_1_119' title="bbox 1939 5787 3522 5862">
     <span class='ocr_line' id='line_1_119' title="bbox 1939 5787 3522 5862; baseline -0.002 -16"><span class='ocrx_word' id='word_1_847' title='bbox 1939 5791 1995 5846; x_wconf 91' lang='lat' dir='ltr'><strong><em>lu</em></strong></span> <span class='ocrx_word' id='word_1_848' title='bbox 2017 5789 2272 5847; x_wconf 87' lang='lat' dir='ltr'><strong><em>Biblioth.</em></strong></span> <span class='ocrx_word' id='word_1_849' title='bbox 2299 5788 2444 5848; x_wconf 90' lang='lat' dir='ltr'><strong><em>med.</em></strong></span> <span class='ocrx_word' id='word_1_850' title='bbox 2469 5790 2580 5862; x_wconf 77' lang='lat'><strong>66</strong></span> <span class='ocrx_word' id='word_1_851' title='bbox 2598 5788 2832 5847; x_wconf 88' lang='lat' dir='ltr'><strong><em>Fabricii</em></strong></span> <span class='ocrx_word' id='word_1_852' title='bbox 2853 5788 2996 5846; x_wconf 90' lang='lat' dir='ltr'><strong><em>inter</em></strong></span> <span class='ocrx_word' id='word_1_853' title='bbox 3017 5789 3291 5847; x_wconf 87' lang='lat' dir='ltr'><strong><em>editiones</em></strong></span> <span class='ocrx_word' id='word_1_854' title='bbox 3312 5787 3522 5846; x_wconf 89' lang='lat' dir='ltr'><strong><em>Sedulii</em></strong></span> 
     </span>
    </p>
   </div>
  </div>
