3906 6384
522 246 529 251 ’
560 254 663 312 483

1832 246 2109 315 C(ELIUS
2128 245 2330 319 SEDU
2340 244 2508 306 LlUS.

3726 238 3807 296 181

558 377 877 428 recensetur
915 372 1081 427 editio
1116 366 1443 426 Basileensis
1485 367 1654 434 in-4°,
1686 379 1830 421 anno
1862 364 2029 433 1566,
2078 365 2133 419 in
2159 363 2592 428 APrudentium
2647 374 2795 415 num.
2861 360 2986 416 115.
3046 357 3232 432 Elegia
3290 354 3499 415 Sedulii
3556 369 3677 412 cum
3728 356 3804 428 by.

558 466 732 535 poetis
764 465 1069 523 cbristianis
1097 464 1161 520 G.
1197 462 1425 518 Fabricii
1459 482 1472 517 :
1513 462 1608 518 sed
1643 463 1759 516 haec
1786 460 1996 517 diversa
2030 478 2133 515 non

558 569 640 614 est
672 560 738 614 ab
766 558 1002 616 editione
1028 572 1187 628 qnam
1222 572 1364 610 anno
1399 555 1534 610 1561
1566 554 1891 625 adjudicavi.

632 651 755 707 121.
796 650 973 707 Editio
1000 664 1150 715 xui,
1194 662 1339 705 anno
1383 647 1543 714 1575,
1575 646 1756 703 Calari
1806 644 2033 724 repetita
2070 660 2135 700 ex

558 746 797 802 editione
822 743 1177 810 Poelmanni,
1202 750 1263 799 ut
1307 742 1531 799 uberius
1571 742 1682 797 dixi
1724 741 1777 799 in
1820 739 2030 811 Proleg.
2068 739 2133 799 ad

552 818 875 899 vaencum.
904 852 1053 893 num.
1090 836 1179 891 80.

628 930 750 984 122.
793 927 981 985 Editio
1008 944 1194 995 xxxu,
1230 928 1388 985 1575.
1424 928 1683 995 Parisiis,
1718 930 1771 983 in
1807 926 2134 984 Bibliotheca

549 1014 928 1093 Patrum,’per
953 1023 1315 1098 Margarinum
1347 1023 1416 1079 de
1439 1025 1488 1079 la
1520 1024 1716 1095 Bigne,
1743 1033 1900 1087 tom.,
1931 1037 2020 1075 vm
2046 1021 2133 1075 ubi

552 1124 770 1182 exstant
794 1131 1013 1174 carmen
1043 1116 1321 1188 paschale,
1351 1117 1524 1188 elegia
1553 1128 1607 1171 et
1638 1118 1892 1188 hymnus.
1932 1115 1988 1169 ln
2015 1113 2135 1169 aliis

554 1209 913 1272 Bibliothecis
961 1210 1182 1268 Patrum
1234 1209 1438 1281 prodiit
1481 1209 1737 1266 Sedulius
1795 1224 1915 1263 cum
1962 1208 2133 1277 aliqua

551 1304 816 1361 varietate
850 1323 861 1359 :
892 1316 1014 1361 nam
1047 1306 1098 1361 in
1127 1304 1365 1361 secunda
1406 1303 1648 1359 editione
1683 1302 1850 1371 1589,
1879 1300 2131 1367 Parisiis,

550 1409 607 1454 et
630 1398 685 1457 in
710 1399 1028 1480 Appendice
1048 1398 1117 1455 ad
1144 1397 1526 1457 Bibliotheeam
1553 1395 1862 1468 Margarini,
1892 1395 2131 1461 Parisiis,

554 1495 713 1564 1621,
734 1494 959 1553 Sedulio
991 1495 1307 1568 tribuuntur
1336 1508 1554 1549 carmen
1585 1491 1863 1563 paschale,
1889 1490 2052 1561 elegia
2083 1496 2137 1545 et

552 1591 789 1662 hymnus
815 1590 1209 1657 abecedarins,
1253 1598 1311 1643 et
1349 1587 1703 1655 nihilominus
1748 1601 1935 1650 rursus
1974 1599 2132 1640 excuo

480 1740 485 1746 _
549 1682 698 1739 ditur
725 1684 899 1754 elegia
934 1682 1037 1738 hoc
1067 1681 1223 1738 titulo
1254 1700 1265 1735 :
1298 1679 1458 1735 Turci
1486 1680 1609 1750 Ruﬁ
1639 1679 1860 1746 Asterii,
1887 1679 1982 1732 viri
2014 1694 2131 1731 con-

2238 470 2364 511 mno
2392 456 2534 511 edita
2565 452 2669 510 fuit
2719 454 2770 507 in
2823 451 3117 523 Hymnario
3160 450 3296 525 Ven.
3322 449 3608 505 Thomasii
3631 491 3646 516 ,
3678 450 3805 522 hym-

2237 566 2338 606 nus
2369 551 2531 613 etiam
2585 549 2637 609 in
2666 546 2874 603 Ofﬁciis
2923 562 3020 620 per
3052 547 3218 609 ferias
3246 545 3461 602 Alcuini
3485 587 3501 607 .
3554 554 3607 600 et
3635 543 3806 614 Lipsia:

2240 648 2409 715 1522,
2453 646 2623 716 in-80,
2660 660 2754 713 per
2798 643 3018 713 Petrum
3066 643 3589 717 Mosellanumpost
3634 640 3806 697 librum

2236 740 2667 798 Cathemerinon
2711 754 2779 794 ex
2822 737 3081 795 Bibliotb.
3129 737 3272 803 med.
3305 748 3359 799 et
3385 720 3484 792 ini.
3514 734 3617 800 aevi
3644 733 3806 810 Fabri-

2237 835 2339 902 cii,
2366 834 2535 890 verbo
2557 831 2828 900 Sedulius.
3180 854 3184 858 Α

2308 926 2485 982 Editio
2513 941 2681 983 χχχιιι
2704 967 2717 989 .
2748 938 2893 991 anno
2917 923 3080 992 1701,
3113 922 3430 993 Edimburgi
3456 966 3470 990 ,
3510 920 3681 986 iit-8°,
3705 936 3805 991 qua

2237 1029 2484 1075 accurata
2518 1018 2769 1085 habetur,
2803 1029 2857 1074 et
2880 1018 3117 1075 refertur
3141 1018 3194 1073 in
3219 1018 3357 1085 Bibl.
3392 1016 3535 1082 med.
3568 1015 3729 1079 Fabr.
3756 1034 3803 1072 ex

2235 1111 2471 1182 Georgio
2492 1094 2776 1170 Maelianie
2792 1110 2867 1171 De
2892 1111 3072 1169 Scotis
3090 1110 3317 1168 eruditis
3336 1109 3449 1175 vol.
3478 1109 3530 1175 l,
3556 1124 3675 1181 pag.
3701 1110 3803 1163 516.

2238 1204 2366 1261 ﬂare
2393 1246 2408 1269 ,
2452 1217 2510 1259 ut
2537 1205 2757 1276 opinor,
2791 1214 2912 1271 est,
2942 1219 3104 1275 quam
3133 1204 3463 1271 Arntzenius
3490 1201 3699 1265 Scotum
3724 1247 3738 1270 ,
3764 1216 3806 1259 et

2236 1298 2727 1370 Edimburgensem
2752 1298 3010 1368 appellat.
3376 1349 3386 1358 ,

2309 1391 2435 1446 126.
2464 1391 2643 1446 Editio
2659 1404 2870 1456 xxxvn,
2890 1405 3035 1444 anno
3055 1388 3194 1451 1704
3213 1428 3227 1454 ,
3250 1386 3469 1444 Cellarii
3498 1401 3625 1443 cura
3652 1387 3801 1444 ιιι-80.

2236 1484 2381 1540 Caelii
2427 1484 2630 1540 Sedulii
2660 1484 2822 1555 poeta:
2861 1485 2994 1538 inter
3020 1482 3346 1539 Christianos
3393 1490 3584 1537 veteres
3615 1482 3804 1555 elegan-

2235 1580 2421 1635 tissimi
2451 1577 2777 1633 Mirabilium
2798 1579 3093 1637 divinorum
3125 1579 3281 1647 libri,
3334 1576 3593 1633 Paschale
3620 1595 3808 1646 carmen

2235 1652 2360 1727 διίειί
2385 1714 2398 1737 ,
2435 1683 2482 1728 et
2504 1673 2683 1746 hymni
2714 1674 2839 1729 duo.
2876 1673 3282 1745 ChristOphorus
3318 1671 3578 1731 Cellarius
3611 1691 3674 1729 ea:
3700 1692 3809 1728 mss.

544 1776 773 1843 sularis,
818 1776 1002 1831 veteris
1046 1785 1093 1835 et
1135 1774 1253 1829 noui
1301 1772 1618 1840 Testamenti
1664 1773 1874 1831 collatio
1920 1770 2130 1828 Sedulio
2161 1755 2208 1816 Β
2237 1768 2394 1821 codd.
2423 1771 2707 1837 recensuit,
2760 1768 3274 1825 etiannotationibus
3319 1767 3623 1837 illustravit.
3676 1766 3810 1823 Eafa

543 1867 791 1925 hactenus
816 1868 1066 1938 ascripta.
1092 1865 1326 1923 Notatur
1353 1865 1629 1933 Asterium
1663 1864 1827 1920 fuisse
1855 1864 2132 1920 consulem

541 1972 665 2015 eum
687 1958 873 2017 Flavio
895 1957 1183 2025 Praesidio.
1208 1948 1439 2014 Additur
1458 1973 1521 2014 ex
1546 1956 1877 2029 Cuspiniano
1900 1967 1955 2013 et
1972 1955 2129 2025 Aldo,

539 2068 762 2111 carmen
791 2054 895 2110 hoc
924 2052 1131 2111 editum
1159 2053 1230 2108 ab
1256 2052 1501 2122 Asterie,
1532 2053 1854 2123 inscriptum
1882 2051 2127 2117 Sedulio;

538 2162 605 2203 ex
638 2146 922 2217 Panvinio,
953 2145 1153 2202 Turcio
1178 2146 1501 2217 inscriptum
1530 2156 1585 2201 et
1617 2147 1844 2211 missurn
1872 2163 1888 2213 ;
1920 2154 2131 2203 exstare

2238 1860 2658 1936 Magdeburgicaa
2690 1882 2707 1917 :
2737 1860 3026 1933 sumptibus
3056 1862 3534 1937 Orphanatmphei.
3567 1861 3809 1927 Accurata

2235 1967 2316 2012 est
2349 1956 2467 2011 haec
2487 1958 2690 2029 editio,
2722 1968 2776 2014 et
2803 1956 3113 2014 scholarum
3147 1959 3267 2023 usui
3305 1958 3734 2022 accommodata.

2308 2050 2430 2104 127.
2466 2048 2648 2105 Editio
2668 2067 2870 2119 xxan
2889 2093 2903 2117 ,
2924 2066 3069 2105 anno
3089 2052 3253 2118 1759,
3278 2050 3585 2114 Cellariana
3612 2052 3662 2106 in
3688 2051 3805 2109 Ger-

2235 2145 2414 2211 mania
2448 2146 2674 2215 repetita
2696 2187 2712 2211 ,
2747 2161 2814 2201 ex
2844 2134 3181 2211 Arntzenio',
3213 2146 3304 2221 qui
3337 2147 3487 2203 vitiis
3511 2145 3675 2217 priori
3707 2158 3809 2203 tur-
3866 2180 3867 2221 ξ

2235 2237 2358 2309 pius
2379 2238 2830 2296 commaculatam
2873 2239 2970 2293 ait.
3866 2236 3867 2313 ι

2312 2331 2435 2387 ηε.
2482 2332 2662 2389 Editio
2691 2349 2883 2399 χχχιχ,
2912 2349 3003 2388 an.
3040 2332 3202 2404 mi,
3236 2331 3415 2407 ιιι-8ο.
3447 2331 3597 2390 Catii
3626 2331 3811 2391 Sedulii
3866 2316 3867 2397 ξ

2236 2420 2559 2481 Mirabilium
2587 2425 2881 2479 divinorum
2906 2425 3027 2480 libri
3054 2427 3311 2501 quinque,
3342 2428 3446 2481 sive
3489 2442 3691 2481 carmen
3732 2444 3811 2495 ραι

536 2488 746 2582 sedulii
780 2524 834 2579 in
874 2488 983 2581 hac
1008 2488 1345 2581 Biblimbeca
1387 2488 1566 2595 elegia
1600 2488 1705 2579 non
1735 2488 2131 2582 refertum-Cn:
2236 2518 2430 2574 schale.
2462 2518 2597 2574 Item
2620 2520 2796 2591 hymni
2817 2520 2922 2574 duo
2950 2523 3017 2574 ad
3046 2488 3435 2587 codicumtmss.
3462 2529 3509 2575 et
3538 2488 3813 2591 editionum
3866 2488 3867 2567 ἶ

537 2619 830 2692 Spinianus
860 2635 961 2690 pro
991 2617 1373 2692 Cuspinianus,
1417 2629 1470 2674 et
1510 2617 1807 2681 Panninius
1842 2634 1939 2690 pro
1986 2618 2129 2674 Pan-
2235 2623 2459 2669 veterum
2486 2614 2641 2686 ﬁdem
2686 2614 2976 2689 recensuit,
3012 2614 3256 2675 lectiones
3283 2616 3478 2685 varias,
3512 2615 3814 2675 obseruatio-

531 2712 725 2777 vinius,
759 2710 952 2766 menda
977 2722 1104 2769 sunt
1129 2711 1184 2766 in
1215 2710 1298 2767 his
1322 2709 1688 2779 Bibliothecis
1711 2712 1964 2783 repetita.
1996 2712 2129 2768 Tota
2232 2727 2343 2777 nes,
2377 2718 2423 2763 et
2452 2710 2651 2776 indices
2688 2710 3002 2765 necessarios
3040 2709 3232 2783 adjecit
3257 2707 3493 2765 Joannes
3523 2705 3811 2767 Frideriess

530 2804 647 2876 ipsa
677 2806 924 2861 narratio
949 2804 1088 2860 falsa
1120 2810 1224 2876 est,
1260 2812 1320 2859 ut
1354 2804 1527 2875 liquet
1554 2821 1619 2860 ex
1650 2823 1798 2875 num,
1824 2807 1896 2863 16
1923 2818 1977 2864 et
2009 2809 2125 2864 162.

2253 2798 2453 2856 ἷνιιηετ.
2487 2798 2681 2872 Lipsiae
2703 2799 2845 2867 apud
2868 2784 3128 2856 Joannem
3161 2798 3518 2859 Wemllerum.
3548 2800 3815 2860 Grunems

529 2896 756 2953 Sedulio
806 2895 869 2964 in
914 2896 999 2952 his
1053 2894 1407 2953 Bibliothecis
1473 2896 1715 2967 adjuncti
1766 2909 1893 2954 sunt
1941 2915 2127 2955 versus
2228 2895 2280 2949 in
2313 2895 2651 2955 variantibus
2676 2896 2997 2957 lectionibus
3019 2894 3349 2951 annotandis
3378 2894 3607 2968 diligens
3634 2904 3815 2964 051,81

524 2990 813 3048 aerostiehi
842 2990 1049 3047 Liberil
1073 2997 1130 3047 et
1154 2988 1408 3046 Belisarii
1430 2989 1498 3047 de
1521 3006 1617 3059 eo;
1642 3000 1696 3056 et
1718 2992 1770 3047 in
1795 2992 2120 3049 Bibliotheca
2223 2989 2511 3058 copiosus,
2566 2988 2763 3043 breves
2797 2988 3067 3044 interdum
3093 3030 3107 3054 ,
3142 2996 3197 3044 et
3223 2988 3473 3045 eruditas
3504 3000 3664 3050 notas
3696 2988 3816 3047 'suh-

522 3085 836 3143 Coloniensi
873 3069 1464 3152 anni,4618,carmini
1514 3085 1755 3155 paschali
1794 3087 2120 3158 pra-ponitur
2162 3157 2188 3159 _
2218 3080 2359 3150 iicit.
2415 3081 2751 3136 Arnlzenius
2792 3078 3061 3136 acerbiori
3098 3078 3213 3159 68
3256 3080 3471 3141 calamo
3517 3080 3814 3145 Grunerum

525 3183 780 3254 praefatio
828 3181 915 3254 ad.
948 3180 1323 3238 Theodosium
1376 3181 1675 3252 Augustum
1715 3223 1729 3247 ,
1784 3157 2192 3238 Romulidumc
2222 3191 2377 3230 usum
2430 3174 2620 3246 objicit
2655 3173 2720 3245 in
2775 3172 3099 3239 enarrandis
3148 3158 3381 3242 Voncltii
3432 3175 3807 3248 conjecturis:

522 3278 733 3348 ductor,
768 3292 931 3348 quam
979 3273 1191 3337 Sedulii
1232 3288 1359 3331 esse
1402 3265 1917 3345 negavimusﬂPost
1959 3291 2116 3336 aero-
2217 3266 2467 3339 quaedam
2496 3326 2497 3329 η
2530 3267 2696 3323 etiam
2755 3277 2937 3325 errata
2995 3267 3401 3343 typotbetarum
3464 3269 3518 3325 in
3576 3272 3810 3326 carmine

518 3369 807 3435 stichidem
837 3369 1083 3426 Belisarii
1125 3377 1213 3424 est
1244 3382 1382 3438 opus
1412 3369 1669 3439 paschale
1711 3367 1950 3434 Sedulii,
2000 3370 2115 3426 sive
2218 3361 2581 3419 exscribenda
2621 3363 3045 3432 animadvertit.
3104 3379 3229 3436 quae
3283 3372 3437 3421 certe
3487 3380 3599 3428 non
3650 3360 3808 3423 multa
3866 3354 3867 3439 ι

520 3477 727 3536 prosa;
759 3471 875 3525 tum
907 3460 1318 3519 Collectaneum’
1344 3461 1399 3531 in
1434 3461 1704 3532 Epistolas
1747 3461 1896 3521 Pauli
1925 3504 1939 3526 ,
1971 3463 2113 3533 quod
2215 3468 2362 3515 sunt.

515 3557 744 3613 alterius
772 3565 855 3613 est
880 3549 1111 3612 sedulii.
1141 3554 1203 3611 ln
1232 3554 1356 3610 aliis
1384 3545 1590 3626 pariter
1620 3554 1971 3633 Bibliothecis
2011 3557 2113 3613 Pa-
2287 3556 2412 3611 1‘29.
2446 3554 2631 3611 Editio
2662 3574 2729 3612 XL
2752 3599 2765 3621 ,
2800 3572 2947 3613 anno
2978 3554 3135 3623 1761,
3190 3556 3363 3614 ἰιι-8ο.
3414 3557 3562 3616 Caelii
3612 3559 3808 3621 Sedulii

515 3659 657 3706 trum
706 3648 847 3722 typis
892 3662 1186 3717 expressus
1231 3645 1333 3703 fuit
1362 3646 1655 3716 Sedulius,
1706 3648 2003 3719 praesertim
2055 3650 2109 3707 in
2211 3647 2467 3703 Carminis
2496 3649 2755 3722 paschalis
2801 3649 2920 3704 libri
2963 3650 3216 3721 quinque,
3265 3660 3314 3706 et
3333 3652 3533 3724 jhymtu'
3562 3652 3671 3711 duo
3699 3671 3806 3721 cent
3866 3722 3867 3725 η

513 3743 867 3817 Lugdunensi
909 3740 1071 3798 1677.
2011 3796 2021 3810 ,
2147 3790 2153 3799 ,
2210 3742 2344 3796 notis
2373 3742 2616 3815 Casparis
2640 3737 2875 3808 Barthii,
2908 3742 3269 3817 Christophari
3301 3742 3514 3804 Cellarii
3534 3789 3552 3818 ,
3584 3747 3806 3805 Cornelii

586 3836 709 3892 125.
754 3833 939 3891 Editio
979 3850 1189 3904 χχχιιι,
1222 3848 1370 3890 anno
1405 3830 1575 3903 1588,
1610 3828 1885 3907 Ldgduni,
1915 3836 2102 3905 ιιι-12,

2253 3835 2412 3891 'alerii
2448 3834 2663 3892 Vonckii
2680 3879 2695 3905 ,
2729 3836 2954 3895 Joannis
2976 3834 3241 3895 Friderici
3265 3838 3491 3898 εἶναιιαὶ
3508 3884 3522 3911 ,
3553 3843 3804 3901 aliorum-

507 3930 593 3988 vel
620 3928 705 3998 16,
730 3929 800 3985 de
820 3942 925 4000 qua
942 3926 1077 4009 qvide
1100 3927 1339 3983 num.82
1360 3926 1673 3999 Prolegom.
1706 3929 1757 3984 in
1784 3929 2099 4003 Juvencum.
2203 3947 2299 4002 que
2337 3947 2356 3987 :
2385 3932 2569 4002 quibus
2598 3933 2849 3996 accedunt
2879 3932 3109 3999 ,Thoma’
3153 3919 3456 4009 Wopkensii
3494 3935 3802 3996 Aduersaris

504 4027 659 4083 Hanc
713 4023 1011 4082 editionem
1062 4022 1255 4079 habuit
1305 4022 1391 4079 .lo.
1420 4022 1546 4079 Alb.
1589 4023 1867 4082 Fabricius
1910 4041 1941 4081 a
1983 4026 2097 4082 Nic.
2203 4025 2555 4081 emendatiora
2583 4026 2809 4081 maxima
2836 4043 2899 4081 ea:
2936 4028 3081 4099 parte
3117 4025 3293 4099 adhuc
3331 4030 3545 4087 inedita.
3582 4032 3802 4087 Curam:
3866 4096 3867 4103 η

457 4119 462 4125 ’
500 4122 723 4181 Heinsio
749 4137 872 4177 cum
903 4134 1032 4173 mss.
1055 4118 1308 4176 collatam
1338 4136 1351 4172 :
1378 4117 1627 4174 eamdem
1654 4117 2044 4175 Tornwsiunam
2067 4122 2101 4175 5
2204 4118 2432 4175 Henrico
2455 4117 2661 4175 Joanne
2683 4119 2982 4191 Arntzenio,
3011 4120 3064 4175 1.
3096 4117 3194 4189 F.,
3227 4122 3318 4194 qui
3339 4126 3732 4193 cunctationes,
3758 4136 3801 4180 ct
3866 4130 3867 4183 i

498 4217 832 4274 Arntzenius
860 4214 1138 4281 nominat,
1164 4214 1253 4284 qui
1285 4214 1707 4282 animadvertit,
1738 4215 1951 4271 easdem
1986 4216 2099 4274 fere
2200 4214 2609 4269 Observationum
2630 4214 2885 4281 specimen
2901 4214 3118 4286 adjecit.
3142 4212 3447 4273 Leovardic
3467 4218 3615 4291 apud
3636 4216 3713 4280 Η.
3736 4222 3797 4275 Α.

499 4311 761 4369 lectiones
805 4310 1010 4366 servari
1050 4307 1103 4364 in
1139 4308 1238 4365 hac
1268 4308 1516 4367 editione
1544 4309 1895 4367 Tornaesiana
1935 4314 2002 4379 5,
2042 4323 2097 4370 et
2198 4307 2260 4361 de
2291 4305 2549 4361 Chalmot.
2584 4307 2816 4365 Multum
2858 4307 3021 4363 debet
3045 4306 3339 4371 Arnlzenio
3369 4310 3668 4381 Sedulius,
3711 4313 3797 4385 qui

497 4403 551 4459 in
584 4401 911 4457 Bibliotheca
942 4398 1176 4455 Maxima
1208 4400 1429 4458 Patrum
1459 4401 1838 4475 Lugdunensi.
2195 4402 2550 4459 selectissima
2599 4404 2830 4482 quaeque
2881 4418 2951 4458 ex
3025 4403 3151 4461 aliis
3225 4405 3484 4479 collegit,
3564 4407 3796 4477 plurima

486 4540 489 4543 λ
564 4496 691 4569 6⁷.
733 4494 855 4552 124.
896 4494 1073 4550 Editio
1100 4512 1260 4550 χχχιιι
1286 4538 1300 4564 ,
1354 4513 1495 4554 anno
1521 4497 1682 4567 1605,
1731 4500 1783 4554 in
1840 4500 2089 4573 Corpore
2115 4558 2165 4573 ﬁ
2191 4500 2351 4555 etiam
2383 4514 2414 4555 e
2445 4515 2538 4553 sua
2572 4514 2714 4569 penu
2746 4498 2948 4570 adjecit
2979 4512 3143 4569 supra
3179 4500 3633 4565 tetatem'doctus
3656 4550 3670 4570 ,
3699 4498 3794 4558 sed

489 4590 804 4647 Latinorum
839 4600 1142 4660 poetarum,
1189 4588 1471 4662 Lugduni,
1525 4590 1701 4648 ἰηοιίο.
1740 4594 1856 4650 liuc
1882 4610 2082 4652 revoco
2115 4584 2170 4623 υ
2195 4592 2266 4648 ita
2300 4584 2385 4661 ut,
2429 4592 2637 4647 etiamsi
2664 4593 2781 4662 ipse
2814 4590 3114 4651 identidem
3145 4592 3197 4658 id
3238 4611 3349 4652 non
3375 4596 3651 4668 iactaret,
3713 4609 3793 4653 ιθ·
3866 4660 3867 4663 η

487 4685 624 4742 alias
646 4682 912 4742 editiones
939 4680 1202 4753 Corporis
1228 4722 1245 4751 ,
1298 4691 1354 4737 et
1378 4680 1565 4741 Chori‘
1582 4686 1903 4743 Latinorum
1954 4705 2089 4760 poe-
2193 4703 2316 4744 men
2347 4686 2507 4742 nimis
2523 4686 2781 4758 juvenem
2804 4703 2926 4743 eum
2952 4702 3075 4748 esse
3100 4686 3258 4751 facile
3281 4706 3632 4762 agnosceres.
3657 4692 3793 4765 διιε-
3866 4684 3867 4691 “

482 4788 660 4836 tarum
682 4778 979 4835 recensitas
1003 4776 1056 4833 in
1081 4774 1397 4850 Prolegom.
1428 4779 1497 4835 ad
1524 4778 1775 4849 Juvenc.,
1808 4800 1957 4841 num.
1990 4786 2081 4843 83.
2188 4783 2367 4838 cimen
2414 4780 2856 4837 Observationum
2888 4778 2956 4838 15
2984 4774 3256 4855 capitibus
3293 4785 3785 4859 comprehensum,

484 4874 671 4945 Neque
701 4870 984 4927 dissimilia
1018 4875 1146 4924 sunt
1175 4869 1281 4924 alia
1333 4885 1524 4941 opera,
1570 4874 1766 4943 quibus
1799 4875 1954 4946 plura
1979 4876 2080 4934 Se-
2185 4878 2330 4951 quod
2360 4877 2597 4945 addidit,
2630 4878 2765 4937 nihil
2796 4877 2961 4937 habet
3010 4894 3303 4941 commune
3345 4898 3467 4939 cum
3510 4882 3779 4955 Sedulio,

482 4968 613 5026 dulii
652 4966 1041 5032 continentun,
1093 4972 1153 5021 ut
1185 4961 1375 5022 Flores
1406 4975 1693 5036 poetarum
1724 5014 1737 5037 ,
1790 4969 2077 5041 Margarita
2185 4982 2416 5043 excepto
2448 4988 2577 5040 uno,
2612 4983 2667 5027 et
2697 4970 2873 5027 altero
2899 4972 3104 5045 capite.

480 5066 690 5139 poetica
724 5063 931 5120 Alberti
962 5060 1098 5133 Eyh.
1134 5059 1291 5115 Addo
1337 5058 1653 5135 Hieronymi
1703 5062 1923 5136 Freyeri
1967 5060 2080 5137 Fa-l
2260 5065 2383 5121 150.
2430 5063 2608 5135 Editio
2643 5082 2763 5135 xm,
2816 5083 2959 5122 anno
2990 5067 3130 5124 1775
3155 5110 3170 5134 ,
3203 5084 3335 5125 cura
3358 5072 3627 5131 et.studio
3647 5070 3776 5132 Gal-

474 5158 727 5217 sciculum
758 5164 1051 5228 poematum
1079 5152 1422 5221 Latinorum,
1459 5154 1511 5209 in
1559 5169 1666 5225 quo
1718 5155 1920 5210 selecta
1956 5172 2073 5211 car.

2253 5159 2349 5215 tdii
2382 5146 2435 5215 in
2462 5158 2794 5217 Bibliotheca
2816 5160 3037 5219 Patrum
3062 5172 3196 5220 tom.
3232 5162 3325 5233 IX,
3360 5180 3480 5238 pag.
3509 5167 3639 5227 533.
3678 5170 3776 5227 Se-

472 5254 617 5310 mina
651 5264 775 5308 sunt
804 5246 1032 5305 Ausonii
1055 5290 1068 5314 ,
1098 5246 1379 5305 Prudentii
1410 5293 1423 5317 ,
1452 5247 1739 5303 Claudiani
1766 5291 1781 5315 ,
1815 5248 2022 5305 Sedulii
2052 5297 2064 5321 ,
2177 5253 2310 5308 dulii
2336 5255 2620 5328 presbyteri
2636 5256 2754 5311 libri
2776 5258 2997 5331 quinque
3014 5259 3257 5333 paschale
3275 5278 3482 5321 carmen
3508 5263 3773 5337 inscripti,

471 5344 666 5411 Boetii,
692 5352 746 5400 et
772 5340 1118 5412 Columbani,
1153 5349 1353 5412 prmter
1375 5340 1514 5402 alios
1547 5349 1761 5399 veteres
1791 5353 1845 5399 et
1875 5358 2068 5401 recen-
2174 5361 2221 5405 et
2250 5352 2429 5424 hymni
2468 5353 2572 5408 duo
2610 5370 2676 5409 ea;
2701 5337 2926 5411 edilione
2956 5352 3325 5427 Christophori
3352 5354 3559 5413 Cellarii
3582 5403 3599 5424 ,
3634 5379 3773 5415 nunc

474 5450 555 5497 tes
586 5446 776 5511 poetas
801 5479 816 5504 ,
852 5435 1005 5491 Halm
1029 5435 1307 5494 Saxonum
1344 5434 1505 5494 1715.
2173 5446 2344 5502 denuo
2373 5449 2654 5517 recensita,
2702 5459 2750 5505 et
2780 5468 2895 5505 cum
2942 5467 3068 5507 mss.
3119 5452 3299 5508 codice
3335 5453 3660 5514 bibliotheca
3688 5478 3768 5515 rc-

542 5533 666 5589 125.
701 5532 881 5588 Editio
914 5547 1075 5597 xxxv,
1125 5546 1268 5595 anno
1301 5530 1459 5586 1610.
1492 5531 1729 5588 Collatio
1781 5536 1979 5591 veteris
2007 5545 2060 5592 et

2253 5556 2261 5588 ι
2293 5536 2622 5597 Taurinensis
2652 5543 2871 5613 collata,
2906 5561 3104 5599 necnon
3136 5550 3365 5605 carmine
3394 5548 3471 5608 De
3500 5545 3661 5607 Verbi
3684 5556 3768 5608 iu—

465 5630 588 5686 novi
610 5626 946 5685 Testamenti
979 5625 1213 5695 Sedulii,
1248 5626 1362 5683 sive
1391 5626 1562 5700 elegia
1588 5625 1888 5697 Cantemus,
1922 5641 2052 5698 etc.,
2162 5637 2463 5691 carnatione
2483 5637 2726 5692 adaucta.
2756 5639 3096 5695 Accesserant
3126 5640 3247 5696 libri
3272 5645 3498 5718 quinque
3521 5644 3761 5703 Pascha.

464 5724 521 5778 in
548 5721 777 5779 llanuali
808 5722 1006 5778 biblico
1054 5719 1397 5779 Francofurti
1441 5722 1604 5792 1610,
1636 5739 1758 5796 pag.
1796 5726 1882 5782 15.
1928 5726 2053 5783 fidi-

2253 5729 2415 5800 operis
2442 5730 2619 5785 studio
2648 5727 2915 5787 Francisci
2943 5730 3118 5788 Jureti
3145 5736 3374 5807 primum
3402 5738 3551 5804 editi,
3585 5752 3639 5794 et
3666 5760 3761 5796 no-

464 5810 668 5872 tionem
726 5814 889 5889 hujus
955 5814 1218 5873 Manualis
1268 5813 1532 5887 descripsi
1598 5816 1651 5873 in
1702 5816 1919 5891 Prole‘g.
1978 5819 2048 5876 ad
2156 5821 2221 5875 tis
2250 5816 2530 5893 illustrati,
2581 5840 2718 5880 nunc
2743 5841 2863 5882 vero
2888 5824 3072 5882 iterum
3098 5832 3369 5903 recogniti,
3403 5842 3450 5889 et
3481 5835 3755 5890 mandari.

541 2255 677 2297 mss.
705 2240 966 2309 codices,
1001 2241 1091 2312 qui
1139 2223 1429 2302 Claudiani
1469 2240 1715 2313 Mamerti
1765 2256 1886 2300 esse
1926 2239 2127 2302 dicant.

541 2336 619 2394 Ita
650 2339 812 2395 etiam
840 2338 1022 2395 editur
1057 2338 1249 2419 elegia,
1292 2348 1349 2394 et
1377 2336 1499 2406 ,hoc
1541 2338 1715 2409 ipsum
1758 2346 2049 2403 annotatur
2078 2339 2130 2418 in

542 2430 880 2497 Bibliotheca
916 2430 1139 2490 Patrum
1187 2430 1430 2495 Colonia:
1462 2432 1634 2498 1618,
1668 2432 1760 2489 sed
1801 2432 1940 2498 inter
1971 2441 2133 2504 opera
