3904 6348
182 224 292 283 885

1578 218 2118 297 PROLEGOMENA.

3387 216 3496 296 tas

183 342 509 400 Gallandius
539 340 760 399 Cellarii
800 342 1036 399 selectas
1066 346 1223 395 notas
1253 337 1520 408 adhibuit,
1553 352 1789 410 suasque
1818 340 1871 400 Α
1896 337 2253 410 explicandus.
2287 338 2441 405 Quod
2471 347 2518 392 et
2547 337 2717 411 ipsum
2771 348 2945 395 tamen
2994 339 3077 393 hic
3116 338 3277 394 lector
3322 358 3498 412 (equus

182 438 481 493 nonnullas
510 438 730 509 adjecit.

264 534 389 589 151.
433 532 614 589 Pauca
649 544 795 586 nunc
822 527 1017 584 addam
1045 526 1114 585 de
1145 527 1667 585 commentatoribus
1692 525 1791 584 Se-

178 625 319 682 dulii
343 669 356 692 ,
384 637 435 682 et
455 626 524 682 de
540 625 663 681 aliis
682 668 697 691 ,
723 624 813 695 qui
843 622 1277 689 observationes,
1301 632 1389 678 aut
1419 622 1787 693 eonjecturas,

168 720 239 776 ‘in
269 721 387 793 ejus
412 721 654 777 carmina
701 720 1169 792 conscripserunt.
1200 720 1259 774 lu
1310 720 1595 775 codicibus
1647 734 1783 773 mss.

178 816 387 886 passim
417 821 717 871 occurrunt
740 814 937 884 gloss-.c
959 857 973 881 ,
1004 823 1061 869 et
1083 815 1134 868 in
1160 814 1435 879 nonnullis
1458 813 1789 884 locupletio-

176 923 276 965 res
304 928 317 963 :
341 926 407 965 ex
430 909 625 981 quibus
658 905 955 977 aliquando
996 923 1122 963 vera
1158 907 1323 962 lectio
1354 908 1586 971 eruitur,
1619 907 1790 961 inter-

177 1004 313 1060 dum
346 1005 616 1062 sententia
638 1003 868 1061 obscura
893 1002 1243 1073 explanatur.
1285 1000 1610 1073 Hujusmodi
1638 1000 1781 1072 gloso

177 1100 261 1155 sis
283 1100 549 1171 antiquis,
595 1114 718 1154 cuin
765 1106 1131 1167 opportunum
1170 1097 1347 1151 visum
1380 1094 1510 1163 fuit,
1546 1096 1628 1152 usi
1680 1094 1790 1149 lui—

176 1209 329 1250 mus.
358 1193 490 1248 Post
509 1193 792 1248 restitutas
816 1190 1027 1247 litteras
1062 1190 1274 1259 primus
1300 1189 1482 1245 Elius
1512 1188 1788 1245 Antonius

177 1288 558 1344 Nebrissensis
587 1287 654 1343 de
683 1284 907 1343 Sedulio
949 1285 1279 1341 illustrando
1295 1284 1560 1357 cogitavit
1580 1328 1593 1352 ,
1628 1282 1792 1339 editis

178 1382 441 1439 brevibus
489 1382 665 1446 notis,
711 1389 769 1437 et
791 1380 855 1436 ad
890 1396 1045 1436 usum
1078 1379 1294 1437 Scholzc
1324 1376 1787 1444 accommodatis,

176 1477 382 1548 quibus
411 1487 591 1533 tamen
621 1475 856 1547 theologi
889 1476 1053 1531 etiam
1085 1473 1268 1545 juvari
1294 1474 1510 1545 possint
1550 1492 1563 1530 :
1600 1487 1779 1543 neque

177 1580 295 1625 tam
322 1570 638 1626 mirandum'
654 1576 740 1625 est
761 1612 774 1634 ,
803 1584 928 1625 eum
950 1567 1243 1640 aliquando
1270 1568 1556 1623 aberrasse
1576 1608 1591 1635 ,
1626 1580 1789 1637 quam

176 1674 265 1721 tot
293 1666 584 1736 praeclaras
627 1664 1106 1741 interpretationes
1145 1665 1377 1741 primum
1424 1663 1672 1718 omnium
1731 1661 1785 1715 in

175 1757 361 1814 lucem
382 1758 697 1828 protulisse.
884 1758 887 1759 ⁷
1016 1739 1019 1741 ’
1223 1739 1242 1758 ’

254 1851 510 1924 89152.
543 1848 885 1918 Nebrissensi
909 1840 1257 1922 adjungimus
1282 1850 1418 1905 duos
1442 1850 1579 1905 alios
1606 1847 1795 1917 Hispa-

180 1959 310 2011 nos,
325 1938 558 2017 quorum
577 1946 738 2011 alter,
758 1945 1188 2001 Bartholomceus
1208 1946 1499 2011 Moriancs,
1516 1960 1798 2004 commen-

177 2038 378 2108 tarios,
398 2047 453 2095 et
473 2049 633 2094 notas
656 2039 880 2110 scripsit
897 2040 953 2094 in
973 2039 1157 2112 plures
1180 2048 1389 2110 poetas,
1406 2048 1459 2095 et
1478 2039 1794 2094 nominatim

177 2132 239 2188 in
266 2131 647 2197 Prudentium,
672 2131 941 2199 Alcimum
959 2132 1202 2199 Avitum,
1223 2133 1453 2187 Marium
1467 2130 1794 2202 Victoriam,

176 2224 505 2293 Iuvencum,
532 2225 838 2293 Sedulium,
861 2224 1176 2292 Aratorem,
1202 2237 1261 2281 ut
1280 2228 1498 2282 narravi
1524 2228 1575 2282 in
1604 2226 1798 2283 Prole-

176 2335 333 2391 gom.
365 2318 432 2375 ad
463 2319 845 2387 Prudentium,
873 2337 1024 2376 num.
1054 2310 1187 2384 259.
1212 2319 1267 2375 in
1299 2330 1446 2376 nota.
1479 2321 1677 2379 Postea
1706 2338 1798 2378 re-

179 2428 318 2470 cusa
350 2414 445 2469 iuit
472 2414 672 2471 Matriti
700 2415 1036 2473 Biblimheca
1085 2417 1324 2489 Hispana
1354 2417 1475 2473 Nic.
1532 2418 1757 2473 Antonii
1782 2461 1796 2487 ,

183 2516 249 2565 et
277 2523 344 2564 ex
384 2507 545 2579 hujus
588 2508 961 2565 additionibus
1010 2511 1317 2581 posthumis
1371 2511 1574 2567 mentio
1631 2512 1685 2565 in
1736 2526 1799 2565 ea

179 2599 332 2655 facta
364 2607 447 2655 est
493 2600 879 2656 Bartholomzei
927 2600 1225 2671 Morianes,
1271 2603 1429 2674 cujus
1458 2612 1801 2659 commenta-

181 2693 306 2751 rios
331 2709 462 2748 mss.
487 2693 914 2766 Caesaraugustae
945 2706 1163 2753 exstare
1196 2698 1464 2752 innuitur.
1505 2697 1799 2768 Antiquior

185 2786 433 2843 Morlane
449 2785 570 2855 fuit,
586 2798 748 2860 atque
771 2788 870 2859 ipsi
888 2790 1230 2846 Nebrissensi
1253 2792 1483 2862 mqualis
1501 2791 1641 2847 alter
1656 2807 1805 2846 com-

189 2891 467 2939 mentator
486 2883 695 2940 Sedulii
720 2884 961 2940 Joannes
978 2886 1291 2955 Sopraritts,
1324 2887 1483 2957 cujus
1514 2887 1805 2942 laudantur

190 2993 223 3031 a
249 2976 368 3033 Nic.
394 2978 633 3035 Antonio
650 2978 985 3047 injBiblioth.
1004 2994 1141 3033 nova
1163 2978 1315 3049 llisp.
1331 2980 1721 3036 commentaria
1748 2981 1800 3034 in

191 3068 480 3127 Sedulium
508 3078 722 3139 poetam
754 3085 820 3127 ex
854 3071 1246 3143 epigrammate
1276 3072 1337 3127 L.
1374 3072 1597 3128 Marinei
1631 3072 1797 3129 Siculi

192 3164 238 3220 l.
262 3179 299 3219 ιι
326 3162 663 3233 Carminum,
688 3180 754 3221 ex
773 3180 882 3236 quo
915 3165 1032 3222 IIZPC
1060 3181 1225 3241 pauca
1249 3165 1481 3223 disticha
1515 3169 1687 3240 seligo
1714 3186 1726 3224 :

330 3298 792 3366 Conferateximios
810 3302 981 3366 siquis
1004 3314 1085 3352 me
1104 3301 1273 3366 judice
1298 3312 1455 3365 vates,

386 3362 577 3427 Sedulii
604 3374 778 3427 magna
802 3362 1053 3424 est'gloria
1068 3401 1081 3422 ,
1105 3362 1319 3427 inagnus
1342 3362 1515 3417 honor.

327 3423 453 3495 Hec.
468 3423 613 3495 lege,
640 3423 792 3495 crede
813 3423 926 3475 mihi
943 3461 955 3482 ,
976 3426 1146 3495 doctos
1161 3468 1173 3489 ,
1191 3423 1489 3491 sanctosque
1508 3469 1522 3493 ,
1541 3432 1799 3495 magister,

393 3484 671 3549 Discipulos
694 3486 875 3549 facient
896 3490 1109 3537 carmina
1124 3484 1292 3549 sancta
1317 3484 1441 3542 tuos.
1465 3522 1469 3527 -

334 3546 458 3615 Nam
485 3545 661 3615 siqua;
683 3548 864 3615 fuerint
886 3550 1063 3615 occulti
1079 3545 1290 3600 carmiha
1312 3566 1519 3615 sensus,

388 3609 780 3660 Omnia'Sobrari
804 3612 953 3661 verba
978 3612 1137 3663 soluta
1156 3615 1376 3666 dabunt.-

204 3734 546 3801 Sobrarium,
581 3752 685 3791 non
720 3735 1026 3806 Soprarium
1064 3748 1225 3794 vocat
1270 3739 1548 3796 Marineus
1584 3741 1639 3794 in
1690 3742 1805 3795 suis

204 3828 545 3884 carminibus
569 3870 584 3895 ,
638 3845 757 3900 qua:
791 3840 913 3901 post
942 3828 1206 3903 epistolas
1234 3832 1378 3889 edita
1411 3844 1539 3888 sunt
1570 3832 1807 3890 Valliso—

206 3922 331 3988 leti,
360 3937 504 3979 anno
530 3922 692 3979 15H.

280 4017 408 4074 133.
439 4017 703 4089 Georgius
748 4016 1035 4076 Fabricius
1089 4021 1141 4075 in
1185 4032 1544 4078 commentar.
1592 4033 1802 4093 poetar.

205 4108 411 4165 Christ.
444 4126 568 4168 cum
594 4112 820 4183 reliquis
848 4114 1107 4169 nonnulla
1132 4114 1294 4169 etiam
1330 4116 1450 4171 loca
1477 4114 1687 4170 Sedulii
1713 4133 1809 4171 ex-

206 4203 387 4275 ponit.
417 4203 673 4259 Barthius
703 4206 1027 4277 saepissime,
1073 4210 1383 4277 praesertim
1426 4224 1559 4264 vero
1598 4210 1653 4283 in
1698 4210 1808 4264 Ad-

208 4295 474 4352 versariis
503 4311 695 4352 versus
743 4289 949 4353 Sedulii
981 4314 1048 4352 ex
1087 4315 1244 4363 mss.,
1283 4310 1338 4355 et
1366 4317 1431 4354 ex
1467 4301 1581 4355 suis
1625 4300 1811 4370 conje-

209 4387 387 4443 cturis
424 4388 712 4454 emendat,
757 4390 1089 4461 etexplicat.
1123 4390 1201 4446 lta
1230 4407 1355 4446 vero
1388 4393 1461 4447 ait
1498 4392 1535 4447 l.
1567 4408 1655 4447 LIV
1699 4393 1811 4449 Ad-

212 4496 363 4536 vers.
394 4496 516 4552 cap.
552 4482 581 4535 7
608 4500 620 4535 :
656 4480 868 4549 Fateor,
902 4484 955 4537 in
978 4485 1141 4553 poetis
1167 4485 1415 4557 veteribus
1446 4502 1525 4539 me
1550 4484 1812 4541 Christia-

1894 432 2136 493 inveniet.
2166 431 2309 489 Sane
2341 431 2596 489 Barthius
2628 447 2880 507 magnam
2926 432 3105 490 lucem
3134 437 3498 505 scriptoribus
3554 423 3558 427 l

1896 528 2011 585 fere
2040 529 2293 585 omnibus
2320 530 2560 601 antiquis
2586 531 2809 599 attulit,
2844 530 2939 586 sed
2971 530 3251 588 interdum
3282 532 3503 589 subtili-

1896 621 1994 677 bus
2030 624 2147 678 suis
2179 622 2511 693 conjecturis
2556 622 2606 678 id
2637 634 2973 695 extorquere
3008 624 3148 691 vult,
3198 633 3259 681 ut
3289 634 3506 685 veteres

1895 727 2150 772 auctores
2179 725 2285 771 tam
2318 716 2621 795 perplexe,
2676 726 2896 795 tamque
2919 720 3153 775 obscure
3184 719 3498 791 loquantur,

1895 826 2059 881 quam
2106 809 2226 884 ipse
2273 812 2532 882 loquitur.
2570 811 2897 888 Plerumque
2926 815 3071 869 enim
3110 814 3325 871 facilius
3360 815 3503 871 scri-

1897 912 2113 975 ptorum
2146 918 2347 973 opera,
2383 920 2504 976 quae
2546 903 2829 961 illustrare
2854 919 3113 975 conatur,
3148 923 3313 982 quam
3347 908 3501 981 ipsos
3560 895 3564 898 l

1894 995 2013 1066 ejus
2039 997 2465 1054 commentarios
2494 998 2791 1071 intelligas.

1970 1091 2090 1145 13L
2145 1090 2404 1147 Daumius
2456 1106 2656 1162 corpus
2704 1090 3144 1151 Christianorum
3202 1104 3493 1167 poetarum

1895 1184 2237 1241 emendatius
2292 1184 2457 1242 edere
2503 1187 2899 1255 constituerat,
2961 1190 3013 1243 in
3065 1189 3264 1260 quibus
3306 1190 3486 1247 locum

1896 1290 2052 1331 Suum
2087 1277 2327 1348 habebat
2354 1280 2613 1339 Sedulius
2650 1298 2661 1333 :
2720 1296 2824 1353 qua
2852 1280 2918 1335 de
2949 1298 3009 1336 re
3058 1278 3231 1339 videri
3267 1294 3501 1355 possunt

1896 1368 2125 1439 epistola
2150 1370 2217 1425 87
2250 1382 2305 1425 et
2337 1371 2407 1426 99.
2439 1371 2647 1443 Heinsii
2680 1372 2732 1427 in
2766 1372 2909 1445 Syll.
2944 1374 3244 1443 Burmann.
3276 1356 3505 1463 Egregia

1895 1461 1965 1518 de
1997 1463 2317 1533 posterioris
2344 1466 2446 1521 aevi
2477 1468 2654 1536 poetis
2676 1466 2965 1525 Daumium
2993 1469 3243 1535 conferre
3266 1461 3508 1543 potuisse

1896 1557 1971 1610 ait
1997 1555 2359 1627 Arntzenius,
2398 1560 2527 1616 licet
2557 1560 2640 1615 vir
2672 1562 2897 1632 majoris
2942 1562 3275 1639 diligentiae,
3312 1581 3376 1621 ac
3414 1565 3509 1636 do-

1897 1652 2113 1721 ctrinae,
2146 1671 2305 1726 quam
2333 1656 2526 1725 judicii
2554 1656 2809 1714 videatur
2832 1657 3095 1716 Withufio
3120 1661 3256 1728 diss.
3277 1663 3349 1720 de
3376 1678 3511 1719 vero

1823 1744 1870 1803 B
1899 1747 2178 1805 distichor.
2204 1749 2399 1823 Gaton.
2436 1763 2660 1809 auctore
2692 1770 2809 1826 pag.
2844 1756 2971 1812 561.
3006 1756 3329 1839 Suspicatur
3351 1758 3496 1820 idem

1899 1844 2226 1905 Arntzenius
2250 1887 2263 1911 ,
2312 1844 2581 1934 Joannem
2613 1847 2907 1905 Albertum
2937 1850 3255 1913 Fabricium
3279 1869 3505 1937 quoque

1898 1934 2065 1991 decus
2084 1935 2301 2010 aliquod
2323 1937 2550 1995 Sedulio
2578 1941 2874 1999 conciliare
2896 1946 3163 2002 statuisse
3183 1988 3198 2013 ,
3229 1934 3352 2021 cum
3385 1934 3511 2020 par-

1902 2038 2009 2084 tem
2038 2042 2321 2101 poetarum
2344 2030 2781 2090 Christianorum
2813 2036 2977 2094 edere
3006 2039 3060 2094 in
3086 2039 3271 2097 animo
3294 2038 3499 2099 habue-

1906 2124 1973 2179 rit
2000 2168 2014 2193 ,
2048 2136 2107 2180 ut
2137 2124 2306 2181 refert
2333 2126 2624 2183 Reimarus
2653 2128 2707 2183 in
2741 2129 2863 2200 ejus
2893 2130 3012 2186 Vita
3036 2174 3050 2198 ,
3084 2147 3209 2205 pag.
3243 2132 3370 2192 209.

1980 2219 2102 2275 155.
2143 2217 2435 2276 Cornelius
2465 2219 2719 2277 Valerius
2748 2221 2936 2279 Vonck
2966 2223 3262 2301 lectionum
3291 2224 3513 2288 Latina—

1907 2330 2024 2369 rum
2050 2313 2219 2369 lihros
2242 2314 2380 2371 duos
2401 2314 2575 2370 edidit
2598 2315 2835 2387 Trajecti
2854 2317 3118 2374 Viltorutn
3143 2317 3307 2391 1745,
3332 2320 3512 2391 ιιι-8ο,

1907 2413 1961 2461 et
1992 2394 2086 2461 lib.
2122 2420 2138 2459 ι
2168 2450 2183 2475 ,
2215 2421 2337 2476 cap.
2369 2406 2403 2462 6
2429 2449 2444 2473 ,
2502 2408 2841 2478 conjecturis
2872 2411 3159 2467 Sedulium
3206 2414 3517 2484 emaculare

1907 2500 2115 2559 studet.
2148 2516 2284 2567 quas
2320 2504 2652 2558 Arntzenius
2677 2505 2821 2559 notis
2851 2506 2968 2563 suis
2998 2506 3247 2564 inseruit.
3279 2508 3515 2566 Gruneri

1907 2595 1974 2649 de
2009 2594 2251 2650 Vonckio
2286 2592 2555 2665 judicium
2611 2598 2792 2655 libens
2835 2600 3166 2671 amplector,
3216 2618 3518 2677 verumque

1907 2695 2028 2744 es$e
2076 2687 2337 2759 profiteor
2372 2709 2382 2743 :
2425 2689 2703 2755 Vonckius,
2739 2693 2934 2774 inquit,
2970 2696 3125 2750 nimis
3156 2696 3228 2751 ad
3255 2702 3513 2754 innovan-

1909 2783 2032 2836 dum
2054 2784 2317 2854 proclivis,
2346 2786 2480 2840 et-de
2510 2787 2852 2857 corrigendis,
2876 2806 3036 2859 quam
3062 2789 3407 2866 intelligendis
3430 2810 3514 2849 tle-

1908 2886 2072 2931 terum
2099 2880 2307 2949 scriptis
2332 2881 2497 2953 magis
2519 2881 2794 2939 sollicitus.
2819 2883 3045 2941 Thema:
3068 2886 3366 2958 Vopkensli
3398 2886 3517 2946 ani-

1856 3021 1865 3031 ,
1909 2970 2321 3028 madversiones
2370 2973 2578 3029 critica:
2612 2976 2663 3030 in
2694 2976 2975 3033 Sedulium
3004 2990 3230 3037 exstant
3273 2980 3328 3037 in
3360 2982 3513 3055 Misc.

1909 3064 2124 3120 observ.
2148 3064 2399 3125 Critic.in
2417 3076 2673 3126 auctores
2691 3080 2974 3130 vetereset
2992 3086 3246 3133 recentes
3262 3088 3392 3141 tom.
3420 3079 3514 3152 IV.

1831 3150 1875 3214 C
1911 3157 2105 3213 Postea
2127 3158 2571 3221 aderntzenium
2592 3166 2899 3223 transmisit
2921 3168 3367 3227 Observationum
3390 3150 3518 3228 sua?

1907 3268 2034 3308 rum
2051 3252 2377 3312 Adversaria
2396 3259 2793 3325 emendatiora,
2811 3274 2867 3317 ut
2881 3278 3039 3319 novae
3059 3264 3266 3331 Sedulii
3293 3267 3519 3331 editioni

1904 3347 2269 3404 deservirent.
2296 3350 2689 3423 Wopkensius,
2729 3364 2789 3425 ut
2818 3356 3022 3415 fatetur
3040 3361 3519 3434 Arutzenius,ma-

1912 3459 2042 3501 num
2082 3449 2265 3516 potius
2294 3451 2727 3509 emendatricem
2762 3454 2880 3511 sola
2910 3456 3350 3529 conjecturarum
3384 3476 3515 3535 ope,

1874 3558 1875 3561 η
1908 3551 2071 3605 quam
2101 3540 2319 3607 quidem
2354 3543 2603 3599 codicum
2631 3549 2967 3605 auctoritate
2994 3549 3232 3622 adjutus,
3258 3552 3519 3621 admovit.

1908 3628 2143 3687 Gruneri
2167 3636 2539 3708 :equissimum
2563 3648 2647 3694 est
2654 3639 2918 3714 judicium
2936 3644 2987 3698 in
3003 3642 3522 3715 Wopkensiiemen-

1909 3720 2223 3780 datiunibus
2238 3726 2411 3782 multa
2427 3744 2549 3785 esse
2565 3732 2757 3798 przccla
2767 3733 2969 3789 redicta
2984 3744 3039 3790 et
3059 3752 3273 3793 summo
3292 3753 3413 3794 cum
3432 3739 3522 3809 ju-

1911 3814 2351 3888 dicio:quazdam
2397 3820 2730 3878 deserenda.
2770 3824 3141 3896 Pluresalios,
3180 3832 3270 3902 qui
3310 3831 3519 3888 Sedulii

1910 3908 2161 3978 quaedam
2193 3909 2715 3981 locacorrexcrunt,
2746 3927 2853 3972 aut
2886 3918 3251 3993 illustrarunt,
3295 3919 3515 3998 longum

1911 4012 2079 4072 esset,
2097 4020 2275 4077 neque
2290 4022 2419 4065 vero
2436 4012 2808 4067 necessarium
2841 4029 3186 4077 enumerare.

2169 4178 2176 4187 _
2469 4103 2576 4192 τι
2616 4104 2846 4165 CAPUT
2887 4110 2950 4167 v.

1915 4186 1995 4245 De
2007 4186 2228 4261 Asterio,
2245 4196 2336 4267 qui
2347 4186 2579 4251 carmina
2593 4198 2796 4269 Sedulii
2806 4202 3036 4278 collegit;
3049 4204 3111 4259 de
3128 4200 3350 4278 Liberio,
3368 4218 3415 4264 et
3428 4208 3521 4268 Be—

1952 4288 2150 4359 lisario,
2175 4293 2263 4359 qui
2282 4289 2559 4347 Sedulium
2576 4294 2803 4355 versibus
2815 4300 3125 4356 acrosticltis
3147 4315 3475 4371 ornaverunt.

1990 4381 2115 4439 136.
2158 4385 2216 4439 ln
2246 4386 2428 4443 multis
2456 4404 2588 4444 mss.
2619 4391 2900 4463 codicibus
2941 4393 3151 4452 Sedulii
3208 4403 3519 4469 annotatur‘,

1918 4474 2191 4531 ASterium
2225 4480 2469 4545 carmina
2501 4480 2705 4539 Sedulii
2734 4485 2985 4557 dispersa
3011 4485 3321 4561 collegisse,
3346 4508 3410 4550 ac
3435 4491 3523 4561 di-

213 4576 297 4628 nis
327 4549 502 4628 amare
520 4574 900 4646 simplicitatem
920 4558 1085 4646 ipsam
1104 4586 1151 4630 et
1183 4556 1448 4643 dictionis,
1472 4588 1519 4632 et
1542 4595 1811 4647 sensuum,
1838 4549 1895 4612 Ῑ)
1922 4569 2174 4641 vulgasse
2205 4589 2216 4624 :
2248 4572 2343 4628 sed
2375 4589 2497 4629 cum
2522 4575 2574 4631 id
2598 4578 2665 4632 ab
2679 4577 2802 4634 aliis
2823 4579 2986 4638 aliter
3008 4593 3327 4657 exponatur,
3361 4588 3522 4645 verba

213 4685 334 4742 quin
356 4686 457 4739 quo
487 4681 558 4725 est
585 4670 874 4735 candidior,
907 4687 965 4725 eo
994 4680 1069 4725 est
1091 4675 1276 4727 merito
1302 4675 1503 4745 gratior
1526 4691 1549 4729 :
1579 4692 1695 4729 cum
1722 4686 1812 4743 ις,-

216 4777 335 4816 mor
359 4760 449 4815 ille
471 4802 487 4829 ,
534 4771 578 4816 et
610 4760 912 4832 eloquentia:
956 4764 1217 4835 affectata:
1245 4764 1462 4837 pictum
1488 4784 1589 4821 non
1635 4769 1809 4824 sinant

219 4856 454 4910 animum
501 4871 631 4922 pura
655 4870 826 4909 rerum
856 4856 1158 4925 dulcedine,
1214 4860 1445 4913 numeris
1473 4861 1769 4931 infusarum
1787 4903 1809 4931 ,

219 4946 467 5019 gaudere.
498 4936 649 5013 Volo,
669 4956 725 5000 ut
750 4948 1135 5023 retlhostimenti
1156 4949 1273 5007 loco
1294 4951 1471 5024 [elices
1495 4954 1604 5024 illa;
1622 4955 1811 5010 animle

222 5039 321 5092 hoc
351 5054 384 5090 a
404 5051 483 5091 me
514 5037 763 5103 habeant,
789 5047 845 5093 ut
876 5043 1069 5112 scripta
1098 5059 1273 5097 eorum
1301 5060 1416 5098 mea
1446 5062 1540 5116 ope
1575 5048 1812 5118 legantur

224 5131 595 5187 emendatiora.
634 5128 818 5186 Veniat
840 5134 894 5187 in
921 5143 1112 5204 partes,
1144 5135 1222 5189 vel
1245 5138 1419 5191 redeat
1443 5140 1613 5208 potius
1642 5140 1812 5197 Sedu-

226 5224 360 5289 lius,
391 5226 542 5291 cujus
563 5232 799 5293 quartum
829 5223 1035 5294 librum,
1068 5234 1173 5283 etc.
1200 5227 1270 5282 Et
1294 5239 1419 5299 post
1450 5232 1610 5287 multa
1638 5251 1650 5285 :
1681 5232 1811 5289 Hazc

228 5314 447 5372 Sedulio
475 5326 647 5371 nostra
678 5318 829 5371 etiam
857 5316 952 5372 hoc
991 5318 1105 5373 loco
1156 5321 1536 5391 imputavimus.
1587 5324 1813 5399 Scripsi-

227 5425 344 5463 mus
368 5406 651 5477 aliquando
680 5410 903 5484 integras
930 5412 1000 5471 ad
1021 5429 1135 5466 eum
1165 5422 1334 5481 notas,
1368 5423 1423 5467 ut
1446 5424 1493 5468 et
1521 5418 1690 5488 priore
1720 5418 1819 5474 illa

229 5499 509 5555 Claudiani
535 5502 755 5556 editione
782 5503 1146 5571 indicavimus,
1171 5505 1261 5559 sed
1286 5522 1362 5559 ea:
1384 5548 1400 5571 ,
1444 5523 1643 5579 vereor,
1668 5528 1729 5564 ne
1756 5513 1813 5567 in

230 5590 364 5644 alias
402 5588 546 5643 nobis
575 5605 843 5664 correpunt
868 5636 882 5655 ,
926 5605 971 5649 et
1017 5597 1082 5649 sit
1108 5605 1309 5664 auctor,
1342 5597 1484 5651 nobis
1510 5599 1618 5671 ⁷ο
1645 5611 1813 5660 tamen

182 5684 186 5688 λ
233 5680 421 5735 chartis
438 5722 453 5745 ,
482 5682 561 5734 his
588 5688 764 5752 paucis
781 5727 802 5755 ,
830 5696 875 5739 et
907 5687 1140 5743 tenuibus
1164 5688 1601 5745 commendandus
1628 5695 1817 5752 saltem

236 5772 457 5845 posteris
486 5786 519 5826 a
545 5773 723 5843 nobis,
770 5775 815 5830 si
854 5790 957 5833 non
996 5775 1252 5852 plerisque
1277 5778 1659 5852 difﬁcilioribus
1686 5784 1816 5844 locis

1926 4664 2039 4733 ipsa
2068 4664 2317 4721 codicum
2347 4665 2413 4721 ad
2441 4683 2671 4727 examen
2693 4688 2954 4732 revocare
2982 4666 3524 4763 oportet.‘Autiquis-

1927 4758 2097 4813 simus
2125 4754 2298 4815 eodex
2327 4772 2517 4817 noster
2530 4761 2827 4823 Vaticanus
2847 4768 2979 4842 Reg.
3008 4754 3032 4825 ί
3062 4771 3141 4827 sic
3172 4774 3332 4831 habet
3358 4792 3372 4829 :
3398 4754 3523 4830 Hoc

1930 4859 2057 4917 opus
2088 4848 2334 4907 Sedulius
2360 4854 2414 4909 in
2444 4865 2607 4910 certas
2636 4857 2899 4919 chartulas
2952 4862 3261 4933 dispersum
3293 4867 3518 4939 reliqu‘t,

1929 4944 2067 5011 quod
2091 4946 2431 5015 recollectam,
2466 4948 2770 5019 adunatum,
2796 4962 2948 5025 atque
2980 4950 3054 5007 ad
3092 4969 3289 5010 omnem
3317 4958 3523 5031 elegan-

1931 5034 2058 5090 tiam
2109 5039 2429 5111 divulgatum
2458 5051 2531 5096 est
2559 5059 2592 5095 a
2624 5041 2811 5099 Turcio
2833 5043 2995 5113 Ru/fo
3016 5046 3215 5103 Asteria
3239 5050 3347 5105 uiro
3376 5052 3519 5108 claro

1928 5129 2204 5186 exconsule
2221 5134 2505 5204 ordinario,
2536 5144 2688 5207 atque
2733 5138 2972 5209 patricio.
3006 5136 3064 5194 in
3110 5137 3298 5197 codice
3329 5138 3543 5215 legitur

1930 5224 1985 5277 in
2014 5232 2171 5288 certa,
2207 5224 2301 5280 sed
2335 5228 2587 5293 mendum
2628 5228 2832 5283 clarum
2870 5241 2951 5285 est
2977 5247 3072 5302 pro
3098 5234 3153 5287 in
3175 5246 3357 5291 certas.
3391 5230 3520 5296 Hmc

1933 5325 2058 5373 nota
2120 5319 2219 5372 etsi
2270 5320 2338 5373 ab
2390 5302 2554 5389 opere
2600 5331 2848 5391 separata
2892 5332 2975 5378 est
3005 5325 3056 5378 in
3090 5324 3192 5382 hoc
3220 5328 3429 5399 codice,
3460 5341 3523 5389 ut

1930 5411 2042 5467 dixi
2074 5426 2221 5467 num.
2249 5414 2334 5475 66,
2352 5421 2528 5467 tamen
2546 5413 2765 5469 videtur
2795 5414 3078 5487 desumpta
3097 5434 3161 5473 ex
3191 5420 3305 5477 alio
3331 5424 3518 5482 codice

1930 5508 1983 5560 in
2022 5522 2129 5576 quo
2161 5508 2497 5577 praecedebat
2535 5509 2811 5580 prologum
2841 5498 3150 5568 metricum.
3182 5514 3311 5572 Post
3336 5526 3518 5575 notam

1928 5602 2073 5657 illico
2087 5592 2409 5656 exscrihitur
2422 5603 2753 5676 epigramma
2770 5604 2990 5661 Asterii:
3007 5606 3189 5676 Sume,
3206 5627 3349 5667 sacer
3370 5616 3521 5670 meri;

1929 5696 2013 5759 tis,
2029 5706 2133 5751 etc.
2147 5738 2161 5763 ,
2182 5696 2276 5751 sed
2291 5712 2395 5752 non
2419 5699 2741 5768 exprimitur
2753 5702 3000 5773 quisnam
3014 5703 3085 5775 sit
3100 5704 3188 5762 hic
3202 5722 3357 5767 sacer
3368 5714 3525 5775 meri-

1929 5786 2167 5862 tis.Reg.
2189 5789 2223 5846 5
2248 5788 2391 5848 illico
2407 5796 2532 5863 post
2551 5790 2832 5865 epistolam
2855 5793 2921 5852 ad
2942 5792 3313 5870 Macedoniam
3339 5804 3420 5863 sic
3444 5811 3526 5865 re-
