  <div class='ocr_page' id='page_1' title='image "/cluster/home/n/w/nwhite01/storage/ocr_20150623/18-19/uva.x000826554/1035.png"; bbox 0 0 3904 6326; ppageno 0'>
   <div class='ocr_carea' id='block_1_1' title="bbox 497 227 601 287">
    <p class='ocr_par' dir='ltr' id='par_1_1' title="bbox 497 227 601 287">
     <span class='ocr_line' id='line_1_1' title="bbox 497 227 601 287; baseline -0.038 1"><span class='ocrx_word' id='word_1_1' title='bbox 497 227 601 287; x_wconf 69' lang='grc'><strong>«18⁷</strong></span> 
     </span>
    </p>
   </div>
   <div class='ocr_carea' id='block_1_2' title="bbox 1793 217 2464 283">
    <p class='ocr_par' dir='ltr' id='par_1_2' title="bbox 1793 217 2464 283">
     <span class='ocr_line' id='line_1_2' title="bbox 1793 217 2464 283; baseline -0.006 0"><span class='ocrx_word' id='word_1_2' title='bbox 1793 218 2071 283; x_wconf 73' lang='grc' dir='ltr'><strong>εοειῐυε</strong></span> <span class='ocrx_word' id='word_1_3' title='bbox 2107 217 2464 283; x_wconf 77' lang='lat' dir='ltr'><strong>SEDULIUS.</strong></span> 
     </span>
    </p>
   </div>
   <div class='ocr_carea' id='block_1_3' title="bbox 3655 228 3758 286">
    <p class='ocr_par' dir='ltr' id='par_1_3' title="bbox 3655 228 3758 286">
     <span class='ocr_line' id='line_1_3' title="bbox 3655 228 3758 286; baseline 0.019 -2"><span class='ocrx_word' id='word_1_4' title='bbox 3655 228 3758 286; x_wconf 74' lang='grc'><strong>488</strong></span> 
     </span>
    </p>
   </div>
   <div class='ocr_carea' id='block_1_4' title="bbox 500 334 3759 413">
    <p class='ocr_par' dir='ltr' id='par_1_4' title="bbox 500 334 3759 413">
     <span class='ocr_line' id='line_1_4' title="bbox 500 334 3759 413; baseline -0.004 -13"><span class='ocrx_word' id='word_1_5' title='bbox 500 345 603 400; x_wconf 99' lang='lat' dir='ltr'><strong>fert</strong></span> <span class='ocrx_word' id='word_1_6' title='bbox 637 365 646 399; x_wconf 78' lang='grc' dir='ltr'><strong>ε</strong></span> <span class='ocrx_word' id='word_1_7' title='bbox 684 345 794 398; x_wconf 79' lang='lat' dir='ltr'><strong>Hoc</strong></span> <span class='ocrx_word' id='word_1_8' title='bbox 849 358 976 413; x_wconf 87' lang='lat' dir='ltr'><strong>opus</strong></span> <span class='ocrx_word' id='word_1_9' title='bbox 1028 340 1267 399; x_wconf 73' lang='lat' dir='ltr'><strong>Sedulius</strong></span> <span class='ocrx_word' id='word_1_10' title='bbox 1314 339 1445 393; x_wconf 86' lang='lat' dir='ltr'><strong>inter</strong></span> <span class='ocrx_word' id='word_1_11' title='bbox 1484 334 1745 390; x_wconf 76' lang='lat' dir='ltr'><strong>chartulas</strong></span> <span class='ocrx_word' id='word_1_12' title='bbox 1795 336 2081 407; x_wconf 82' lang='lat' dir='ltr'><strong>dispersum</strong></span> <span class='ocrx_word' id='word_1_13' title='bbox 2107 336 2160 396; x_wconf 82' lang='grc' dir='ltr'>Α</span> <span class='ocrx_word' id='word_1_14' title='bbox 2185 335 2442 389; x_wconf 74' lang='lat' dir='ltr'><strong>chartulas</strong></span> <span class='ocrx_word' id='word_1_15' title='bbox 2467 335 2521 388; x_wconf 91' lang='lat' dir='ltr'><strong>d.</strong></span> <span class='ocrx_word' id='word_1_16' title='bbox 2551 351 2596 389; x_wconf 88' lang='lat' dir='ltr'><strong>r.</strong></span> <span class='ocrx_word' id='word_1_17' title='bbox 2623 353 2676 407; x_wconf 92' lang='lat' dir='ltr'><strong>q.</strong></span> <span class='ocrx_word' id='word_1_18' title='bbox 2696 335 3027 401; x_wconf 84' lang='lat' dir='ltr'><strong>adornatum,</strong></span> <span class='ocrx_word' id='word_1_19' title='bbox 3055 341 3208 405; x_wconf 83' lang='lat' dir='ltr'><strong>atque</strong></span> <span class='ocrx_word' id='word_1_20' title='bbox 3237 336 3304 389; x_wconf 89' lang='lat' dir='ltr'><strong>ad</strong></span> <span class='ocrx_word' id='word_1_21' title='bbox 3322 350 3528 389; x_wconf 87' lang='lat' dir='ltr'><strong>omnem</strong></span> <span class='ocrx_word' id='word_1_22' title='bbox 3559 335 3759 407; x_wconf 65' lang='lat' dir='ltr'><strong>elegm</strong></span> 
     </span>
    </p>
   </div>
   <div class='ocr_carea' id='block_1_5' title="bbox 498 429 2075 505">
    <p class='ocr_par' dir='ltr' id='par_1_5' title="bbox 498 429 2075 505">
     <span class='ocr_line' id='line_1_5' title="bbox 498 429 2075 505; baseline -0.006 -15"><span class='ocrx_word' id='word_1_23' title='bbox 498 438 719 505; x_wconf 77' lang='lat' dir='ltr'><strong>reliquit.</strong></span> <span class='ocrx_word' id='word_1_24' title='bbox 743 436 1107 501; x_wconf 84' lang='lat' dir='ltr'><strong>Recallectum,</strong></span> <span class='ocrx_word' id='word_1_25' title='bbox 1121 435 1403 488; x_wconf 88' lang='lat' dir='ltr'><strong>adunatum</strong></span> <span class='ocrx_word' id='word_1_26' title='bbox 1415 438 1565 502; x_wconf 87' lang='lat' dir='ltr'><strong>atque</strong></span> <span class='ocrx_word' id='word_1_27' title='bbox 1575 429 1643 481; x_wconf 89' lang='lat' dir='ltr'><strong>ad</strong></span> <span class='ocrx_word' id='word_1_28' title='bbox 1659 443 1858 482; x_wconf 88' lang='lat' dir='ltr'><strong>omnem</strong></span> <span class='ocrx_word' id='word_1_29' title='bbox 1871 429 2075 498; x_wconf 88' lang='lat' dir='ltr'><strong>elegan-</strong></span> 
     </span>
    </p>
   </div>
   <div class='ocr_carea' id='block_1_6' title="bbox 491 518 2071 602">
    <p class='ocr_par' dir='ltr' id='par_1_6' title="bbox 491 518 2071 602">
     <span class='ocr_line' id='line_1_6' title="bbox 491 518 2071 602; baseline -0.008 -18"><span class='ocrx_word' id='word_1_30' title='bbox 491 533 617 584; x_wconf 87' lang='lat' dir='ltr'><strong>tiam</strong></span> <span class='ocrx_word' id='word_1_31' title='bbox 643 530 961 602; x_wconf 76' lang='lat' dir='ltr'><strong><em>divulgatum</em></strong></span> <span class='ocrx_word' id='word_1_32' title='bbox 989 537 1062 582; x_wconf 86' lang='lat' dir='ltr'><strong>est</strong></span> <span class='ocrx_word' id='word_1_33' title='bbox 1089 545 1120 580; x_wconf 89' lang='lat' dir='ltr'><strong>a</strong></span> <span class='ocrx_word' id='word_1_34' title='bbox 1145 526 1333 580; x_wconf 87' lang='lat' dir='ltr'><strong>Turcio</strong></span> <span class='ocrx_word' id='word_1_35' title='bbox 1357 522 1514 591; x_wconf 70' lang='lat' dir='ltr'><strong>Rufio</strong></span> <span class='ocrx_word' id='word_1_36' title='bbox 1535 522 1739 576; x_wconf 83' lang='lat' dir='ltr'><strong>Asteria</strong></span> <span class='ocrx_word' id='word_1_37' title='bbox 1790 521 1982 586; x_wconf 86' lang='lat' dir='ltr'><strong>Quinta</strong></span> <span class='ocrx_word' id='word_1_38' title='bbox 2007 518 2071 572; x_wconf 84' lang='lat' dir='ltr'><strong>V.</strong></span> 
     </span>
    </p>
   </div>
   <div class='ocr_carea' id='block_1_7' title="bbox 507 609 2095 691">
    <p class='ocr_par' dir='ltr' id='par_1_7' title="bbox 507 609 2095 691">
     <span class='ocr_line' id='line_1_7' title="bbox 507 609 2095 691; baseline -0.008 -13"><span class='ocrx_word' id='word_1_39' title='bbox 507 624 569 679; x_wconf 87' lang='lat' dir='ltr'><strong>C.</strong></span> <span class='ocrx_word' id='word_1_40' title='bbox 613 625 884 679; x_wconf 71' lang='lat' dir='ltr'><strong>exconsule</strong></span> <span class='ocrx_word' id='word_1_41' title='bbox 903 623 1189 688; x_wconf 87' lang='lat' dir='ltr'><strong>ordinaria,</strong></span> <span class='ocrx_word' id='word_1_42' title='bbox 1215 631 1370 691; x_wconf 88' lang='lat' dir='ltr'><strong>atque</strong></span> <span class='ocrx_word' id='word_1_43' title='bbox 1390 617 1628 689; x_wconf 84' lang='lat' dir='ltr'><strong>patricio.</strong></span> <span class='ocrx_word' id='word_1_44' title='bbox 1649 615 2005 685; x_wconf 78' lang='lat' dir='ltr'><strong>Sequebatur,</strong></span> <span class='ocrx_word' id='word_1_45' title='bbox 2023 609 2095 666; x_wconf 61' lang='lat' dir='ltr'><strong>ut&#39;</strong></span> 
     </span>
    </p>
   </div>
   <div class='ocr_carea' id='block_1_8' title="bbox 499 709 2076 787">
    <p class='ocr_par' dir='ltr' id='par_1_8' title="bbox 499 709 2076 787">
     <span class='ocr_line' id='line_1_8' title="bbox 499 709 2076 787; baseline -0.008 -15"><span class='ocrx_word' id='word_1_46' title='bbox 499 717 733 784; x_wconf 89' lang='lat' dir='ltr'><strong>videtur,</strong></span> <span class='ocrx_word' id='word_1_47' title='bbox 763 732 978 774; x_wconf 82' lang='lat' dir='ltr'><strong>carmen</strong></span> <span class='ocrx_word' id='word_1_48' title='bbox 1005 714 1276 787; x_wconf 87' lang='lat' dir='ltr'><strong>paschale,</strong></span> <span class='ocrx_word' id='word_1_49' title='bbox 1306 711 1461 782; x_wconf 84' lang='lat' dir='ltr'><strong><em>cujus</em></strong></span> <span class='ocrx_word' id='word_1_50' title='bbox 1485 709 1658 766; x_wconf 89' lang='lat' dir='ltr'><strong>solum</strong></span> <span class='ocrx_word' id='word_1_51' title='bbox 1683 717 1926 778; x_wconf 80' lang='lat' dir='ltr'><strong>extrema</strong></span> <span class='ocrx_word' id='word_1_52' title='bbox 1951 719 2076 775; x_wconf 86' lang='lat' dir='ltr'><strong>pars</strong></span> 
     </span>
    </p>
   </div>
   <div class='ocr_carea' id='block_1_9' title="bbox 505 800 2076 880">
    <p class='ocr_par' dir='ltr' id='par_1_9' title="bbox 505 800 2076 880">
     <span class='ocr_line' id='line_1_9' title="bbox 505 800 2076 880; baseline -0.009 -15"><span class='ocrx_word' id='word_1_53' title='bbox 505 809 559 866; x_wconf 91' lang='lat' dir='ltr'><strong>in</strong></span> <span class='ocrx_word' id='word_1_54' title='bbox 589 811 689 866; x_wconf 91' lang='lat' dir='ltr'><strong>hoc</strong></span> <span class='ocrx_word' id='word_1_55' title='bbox 717 811 907 867; x_wconf 89' lang='lat' dir='ltr'><strong>codice</strong></span> <span class='ocrx_word' id='word_1_56' title='bbox 936 807 1224 880; x_wconf 88' lang='lat' dir='ltr'><strong>reperitur.</strong></span> <span class='ocrx_word' id='word_1_57' title='bbox 1261 800 1659 860; x_wconf 86' lang='lat' dir='ltr'><strong>Ottobonianus</strong></span> <span class='ocrx_word' id='word_1_58' title='bbox 1685 801 1858 857; x_wconf 83' lang='lat' dir='ltr'><strong>codex</strong></span> <span class='ocrx_word' id='word_1_59' title='bbox 1882 816 1898 854; x_wconf 94' lang='grc' dir='ltr'>ι</span> <span class='ocrx_word' id='word_1_60' title='bbox 1927 813 2076 853; x_wconf 90' lang='lat' dir='ltr'><strong>eam-</strong></span> 
     </span>
    </p>
   </div>
   <div class='ocr_carea' id='block_1_10' title="bbox 500 890 2080 970">
    <p class='ocr_par' dir='ltr' id='par_1_10' title="bbox 500 890 2080 970">
     <span class='ocr_line' id='line_1_10' title="bbox 500 890 2080 970; baseline -0.01 -11"><span class='ocrx_word' id='word_1_61' title='bbox 500 901 621 959; x_wconf 88' lang='lat' dir='ltr'><strong>dem</strong></span> <span class='ocrx_word' id='word_1_62' title='bbox 671 905 1003 959; x_wconf 90' lang='lat' dir='ltr'><strong>notationem</strong></span> <span class='ocrx_word' id='word_1_63' title='bbox 1032 899 1190 955; x_wconf 71' lang='lat' dir='ltr'><strong>aliert</strong></span> <span class='ocrx_word' id='word_1_64' title='bbox 1217 909 1341 970; x_wconf 89' lang='lat' dir='ltr'><strong>post</strong></span> <span class='ocrx_word' id='word_1_65' title='bbox 1383 897 1667 968; x_wconf 85' lang='lat' dir='ltr'><strong>epistolam</strong></span> <span class='ocrx_word' id='word_1_66' title='bbox 1719 894 1786 949; x_wconf 88' lang='lat' dir='ltr'><strong>ad</strong></span> <span class='ocrx_word' id='word_1_67' title='bbox 1831 890 2080 949; x_wconf 78' lang='lat' dir='ltr'><strong>Macedo-</strong></span> 
     </span>
    </p>
   </div>
   <div class='ocr_carea' id='block_1_11' title="bbox 501 982 2078 1064">
    <p class='ocr_par' dir='ltr' id='par_1_11' title="bbox 501 982 2078 1064">
     <span class='ocr_line' id='line_1_11' title="bbox 501 982 2078 1064; baseline -0.011 -11"><span class='ocrx_word' id='word_1_68' title='bbox 501 998 648 1053; x_wconf 89' lang='lat' dir='ltr'><strong>nium</strong></span> <span class='ocrx_word' id='word_1_69' title='bbox 681 1005 736 1052; x_wconf 90' lang='lat' dir='ltr'><strong>et</strong></span> <span class='ocrx_word' id='word_1_70' title='bbox 757 1006 881 1052; x_wconf 89' lang='lat' dir='ltr'><strong>ante</strong></span> <span class='ocrx_word' id='word_1_71' title='bbox 909 993 1326 1064; x_wconf 79' lang='lat' dir='ltr'><strong>explicationem</strong></span> <span class='ocrx_word' id='word_1_72' title='bbox 1344 987 1554 1061; x_wconf 78' lang='lat' dir='ltr'><strong>prologi</strong></span> <span class='ocrx_word' id='word_1_73' title='bbox 1575 987 1806 1052; x_wconf 87' lang='lat' dir='ltr'><strong>metrici,</strong></span> <span class='ocrx_word' id='word_1_74' title='bbox 1836 982 2078 1054; x_wconf 83' lang='lat' dir='ltr'><strong>quamvis</strong></span> 
     </span>
    </p>
   </div>
   <div class='ocr_carea' id='block_1_12' title="bbox 501 1075 2077 1163">
    <p class='ocr_par' dir='ltr' id='par_1_12' title="bbox 501 1075 2077 1163">
     <span class='ocr_line' id='line_1_12' title="bbox 501 1075 2077 1163; baseline -0.012 -15"><span class='ocrx_word' id='word_1_75' title='bbox 501 1101 626 1163; x_wconf 91' lang='lat' dir='ltr'><strong>post</strong></span> <span class='ocrx_word' id='word_1_76' title='bbox 652 1091 788 1145; x_wconf 90' lang='lat' dir='ltr'><strong>hanc</strong></span> <span class='ocrx_word' id='word_1_77' title='bbox 818 1081 1237 1158; x_wconf 80' lang='lat' dir='ltr'><strong>explicationem</strong></span> <span class='ocrx_word' id='word_1_78' title='bbox 1261 1099 1366 1138; x_wconf 93' lang='lat' dir='ltr'><strong>non</strong></span> <span class='ocrx_word' id='word_1_79' title='bbox 1391 1083 1568 1137; x_wconf 86' lang='lat' dir='ltr'><strong>statim</strong></span> <span class='ocrx_word' id='word_1_80' title='bbox 1617 1090 1847 1151; x_wconf 89' lang='lat' dir='ltr'><strong>ponatur</strong></span> <span class='ocrx_word' id='word_1_81' title='bbox 1895 1075 2077 1146; x_wconf 89' lang='lat' dir='ltr'><strong>prolo-</strong></span> 
     </span>
    </p>
   </div>
   <div class='ocr_carea' id='block_1_13' title="bbox 499 1178 2080 1260">
    <p class='ocr_par' dir='ltr' id='par_1_13' title="bbox 499 1178 2080 1260">
     <span class='ocr_line' id='line_1_13' title="bbox 499 1178 2080 1260; baseline -0.011 -17"><span class='ocrx_word' id='word_1_82' title='bbox 499 1202 596 1260; x_wconf 81' lang='lat' dir='ltr'><strong>gus</strong></span> <span class='ocrx_word' id='word_1_83' title='bbox 628 1187 903 1250; x_wconf 89' lang='lat' dir='ltr'><strong>metricus,</strong></span> <span class='ocrx_word' id='word_1_84' title='bbox 961 1183 1055 1240; x_wconf 92' lang='lat' dir='ltr'><strong>sed</strong></span> <span class='ocrx_word' id='word_1_85' title='bbox 1087 1181 1318 1254; x_wconf 84' lang='lat' dir='ltr'><strong>hymnus</strong></span> <span class='ocrx_word' id='word_1_86' title='bbox 1346 1178 1392 1233; x_wconf 86' lang='lat' dir='ltr'><strong>A</strong></span> <span class='ocrx_word' id='word_1_87' title='bbox 1419 1178 1542 1233; x_wconf 89' lang='lat' dir='ltr'><strong>salis</strong></span> <span class='ocrx_word' id='word_1_88' title='bbox 1589 1185 1752 1244; x_wconf 88' lang='lat' dir='ltr'><strong>artus,</strong></span> <span class='ocrx_word' id='word_1_89' title='bbox 1814 1183 1872 1228; x_wconf 93' lang='lat' dir='ltr'><strong>ut</strong></span> <span class='ocrx_word' id='word_1_90' title='bbox 1916 1186 2080 1242; x_wconf 86' lang='lat' dir='ltr'><strong>expo-</strong></span> 
     </span>
    </p>
   </div>
   <div class='ocr_carea' id='block_1_14' title="bbox 498 1263 2080 1343">
    <p class='ocr_par' dir='ltr' id='par_1_14' title="bbox 498 1263 2080 1343">
     <span class='ocr_line' id='line_1_14' title="bbox 498 1263 2080 1343; baseline -0.013 -6"><span class='ocrx_word' id='word_1_91' title='bbox 498 1281 583 1337; x_wconf 89' lang='lat' dir='ltr'><strong>sui</strong></span> <span class='ocrx_word' id='word_1_92' title='bbox 612 1295 758 1335; x_wconf 90' lang='lat' dir='ltr'><strong>num.</strong></span> <span class='ocrx_word' id='word_1_93' title='bbox 783 1279 882 1343; x_wconf 77' lang='lat'><strong>75;</strong></span> <span class='ocrx_word' id='word_1_94' title='bbox 913 1277 967 1332; x_wconf 92' lang='lat' dir='ltr'><strong>in</strong></span> <span class='ocrx_word' id='word_1_95' title='bbox 989 1291 1054 1331; x_wconf 90' lang='lat' dir='ltr'><strong>eo</strong></span> <span class='ocrx_word' id='word_1_96' title='bbox 1077 1289 1210 1330; x_wconf 87' lang='lat' dir='ltr'><strong>vero</strong></span> <span class='ocrx_word' id='word_1_97' title='bbox 1237 1273 1509 1341; x_wconf 85' lang='lat' dir='ltr'><strong>discrepat</strong></span> <span class='ocrx_word' id='word_1_98' title='bbox 1535 1285 1563 1322; x_wconf 91' lang='lat' dir='ltr'><strong>a</strong></span> <span class='ocrx_word' id='word_1_99' title='bbox 1589 1269 1721 1338; x_wconf 89' lang='lat' dir='ltr'><strong>Reg.</strong></span> <span class='ocrx_word' id='word_1_100' title='bbox 1744 1268 1796 1330; x_wconf 98' lang='grc'><strong>1,</strong></span> <span class='ocrx_word' id='word_1_101' title='bbox 1815 1263 1958 1336; x_wconf 88' lang='lat' dir='ltr'><strong>quod</strong></span> <span class='ocrx_word' id='word_1_102' title='bbox 1983 1277 2080 1333; x_wconf 86' lang='lat' dir='ltr'><strong>pro</strong></span> 
     </span>
    </p>
   </div>
   <div class='ocr_carea' id='block_1_15' title="bbox 498 1354 2082 1430">
    <p class='ocr_par' dir='ltr' id='par_1_15' title="bbox 498 1354 2082 1430">
     <span class='ocr_line' id='line_1_15' title="bbox 498 1354 2082 1430; baseline -0.012 -2"><span class='ocrx_word' id='word_1_103' title='bbox 498 1375 554 1430; x_wconf 89' lang='lat' dir='ltr'><strong>in</strong></span> <span class='ocrx_word' id='word_1_104' title='bbox 584 1384 746 1429; x_wconf 87' lang='lat' dir='ltr'><strong>certas</strong></span> <span class='ocrx_word' id='word_1_105' title='bbox 768 1371 1025 1426; x_wconf 80' lang='lat' dir='ltr'><strong>chartulas</strong></span> <span class='ocrx_word' id='word_1_106' title='bbox 1055 1368 1214 1424; x_wconf 90' lang='lat' dir='ltr'><strong>habet</strong></span> <span class='ocrx_word' id='word_1_107' title='bbox 1231 1367 1362 1420; x_wconf 89' lang='lat' dir='ltr'><strong>inter</strong></span> <span class='ocrx_word' id='word_1_108' title='bbox 1388 1361 1669 1429; x_wconf 83' lang='lat' dir='ltr'><strong>chartulas,</strong></span> <span class='ocrx_word' id='word_1_109' title='bbox 1701 1365 1756 1414; x_wconf 92' lang='lat' dir='ltr'><strong>et</strong></span> <span class='ocrx_word' id='word_1_110' title='bbox 1774 1364 1960 1429; x_wconf 88' lang='lat' dir='ltr'><strong>postea</strong></span> <span class='ocrx_word' id='word_1_111' title='bbox 1991 1354 2082 1409; x_wconf 84' lang='lat' dir='ltr'><strong>de-</strong></span> 
     </span>
    </p>
   </div>
   <div class='ocr_carea' id='block_1_16' title="bbox 500 1450 2081 1539">
    <p class='ocr_par' dir='ltr' id='par_1_16' title="bbox 500 1450 2081 1539">
     <span class='ocr_line' id='line_1_16' title="bbox 500 1450 2081 1539; baseline -0.013 -16"><span class='ocrx_word' id='word_1_112' title='bbox 500 1463 782 1539; x_wconf 82' lang='lat' dir='ltr'><strong>uulgatum,</strong></span> <span class='ocrx_word' id='word_1_113' title='bbox 813 1472 867 1519; x_wconf 93' lang='lat' dir='ltr'><strong>et</strong></span> <span class='ocrx_word' id='word_1_114' title='bbox 887 1461 1070 1518; x_wconf 87' lang='lat' dir='ltr'><strong>Turtia</strong></span> <span class='ocrx_word' id='word_1_115' title='bbox 1101 1459 1258 1527; x_wconf 80' lang='lat' dir='ltr'><strong>Ru/fo</strong></span> <span class='ocrx_word' id='word_1_116' title='bbox 1293 1457 1496 1512; x_wconf 91' lang='lat' dir='ltr'><strong>Asteria</strong></span> <span class='ocrx_word' id='word_1_117' title='bbox 1526 1455 1716 1522; x_wconf 85' lang='lat' dir='ltr'><strong>Quinto</strong></span> <span class='ocrx_word' id='word_1_118' title='bbox 1753 1450 1942 1505; x_wconf 82' lang='lat' dir='ltr'><strong>uicaria</strong></span> <span class='ocrx_word' id='word_1_119' title='bbox 1959 1465 2081 1503; x_wconf 84' lang='lat' dir='ltr'><strong>con-</strong></span> 
     </span>
    </p>
   </div>
   <div class='ocr_carea' id='block_1_17' title="bbox 502 1542 2081 1625">
    <p class='ocr_par' dir='ltr' id='par_1_17' title="bbox 502 1542 2081 1625">
     <span class='ocr_line' id='line_1_17' title="bbox 502 1542 2081 1625; baseline -0.014 -9"><span class='ocrx_word' id='word_1_120' title='bbox 502 1561 614 1616; x_wconf 92' lang='lat' dir='ltr'><strong>sule</strong></span> <span class='ocrx_word' id='word_1_121' title='bbox 651 1557 937 1625; x_wconf 85' lang='lat' dir='ltr'><strong>ordinario,</strong></span> <span class='ocrx_word' id='word_1_122' title='bbox 983 1566 1090 1612; x_wconf 88' lang='lat' dir='ltr'><strong>etc.</strong></span> <span class='ocrx_word' id='word_1_123' title='bbox 1139 1551 1319 1607; x_wconf 82' lang='lat' dir='ltr'><strong>Verba</strong></span> <span class='ocrx_word' id='word_1_124' title='bbox 1372 1549 1562 1617; x_wconf 84' lang='lat' dir='ltr'><strong>Quinto</strong></span> <span class='ocrx_word' id='word_1_125' title='bbox 1609 1546 1823 1612; x_wconf 86' lang='lat' dir='ltr'><strong>vicario,</strong></span> <span class='ocrx_word' id='word_1_126' title='bbox 1865 1557 1985 1614; x_wconf 76' lang='lat' dir='ltr'><strong>quae</strong></span> <span class='ocrx_word' id='word_1_127' title='bbox 2025 1542 2081 1595; x_wconf 91' lang='lat' dir='ltr'><strong>in</strong></span> 
     </span>
    </p>
   </div>
   <div class='ocr_carea' id='block_1_18' title="bbox 503 1634 2081 1710">
    <p class='ocr_par' dir='ltr' id='par_1_18' title="bbox 503 1634 2081 1710">
     <span class='ocr_line' id='line_1_18' title="bbox 503 1634 2081 1710; baseline -0.015 -1"><span class='ocrx_word' id='word_1_128' title='bbox 503 1652 779 1710; x_wconf 84' lang='lat' dir='ltr'><strong>nonnullis</strong></span> <span class='ocrx_word' id='word_1_129' title='bbox 801 1649 920 1706; x_wconf 84' lang='lat' dir='ltr'><strong>aliis</strong></span> <span class='ocrx_word' id='word_1_130' title='bbox 949 1647 1227 1704; x_wconf 86' lang='lat' dir='ltr'><strong>codicibus</strong></span> <span class='ocrx_word' id='word_1_131' title='bbox 1253 1644 1418 1699; x_wconf 91' lang='lat' dir='ltr'><strong>etiam</strong></span> <span class='ocrx_word' id='word_1_132' title='bbox 1447 1640 1811 1704; x_wconf 90' lang='lat' dir='ltr'><strong>inveniuntur,</strong></span> <span class='ocrx_word' id='word_1_133' title='bbox 1840 1636 1908 1691; x_wconf 89' lang='lat' dir='ltr'><strong>ab</strong></span> <span class='ocrx_word' id='word_1_134' title='bbox 1933 1634 2081 1704; x_wconf 88' lang='lat' dir='ltr'><strong>igna-</strong></span> 
     </span>
    </p>
   </div>
   <div class='ocr_carea' id='block_1_19' title="bbox 2179 425 3762 498">
    <p class='ocr_par' dir='ltr' id='par_1_19' title="bbox 2179 425 3762 498">
     <span class='ocr_line' id='line_1_19' title="bbox 2179 425 3762 498; baseline 0.003 -22"><span class='ocrx_word' id='word_1_135' title='bbox 2179 425 2669 496; x_wconf 57' lang='lat' dir='ltr'><strong>tiamfcampositum</strong></span> <span class='ocrx_word' id='word_1_136' title='bbox 2693 426 3009 498; x_wconf 75' lang='lat' dir='ltr'><strong>divulgatum</strong></span> <span class='ocrx_word' id='word_1_137' title='bbox 3034 436 3109 481; x_wconf 89' lang='lat' dir='ltr'><strong>est</strong></span> <span class='ocrx_word' id='word_1_138' title='bbox 3134 443 3166 478; x_wconf 92' lang='lat' dir='ltr'><strong>a</strong></span> <span class='ocrx_word' id='word_1_139' title='bbox 3200 425 3390 483; x_wconf 84' lang='lat' dir='ltr'><strong>Turcio</strong></span> <span class='ocrx_word' id='word_1_140' title='bbox 3422 427 3570 496; x_wconf 76' lang='lat' dir='ltr'><strong>Rufo</strong></span> <span class='ocrx_word' id='word_1_141' title='bbox 3619 429 3762 481; x_wconf 85' lang='lat' dir='ltr'><strong>Aste-</strong></span> 
     </span>
    </p>
   </div>
   <div class='ocr_carea' id='block_1_20' title="bbox 2176 519 3760 595">
    <p class='ocr_par' dir='ltr' id='par_1_20' title="bbox 2176 519 3760 595">
     <span class='ocr_line' id='line_1_20' title="bbox 2176 519 3760 595; baseline 0.001 -21"><span class='ocrx_word' id='word_1_142' title='bbox 2176 521 2254 574; x_wconf 87' lang='lat' dir='ltr'><strong>ria</strong></span> <span class='ocrx_word' id='word_1_143' title='bbox 2287 519 2353 575; x_wconf 87' lang='lat' dir='ltr'><strong>V.</strong></span> <span class='ocrx_word' id='word_1_144' title='bbox 2384 519 2443 576; x_wconf 88' lang='lat' dir='ltr'><strong>C.</strong></span> <span class='ocrx_word' id='word_1_145' title='bbox 2475 524 2580 595; x_wconf 81' lang='lat'><strong>73</strong></span> <span class='ocrx_word' id='word_1_146' title='bbox 2607 521 2878 578; x_wconf 74' lang='lat' dir='ltr'><strong>exconsule</strong></span> <span class='ocrx_word' id='word_1_147' title='bbox 2900 539 2950 577; x_wconf 91' lang='grc' dir='ltr'><strong>ο.</strong></span> <span class='ocrx_word' id='word_1_148' title='bbox 2974 540 3024 576; x_wconf 92' lang='lat' dir='ltr'><strong>a.</strong></span> <span class='ocrx_word' id='word_1_149' title='bbox 3050 540 3101 590; x_wconf 78' lang='grc' dir='ltr'><strong>ρ.</strong></span> <span class='ocrx_word' id='word_1_150' title='bbox 3125 520 3480 576; x_wconf 86' lang='lat' dir='ltr'><strong>Wilthemius</strong></span> <span class='ocrx_word' id='word_1_151' title='bbox 3511 522 3676 576; x_wconf 87' lang='lat' dir='ltr'><strong>etiam</strong></span> <span class='ocrx_word' id='word_1_152' title='bbox 3708 523 3760 575; x_wconf 91' lang='lat' dir='ltr'><strong>in</strong></span> 
     </span>
    </p>
   </div>
   <div class='ocr_carea' id='block_1_21' title="bbox 2176 613 3760 685">
    <p class='ocr_par' dir='ltr' id='par_1_21' title="bbox 2176 613 3760 685">
     <span class='ocr_line' id='line_1_21' title="bbox 2176 613 3760 685; baseline -0.001 -16"><span class='ocrx_word' id='word_1_153' title='bbox 2176 615 2362 674; x_wconf 89' lang='lat' dir='ltr'><strong>codice</strong></span> <span class='ocrx_word' id='word_1_154' title='bbox 2389 616 2447 673; x_wconf 91' lang='lat' dir='ltr'><strong>S.</strong></span> <span class='ocrx_word' id='word_1_155' title='bbox 2482 616 2661 671; x_wconf 86' lang='lat' dir='ltr'><strong>Albini</strong></span> <span class='ocrx_word' id='word_1_156' title='bbox 2691 617 2898 673; x_wconf 84' lang='lat' dir='ltr'><strong>invenit</strong></span> <span class='ocrx_word' id='word_1_157' title='bbox 2922 632 2985 671; x_wconf 79' lang='lat' dir='ltr'><strong>ea:</strong></span> <span class='ocrx_word' id='word_1_158' title='bbox 3006 613 3216 670; x_wconf 77' lang='lat' dir='ltr'><strong>consule</strong></span> <span class='ocrx_word' id='word_1_159' title='bbox 3246 614 3539 683; x_wconf 84' lang='lat' dir='ltr'><strong>ordinario,</strong></span> <span class='ocrx_word' id='word_1_160' title='bbox 3582 626 3631 668; x_wconf 86' lang='lat' dir='ltr'><strong>et</strong></span> <span class='ocrx_word' id='word_1_161' title='bbox 3663 633 3760 685; x_wconf 85' lang='lat' dir='ltr'><strong>pa-</strong></span> 
     </span>
    </p>
   </div>
   <div class='ocr_carea' id='block_1_22' title="bbox 2178 706 3763 777">
    <p class='ocr_par' dir='ltr' id='par_1_22' title="bbox 2178 706 3763 777">
     <span class='ocr_line' id='line_1_22' title="bbox 2178 706 3763 777; baseline -0.001 -14"><span class='ocrx_word' id='word_1_162' title='bbox 2178 709 2346 777; x_wconf 88' lang='lat' dir='ltr'><strong>tricio,</strong></span> <span class='ocrx_word' id='word_1_163' title='bbox 2375 716 2592 773; x_wconf 71' lang='lat' dir='ltr'><strong>cretera,</strong></span> <span class='ocrx_word' id='word_1_164' title='bbox 2624 717 2681 763; x_wconf 91' lang='lat' dir='ltr'><strong>ut</strong></span> <span class='ocrx_word' id='word_1_165' title='bbox 2709 709 2762 763; x_wconf 92' lang='lat' dir='ltr'><strong>in</strong></span> <span class='ocrx_word' id='word_1_166' title='bbox 2797 706 2991 764; x_wconf 90' lang='lat' dir='ltr'><strong>codice</strong></span> <span class='ocrx_word' id='word_1_167' title='bbox 3021 707 3274 764; x_wconf 83' lang='lat' dir='ltr'><strong>Remensi</strong></span> <span class='ocrx_word' id='word_1_168' title='bbox 3327 706 3470 777; x_wconf 91' lang='lat' dir='ltr'><strong>apud</strong></span> <span class='ocrx_word' id='word_1_169' title='bbox 3521 707 3763 762; x_wconf 89' lang='lat' dir='ltr'><strong>Sirmon-</strong></span> 
     </span>
    </p>
   </div>
   <div class='ocr_carea' id='block_1_23' title="bbox 2181 798 3757 872">
    <p class='ocr_par' dir='ltr' id='par_1_23' title="bbox 2181 798 3757 872">
     <span class='ocr_line' id='line_1_23' title="bbox 2181 798 3757 872; baseline 0.001 -19"><span class='ocrx_word' id='word_1_170' title='bbox 2181 800 2330 869; x_wconf 89' lang='lat' dir='ltr'><strong>dum,</strong></span> <span class='ocrx_word' id='word_1_171' title='bbox 2383 801 2528 872; x_wconf 89' lang='lat' dir='ltr'><strong>quod</strong></span> <span class='ocrx_word' id='word_1_172' title='bbox 2555 801 2839 858; x_wconf 85' lang='lat' dir='ltr'><strong>confirmat</strong></span> <span class='ocrx_word' id='word_1_173' title='bbox 2870 800 3120 856; x_wconf 90' lang='lat' dir='ltr'><strong>Labbeus</strong></span> <span class='ocrx_word' id='word_1_174' title='bbox 3153 798 3221 854; x_wconf 88' lang='lat' dir='ltr'><strong>de</strong></span> <span class='ocrx_word' id='word_1_175' title='bbox 3263 799 3460 869; x_wconf 89' lang='lat' dir='ltr'><strong>Script.</strong></span> <span class='ocrx_word' id='word_1_176' title='bbox 3523 798 3757 865; x_wconf 82' lang='lat' dir='ltr'><strong>Eccles.,</strong></span> 
     </span>
    </p>
   </div>
   <div class='ocr_carea' id='block_1_24' title="bbox 2181 893 3759 966">
    <p class='ocr_par' dir='ltr' id='par_1_24' title="bbox 2181 893 3759 966">
     <span class='ocr_line' id='line_1_24' title="bbox 2181 893 3759 966; baseline -0.001 -15"><span class='ocrx_word' id='word_1_177' title='bbox 2181 897 2268 951; x_wconf 90' lang='lat' dir='ltr'><strong>ubi</strong></span> <span class='ocrx_word' id='word_1_178' title='bbox 2295 897 2545 963; x_wconf 85' lang='lat' dir='ltr'><strong>advertit,</strong></span> <span class='ocrx_word' id='word_1_179' title='bbox 2570 899 2622 953; x_wconf 93' lang='lat' dir='ltr'><strong>in</strong></span> <span class='ocrx_word' id='word_1_180' title='bbox 2647 912 2747 952; x_wconf 90' lang='lat' dir='ltr'><strong>ms.</strong></span> <span class='ocrx_word' id='word_1_181' title='bbox 2777 894 2835 950; x_wconf 89' lang='lat' dir='ltr'><strong>S.</strong></span> <span class='ocrx_word' id='word_1_182' title='bbox 2861 893 3040 950; x_wconf 90' lang='lat' dir='ltr'><strong>Albini</strong></span> <span class='ocrx_word' id='word_1_183' title='bbox 3095 895 3524 961; x_wconf 89' lang='lat' dir='ltr'><strong>annotationem,</strong></span> <span class='ocrx_word' id='word_1_184' title='bbox 3555 903 3616 952; x_wconf 88' lang='lat' dir='ltr'><strong>et</strong></span> <span class='ocrx_word' id='word_1_185' title='bbox 3645 897 3759 966; x_wconf 84' lang='lat' dir='ltr'><strong>epi-</strong></span> 
     </span>
    </p>
   </div>
   <div class='ocr_carea' id='block_1_25' title="bbox 2184 987 3761 1060">
    <p class='ocr_par' dir='ltr' id='par_1_25' title="bbox 2184 987 3761 1060">
     <span class='ocr_line' id='line_1_25' title="bbox 2184 987 3761 1060; baseline -0.001 -17"><span class='ocrx_word' id='word_1_186' title='bbox 2184 1003 2425 1058; x_wconf 90' lang='lat' dir='ltr'><strong>gramma</strong></span> <span class='ocrx_word' id='word_1_187' title='bbox 2454 989 2659 1043; x_wconf 89' lang='lat' dir='ltr'><strong>Asterii</strong></span> <span class='ocrx_word' id='word_1_188' title='bbox 2698 989 2888 1060; x_wconf 91' lang='lat' dir='ltr'><strong>subjici</strong></span> <span class='ocrx_word' id='word_1_189' title='bbox 2943 989 3184 1045; x_wconf 86' lang='lat' dir='ltr'><strong>Carmini</strong></span> <span class='ocrx_word' id='word_1_190' title='bbox 3234 987 3502 1052; x_wconf 88' lang='lat' dir='ltr'><strong>Paschali,</strong></span> <span class='ocrx_word' id='word_1_191' title='bbox 3557 989 3613 1044; x_wconf 91' lang='lat' dir='ltr'><strong>in</strong></span> <span class='ocrx_word' id='word_1_192' title='bbox 3661 1005 3761 1043; x_wconf 79' lang='lat' dir='ltr'><strong>ms.</strong></span> 
     </span>
    </p>
   </div>
   <div class='ocr_carea' id='block_1_26' title="bbox 2181 1081 3764 1153">
    <p class='ocr_par' dir='ltr' id='par_1_26' title="bbox 2181 1081 3764 1153">
     <span class='ocr_line' id='line_1_26' title="bbox 2181 1081 3764 1153; baseline 0.002 -20"><span class='ocrx_word' id='word_1_193' title='bbox 2181 1095 2310 1137; x_wconf 91' lang='lat' dir='ltr'><strong>vero</strong></span> <span class='ocrx_word' id='word_1_194' title='bbox 2340 1081 2598 1137; x_wconf 88' lang='lat' dir='ltr'><strong>Remensi</strong></span> <span class='ocrx_word' id='word_1_195' title='bbox 2628 1081 2829 1137; x_wconf 88' lang='lat' dir='ltr'><strong>inserta</strong></span> <span class='ocrx_word' id='word_1_196' title='bbox 2861 1097 2982 1138; x_wconf 91' lang='lat' dir='ltr'><strong>esse</strong></span> <span class='ocrx_word' id='word_1_197' title='bbox 3018 1083 3159 1137; x_wconf 91' lang='lat' dir='ltr'><strong>inter</strong></span> <span class='ocrx_word' id='word_1_198' title='bbox 3189 1081 3473 1153; x_wconf 85' lang='lat' dir='ltr'><strong>epistolam</strong></span> <span class='ocrx_word' id='word_1_199' title='bbox 3503 1082 3572 1136; x_wconf 88' lang='lat' dir='ltr'><strong>ad</strong></span> <span class='ocrx_word' id='word_1_200' title='bbox 3597 1081 3764 1136; x_wconf 82' lang='lat' dir='ltr'><strong>Mace-</strong></span> 
     </span>
    </p>
   </div>
   <div class='ocr_carea' id='block_1_27' title="bbox 2182 1172 3760 1243">
    <p class='ocr_par' dir='ltr' id='par_1_27' title="bbox 2182 1172 3760 1243">
     <span class='ocr_line' id='line_1_27' title="bbox 2182 1172 3760 1243; baseline -0.002 -15"><span class='ocrx_word' id='word_1_201' title='bbox 2182 1173 2421 1242; x_wconf 90' lang='lat' dir='ltr'><strong>donium,</strong></span> <span class='ocrx_word' id='word_1_202' title='bbox 2451 1181 2505 1229; x_wconf 90' lang='lat' dir='ltr'><strong>et</strong></span> <span class='ocrx_word' id='word_1_203' title='bbox 2530 1173 2906 1243; x_wconf 66' lang='lat' dir='ltr'><strong>pretationem</strong></span> <span class='ocrx_word' id='word_1_204' title='bbox 2936 1175 3213 1229; x_wconf 87' lang='lat' dir='ltr'><strong>metricam</strong></span> <span class='ocrx_word' id='word_1_205' title='bbox 3256 1172 3480 1229; x_wconf 87' lang='lat' dir='ltr'><strong>Sedulii.</strong></span> <span class='ocrx_word' id='word_1_206' title='bbox 3533 1173 3590 1227; x_wconf 86' lang='lat' dir='ltr'><strong>In</strong></span> <span class='ocrx_word' id='word_1_207' title='bbox 3644 1188 3760 1242; x_wconf 85' lang='lat' dir='ltr'><strong>per-</strong></span> 
     </span>
    </p>
   </div>
   <div class='ocr_carea' id='block_1_28' title="bbox 2182 1264 3758 1336">
    <p class='ocr_par' dir='ltr' id='par_1_28' title="bbox 2182 1264 3758 1336">
     <span class='ocr_line' id='line_1_28' title="bbox 2182 1264 3758 1336; baseline -0.002 -15"><span class='ocrx_word' id='word_1_208' title='bbox 2182 1269 2347 1324; x_wconf 89' lang='lat' dir='ltr'><strong>veteri</strong></span> <span class='ocrx_word' id='word_1_209' title='bbox 2382 1269 2568 1324; x_wconf 89' lang='lat' dir='ltr'><strong>codice</strong></span> <span class='ocrx_word' id='word_1_210' title='bbox 2609 1267 2931 1323; x_wconf 88' lang='lat' dir='ltr'><strong>Taurinensi</strong></span> <span class='ocrx_word' id='word_1_211' title='bbox 2974 1268 3076 1322; x_wconf 89' lang='lat' dir='ltr'><strong>alia</strong></span> <span class='ocrx_word' id='word_1_212' title='bbox 3105 1282 3291 1321; x_wconf 90' lang='lat' dir='ltr'><strong>manus</strong></span> <span class='ocrx_word' id='word_1_213' title='bbox 3323 1266 3524 1321; x_wconf 86' lang='lat' dir='ltr'><strong>litteris</strong></span> <span class='ocrx_word' id='word_1_214' title='bbox 3562 1264 3758 1336; x_wconf 79' lang='lat' dir='ltr'><strong>partim</strong></span> 
     </span>
    </p>
   </div>
   <div class='ocr_carea' id='block_1_29' title="bbox 2182 1359 3758 1430">
    <p class='ocr_par' dir='ltr' id='par_1_29' title="bbox 2182 1359 3758 1430">
     <span class='ocr_line' id='line_1_29' title="bbox 2182 1359 3758 1430; baseline -0.002 -17"><span class='ocrx_word' id='word_1_215' title='bbox 2182 1360 2380 1426; x_wconf 87' lang='lat' dir='ltr'><strong>rubris,</strong></span> <span class='ocrx_word' id='word_1_216' title='bbox 2414 1375 2533 1430; x_wconf 64' lang='lat' dir='ltr'><strong>quae</strong></span> <span class='ocrx_word' id='word_1_217' title='bbox 2587 1374 2832 1429; x_wconf 87' lang='lat' dir='ltr'><strong>magnam</strong></span> <span class='ocrx_word' id='word_1_218' title='bbox 2893 1368 3100 1429; x_wconf 88' lang='lat' dir='ltr'><strong>partem</strong></span> <span class='ocrx_word' id='word_1_219' title='bbox 3159 1367 3525 1420; x_wconf 86' lang='lat' dir='ltr'><strong>evanuerunt,</strong></span> <span class='ocrx_word' id='word_1_220' title='bbox 3573 1359 3758 1427; x_wconf 80' lang='lat' dir='ltr'><strong>partim</strong></span> 
     </span>
    </p>
   </div>
   <div class='ocr_carea' id='block_1_30' title="bbox 2184 1449 3760 1522">
    <p class='ocr_par' dir='ltr' id='par_1_30' title="bbox 2184 1449 3760 1522">
     <span class='ocr_line' id='line_1_30' title="bbox 2184 1449 3760 1522; baseline -0.002 -16"><span class='ocrx_word' id='word_1_221' title='bbox 2184 1451 2375 1522; x_wconf 82' lang='lat' dir='ltr'><strong>nigris,</strong></span> <span class='ocrx_word' id='word_1_222' title='bbox 2402 1465 2472 1506; x_wconf 85' lang='lat' dir='ltr'><strong>ex</strong></span> <span class='ocrx_word' id='word_1_223' title='bbox 2501 1449 2610 1505; x_wconf 86' lang='lat' dir='ltr'><strong>alio</strong></span> <span class='ocrx_word' id='word_1_224' title='bbox 2633 1450 2839 1520; x_wconf 87' lang='lat' dir='ltr'><strong>codice,</strong></span> <span class='ocrx_word' id='word_1_225' title='bbox 2868 1459 2929 1504; x_wconf 89' lang='lat' dir='ltr'><strong>ut</strong></span> <span class='ocrx_word' id='word_1_226' title='bbox 2956 1451 3195 1514; x_wconf 89' lang='lat' dir='ltr'><strong>videtur,</strong></span> <span class='ocrx_word' id='word_1_227' title='bbox 3226 1460 3404 1504; x_wconf 87' lang='lat' dir='ltr'><strong>notam</strong></span> <span class='ocrx_word' id='word_1_228' title='bbox 3452 1450 3522 1504; x_wconf 89' lang='lat' dir='ltr'><strong>de</strong></span> <span class='ocrx_word' id='word_1_229' title='bbox 3552 1450 3760 1504; x_wconf 78' lang='lat' dir='ltr'><strong>Asteria</strong></span> 
     </span>
    </p>
   </div>
   <div class='ocr_carea' id='block_1_31' title="bbox 2184 1543 3760 1615">
    <p class='ocr_par' dir='ltr' id='par_1_31' title="bbox 2184 1543 3760 1615">
     <span class='ocr_line' id='line_1_31' title="bbox 2184 1543 3760 1615; baseline -0.001 -14"><span class='ocrx_word' id='word_1_230' title='bbox 2184 1547 2442 1607; x_wconf 89' lang='lat' dir='ltr'><strong>exaravit.</strong></span> <span class='ocrx_word' id='word_1_231' title='bbox 2474 1561 2544 1601; x_wconf 87' lang='lat' dir='ltr'><strong>ex</strong></span> <span class='ocrx_word' id='word_1_232' title='bbox 2576 1561 2677 1615; x_wconf 85' lang='lat' dir='ltr'><strong>qua</strong></span> <span class='ocrx_word' id='word_1_233' title='bbox 2711 1545 2774 1598; x_wconf 75' lang='grc' dir='ltr'><strong>ν.</strong></span> <span class='ocrx_word' id='word_1_234' title='bbox 2801 1546 2862 1600; x_wconf 91' lang='lat' dir='ltr'><strong>C.</strong></span> <span class='ocrx_word' id='word_1_235' title='bbox 2895 1560 3078 1601; x_wconf 86' lang='lat' dir='ltr'><strong>comes</strong></span> <span class='ocrx_word' id='word_1_236' title='bbox 3100 1546 3367 1601; x_wconf 79' lang='lat' dir='ltr'><strong>Galeanus</strong></span> <span class='ocrx_word' id='word_1_237' title='bbox 3387 1544 3632 1615; x_wconf 85' lang='lat' dir='ltr'><strong>Napione</strong></span> <span class='ocrx_word' id='word_1_238' title='bbox 3652 1543 3760 1599; x_wconf 74' lang='lat' dir='ltr'><strong>bzec</strong></span> 
     </span>
    </p>
   </div>
   <div class='ocr_carea' id='block_1_32' title="bbox 2185 1636 3756 1707">
    <p class='ocr_par' dir='ltr' id='par_1_32' title="bbox 2185 1636 3756 1707">
     <span class='ocr_line' id='line_1_32' title="bbox 2185 1636 3756 1707; baseline 0 -17"><span class='ocrx_word' id='word_1_239' title='bbox 2185 1636 2360 1707; x_wconf 89' lang='lat' dir='ltr'><strong>potuit</strong></span> <span class='ocrx_word' id='word_1_240' title='bbox 2383 1645 2587 1692; x_wconf 90' lang='lat' dir='ltr'><strong>tantum</strong></span> <span class='ocrx_word' id='word_1_241' title='bbox 2618 1637 2946 1701; x_wconf 86' lang='lat' dir='ltr'><strong>describere.</strong></span> <span class='ocrx_word' id='word_1_242' title='bbox 2979 1637 3157 1692; x_wconf 84' lang='lat' dir='ltr'><strong>Rabea</strong></span> <span class='ocrx_word' id='word_1_243' title='bbox 3203 1638 3564 1705; x_wconf 83' lang='lat' dir='ltr'><strong>incipetratum</strong></span> <span class='ocrx_word' id='word_1_244' title='bbox 3612 1653 3756 1705; x_wconf 85' lang='lat' dir='ltr'><strong>apus,</strong></span> 
     </span>
    </p>
   </div>
   <div class='ocr_carea' id='block_1_33' title="bbox 501 1723 3757 1816">
    <p class='ocr_par' dir='ltr' id='par_1_33' title="bbox 501 1723 3757 1816">
     <span class='ocr_line' id='line_1_33' title="bbox 501 1723 3757 1816; baseline -0.008 -13"><span class='ocrx_word' id='word_1_245' title='bbox 501 1749 577 1804; x_wconf 90' lang='lat' dir='ltr'><strong>ris</strong></span> <span class='ocrx_word' id='word_1_246' title='bbox 593 1743 1017 1816; x_wconf 84' lang='lat' dir='ltr'><strong>exscriptoribus</strong></span> <span class='ocrx_word' id='word_1_247' title='bbox 1057 1743 1264 1795; x_wconf 89' lang='lat' dir='ltr'><strong>intrusa</strong></span> <span class='ocrx_word' id='word_1_248' title='bbox 1309 1744 1435 1792; x_wconf 88' lang='lat' dir='ltr'><strong>sunt</strong></span> <span class='ocrx_word' id='word_1_249' title='bbox 1485 1748 1582 1804; x_wconf 86' lang='lat' dir='ltr'><strong>pro</strong></span> <span class='ocrx_word' id='word_1_250' title='bbox 1616 1730 1682 1786; x_wconf 83' lang='lat' dir='ltr'><strong>V.</strong></span> <span class='ocrx_word' id='word_1_251' title='bbox 1708 1729 1796 1796; x_wconf 87' lang='lat' dir='ltr'><strong>C.,</strong></span> <span class='ocrx_word' id='word_1_252' title='bbox 1821 1728 1942 1782; x_wconf 90' lang='lat' dir='ltr'><strong>sive</strong></span> <span class='ocrx_word' id='word_1_253' title='bbox 1969 1726 2077 1780; x_wconf 84' lang='lat' dir='ltr'><strong>viro</strong></span> <span class='ocrx_word' id='word_1_254' title='bbox 2109 1730 2154 1789; x_wconf 84' lang='grc' dir='ltr'><strong>Β</strong></span> <span class='ocrx_word' id='word_1_255' title='bbox 2183 1727 2235 1781; x_wconf 86' lang='lat' dir='ltr'><strong>id</strong></span> <span class='ocrx_word' id='word_1_256' title='bbox 2265 1737 2338 1781; x_wconf 91' lang='lat' dir='ltr'><strong>est</strong></span> <span class='ocrx_word' id='word_1_257' title='bbox 2368 1744 2449 1782; x_wconf 91' lang='lat' dir='ltr'><strong>esc</strong></span> <span class='ocrx_word' id='word_1_258' title='bbox 2479 1737 2754 1783; x_wconf 84' lang='lat' dir='ltr'><strong>vester.....</strong></span> <span class='ocrx_word' id='word_1_259' title='bbox 3077 1727 3265 1782; x_wconf 84' lang='lat' dir='ltr'><strong>lib.....</strong></span> <span class='ocrx_word' id='word_1_260' title='bbox 3296 1723 3602 1780; x_wconf 83' lang='lat' dir='ltr'><strong>Primus....</strong></span> <span class='ocrx_word' id='word_1_261' title='bbox 3632 1742 3757 1795; x_wconf 82' lang='lat' dir='ltr'><strong>qua-</strong></span> 
     </span>
    </p>
   </div>
   <div class='ocr_carea' id='block_1_34' title="bbox 501 1820 2084 1905">
    <p class='ocr_par' dir='ltr' id='par_1_34' title="bbox 501 1820 2084 1905">
     <span class='ocr_line' id='line_1_34' title="bbox 501 1820 2084 1905; baseline -0.017 -7"><span class='ocrx_word' id='word_1_262' title='bbox 501 1840 810 1905; x_wconf 81' lang='lat' dir='ltr'><strong>clarissimo,</strong></span> <span class='ocrx_word' id='word_1_263' title='bbox 834 1847 892 1893; x_wconf 90' lang='lat' dir='ltr'><strong>ut</strong></span> <span class='ocrx_word' id='word_1_264' title='bbox 919 1835 1076 1891; x_wconf 89' lang='lat' dir='ltr'><strong>multi</strong></span> <span class='ocrx_word' id='word_1_265' title='bbox 1105 1833 1482 1888; x_wconf 84' lang='lat' dir='ltr'><strong>observarunt.</strong></span> <span class='ocrx_word' id='word_1_266' title='bbox 1513 1826 1698 1893; x_wconf 84' lang='lat' dir='ltr'><strong>Neque</strong></span> <span class='ocrx_word' id='word_1_267' title='bbox 1726 1823 1782 1876; x_wconf 91' lang='lat' dir='ltr'><strong>in</strong></span> <span class='ocrx_word' id='word_1_268' title='bbox 1840 1820 1943 1875; x_wconf 90' lang='lat' dir='ltr'><strong>hoc</strong></span> <span class='ocrx_word' id='word_1_269' title='bbox 1995 1833 2084 1872; x_wconf 79' lang='lat' dir='ltr'><strong>co-</strong></span> 
     </span>
    </p>
   </div>
   <div class='ocr_carea' id='block_1_35' title="bbox 501 1911 2078 1997">
    <p class='ocr_par' dir='ltr' id='par_1_35' title="bbox 501 1911 2078 1997">
     <span class='ocr_line' id='line_1_35' title="bbox 501 1911 2078 1997; baseline -0.019 -4"><span class='ocrx_word' id='word_1_270' title='bbox 501 1937 625 1993; x_wconf 90' lang='lat' dir='ltr'><strong>dice</strong></span> <span class='ocrx_word' id='word_1_271' title='bbox 653 1933 922 1991; x_wconf 82' lang='lat' dir='ltr'><strong>indicatur</strong></span> <span class='ocrx_word' id='word_1_272' title='bbox 945 1943 1141 1986; x_wconf 89' lang='lat' dir='ltr'><strong>nomen</strong></span> <span class='ocrx_word' id='word_1_273' title='bbox 1156 1927 1294 1997; x_wconf 88' lang='lat' dir='ltr'><strong>ejus,</strong></span> <span class='ocrx_word' id='word_1_274' title='bbox 1309 1937 1467 1994; x_wconf 91' lang='lat' dir='ltr'><strong>quem</strong></span> <span class='ocrx_word' id='word_1_275' title='bbox 1496 1917 1744 1975; x_wconf 82' lang='lat' dir='ltr'><strong>Asterius</strong></span> <span class='ocrx_word' id='word_1_276' title='bbox 1767 1911 2078 1984; x_wconf 82' lang='lat' dir='ltr'><strong>alloquitur,</strong></span> 
     </span>
    </p>
   </div>
   <div class='ocr_carea' id='block_1_36' title="bbox 504 2005 2084 2099">
    <p class='ocr_par' dir='ltr' id='par_1_36' title="bbox 504 2005 2084 2099">
     <span class='ocr_line' id='line_1_36' title="bbox 504 2005 2084 2099; baseline -0.019 -13"><span class='ocrx_word' id='word_1_277' title='bbox 504 2031 630 2086; x_wconf 91' lang='lat' dir='ltr'><strong>dum</strong></span> <span class='ocrx_word' id='word_1_278' title='bbox 655 2029 748 2093; x_wconf 91' lang='lat' dir='ltr'><strong>ait,</strong></span> <span class='ocrx_word' id='word_1_279' title='bbox 778 2026 884 2099; x_wconf 73' lang='lat'><strong>72</strong></span> <span class='ocrx_word' id='word_1_280' title='bbox 915 2023 1094 2089; x_wconf 89' lang='lat' dir='ltr'><strong>Sume,</strong></span> <span class='ocrx_word' id='word_1_281' title='bbox 1117 2036 1257 2076; x_wconf 89' lang='lat' dir='ltr'><strong>sacer</strong></span> <span class='ocrx_word' id='word_1_282' title='bbox 1288 2015 1502 2071; x_wconf 87' lang='lat' dir='ltr'><strong>meritis.</strong></span> <span class='ocrx_word' id='word_1_283' title='bbox 1533 2012 1592 2068; x_wconf 88' lang='lat' dir='ltr'><strong>In</strong></span> <span class='ocrx_word' id='word_1_284' title='bbox 1618 2009 1803 2066; x_wconf 90' lang='lat' dir='ltr'><strong>codice</strong></span> <span class='ocrx_word' id='word_1_285' title='bbox 1825 2005 2084 2060; x_wconf 78' lang='lat' dir='ltr'><strong>Vaticano</strong></span> 
     </span>
    </p>
   </div>
   <div class='ocr_carea' id='block_1_37' title="bbox 502 2097 2086 2198">
    <p class='ocr_par' dir='ltr' id='par_1_37' title="bbox 502 2097 2086 2198">
     <span class='ocr_line' id='line_1_37' title="bbox 502 2097 2086 2198; baseline -0.019 -19"><span class='ocrx_word' id='word_1_286' title='bbox 502 2124 560 2191; x_wconf 74' lang='lat'><strong>2,</strong></span> <span class='ocrx_word' id='word_1_287' title='bbox 591 2122 683 2198; x_wconf 86' lang='lat' dir='ltr'><strong>qui</strong></span> <span class='ocrx_word' id='word_1_288' title='bbox 706 2097 1058 2176; x_wconf 33' lang='lat' dir='ltr'><strong>satis‘recens</strong></span> <span class='ocrx_word' id='word_1_289' title='bbox 1078 2125 1182 2176; x_wconf 87' lang='lat' dir='ltr'><strong>est.</strong></span> <span class='ocrx_word' id='word_1_290' title='bbox 1208 2119 1337 2167; x_wconf 85' lang='lat' dir='ltr'><strong>nota</strong></span> <span class='ocrx_word' id='word_1_291' title='bbox 1357 2108 1549 2165; x_wconf 92' lang='lat' dir='ltr'><strong>eadem</strong></span> <span class='ocrx_word' id='word_1_292' title='bbox 1565 2103 1875 2198; x_wconf 76' lang='lat' dir='ltr'><strong>collocatur</strong></span> <span class='ocrx_word' id='word_1_293' title='bbox 1888 2099 1949 2198; x_wconf 76' lang='lat' dir='ltr'><strong>in</strong></span> <span class='ocrx_word' id='word_1_294' title='bbox 1980 2097 2086 2198; x_wconf 70' lang='lat' dir='ltr'><strong>line</strong></span> 
     </span>
    </p>
   </div>
   <div class='ocr_carea' id='block_1_38' title="bbox 503 2191 2084 2282">
    <p class='ocr_par' dir='ltr' id='par_1_38' title="bbox 503 2191 2084 2282">
     <span class='ocr_line' id='line_1_38' title="bbox 503 2191 2084 2282; baseline -0.02 -11"><span class='ocrx_word' id='word_1_295' title='bbox 503 2191 760 2272; x_wconf 81' lang='lat' dir='ltr'><strong>carminis</strong></span> <span class='ocrx_word' id='word_1_296' title='bbox 790 2208 1077 2282; x_wconf 86' lang='lat' dir='ltr'><strong>paschalis.</strong></span> <span class='ocrx_word' id='word_1_297' title='bbox 1099 2205 1288 2260; x_wconf 80' lang='lat' dir='ltr'><strong>Diﬂ‘ert</strong></span> <span class='ocrx_word' id='word_1_298' title='bbox 1313 2203 1474 2258; x_wconf 88' lang='lat' dir='ltr'><strong>etiam</strong></span> <span class='ocrx_word' id='word_1_299' title='bbox 1496 2215 1527 2254; x_wconf 94' lang='lat' dir='ltr'><strong>a</strong></span> <span class='ocrx_word' id='word_1_300' title='bbox 1556 2196 1688 2266; x_wconf 91' lang='lat' dir='ltr'><strong>Reg.</strong></span> <span class='ocrx_word' id='word_1_301' title='bbox 1715 2197 1739 2249; x_wconf 89' lang='grc'><strong>1</strong></span> <span class='ocrx_word' id='word_1_302' title='bbox 1775 2195 1824 2246; x_wconf 91' lang='lat' dir='ltr'><strong>in</strong></span> <span class='ocrx_word' id='word_1_303' title='bbox 1848 2191 1932 2246; x_wconf 90' lang='lat' dir='ltr'><strong>his</strong></span> <span class='ocrx_word' id='word_1_304' title='bbox 1956 2206 1969 2242; x_wconf 93' lang='lat'>:</span> <span class='ocrx_word' id='word_1_305' title='bbox 2001 2191 2084 2282; x_wconf 85' lang='lat' dir='ltr'><strong>in-</strong></span> 
     </span>
    </p>
   </div>
   <div class='ocr_carea' id='block_1_39' title="bbox 507 2281 2083 2365">
    <p class='ocr_par' dir='ltr' id='par_1_39' title="bbox 507 2281 2083 2365">
     <span class='ocr_line' id='line_1_39' title="bbox 507 2281 2083 2365; baseline -0.02 -1"><span class='ocrx_word' id='word_1_306' title='bbox 507 2319 582 2364; x_wconf 87' lang='lat' dir='ltr'><strong>ter</strong></span> <span class='ocrx_word' id='word_1_307' title='bbox 603 2281 998 2363; x_wconf 87' lang='lat' dir='ltr'><strong>chartulas...et</strong></span> <span class='ocrx_word' id='word_1_308' title='bbox 1023 2301 1331 2363; x_wconf 88' lang='lat' dir='ltr'><strong>adunatum,</strong></span> <span class='ocrx_word' id='word_1_309' title='bbox 1373 2302 1527 2365; x_wconf 89' lang='lat' dir='ltr'><strong>atque</strong></span> <span class='ocrx_word' id='word_1_310' title='bbox 1567 2289 1706 2345; x_wconf 88' lang='lat' dir='ltr'><strong>omni</strong></span> <span class='ocrx_word' id='word_1_311' title='bbox 1741 2284 1997 2357; x_wconf 83' lang='lat' dir='ltr'><strong>elegantia</strong></span> <span class='ocrx_word' id='word_1_312' title='bbox 2029 2281 2083 2334; x_wconf 90' lang='lat' dir='ltr'><strong>d.</strong></span> 
     </span>
    </p>
   </div>
   <div class='ocr_carea' id='block_1_40' title="bbox 507 2378 2090 2466">
    <p class='ocr_par' dir='ltr' id='par_1_40' title="bbox 507 2378 2090 2466">
     <span class='ocr_line' id='line_1_40' title="bbox 507 2378 2090 2466; baseline -0.018 -9"><span class='ocrx_word' id='word_1_313' title='bbox 507 2419 555 2458; x_wconf 91' lang='lat' dir='ltr'><strong>e.</strong></span> <span class='ocrx_word' id='word_1_314' title='bbox 587 2398 822 2456; x_wconf 89' lang='lat' dir='ltr'><strong>aTurcio</strong></span> <span class='ocrx_word' id='word_1_315' title='bbox 852 2395 1005 2466; x_wconf 82' lang='lat' dir='ltr'><strong>Rufio</strong></span> <span class='ocrx_word' id='word_1_316' title='bbox 1032 2393 1234 2448; x_wconf 84' lang='lat' dir='ltr'><strong>Asteria</strong></span> <span class='ocrx_word' id='word_1_317' title='bbox 1280 2389 1470 2458; x_wconf 86' lang='lat' dir='ltr'><strong>Quinto</strong></span> <span class='ocrx_word' id='word_1_318' title='bbox 1508 2384 1574 2440; x_wconf 84' lang='lat' dir='ltr'><strong>V.</strong></span> <span class='ocrx_word' id='word_1_319' title='bbox 1599 2381 1659 2439; x_wconf 87' lang='lat' dir='ltr'><strong>C.</strong></span> <span class='ocrx_word' id='word_1_320' title='bbox 1691 2378 1961 2437; x_wconf 76' lang='lat' dir='ltr'><strong>exconsule</strong></span> <span class='ocrx_word' id='word_1_321' title='bbox 2004 2391 2090 2430; x_wconf 87' lang='lat' dir='ltr'><strong>or-</strong></span> 
     </span>
    </p>
   </div>
   <div class='ocr_carea' id='block_1_41' title="bbox 505 2487 1172 2564">
    <p class='ocr_par' dir='ltr' id='par_1_41' title="bbox 505 2487 1172 2564">
     <span class='ocr_line' id='line_1_41' title="bbox 505 2487 1172 2564; baseline -0.015 -14"><span class='ocrx_word' id='word_1_322' title='bbox 505 2495 729 2562; x_wconf 85' lang='lat' dir='ltr'><strong>dinario,</strong></span> <span class='ocrx_word' id='word_1_323' title='bbox 761 2502 911 2564; x_wconf 86' lang='lat' dir='ltr'><strong>atque</strong></span> <span class='ocrx_word' id='word_1_324' title='bbox 939 2487 1172 2561; x_wconf 85' lang='lat' dir='ltr'><strong>patricio.</strong></span> 
     </span>
    </p>
   </div>
   <div class='ocr_carea' id='block_1_42' title="bbox 581 2563 2086 2643">
    <p class='ocr_par' dir='ltr' id='par_1_42' title="bbox 581 2563 2086 2643">
     <span class='ocr_line' id='line_1_42' title="bbox 581 2563 2086 2643; baseline -0.019 0"><span class='ocrx_word' id='word_1_325' title='bbox 581 2588 704 2643; x_wconf 76' lang='grc'><strong>157.</strong></span> <span class='ocrx_word' id='word_1_326' title='bbox 746 2581 1066 2641; x_wconf 90' lang='lat' dir='ltr'><strong>Sirmondus</strong></span> <span class='ocrx_word' id='word_1_327' title='bbox 1089 2580 1141 2634; x_wconf 92' lang='lat' dir='ltr'><strong>in</strong></span> <span class='ocrx_word' id='word_1_328' title='bbox 1168 2577 1311 2633; x_wconf 89' lang='lat' dir='ltr'><strong>notis</strong></span> <span class='ocrx_word' id='word_1_329' title='bbox 1337 2573 1405 2630; x_wconf 91' lang='lat' dir='ltr'><strong>ad</strong></span> <span class='ocrx_word' id='word_1_330' title='bbox 1448 2570 1752 2629; x_wconf 85' lang='lat' dir='ltr'><strong>Ennodium</strong></span> <span class='ocrx_word' id='word_1_331' title='bbox 1779 2568 1816 2622; x_wconf 94' lang='grc'><strong>1.</strong></span> <span class='ocrx_word' id='word_1_332' title='bbox 1855 2581 1894 2632; x_wconf 93' lang='lat' dir='ltr'><strong>I,</strong></span> <span class='ocrx_word' id='word_1_333' title='bbox 1928 2563 2086 2632; x_wconf 88' lang='lat' dir='ltr'><strong>epist.</strong></span> 
     </span>
    </p>
   </div>
   <div class='ocr_carea' id='block_1_43' title="bbox 504 2654 2087 2750">
    <p class='ocr_par' dir='ltr' id='par_1_43' title="bbox 504 2654 2087 2750">
     <span class='ocr_line' id='line_1_43' title="bbox 504 2654 2087 2750; baseline -0.019 -13"><span class='ocrx_word' id='word_1_334' title='bbox 504 2679 595 2747; x_wconf 69' lang='grc'><strong>24,</strong></span> <span class='ocrx_word' id='word_1_335' title='bbox 625 2674 833 2750; x_wconf 78' lang='lat' dir='ltr'><strong>profert</strong></span> <span class='ocrx_word' id='word_1_336' title='bbox 879 2690 948 2732; x_wconf 90' lang='lat' dir='ltr'><strong>ex</strong></span> <span class='ocrx_word' id='word_1_337' title='bbox 968 2671 1154 2734; x_wconf 88' lang='lat' dir='ltr'><strong>codice</strong></span> <span class='ocrx_word' id='word_1_338' title='bbox 1183 2667 1439 2725; x_wconf 90' lang='lat' dir='ltr'><strong>Remensi</strong></span> <span class='ocrx_word' id='word_1_339' title='bbox 1489 2665 1818 2734; x_wconf 81' lang='lat' dir='ltr'><strong>epigramma</strong></span> <span class='ocrx_word' id='word_1_340' title='bbox 1838 2654 2087 2750; x_wconf 36' lang='lat' dir='ltr'><strong>“Asterii,</strong></span> 
     </span>
    </p>
   </div>
   <div class='ocr_carea' id='block_1_44' title="bbox 512 2747 2090 2838">
    <p class='ocr_par' dir='ltr' id='par_1_44' title="bbox 512 2747 2090 2838">
     <span class='ocr_line' id='line_1_44' title="bbox 512 2747 2090 2838; baseline -0.021 -10"><span class='ocrx_word' id='word_1_341' title='bbox 512 2747 695 2838; x_wconf 83' lang='lat' dir='ltr'><strong>Sume,</strong></span> <span class='ocrx_word' id='word_1_342' title='bbox 741 2784 884 2825; x_wconf 86' lang='lat' dir='ltr'><strong>sacer</strong></span> <span class='ocrx_word' id='word_1_343' title='bbox 919 2765 1133 2831; x_wconf 83' lang='lat' dir='ltr'><strong>meritis,</strong></span> <span class='ocrx_word' id='word_1_344' title='bbox 1163 2771 1302 2827; x_wconf 90' lang='lat' dir='ltr'><strong>etc.,</strong></span> <span class='ocrx_word' id='word_1_345' title='bbox 1333 2756 1479 2830; x_wconf 88' lang='lat' dir='ltr'><strong>quod</strong></span> <span class='ocrx_word' id='word_1_346' title='bbox 1517 2753 1648 2810; x_wconf 86' lang='lat' dir='ltr'><strong>dicit</strong></span> <span class='ocrx_word' id='word_1_347' title='bbox 1676 2765 1798 2807; x_wconf 88' lang='lat' dir='ltr'><strong>esse</strong></span> <span class='ocrx_word' id='word_1_348' title='bbox 1822 2747 2090 2838; x_wconf 61' lang='lat' dir='ltr'><strong>directmm</strong></span> 
     </span>
    </p>
   </div>
   <div class='ocr_carea' id='block_1_45' title="bbox 509 2834 2090 2920">
    <p class='ocr_par' dir='ltr' id='par_1_45' title="bbox 509 2834 2090 2920">
     <span class='ocr_line' id='line_1_45' title="bbox 509 2834 2090 2920; baseline -0.022 1"><span class='ocrx_word' id='word_1_349' title='bbox 509 2864 578 2920; x_wconf 89' lang='lat' dir='ltr'><strong>ad</strong></span> <span class='ocrx_word' id='word_1_350' title='bbox 605 2834 851 2920; x_wconf 84' lang='lat' dir='ltr'><strong>eumdem</strong></span> <span class='ocrx_word' id='word_1_351' title='bbox 884 2855 1276 2916; x_wconf 80' lang='lat' dir='ltr'><strong>Macedoniam,</strong></span> <span class='ocrx_word' id='word_1_352' title='bbox 1324 2851 1411 2906; x_wconf 91' lang='lat' dir='ltr'><strong>cui</strong></span> <span class='ocrx_word' id='word_1_353' title='bbox 1435 2846 1689 2906; x_wconf 88' lang='lat' dir='ltr'><strong>Sedulius</strong></span> <span class='ocrx_word' id='word_1_354' title='bbox 1716 2843 1947 2896; x_wconf 85' lang='lat' dir='ltr'><strong>Carmen</strong></span> <span class='ocrx_word' id='word_1_355' title='bbox 1985 2834 2090 2889; x_wconf 88' lang='lat' dir='ltr'><strong>Pa-</strong></span> 
     </span>
    </p>
   </div>
   <div class='ocr_carea' id='block_1_46' title="bbox 510 2928 2092 3015">
    <p class='ocr_par' dir='ltr' id='par_1_46' title="bbox 510 2928 2092 3015">
     <span class='ocr_line' id='line_1_46' title="bbox 510 2928 2092 3015; baseline -0.02 -1"><span class='ocrx_word' id='word_1_356' title='bbox 510 2957 694 3015; x_wconf 88' lang='lat' dir='ltr'><strong>schale</strong></span> <span class='ocrx_word' id='word_1_357' title='bbox 720 2943 1446 3012; x_wconf 87' lang='lat' dir='ltr'><strong>dedicavit.Animadvertit,</strong></span> <span class='ocrx_word' id='word_1_358' title='bbox 1477 2935 1891 3013; x_wconf 86' lang='lat' dir='ltr'><strong>postepistolam</strong></span> <span class='ocrx_word' id='word_1_359' title='bbox 1922 2928 2092 2996; x_wconf 74' lang='lat' dir='ltr'><strong>Sedu-</strong></span> 
     </span>
    </p>
   </div>
   <div class='ocr_carea' id='block_1_47' title="bbox 509 3020 2094 3106">
    <p class='ocr_par' dir='ltr' id='par_1_47' title="bbox 509 3020 2094 3106">
     <span class='ocr_line' id='line_1_47' title="bbox 509 3020 2094 3106; baseline -0.021 0"><span class='ocrx_word' id='word_1_360' title='bbox 509 3051 568 3106; x_wconf 92' lang='lat' dir='ltr'><strong>lii</strong></span> <span class='ocrx_word' id='word_1_361' title='bbox 613 3050 680 3105; x_wconf 84' lang='lat' dir='ltr'><strong>ad</strong></span> <span class='ocrx_word' id='word_1_362' title='bbox 722 3044 1096 3103; x_wconf 82' lang='lat' dir='ltr'><strong>Macedonium</strong></span> <span class='ocrx_word' id='word_1_363' title='bbox 1147 3054 1270 3097; x_wconf 89' lang='lat' dir='ltr'><strong>esse</strong></span> <span class='ocrx_word' id='word_1_364' title='bbox 1316 3037 1456 3092; x_wconf 86' lang='lat' dir='ltr'><strong>hanc</strong></span> <span class='ocrx_word' id='word_1_365' title='bbox 1494 3029 1924 3090; x_wconf 78' lang='lat' dir='ltr'><strong>annotationem,</strong></span> <span class='ocrx_word' id='word_1_366' title='bbox 1979 3020 2094 3075; x_wconf 89' lang='lat' dir='ltr'><strong>Hoc</strong></span> 
     </span>
    </p>
   </div>
   <div class='ocr_carea' id='block_1_48' title="bbox 2186 1818 3746 1890">
    <p class='ocr_par' dir='ltr' id='par_1_48' title="bbox 2186 1818 3746 1890">
     <span class='ocr_line' id='line_1_48' title="bbox 2186 1818 3746 1890; baseline -0.002 -16"><span class='ocrx_word' id='word_1_367' title='bbox 2186 1830 2392 1875; x_wconf 89' lang='lat' dir='ltr'><strong>tuor....</strong></span> <span class='ocrx_word' id='word_1_368' title='bbox 2418 1819 2659 1876; x_wconf 80' lang='lat' dir='ltr'><strong>Sedulius</strong></span> <span class='ocrx_word' id='word_1_369' title='bbox 2685 1822 2815 1876; x_wconf 84' lang='lat' dir='ltr'><strong>inter</strong></span> <span class='ocrx_word' id='word_1_370' title='bbox 2836 1820 3051 1874; x_wconf 85' lang='lat' dir='ltr'><strong>cartolas</strong></span> <span class='ocrx_word' id='word_1_371' title='bbox 3073 1836 3192 1874; x_wconf 86' lang='lat' dir='ltr'><strong>suas</strong></span> <span class='ocrx_word' id='word_1_372' title='bbox 3222 1818 3464 1890; x_wconf 80' lang='lat' dir='ltr'><strong>reliquid,</strong></span> <span class='ocrx_word' id='word_1_373' title='bbox 3498 1828 3544 1872; x_wconf 86' lang='lat' dir='ltr'><strong>et</strong></span> <span class='ocrx_word' id='word_1_374' title='bbox 3589 1820 3746 1873; x_wconf 89' lang='lat' dir='ltr'><strong>colliti</strong></span> 
     </span>
    </p>
   </div>
   <div class='ocr_carea' id='block_1_49' title="bbox 2185 1909 3757 1984">
    <p class='ocr_par' dir='ltr' id='par_1_49' title="bbox 2185 1909 3757 1984">
     <span class='ocr_line' id='line_1_49' title="bbox 2185 1909 3757 1984; baseline -0.001 -18"><span class='ocrx_word' id='word_1_375' title='bbox 2185 1913 2496 1984; x_wconf 82' lang='lat' dir='ltr'><strong>adunatique</strong></span> <span class='ocrx_word' id='word_1_376' title='bbox 2549 1923 2666 1966; x_wconf 90' lang='lat' dir='ltr'><strong>sunt</strong></span> <span class='ocrx_word' id='word_1_377' title='bbox 2707 1930 2739 1965; x_wconf 92' lang='lat' dir='ltr'><strong>a</strong></span> <span class='ocrx_word' id='word_1_378' title='bbox 2775 1911 2958 1966; x_wconf 85' lang='lat' dir='ltr'><strong>Tuscia</strong></span> <span class='ocrx_word' id='word_1_379' title='bbox 2987 1911 3127 1982; x_wconf 80' lang='lat' dir='ltr'><strong>Rufo</strong></span> <span class='ocrx_word' id='word_1_380' title='bbox 3172 1911 3368 1966; x_wconf 81' lang='lat' dir='ltr'><strong>Asteria</strong></span> <span class='ocrx_word' id='word_1_381' title='bbox 3401 1909 3466 1964; x_wconf 77' lang='grc' dir='ltr'><strong>γ.</strong></span> <span class='ocrx_word' id='word_1_382' title='bbox 3491 1909 3578 1976; x_wconf 91' lang='lat' dir='ltr'><strong>C.,</strong></span> <span class='ocrx_word' id='word_1_383' title='bbox 3601 1918 3651 1965; x_wconf 89' lang='lat' dir='ltr'><strong>et</strong></span> <span class='ocrx_word' id='word_1_384' title='bbox 3674 1927 3757 1964; x_wconf 73' lang='lat' dir='ltr'><strong>cx-</strong></span> 
     </span>
    </p>
   </div>
   <div class='ocr_carea' id='block_1_50' title="bbox 2186 2003 3753 2077">
    <p class='ocr_par' dir='ltr' id='par_1_50' title="bbox 2186 2003 3753 2077">
     <span class='ocr_line' id='line_1_50' title="bbox 2186 2003 3753 2077; baseline -0.004 -15"><span class='ocrx_word' id='word_1_385' title='bbox 2186 2007 2377 2062; x_wconf 83' lang='lat' dir='ltr'><strong>consol.</strong></span> <span class='ocrx_word' id='word_1_386' title='bbox 2410 2006 2538 2060; x_wconf 88' lang='lat' dir='ltr'><strong>0rd.</strong></span> <span class='ocrx_word' id='word_1_387' title='bbox 2565 2005 2778 2077; x_wconf 82' lang='lat' dir='ltr'><strong>patricio</strong></span> <span class='ocrx_word' id='word_1_388' title='bbox 2799 2005 3258 2076; x_wconf 84' lang='lat' dir='ltr'><strong>suprascriptorum</strong></span> <span class='ocrx_word' id='word_1_389' title='bbox 3276 2005 3469 2058; x_wconf 86' lang='lat' dir='ltr'><strong>editore</strong></span> <span class='ocrx_word' id='word_1_390' title='bbox 3493 2003 3753 2056; x_wconf 85' lang='lat' dir='ltr'><strong>librarum.</strong></span> 
     </span>
    </p>
   </div>
   <div class='ocr_carea' id='block_1_51' title="bbox 2188 2083 3748 2165">
    <p class='ocr_par' dir='ltr' id='par_1_51' title="bbox 2188 2083 3748 2165">
     <span class='ocr_line' id='line_1_51' title="bbox 2188 2083 3748 2165; baseline -0.004 -12"><span class='ocrx_word' id='word_1_391' title='bbox 2188 2098 2292 2153; x_wconf 87' lang='lat' dir='ltr'><strong>Pro</strong></span> <span class='ocrx_word' id='word_1_392' title='bbox 2317 2083 2490 2152; x_wconf 84' lang='lat' dir='ltr'><strong>Robeo</strong></span> <span class='ocrx_word' id='word_1_393' title='bbox 2520 2096 2686 2151; x_wconf 90' lang='lat' dir='ltr'><strong>videri</strong></span> <span class='ocrx_word' id='word_1_394' title='bbox 2713 2096 2995 2165; x_wconf 88' lang='lat' dir='ltr'><strong>legendum</strong></span> <span class='ocrx_word' id='word_1_395' title='bbox 3026 2095 3192 2150; x_wconf 83' lang='lat' dir='ltr'><strong>Bobia</strong></span> <span class='ocrx_word' id='word_1_396' title='bbox 3242 2096 3414 2150; x_wconf 84' lang='lat' dir='ltr'><strong>dicam</strong></span> <span class='ocrx_word' id='word_1_397' title='bbox 3473 2095 3529 2149; x_wconf 92' lang='lat' dir='ltr'><strong>in</strong></span> <span class='ocrx_word' id='word_1_398' title='bbox 3580 2094 3748 2149; x_wconf 88' lang='lat' dir='ltr'><strong>schol.</strong></span> 
     </span>
    </p>
   </div>
   <div class='ocr_carea' id='block_1_52' title="bbox 2187 2191 3753 2263">
    <p class='ocr_par' dir='ltr' id='par_1_52' title="bbox 2187 2191 3753 2263">
     <span class='ocr_line' id='line_1_52' title="bbox 2187 2191 3753 2263; baseline -0.001 -16"><span class='ocrx_word' id='word_1_399' title='bbox 2187 2192 2255 2247; x_wconf 89' lang='lat' dir='ltr'><strong>ad</strong></span> <span class='ocrx_word' id='word_1_400' title='bbox 2279 2194 2488 2263; x_wconf 89' lang='lat' dir='ltr'><strong>prolog.</strong></span> <span class='ocrx_word' id='word_1_401' title='bbox 2512 2192 2721 2248; x_wconf 89' lang='lat' dir='ltr'><strong>metric.</strong></span> <span class='ocrx_word' id='word_1_402' title='bbox 2752 2191 2869 2246; x_wconf 84' lang='lat' dir='ltr'><strong>Alia</strong></span> <span class='ocrx_word' id='word_1_403' title='bbox 2899 2191 3131 2247; x_wconf 84' lang='lat' dir='ltr'><strong>fortasse</strong></span> <span class='ocrx_word' id='word_1_404' title='bbox 3157 2191 3210 2246; x_wconf 93' lang='lat' dir='ltr'><strong>in</strong></span> <span class='ocrx_word' id='word_1_405' title='bbox 3237 2193 3380 2246; x_wconf 89' lang='lat' dir='ltr'><strong>hunc</strong></span> <span class='ocrx_word' id='word_1_406' title='bbox 3404 2193 3623 2247; x_wconf 89' lang='lat' dir='ltr'><strong>modum</strong></span> <span class='ocrx_word' id='word_1_407' title='bbox 3659 2207 3753 2246; x_wconf 85' lang='lat' dir='ltr'><strong>ex-</strong></span> 
     </span>
    </p>
   </div>
   <div class='ocr_carea' id='block_1_53' title="bbox 2190 2283 3757 2356">
    <p class='ocr_par' dir='ltr' id='par_1_53' title="bbox 2190 2283 3757 2356">
     <span class='ocr_line' id='line_1_53' title="bbox 2190 2283 3757 2356; baseline -0.003 -15"><span class='ocrx_word' id='word_1_408' title='bbox 2190 2286 2436 2356; x_wconf 88' lang='lat' dir='ltr'><strong>plicanda</strong></span> <span class='ocrx_word' id='word_1_409' title='bbox 2485 2296 2610 2341; x_wconf 92' lang='lat' dir='ltr'><strong>sunt</strong></span> <span class='ocrx_word' id='word_1_410' title='bbox 2641 2302 2654 2339; x_wconf 92' lang='lat'>:</span> <span class='ocrx_word' id='word_1_411' title='bbox 2683 2283 2876 2355; x_wconf 86' lang='lat' dir='ltr'><strong>Incipit</strong></span> <span class='ocrx_word' id='word_1_412' title='bbox 2931 2285 3152 2340; x_wconf 87' lang='lat' dir='ltr'><strong>Sacrum</strong></span> <span class='ocrx_word' id='word_1_413' title='bbox 3182 2284 3350 2353; x_wconf 78' lang='lat' dir='ltr'><strong>(lpus,</strong></span> <span class='ocrx_word' id='word_1_414' title='bbox 3375 2285 3432 2339; x_wconf 91' lang='lat' dir='ltr'><strong>id</strong></span> <span class='ocrx_word' id='word_1_415' title='bbox 3461 2294 3558 2351; x_wconf 84' lang='lat' dir='ltr'><strong>est,</strong></span> <span class='ocrx_word' id='word_1_416' title='bbox 3585 2285 3757 2340; x_wconf 76' lang='lat' dir='ltr'><strong>veteris</strong></span> 
     </span>
    </p>
   </div>
   <div class='ocr_carea' id='block_1_54' title="bbox 2189 2377 3757 2449">
    <p class='ocr_par' dir='ltr' id='par_1_54' title="bbox 2189 2377 3757 2449">
     <span class='ocr_line' id='line_1_54' title="bbox 2189 2377 3757 2449; baseline -0.001 -15"><span class='ocrx_word' id='word_1_417' title='bbox 2189 2377 2504 2434; x_wconf 86' lang='lat' dir='ltr'><strong>Testamenti</strong></span> <span class='ocrx_word' id='word_1_418' title='bbox 2533 2379 2660 2432; x_wconf 88' lang='lat' dir='ltr'><strong>liber</strong></span> <span class='ocrx_word' id='word_1_419' title='bbox 2682 2379 2895 2447; x_wconf 86' lang='lat' dir='ltr'><strong>primus.</strong></span> <span class='ocrx_word' id='word_1_420' title='bbox 2932 2377 3170 2443; x_wconf 78' lang='lat' dir='ltr'><strong>Quatuor</strong></span> <span class='ocrx_word' id='word_1_421' title='bbox 3202 2377 3333 2432; x_wconf 87' lang='lat' dir='ltr'><strong>alios</strong></span> <span class='ocrx_word' id='word_1_422' title='bbox 3363 2378 3527 2449; x_wconf 83' lang='lat' dir='ltr'><strong>(novi</strong></span> <span class='ocrx_word' id='word_1_423' title='bbox 3576 2377 3757 2432; x_wconf 83' lang='lat' dir='ltr'><strong>Testa-</strong></span> 
     </span>
    </p>
   </div>
   <div class='ocr_carea' id='block_1_55' title="bbox 2190 2467 3757 2542">
    <p class='ocr_par' dir='ltr' id='par_1_55' title="bbox 2190 2467 3757 2542">
     <span class='ocr_line' id='line_1_55' title="bbox 2190 2467 3757 2542; baseline -0.002 -16"><span class='ocrx_word' id='word_1_424' title='bbox 2190 2471 2357 2526; x_wconf 88' lang='lat' dir='ltr'><strong>menti</strong></span> <span class='ocrx_word' id='word_1_425' title='bbox 2384 2468 2403 2542; x_wconf 93' lang='lat'>)</span> <span class='ocrx_word' id='word_1_426' title='bbox 2435 2471 2700 2532; x_wconf 88' lang='lat' dir='ltr'><strong>Sedulius.</strong></span> <span class='ocrx_word' id='word_1_427' title='bbox 2730 2479 2837 2525; x_wconf 86' lang='lat' dir='ltr'><strong>etc.</strong></span> <span class='ocrx_word' id='word_1_428' title='bbox 2855 2467 2934 2524; x_wconf 88' lang='lat' dir='ltr'><strong>Cl.</strong></span> <span class='ocrx_word' id='word_1_429' title='bbox 2967 2469 3160 2524; x_wconf 84' lang='lat' dir='ltr'><strong>Franc.</strong></span> <span class='ocrx_word' id='word_1_430' title='bbox 3185 2469 3453 2525; x_wconf 83' lang='lat' dir='ltr'><strong>Antonius</strong></span> <span class='ocrx_word' id='word_1_431' title='bbox 3475 2469 3757 2525; x_wconf 85' lang='lat' dir='ltr'><strong>Zacharias</strong></span> 
     </span>
    </p>
   </div>
   <div class='ocr_carea' id='block_1_56' title="bbox 2193 2560 3757 2633">
    <p class='ocr_par' dir='ltr' id='par_1_56' title="bbox 2193 2560 3757 2633">
     <span class='ocr_line' id='line_1_56' title="bbox 2193 2560 3757 2633; baseline -0.003 -15"><span class='ocrx_word' id='word_1_432' title='bbox 2193 2564 2268 2618; x_wconf 91' lang='lat' dir='ltr'><strong>De</strong></span> <span class='ocrx_word' id='word_1_433' title='bbox 2291 2563 2547 2633; x_wconf 89' lang='lat' dir='ltr'><strong>prohibit.</strong></span> <span class='ocrx_word' id='word_1_434' title='bbox 2580 2562 2840 2618; x_wconf 91' lang='lat' dir='ltr'><strong>librorum</strong></span> <span class='ocrx_word' id='word_1_435' title='bbox 2863 2561 2928 2616; x_wconf 90' lang='lat' dir='ltr'><strong>ad</strong></span> <span class='ocrx_word' id='word_1_436' title='bbox 2953 2577 3080 2617; x_wconf 92' lang='lat' dir='ltr'><strong>ann.</strong></span> <span class='ocrx_word' id='word_1_437' title='bbox 3111 2562 3239 2628; x_wconf 74' lang='grc'><strong>496,</strong></span> <span class='ocrx_word' id='word_1_438' title='bbox 3269 2577 3324 2616; x_wconf 91' lang='lat' dir='ltr'><strong>n.</strong></span> <span class='ocrx_word' id='word_1_439' title='bbox 3366 2562 3455 2626; x_wconf 82' lang='grc'><strong>10,</strong></span> <span class='ocrx_word' id='word_1_440' title='bbox 3505 2560 3757 2631; x_wconf 89' lang='lat' dir='ltr'><strong>simplici-</strong></span> 
     </span>
    </p>
   </div>
   <div class='ocr_carea' id='block_1_57' title="bbox 2193 2653 3758 2727">
    <p class='ocr_par' dir='ltr' id='par_1_57' title="bbox 2193 2653 3758 2727">
     <span class='ocr_line' id='line_1_57' title="bbox 2193 2653 3758 2727; baseline -0.002 -16"><span class='ocrx_word' id='word_1_441' title='bbox 2193 2666 2276 2711; x_wconf 90' lang='lat' dir='ltr'><strong>ter</strong></span> <span class='ocrx_word' id='word_1_442' title='bbox 2304 2666 2483 2727; x_wconf 88' lang='lat' dir='ltr'><strong>negat,</strong></span> <span class='ocrx_word' id='word_1_443' title='bbox 2517 2656 2567 2710; x_wconf 93' lang='lat' dir='ltr'><strong>in</strong></span> <span class='ocrx_word' id='word_1_444' title='bbox 2597 2654 2783 2710; x_wconf 88' lang='lat' dir='ltr'><strong>codice</strong></span> <span class='ocrx_word' id='word_1_445' title='bbox 2806 2653 3128 2710; x_wconf 88' lang='lat' dir='ltr'><strong>Taurinensi</strong></span> <span class='ocrx_word' id='word_1_446' title='bbox 3170 2655 3436 2709; x_wconf 87' lang='lat' dir='ltr'><strong>monitum</strong></span> <span class='ocrx_word' id='word_1_447' title='bbox 3463 2653 3532 2708; x_wconf 90' lang='lat' dir='ltr'><strong>de</strong></span> <span class='ocrx_word' id='word_1_448' title='bbox 3557 2655 3758 2710; x_wconf 83' lang='lat' dir='ltr'><strong>Asteria</strong></span> 
     </span>
    </p>
   </div>
   <div class='ocr_carea' id='block_1_58' title="bbox 2193 2744 3760 2817">
    <p class='ocr_par' dir='ltr' id='par_1_58' title="bbox 2193 2744 3760 2817">
     <span class='ocr_line' id='line_1_58' title="bbox 2193 2744 3760 2817; baseline -0.004 -13"><span class='ocrx_word' id='word_1_449' title='bbox 2193 2758 2498 2805; x_wconf 87' lang='lat' dir='ltr'><strong>correctore</strong></span> <span class='ocrx_word' id='word_1_450' title='bbox 2529 2746 2736 2804; x_wconf 90' lang='lat' dir='ltr'><strong>Sedulii</strong></span> <span class='ocrx_word' id='word_1_451' title='bbox 2757 2754 2970 2802; x_wconf 79' lang='lat' dir='ltr'><strong>exstare</strong></span> <span class='ocrx_word' id='word_1_452' title='bbox 2995 2762 3009 2806; x_wconf 86' lang='lat'><strong>;</strong></span> <span class='ocrx_word' id='word_1_453' title='bbox 3037 2745 3134 2801; x_wconf 88' lang='lat' dir='ltr'><strong>sed</strong></span> <span class='ocrx_word' id='word_1_454' title='bbox 3161 2747 3245 2800; x_wconf 84' lang='lat' dir='ltr'><strong>vel</strong></span> <span class='ocrx_word' id='word_1_455' title='bbox 3271 2760 3393 2800; x_wconf 90' lang='lat' dir='ltr'><strong>eum</strong></span> <span class='ocrx_word' id='word_1_456' title='bbox 3445 2744 3583 2817; x_wconf 82' lang='lat' dir='ltr'><strong>fugit</strong></span> <span class='ocrx_word' id='word_1_457' title='bbox 3622 2755 3760 2800; x_wconf 85' lang='lat' dir='ltr'><strong>nota-</strong></span> 
     </span>
    </p>
   </div>
   <div class='ocr_carea' id='block_1_59' title="bbox 2194 2840 3760 2914">
    <p class='ocr_par' dir='ltr' id='par_1_59' title="bbox 2194 2840 3760 2914">
     <span class='ocr_line' id='line_1_59' title="bbox 2194 2840 3760 2914; baseline -0.002 -16"><span class='ocrx_word' id='word_1_458' title='bbox 2194 2845 2292 2911; x_wconf 87' lang='lat' dir='ltr'><strong>tio,</strong></span> <span class='ocrx_word' id='word_1_459' title='bbox 2317 2859 2433 2914; x_wconf 80' lang='lat' dir='ltr'><strong>qua:</strong></span> <span class='ocrx_word' id='word_1_460' title='bbox 2446 2842 2512 2896; x_wconf 91' lang='lat' dir='ltr'><strong>ad</strong></span> <span class='ocrx_word' id='word_1_461' title='bbox 2536 2857 2622 2898; x_wconf 91' lang='lat' dir='ltr'><strong>me</strong></span> <span class='ocrx_word' id='word_1_462' title='bbox 2648 2841 2811 2897; x_wconf 89' lang='lat' dir='ltr'><strong>missa</strong></span> <span class='ocrx_word' id='word_1_463' title='bbox 2829 2851 2932 2906; x_wconf 87' lang='lat' dir='ltr'><strong>est,</strong></span> <span class='ocrx_word' id='word_1_464' title='bbox 2959 2841 3042 2897; x_wconf 88' lang='lat' dir='ltr'><strong>vel</strong></span> <span class='ocrx_word' id='word_1_465' title='bbox 3068 2841 3240 2896; x_wconf 89' lang='lat' dir='ltr'><strong>solum</strong></span> <span class='ocrx_word' id='word_1_466' title='bbox 3271 2840 3647 2911; x_wconf 87' lang='lat' dir='ltr'><strong>illeintelligit,</strong></span> <span class='ocrx_word' id='word_1_467' title='bbox 3670 2855 3760 2895; x_wconf 85' lang='lat' dir='ltr'><strong>no-</strong></span> 
     </span>
    </p>
   </div>
   <div class='ocr_carea' id='block_1_60' title="bbox 2197 2933 3758 3006">
    <p class='ocr_par' dir='ltr' id='par_1_60' title="bbox 2197 2933 3758 3006">
     <span class='ocr_line' id='line_1_60' title="bbox 2197 2933 3758 3006; baseline -0.001 -17"><span class='ocrx_word' id='word_1_468' title='bbox 2197 2937 2453 2991; x_wconf 87' lang='lat' dir='ltr'><strong>tationem</strong></span> <span class='ocrx_word' id='word_1_469' title='bbox 2479 2933 2785 3006; x_wconf 87' lang='lat' dir='ltr'><strong>ejusmodia</strong></span> <span class='ocrx_word' id='word_1_470' title='bbox 2809 2935 2982 3005; x_wconf 92' lang='lat' dir='ltr'><strong>prima</strong></span> <span class='ocrx_word' id='word_1_471' title='bbox 3007 2949 3168 2988; x_wconf 87' lang='lat' dir='ltr'><strong>manu</strong></span> <span class='ocrx_word' id='word_1_472' title='bbox 3194 2943 3473 2988; x_wconf 87' lang='lat' dir='ltr'><strong>exaratam</strong></span> <span class='ocrx_word' id='word_1_473' title='bbox 3495 2948 3599 2988; x_wconf 93' lang='lat' dir='ltr'><strong>non</strong></span> <span class='ocrx_word' id='word_1_474' title='bbox 3623 2947 3758 2987; x_wconf 86' lang='lat' dir='ltr'><strong>esse.</strong></span> 
     </span>
    </p>
   </div>
   <div class='ocr_carea' id='block_1_61' title="bbox 2269 3025 3760 3097">
    <p class='ocr_par' dir='ltr' id='par_1_61' title="bbox 2269 3025 3760 3097">
     <span class='ocr_line' id='line_1_61' title="bbox 2269 3025 3760 3097; baseline -0.001 -15"><span class='ocrx_word' id='word_1_475' title='bbox 2269 3028 2390 3082; x_wconf 81' lang='grc'><strong>159.</strong></span> <span class='ocrx_word' id='word_1_476' title='bbox 2432 3027 2527 3082; x_wconf 84' lang='lat' dir='ltr'><strong>llis</strong></span> <span class='ocrx_word' id='word_1_477' title='bbox 2557 3027 2624 3081; x_wconf 89' lang='lat' dir='ltr'><strong>ita</strong></span> <span class='ocrx_word' id='word_1_478' title='bbox 2655 3027 2932 3096; x_wconf 84' lang='lat' dir='ltr'><strong>expositis,</strong></span> <span class='ocrx_word' id='word_1_479' title='bbox 2964 3027 3312 3097; x_wconf 63' lang='lat' dir='ltr'><strong>quarendum</strong></span> <span class='ocrx_word' id='word_1_480' title='bbox 3343 3033 3445 3089; x_wconf 88' lang='lat' dir='ltr'><strong>est,</strong></span> <span class='ocrx_word' id='word_1_481' title='bbox 3486 3025 3655 3080; x_wconf 90' lang='lat' dir='ltr'><strong>curin</strong></span> <span class='ocrx_word' id='word_1_482' title='bbox 3681 3039 3760 3080; x_wconf 85' lang='lat' dir='ltr'><strong>re-</strong></span> 
     </span>
    </p>
   </div>
   <div class='ocr_carea' id='block_1_62' title="bbox 511 3113 3760 3212">
    <p class='ocr_par' dir='ltr' id='par_1_62' title="bbox 511 3113 3760 3212">
     <span class='ocr_line' id='line_1_62' title="bbox 511 3113 3760 3212; baseline -0.007 -15"><span class='ocrx_word' id='word_1_483' title='bbox 511 3161 665 3212; x_wconf 89' lang='lat' dir='ltr'><strong>opus,</strong></span> <span class='ocrx_word' id='word_1_484' title='bbox 694 3151 826 3207; x_wconf 89' lang='lat' dir='ltr'><strong>etc.,</strong></span> <span class='ocrx_word' id='word_1_485' title='bbox 849 3147 909 3195; x_wconf 87' lang='lat' dir='ltr'><strong>ut</strong></span> <span class='ocrx_word' id='word_1_486' title='bbox 935 3138 988 3193; x_wconf 91' lang='lat' dir='ltr'><strong>in</strong></span> <span class='ocrx_word' id='word_1_487' title='bbox 1016 3137 1149 3206; x_wconf 90' lang='lat' dir='ltr'><strong>Reg.</strong></span> <span class='ocrx_word' id='word_1_488' title='bbox 1176 3135 1230 3202; x_wconf 86' lang='grc'><strong>1,</strong></span> <span class='ocrx_word' id='word_1_489' title='bbox 1262 3147 1384 3186; x_wconf 92' lang='lat' dir='ltr'><strong>cum</strong></span> <span class='ocrx_word' id='word_1_490' title='bbox 1417 3128 1518 3183; x_wconf 91' lang='lat' dir='ltr'><strong>hoc</strong></span> <span class='ocrx_word' id='word_1_491' title='bbox 1546 3134 1727 3180; x_wconf 69' lang='lat' dir='ltr'><strong>tamen</strong></span> <span class='ocrx_word' id='word_1_492' title='bbox 1751 3115 2083 3212; x_wconf 69' lang='lat' dir='ltr'><strong>discriminc.</strong></span> <span class='ocrx_word' id='word_1_493' title='bbox 2115 3113 2160 3176; x_wconf 92' lang='lat' dir='ltr'><strong>C</strong></span> <span class='ocrx_word' id='word_1_494' title='bbox 2191 3119 2433 3175; x_wconf 89' lang='lat' dir='ltr'><strong>centibus</strong></span> <span class='ocrx_word' id='word_1_495' title='bbox 2464 3118 2669 3175; x_wconf 89' lang='lat' dir='ltr'><strong>Sedulii</strong></span> <span class='ocrx_word' id='word_1_496' title='bbox 2692 3118 3018 3174; x_wconf 88' lang='lat' dir='ltr'><strong>editionibus</strong></span> <span class='ocrx_word' id='word_1_497' title='bbox 3066 3118 3398 3190; x_wconf 83' lang='lat' dir='ltr'><strong>epigramma</strong></span> <span class='ocrx_word' id='word_1_498' title='bbox 3437 3117 3633 3174; x_wconf 84' lang='lat' dir='ltr'><strong>Asterii</strong></span> <span class='ocrx_word' id='word_1_499' title='bbox 3685 3119 3760 3173; x_wconf 90' lang='lat' dir='ltr'><strong>sic</strong></span> 
     </span>
    </p>
   </div>
   <div class='ocr_carea' id='block_1_63' title="bbox 459 3207 2084 3298">
    <p class='ocr_par' dir='ltr' id='par_1_63' title="bbox 459 3207 2084 3298">
     <span class='ocr_line' id='line_1_63' title="bbox 459 3207 2084 3298; baseline -0.021 -5"><span class='ocrx_word' id='word_1_500' title='bbox 459 3284 463 3288; x_wconf 42' lang='grc' dir='ltr'><em>τ</em></span> <span class='ocrx_word' id='word_1_501' title='bbox 508 3207 932 3292; x_wconf 51' lang='grc' dir='ltr'><strong>εὼάυιωτωιω</strong></span> <span class='ocrx_word' id='word_1_502' title='bbox 961 3231 1016 3285; x_wconf 94' lang='lat' dir='ltr'><strong>d.</strong></span> <span class='ocrx_word' id='word_1_503' title='bbox 1047 3247 1093 3282; x_wconf 90' lang='lat' dir='ltr'><strong>r.</strong></span> <span class='ocrx_word' id='word_1_504' title='bbox 1129 3244 1179 3298; x_wconf 89' lang='lat' dir='ltr'><strong>q.</strong></span> <span class='ocrx_word' id='word_1_505' title='bbox 1203 3242 1251 3279; x_wconf 89' lang='lat' dir='ltr'><strong>r.</strong></span> <span class='ocrx_word' id='word_1_506' title='bbox 1281 3223 1715 3287; x_wconf 86' lang='lat' dir='ltr'><strong>adornatumque,</strong></span> <span class='ocrx_word' id='word_1_507' title='bbox 1744 3230 1795 3266; x_wconf 92' lang='lat' dir='ltr'><strong>a.</strong></span> <span class='ocrx_word' id='word_1_508' title='bbox 1820 3229 1871 3264; x_wconf 91' lang='lat' dir='ltr'><strong>a.</strong></span> <span class='ocrx_word' id='word_1_509' title='bbox 1903 3225 2006 3263; x_wconf 79' lang='lat' dir='ltr'><strong>o.e.</strong></span> <span class='ocrx_word' id='word_1_510' title='bbox 2030 3207 2084 3260; x_wconf 91' lang='lat' dir='ltr'><strong>d.</strong></span> 
     </span>
    </p>
   </div>
   <div class='ocr_carea' id='block_1_64' title="bbox 507 3300 2085 3394">
    <p class='ocr_par' dir='ltr' id='par_1_64' title="bbox 507 3300 2085 3394">
     <span class='ocr_line' id='line_1_64' title="bbox 507 3300 2085 3394; baseline -0.023 -5"><span class='ocrx_word' id='word_1_511' title='bbox 507 3350 556 3388; x_wconf 82' lang='grc' dir='ltr'><strong>ε.</strong></span> <span class='ocrx_word' id='word_1_512' title='bbox 576 3350 609 3386; x_wconf 90' lang='lat' dir='ltr'><strong>a</strong></span> <span class='ocrx_word' id='word_1_513' title='bbox 633 3329 822 3386; x_wconf 87' lang='lat' dir='ltr'><strong>Turcio</strong></span> <span class='ocrx_word' id='word_1_514' title='bbox 847 3326 1001 3394; x_wconf 80' lang='lat' dir='ltr'><strong>Ruﬁo</strong></span> <span class='ocrx_word' id='word_1_515' title='bbox 1022 3321 1226 3377; x_wconf 87' lang='lat' dir='ltr'><strong>Asteria</strong></span> <span class='ocrx_word' id='word_1_516' title='bbox 1263 3316 1324 3372; x_wconf 83' lang='lat' dir='ltr'><strong>V.</strong></span> <span class='ocrx_word' id='word_1_517' title='bbox 1358 3315 1419 3371; x_wconf 87' lang='lat' dir='ltr'><strong>C.</strong></span> <span class='ocrx_word' id='word_1_518' title='bbox 1442 3312 1653 3370; x_wconf 88' lang='lat' dir='ltr'><strong>consule</strong></span> <span class='ocrx_word' id='word_1_519' title='bbox 1680 3300 2085 3394; x_wconf 65' lang='lat' dir='ltr'><strong>ordinario,etc.</strong></span> 
     </span>
    </p>
   </div>
   <div class='ocr_carea' id='block_1_65' title="bbox 509 3391 2090 3496">
    <p class='ocr_par' dir='ltr' id='par_1_65' title="bbox 509 3391 2090 3496">
     <span class='ocr_line' id='line_1_65' title="bbox 509 3391 2090 3496; baseline -0.025 -13"><span class='ocrx_word' id='word_1_520' title='bbox 509 3423 769 3496; x_wconf 89' lang='lat' dir='ltr'><strong>Sequitur</strong></span> <span class='ocrx_word' id='word_1_521' title='bbox 822 3391 1177 3489; x_wconf 81' lang='lat' dir='ltr'><strong>epigramma,</strong></span> <span class='ocrx_word' id='word_1_522' title='bbox 1225 3410 1403 3473; x_wconf 88' lang='lat' dir='ltr'><strong>Sume,</strong></span> <span class='ocrx_word' id='word_1_523' title='bbox 1451 3419 1612 3459; x_wconf 82' lang='lat' dir='ltr'><strong>sacer.</strong></span> <span class='ocrx_word' id='word_1_524' title='bbox 1643 3398 1892 3496; x_wconf 77' lang='lat' dir='ltr'><strong>Labbeus</strong></span> <span class='ocrx_word' id='word_1_525' title='bbox 1918 3394 1970 3448; x_wconf 90' lang='lat' dir='ltr'><strong>in</strong></span> <span class='ocrx_word' id='word_1_526' title='bbox 2002 3391 2090 3496; x_wconf 77' lang='lat' dir='ltr'><strong>Ri-</strong></span> 
     </span>
    </p>
   </div>
   <div class='ocr_carea' id='block_1_66' title="bbox 509 3489 2090 3575">
    <p class='ocr_par' dir='ltr' id='par_1_66' title="bbox 509 3489 2090 3575">
     <span class='ocr_line' id='line_1_66' title="bbox 509 3489 2090 3575; baseline -0.025 -1"><span class='ocrx_word' id='word_1_527' title='bbox 509 3489 778 3574; x_wconf 78' lang='lat' dir='ltr'><strong>bliotheca</strong></span> <span class='ocrx_word' id='word_1_528' title='bbox 797 3510 941 3568; x_wconf 79' lang='lat' dir='ltr'><strong>Nova</strong></span> <span class='ocrx_word' id='word_1_529' title='bbox 965 3522 1096 3563; x_wconf 89' lang='lat' dir='ltr'><strong>mss.</strong></span> <span class='ocrx_word' id='word_1_530' title='bbox 1122 3511 1262 3575; x_wconf 81' lang='lat' dir='ltr'><strong>part.</strong></span> <span class='ocrx_word' id='word_1_531' title='bbox 1287 3515 1326 3567; x_wconf 84' lang='grc' dir='ltr'><strong>ι,</strong></span> <span class='ocrx_word' id='word_1_532' title='bbox 1362 3513 1482 3568; x_wconf 91' lang='lat' dir='ltr'><strong>pag.</strong></span> <span class='ocrx_word' id='word_1_533' title='bbox 1507 3495 1600 3561; x_wconf 70' lang='lat'><strong>25,</strong></span> <span class='ocrx_word' id='word_1_534' title='bbox 1624 3506 1683 3547; x_wconf 86' lang='lat' dir='ltr'><strong>se</strong></span> <span class='ocrx_word' id='word_1_535' title='bbox 1708 3489 1908 3543; x_wconf 87' lang='lat' dir='ltr'><strong>vidisse</strong></span> <span class='ocrx_word' id='word_1_536' title='bbox 1929 3492 2090 3539; x_wconf 85' lang='lat' dir='ltr'><strong>testa-</strong></span> 
     </span>
    </p>
   </div>
   <div class='ocr_carea' id='block_1_67' title="bbox 510 3578 2087 3674">
    <p class='ocr_par' dir='ltr' id='par_1_67' title="bbox 510 3578 2087 3674">
     <span class='ocr_line' id='line_1_67' title="bbox 510 3578 2087 3674; baseline -0.025 -8"><span class='ocrx_word' id='word_1_537' title='bbox 510 3618 598 3665; x_wconf 89' lang='lat' dir='ltr'><strong>tur</strong></span> <span class='ocrx_word' id='word_1_538' title='bbox 640 3603 921 3674; x_wconf 83' lang='lat' dir='ltr'><strong>exemplar</strong></span> <span class='ocrx_word' id='word_1_539' title='bbox 960 3599 1150 3669; x_wconf 87' lang='lat' dir='ltr'><strong>Operis</strong></span> <span class='ocrx_word' id='word_1_540' title='bbox 1196 3589 1471 3649; x_wconf 80' lang='lat' dir='ltr'><strong>Paschalis</strong></span> <span class='ocrx_word' id='word_1_541' title='bbox 1512 3583 1801 3658; x_wconf 88' lang='lat' dir='ltr'><strong>(intelligo</strong></span> <span class='ocrx_word' id='word_1_542' title='bbox 1858 3578 2087 3674; x_wconf 84' lang='lat' dir='ltr'><strong>Carmen</strong></span> 
     </span>
    </p>
   </div>
   <div class='ocr_carea' id='block_1_68' title="bbox 509 3668 2088 3769">
    <p class='ocr_par' dir='ltr' id='par_1_68' title="bbox 509 3668 2088 3769">
     <span class='ocr_line' id='line_1_68' title="bbox 509 3668 2088 3769; baseline -0.024 -11"><span class='ocrx_word' id='word_1_543' title='bbox 509 3668 817 3769; x_wconf 45' lang='lat' dir='ltr'><strong>Paschale)-</strong></span> <span class='ocrx_word' id='word_1_544' title='bbox 845 3692 999 3751; x_wconf 83' lang='lat' dir='ltr'><strong>initio</strong></span> <span class='ocrx_word' id='word_1_545' title='bbox 1014 3668 1292 3753; x_wconf 84' lang='lat' dir='ltr'><strong>mutilum,</strong></span> <span class='ocrx_word' id='word_1_546' title='bbox 1319 3686 1371 3738; x_wconf 91' lang='lat' dir='ltr'><strong>in</strong></span> <span class='ocrx_word' id='word_1_547' title='bbox 1403 3680 1558 3749; x_wconf 86' lang='lat' dir='ltr'><strong>cujus</strong></span> <span class='ocrx_word' id='word_1_548' title='bbox 1588 3677 1694 3731; x_wconf 83' lang='lat' dir='ltr'><strong>fine</strong></span> <span class='ocrx_word' id='word_1_549' title='bbox 1741 3683 1862 3729; x_wconf 87' lang='lat' dir='ltr'><strong>erat</strong></span> <span class='ocrx_word' id='word_1_550' title='bbox 1901 3668 2088 3725; x_wconf 88' lang='lat' dir='ltr'><strong>eadem</strong></span> 
     </span>
    </p>
   </div>
   <div class='ocr_carea' id='block_1_69' title="bbox 509 3772 2087 3862">
    <p class='ocr_par' dir='ltr' id='par_1_69' title="bbox 509 3772 2087 3862">
     <span class='ocr_line' id='line_1_69' title="bbox 509 3772 2087 3862; baseline -0.023 -8"><span class='ocrx_word' id='word_1_551' title='bbox 509 3807 659 3862; x_wconf 89' lang='lat' dir='ltr'><strong>nota,</strong></span> <span class='ocrx_word' id='word_1_552' title='bbox 689 3792 765 3849; x_wconf 84' lang='lat' dir='ltr'><strong>H.</strong></span> <span class='ocrx_word' id='word_1_553' title='bbox 785 3808 835 3846; x_wconf 90' lang='grc' dir='ltr'><strong>ο.</strong></span> <span class='ocrx_word' id='word_1_554' title='bbox 865 3789 925 3845; x_wconf 92' lang='lat' dir='ltr'><strong>S.</strong></span> <span class='ocrx_word' id='word_1_555' title='bbox 947 3789 1082 3842; x_wconf 87' lang='lat' dir='ltr'><strong>inter</strong></span> <span class='ocrx_word' id='word_1_556' title='bbox 1104 3780 1369 3838; x_wconf 72' lang='lat' dir='ltr'><strong>chartulas</strong></span> <span class='ocrx_word' id='word_1_557' title='bbox 1391 3778 1444 3831; x_wconf 91' lang='lat' dir='ltr'><strong>d.</strong></span> <span class='ocrx_word' id='word_1_558' title='bbox 1464 3794 1511 3830; x_wconf 87' lang='lat' dir='ltr'><strong>r.</strong></span> <span class='ocrx_word' id='word_1_559' title='bbox 1535 3793 1588 3847; x_wconf 91' lang='lat' dir='ltr'><strong>q.</strong></span> <span class='ocrx_word' id='word_1_560' title='bbox 1621 3791 1667 3827; x_wconf 91' lang='lat' dir='ltr'><strong>r.</strong></span> <span class='ocrx_word' id='word_1_561' title='bbox 1695 3772 2002 3831; x_wconf 90' lang='lat' dir='ltr'><strong>adunatum,</strong></span> <span class='ocrx_word' id='word_1_562' title='bbox 2034 3781 2087 3818; x_wconf 91' lang='lat' dir='ltr'><strong>a.</strong></span> 
     </span>
    </p>
   </div>
   <div class='ocr_carea' id='block_1_70' title="bbox 505 3863 2091 3952">
    <p class='ocr_par' dir='ltr' id='par_1_70' title="bbox 505 3863 2091 3952">
     <span class='ocr_line' id='line_1_70' title="bbox 505 3863 2091 3952; baseline -0.021 -8"><span class='ocrx_word' id='word_1_563' title='bbox 505 3908 558 3946; x_wconf 83' lang='grc' dir='ltr'><strong>η.</strong></span> <span class='ocrx_word' id='word_1_564' title='bbox 580 3907 631 3944; x_wconf 93' lang='lat' dir='ltr'><strong>a.</strong></span> <span class='ocrx_word' id='word_1_565' title='bbox 682 3904 728 3941; x_wconf 88' lang='lat' dir='ltr'><strong>e.</strong></span> <span class='ocrx_word' id='word_1_566' title='bbox 758 3882 1082 3952; x_wconf 81' lang='lat' dir='ltr'><strong>divulgatum</strong></span> <span class='ocrx_word' id='word_1_567' title='bbox 1111 3885 1184 3931; x_wconf 89' lang='lat' dir='ltr'><strong>est</strong></span> <span class='ocrx_word' id='word_1_568' title='bbox 1213 3891 1244 3928; x_wconf 91' lang='lat' dir='ltr'><strong>a</strong></span> <span class='ocrx_word' id='word_1_569' title='bbox 1265 3871 1452 3927; x_wconf 84' lang='lat' dir='ltr'><strong>Turtia</strong></span> <span class='ocrx_word' id='word_1_570' title='bbox 1495 3868 1652 3937; x_wconf 83' lang='lat' dir='ltr'><strong>Ruﬁo</strong></span> <span class='ocrx_word' id='word_1_571' title='bbox 1682 3863 1878 3920; x_wconf 86' lang='lat' dir='ltr'><strong>Asteria</strong></span> <span class='ocrx_word' id='word_1_572' title='bbox 1907 3875 2091 3914; x_wconf 81' lang='lat' dir='ltr'><strong>excon-</strong></span> 
     </span>
    </p>
   </div>
   <div class='ocr_carea' id='block_1_71' title="bbox 505 3958 2093 4045">
    <p class='ocr_par' dir='ltr' id='par_1_71' title="bbox 505 3958 2093 4045">
     <span class='ocr_line' id='line_1_71' title="bbox 505 3958 2093 4045; baseline -0.023 -4"><span class='ocrx_word' id='word_1_573' title='bbox 505 3985 617 4040; x_wconf 87' lang='lat' dir='ltr'><strong>sule</strong></span> <span class='ocrx_word' id='word_1_574' title='bbox 641 3979 904 4038; x_wconf 87' lang='lat' dir='ltr'><strong>ordinario</strong></span> <span class='ocrx_word' id='word_1_575' title='bbox 924 3993 975 4030; x_wconf 91' lang='lat' dir='ltr'><strong>a.</strong></span> <span class='ocrx_word' id='word_1_576' title='bbox 1001 3991 1053 4045; x_wconf 76' lang='grc' dir='ltr'><strong>ρ.</strong></span> <span class='ocrx_word' id='word_1_577' title='bbox 1085 3972 1226 4027; x_wconf 88' lang='lat' dir='ltr'><strong>Tum</strong></span> <span class='ocrx_word' id='word_1_578' title='bbox 1245 3980 1435 4024; x_wconf 81' lang='lat' dir='ltr'><strong>versus</strong></span> <span class='ocrx_word' id='word_1_579' title='bbox 1461 3961 1682 4024; x_wconf 86' lang='lat' dir='ltr'><strong>Asterii,</strong></span> <span class='ocrx_word' id='word_1_580' title='bbox 1725 3958 1901 4023; x_wconf 88' lang='lat' dir='ltr'><strong>Sume,</strong></span> <span class='ocrx_word' id='word_1_581' title='bbox 1948 3970 2093 4009; x_wconf 84' lang='lat' dir='ltr'><strong>sacer</strong></span> 
     </span>
    </p>
   </div>
   <div class='ocr_carea' id='block_1_72' title="bbox 507 4047 2089 4145">
    <p class='ocr_par' dir='ltr' id='par_1_72' title="bbox 507 4047 2089 4145">
     <span class='ocr_line' id='line_1_72' title="bbox 507 4047 2089 4145; baseline -0.022 -12"><span class='ocrx_word' id='word_1_582' title='bbox 507 4077 724 4145; x_wconf 85' lang='lat' dir='ltr'><strong>meritis,</strong></span> <span class='ocrx_word' id='word_1_583' title='bbox 753 4083 858 4128; x_wconf 92' lang='lat' dir='ltr'><strong>etc.</strong></span> <span class='ocrx_word' id='word_1_584' title='bbox 884 4065 1176 4125; x_wconf 88' lang='lat' dir='ltr'><strong>Bandinius</strong></span> <span class='ocrx_word' id='word_1_585' title='bbox 1195 4062 1249 4118; x_wconf 91' lang='lat' dir='ltr'><strong>in</strong></span> <span class='ocrx_word' id='word_1_586' title='bbox 1268 4058 1456 4115; x_wconf 90' lang='lat' dir='ltr'><strong>codice</strong></span> <span class='ocrx_word' id='word_1_587' title='bbox 1473 4051 1819 4111; x_wconf 65' lang='lat' dir='ltr'><strong>bibliotheca:</strong></span> <span class='ocrx_word' id='word_1_588' title='bbox 1848 4047 2089 4145; x_wconf 58' lang='lat' dir='ltr'><strong>bauren-</strong></span> 
     </span>
    </p>
   </div>
   <div class='ocr_carea' id='block_1_73' title="bbox 509 4141 2091 4238">
    <p class='ocr_par' dir='ltr' id='par_1_73' title="bbox 509 4141 2091 4238">
     <span class='ocr_line' id='line_1_73' title="bbox 509 4141 2091 4238; baseline -0.023 -11"><span class='ocrx_word' id='word_1_589' title='bbox 509 4173 690 4237; x_wconf 75' lang='lat' dir='ltr'><strong>tianze,</strong></span> <span class='ocrx_word' id='word_1_590' title='bbox 711 4141 873 4238; x_wconf 86' lang='lat' dir='ltr'><strong>quem</strong></span> <span class='ocrx_word' id='word_1_591' title='bbox 895 4158 1144 4219; x_wconf 88' lang='lat' dir='ltr'><strong>recensui</strong></span> <span class='ocrx_word' id='word_1_592' title='bbox 1171 4171 1319 4210; x_wconf 91' lang='lat' dir='ltr'><strong>num.</strong></span> <span class='ocrx_word' id='word_1_593' title='bbox 1344 4152 1436 4214; x_wconf 86' lang='lat'><strong>86,</strong></span> <span class='ocrx_word' id='word_1_594' title='bbox 1467 4148 1675 4204; x_wconf 88' lang='lat' dir='ltr'><strong>invenit</strong></span> <span class='ocrx_word' id='word_1_595' title='bbox 1715 4141 1959 4198; x_wconf 88' lang='lat' dir='ltr'><strong>eamdem</strong></span> <span class='ocrx_word' id='word_1_596' title='bbox 1986 4152 2091 4238; x_wconf 76' lang='lat' dir='ltr'><strong>no-</strong></span> 
     </span>
    </p>
   </div>
   <div class='ocr_carea' id='block_1_74' title="bbox 508 4233 2095 4326">
    <p class='ocr_par' dir='ltr' id='par_1_74' title="bbox 508 4233 2095 4326">
     <span class='ocr_line' id='line_1_74' title="bbox 508 4233 2095 4326; baseline -0.024 -4"><span class='ocrx_word' id='word_1_597' title='bbox 508 4233 790 4326; x_wconf 80' lang='lat' dir='ltr'><strong>tationem,</strong></span> <span class='ocrx_word' id='word_1_598' title='bbox 816 4257 929 4314; x_wconf 84' lang='lat' dir='ltr'><strong>Hoc</strong></span> <span class='ocrx_word' id='word_1_599' title='bbox 957 4273 1005 4309; x_wconf 93' lang='lat' dir='ltr'><strong>o.</strong></span> <span class='ocrx_word' id='word_1_600' title='bbox 1033 4254 1094 4310; x_wconf 89' lang='lat' dir='ltr'><strong>S.</strong></span> <span class='ocrx_word' id='word_1_601' title='bbox 1123 4253 1255 4306; x_wconf 87' lang='lat' dir='ltr'><strong>inter</strong></span> <span class='ocrx_word' id='word_1_602' title='bbox 1283 4242 1549 4302; x_wconf 90' lang='lat' dir='ltr'><strong>chartulas</strong></span> <span class='ocrx_word' id='word_1_603' title='bbox 1575 4243 1627 4295; x_wconf 91' lang='lat' dir='ltr'><strong>d.</strong></span> <span class='ocrx_word' id='word_1_604' title='bbox 1646 4257 1718 4306; x_wconf 91' lang='lat' dir='ltr'><strong>r.,</strong></span> <span class='ocrx_word' id='word_1_605' title='bbox 1747 4237 1942 4309; x_wconf 84' lang='lat' dir='ltr'><strong>quodr.</strong></span> <span class='ocrx_word' id='word_1_606' title='bbox 1965 4233 2095 4326; x_wconf 86' lang='lat' dir='ltr'><strong>adu-</strong></span> 
     </span>
    </p>
   </div>
   <div class='ocr_carea' id='block_1_75' title="bbox 510 4325 2088 4425">
    <p class='ocr_par' dir='ltr' id='par_1_75' title="bbox 510 4325 2088 4425">
     <span class='ocr_line' id='line_1_75' title="bbox 510 4325 2088 4425; baseline -0.022 -12"><span class='ocrx_word' id='word_1_607' title='bbox 510 4368 706 4425; x_wconf 87' lang='lat' dir='ltr'><strong>natum,</strong></span> <span class='ocrx_word' id='word_1_608' title='bbox 735 4363 884 4423; x_wconf 90' lang='lat' dir='ltr'><strong>atque</strong></span> <span class='ocrx_word' id='word_1_609' title='bbox 911 4368 961 4405; x_wconf 92' lang='lat' dir='ltr'><strong>a.</strong></span> <span class='ocrx_word' id='word_1_610' title='bbox 995 4365 1045 4404; x_wconf 95' lang='lat' dir='ltr'><strong>o.</strong></span> <span class='ocrx_word' id='word_1_611' title='bbox 1072 4363 1117 4402; x_wconf 89' lang='lat' dir='ltr'><strong>e.</strong></span> <span class='ocrx_word' id='word_1_612' title='bbox 1143 4343 1198 4398; x_wconf 86' lang='lat' dir='ltr'><strong>d.</strong></span> <span class='ocrx_word' id='word_1_613' title='bbox 1223 4360 1270 4399; x_wconf 92' lang='lat' dir='ltr'><strong>e.</strong></span> <span class='ocrx_word' id='word_1_614' title='bbox 1297 4359 1330 4394; x_wconf 91' lang='lat' dir='ltr'><strong>a</strong></span> <span class='ocrx_word' id='word_1_615' title='bbox 1354 4337 1528 4394; x_wconf 89' lang='lat' dir='ltr'><strong>Tertio</strong></span> <span class='ocrx_word' id='word_1_616' title='bbox 1575 4333 1730 4403; x_wconf 86' lang='lat' dir='ltr'><strong>Ruﬁo</strong></span> <span class='ocrx_word' id='word_1_617' title='bbox 1756 4329 1991 4386; x_wconf 84' lang='lat' dir='ltr'><strong>Austerio</strong></span> <span class='ocrx_word' id='word_1_618' title='bbox 2029 4325 2088 4379; x_wconf 85' lang='lat' dir='ltr'><strong>V.</strong></span> 
     </span>
    </p>
   </div>
   <div class='ocr_carea' id='block_1_76' title="bbox 509 4423 2094 4512">
    <p class='ocr_par' dir='ltr' id='par_1_76' title="bbox 509 4423 2094 4512">
     <span class='ocr_line' id='line_1_76' title="bbox 509 4423 2094 4512; baseline -0.023 -1"><span class='ocrx_word' id='word_1_619' title='bbox 509 4453 570 4512; x_wconf 88' lang='lat' dir='ltr'><strong>C.</strong></span> <span class='ocrx_word' id='word_1_620' title='bbox 611 4423 884 4509; x_wconf 73' lang='lat' dir='ltr'><strong>exconsule</strong></span> <span class='ocrx_word' id='word_1_621' title='bbox 932 4441 1200 4499; x_wconf 88' lang='lat' dir='ltr'><strong>ordinaria</strong></span> <span class='ocrx_word' id='word_1_622' title='bbox 1227 4457 1279 4493; x_wconf 91' lang='lat' dir='ltr'><strong>a.</strong></span> <span class='ocrx_word' id='word_1_623' title='bbox 1315 4451 1370 4509; x_wconf 73' lang='grc' dir='ltr'><strong>ρ.</strong></span> <span class='ocrx_word' id='word_1_624' title='bbox 1412 4429 1666 4490; x_wconf 88' lang='lat' dir='ltr'><strong>Usscrius</strong></span> <span class='ocrx_word' id='word_1_625' title='bbox 1689 4443 1753 4482; x_wconf 82' lang='lat' dir='ltr'><strong>ex</strong></span> <span class='ocrx_word' id='word_1_626' title='bbox 1783 4441 1885 4480; x_wconf 88' lang='lat' dir='ltr'><strong>ms.</strong></span> <span class='ocrx_word' id='word_1_627' title='bbox 1922 4423 2094 4478; x_wconf 85' lang='lat' dir='ltr'><strong>Thor-</strong></span> 
     </span>
    </p>
   </div>
   <div class='ocr_carea' id='block_1_77' title="bbox 2190 3210 3760 3284">
    <p class='ocr_par' dir='ltr' id='par_1_77' title="bbox 2190 3210 3760 3284">
     <span class='ocr_line' id='line_1_77' title="bbox 2190 3210 3760 3284; baseline -0.002 -17"><span class='ocrx_word' id='word_1_628' title='bbox 2190 3213 2503 3282; x_wconf 88' lang='lat' dir='ltr'><strong>inscriptum</strong></span> <span class='ocrx_word' id='word_1_629' title='bbox 2535 3223 2791 3282; x_wconf 87' lang='lat' dir='ltr'><strong>appareat</strong></span> <span class='ocrx_word' id='word_1_630' title='bbox 2820 3229 2834 3265; x_wconf 91' lang='lat'><strong>:</strong></span> <span class='ocrx_word' id='word_1_631' title='bbox 2867 3211 3042 3267; x_wconf 92' lang='lat' dir='ltr'><strong>Turcii</strong></span> <span class='ocrx_word' id='word_1_632' title='bbox 3068 3210 3760 3284; x_wconf 63' lang='lat' dir='ltr'><strong>RuﬁiAsterii,‘qui_Sedu-</strong></span> 
     </span>
    </p>
   </div>
   <div class='ocr_carea' id='block_1_78' title="bbox 2190 3302 3755 3376">
    <p class='ocr_par' dir='ltr' id='par_1_78' title="bbox 2190 3302 3755 3376">
     <span class='ocr_line' id='line_1_78' title="bbox 2190 3302 3755 3376; baseline 0.001 -21"><span class='ocrx_word' id='word_1_633' title='bbox 2190 3302 2248 3356; x_wconf 88' lang='lat' dir='ltr'><strong>lii</strong></span> <span class='ocrx_word' id='word_1_634' title='bbox 2277 3304 2503 3356; x_wconf 87' lang='lat' dir='ltr'><strong>carmina</strong></span> <span class='ocrx_word' id='word_1_635' title='bbox 2526 3313 2639 3372; x_wconf 84' lang='lat' dir='ltr'><strong>post</strong></span> <span class='ocrx_word' id='word_1_636' title='bbox 2670 3307 2780 3373; x_wconf 80' lang='lat' dir='ltr'><strong>fata</strong></span> <span class='ocrx_word' id='word_1_637' title='bbox 2807 3307 2917 3373; x_wconf 77' lang='lat' dir='ltr'><strong>eius</strong></span> <span class='ocrx_word' id='word_1_638' title='bbox 2967 3303 3192 3373; x_wconf 86' lang='lat' dir='ltr'><strong>collegit,</strong></span> <span class='ocrx_word' id='word_1_639' title='bbox 3218 3313 3264 3356; x_wconf 89' lang='lat' dir='ltr'><strong>et</strong></span> <span class='ocrx_word' id='word_1_640' title='bbox 3293 3302 3477 3366; x_wconf 87' lang='lat' dir='ltr'><strong>edidit,</strong></span> <span class='ocrx_word' id='word_1_641' title='bbox 3508 3304 3755 3376; x_wconf 80' lang='lat' dir='ltr'><strong>epigram-</strong></span> 
     </span>
    </p>
   </div>
   <div class='ocr_carea' id='block_1_79' title="bbox 2191 3394 3757 3466">
    <p class='ocr_par' dir='ltr' id='par_1_79' title="bbox 2191 3394 3757 3466">
     <span class='ocr_line' id='line_1_79' title="bbox 2191 3394 3757 3466; baseline -0.001 -19"><span class='ocrx_word' id='word_1_642' title='bbox 2191 3409 2274 3447; x_wconf 87' lang='lat' dir='ltr'><strong>ma</strong></span> <span class='ocrx_word' id='word_1_643' title='bbox 2301 3396 2368 3448; x_wconf 91' lang='lat' dir='ltr'><strong>ad</strong></span> <span class='ocrx_word' id='word_1_644' title='bbox 2387 3395 2614 3450; x_wconf 88' lang='lat' dir='ltr'><strong>eumdem</strong></span> <span class='ocrx_word' id='word_1_645' title='bbox 2644 3394 3018 3465; x_wconf 74' lang='lat' dir='ltr'><strong>Macedoniam,</strong></span> <span class='ocrx_word' id='word_1_646' title='bbox 3049 3395 3130 3449; x_wconf 88' lang='lat' dir='ltr'><strong>cui</strong></span> <span class='ocrx_word' id='word_1_647' title='bbox 3162 3394 3406 3450; x_wconf 86' lang='lat' dir='ltr'><strong>Sedulius</strong></span> <span class='ocrx_word' id='word_1_648' title='bbox 3449 3412 3576 3466; x_wconf 82' lang='lat' dir='ltr'><strong>opus</strong></span> <span class='ocrx_word' id='word_1_649' title='bbox 3615 3412 3757 3450; x_wconf 85' lang='lat' dir='ltr'><strong>suum</strong></span> 
     </span>
    </p>
   </div>
   <div class='ocr_carea' id='block_1_80' title="bbox 2192 3486 3758 3555">
    <p class='ocr_par' dir='ltr' id='par_1_80' title="bbox 2192 3486 3758 3555">
     <span class='ocr_line' id='line_1_80' title="bbox 2192 3486 3758 3555; baseline 0 -15"><span class='ocrx_word' id='word_1_650' title='bbox 2192 3487 2528 3542; x_wconf 84' lang='lat' dir='ltr'><strong>dedicaverat.</strong></span> <span class='ocrx_word' id='word_1_651' title='bbox 2561 3486 2618 3542; x_wconf 86' lang='lat' dir='ltr'><strong>In</strong></span> <span class='ocrx_word' id='word_1_652' title='bbox 2651 3487 2798 3542; x_wconf 93' lang='lat' dir='ltr'><strong>nullo</strong></span> <span class='ocrx_word' id='word_1_653' title='bbox 2827 3503 2928 3542; x_wconf 87' lang='lat' dir='ltr'><strong>ms.</strong></span> <span class='ocrx_word' id='word_1_654' title='bbox 2974 3487 3158 3542; x_wconf 89' lang='lat' dir='ltr'><strong>codice</strong></span> <span class='ocrx_word' id='word_1_655' title='bbox 3188 3502 3505 3555; x_wconf 71' lang='lat' dir='ltr'><strong>eXpressum</strong></span> <span class='ocrx_word' id='word_1_656' title='bbox 3547 3497 3627 3542; x_wconf 89' lang='lat' dir='ltr'><strong>est</strong></span> <span class='ocrx_word' id='word_1_657' title='bbox 3671 3501 3758 3540; x_wconf 88' lang='lat' dir='ltr'><strong>no-</strong></span> 
     </span>
    </p>
   </div>
   <div class='ocr_carea' id='block_1_81' title="bbox 2192 3581 3758 3652">
    <p class='ocr_par' dir='ltr' id='par_1_81' title="bbox 2192 3581 3758 3652">
     <span class='ocr_line' id='line_1_81' title="bbox 2192 3581 3758 3652; baseline -0.001 -15"><span class='ocrx_word' id='word_1_658' title='bbox 2192 3598 2314 3637; x_wconf 89' lang='lat' dir='ltr'><strong>men</strong></span> <span class='ocrx_word' id='word_1_659' title='bbox 2344 3582 2481 3652; x_wconf 90' lang='lat' dir='ltr'><strong>ejus,</strong></span> <span class='ocrx_word' id='word_1_660' title='bbox 2531 3583 2616 3637; x_wconf 92' lang='lat' dir='ltr'><strong>cui</strong></span> <span class='ocrx_word' id='word_1_661' title='bbox 2643 3581 2965 3652; x_wconf 87' lang='lat' dir='ltr'><strong>epigramma</strong></span> <span class='ocrx_word' id='word_1_662' title='bbox 3018 3581 3334 3637; x_wconf 88' lang='lat' dir='ltr'><strong>inscribitur</strong></span> <span class='ocrx_word' id='word_1_663' title='bbox 3380 3598 3393 3635; x_wconf 91' lang='lat'>:</span> <span class='ocrx_word' id='word_1_664' title='bbox 3438 3581 3582 3651; x_wconf 91' lang='lat' dir='ltr'><strong>quod</strong></span> <span class='ocrx_word' id='word_1_665' title='bbox 3623 3583 3758 3636; x_wconf 89' lang='lat' dir='ltr'><strong>enim</strong></span> 
     </span>
    </p>
   </div>
   <div class='ocr_carea' id='block_1_82' title="bbox 2192 3675 3758 3746">
    <p class='ocr_par' dir='ltr' id='par_1_82' title="bbox 2192 3675 3758 3746">
     <span class='ocr_line' id='line_1_82' title="bbox 2192 3675 3758 3746; baseline -0.002 -16"><span class='ocrx_word' id='word_1_666' title='bbox 2192 3675 2510 3731; x_wconf 83' lang='lat' dir='ltr'><strong>Sirmondus</strong></span> <span class='ocrx_word' id='word_1_667' title='bbox 2533 3677 2626 3744; x_wconf 86' lang='lat' dir='ltr'><strong>ait,</strong></span> <span class='ocrx_word' id='word_1_668' title='bbox 2641 3676 2968 3746; x_wconf 86' lang='lat' dir='ltr'><strong>epigramma</strong></span> <span class='ocrx_word' id='word_1_669' title='bbox 2989 3675 3254 3730; x_wconf 90' lang='lat' dir='ltr'><strong>directum</strong></span> <span class='ocrx_word' id='word_1_670' title='bbox 3280 3689 3402 3730; x_wconf 85' lang='lat' dir='ltr'><strong>esse</strong></span> <span class='ocrx_word' id='word_1_671' title='bbox 3427 3675 3494 3730; x_wconf 90' lang='lat' dir='ltr'><strong>ad</strong></span> <span class='ocrx_word' id='word_1_672' title='bbox 3516 3675 3758 3730; x_wconf 76' lang='lat' dir='ltr'><strong>eamdem</strong></span> 
     </span>
    </p>
   </div>
   <div class='ocr_carea' id='block_1_83' title="bbox 2194 3766 3758 3833">
    <p class='ocr_par' dir='ltr' id='par_1_83' title="bbox 2194 3766 3758 3833">
     <span class='ocr_line' id='line_1_83' title="bbox 2194 3766 3758 3833; baseline 0 -12"><span class='ocrx_word' id='word_1_673' title='bbox 2194 3766 2588 3833; x_wconf 81' lang='lat' dir='ltr'><strong>Macedonium,</strong></span> <span class='ocrx_word' id='word_1_674' title='bbox 2619 3768 2706 3822; x_wconf 93' lang='lat' dir='ltr'><strong>cui</strong></span> <span class='ocrx_word' id='word_1_675' title='bbox 2735 3766 3039 3822; x_wconf 89' lang='lat' dir='ltr'><strong>dedicatum</strong></span> <span class='ocrx_word' id='word_1_676' title='bbox 3068 3776 3187 3824; x_wconf 86' lang='lat' dir='ltr'><strong>erat</strong></span> <span class='ocrx_word' id='word_1_677' title='bbox 3214 3767 3443 3830; x_wconf 84' lang='lat' dir='ltr'><strong>Carmen</strong></span> <span class='ocrx_word' id='word_1_678' title='bbox 3488 3766 3758 3830; x_wconf 85' lang='lat' dir='ltr'><strong>Paschale,</strong></span> 
     </span>
    </p>
   </div>
   <div class='ocr_carea' id='block_1_84' title="bbox 2194 3857 3759 3938">
    <p class='ocr_par' dir='ltr' id='par_1_84' title="bbox 2194 3857 3759 3938">
     <span class='ocr_line' id='line_1_84' title="bbox 2194 3857 3759 3938; baseline -0.001 -25"><span class='ocrx_word' id='word_1_679' title='bbox 2194 3860 2245 3913; x_wconf 91' lang='lat' dir='ltr'><strong>id</strong></span> <span class='ocrx_word' id='word_1_680' title='bbox 2280 3875 2383 3914; x_wconf 92' lang='lat' dir='ltr'><strong>non</strong></span> <span class='ocrx_word' id='word_1_681' title='bbox 2428 3876 2495 3914; x_wconf 78' lang='lat' dir='ltr'><strong>ex</strong></span> <span class='ocrx_word' id='word_1_682' title='bbox 2551 3860 2758 3927; x_wconf 90' lang='lat' dir='ltr'><strong>codice,</strong></span> <span class='ocrx_word' id='word_1_683' title='bbox 2790 3868 2847 3913; x_wconf 92' lang='lat' dir='ltr'><strong>ut</strong></span> <span class='ocrx_word' id='word_1_684' title='bbox 2878 3858 3111 3924; x_wconf 87' lang='lat' dir='ltr'><strong>videtur,</strong></span> <span class='ocrx_word' id='word_1_685' title='bbox 3148 3859 3346 3938; x_wconf 75' lang='lat' dir='ltr'><strong>posuit,</strong></span> <span class='ocrx_word' id='word_1_686' title='bbox 3389 3857 3486 3914; x_wconf 89' lang='lat' dir='ltr'><strong>sed</strong></span> <span class='ocrx_word' id='word_1_687' title='bbox 3512 3859 3582 3912; x_wconf 86' lang='lat' dir='ltr'><strong>ita</strong></span> <span class='ocrx_word' id='word_1_688' title='bbox 3608 3873 3675 3911; x_wconf 89' lang='lat' dir='ltr'><strong>ex</strong></span> <span class='ocrx_word' id='word_1_689' title='bbox 3701 3872 3759 3912; x_wconf 89' lang='lat' dir='ltr'><strong>eo</strong></span> 
     </span>
    </p>
   </div>
   <div class='ocr_carea' id='block_1_85' title="bbox 2194 3948 3756 4021">
    <p class='ocr_par' dir='ltr' id='par_1_85' title="bbox 2194 3948 3756 4021">
     <span class='ocr_line' id='line_1_85' title="bbox 2194 3948 3756 4021; baseline -0.004 -16"><span class='ocrx_word' id='word_1_690' title='bbox 2194 3950 2429 4021; x_wconf 75' lang='lat' dir='ltr'><strong>collegit,</strong></span> <span class='ocrx_word' id='word_1_691' title='bbox 2459 3951 2598 4020; x_wconf 93' lang='lat' dir='ltr'><strong>quod</strong></span> <span class='ocrx_word' id='word_1_692' title='bbox 2627 3950 3043 4021; x_wconf 89' lang='lat' dir='ltr'><strong>postepistolam</strong></span> <span class='ocrx_word' id='word_1_693' title='bbox 3070 3949 3272 4006; x_wconf 86' lang='lat' dir='ltr'><strong>Sedulii</strong></span> <span class='ocrx_word' id='word_1_694' title='bbox 3304 3949 3372 4004; x_wconf 89' lang='lat' dir='ltr'><strong>ad</strong></span> <span class='ocrx_word' id='word_1_695' title='bbox 3403 3948 3756 4004; x_wconf 85' lang='lat' dir='ltr'><strong>Macedonium</strong></span> 
     </span>
    </p>
   </div>
   <div class='ocr_carea' id='block_1_86' title="bbox 2195 4041 3761 4100">
    <p class='ocr_par' dir='ltr' id='par_1_86' title="bbox 2195 4041 3761 4100">
     <span class='ocr_line' id='line_1_86' title="bbox 2195 4041 3761 4100; baseline -0.003 -1"><span class='ocrx_word' id='word_1_696' title='bbox 2195 4055 2542 4100; x_wconf 89' lang='lat' dir='ltr'><strong>memoratam</strong></span> <span class='ocrx_word' id='word_1_697' title='bbox 2574 4046 2969 4100; x_wconf 89' lang='lat' dir='ltr'><strong>annotationem</strong></span> <span class='ocrx_word' id='word_1_698' title='bbox 2997 4046 3048 4098; x_wconf 91' lang='lat' dir='ltr'><strong>in</strong></span> <span class='ocrx_word' id='word_1_699' title='bbox 3079 4059 3178 4099; x_wconf 89' lang='lat' dir='ltr'><strong>suo</strong></span> <span class='ocrx_word' id='word_1_700' title='bbox 3225 4058 3329 4098; x_wconf 91' lang='lat' dir='ltr'><strong>ms.</strong></span> <span class='ocrx_word' id='word_1_701' title='bbox 3358 4043 3638 4099; x_wconf 76' lang='lat' dir='ltr'><strong>invenerit.</strong></span> <span class='ocrx_word' id='word_1_702' title='bbox 3678 4041 3761 4096; x_wconf 87' lang='lat' dir='ltr'><strong>Ti-</strong></span> 
     </span>
    </p>
   </div>
   <div class='ocr_carea' id='block_1_87' title="bbox 2197 4134 3751 4207">
    <p class='ocr_par' dir='ltr' id='par_1_87' title="bbox 2197 4134 3751 4207">
     <span class='ocr_line' id='line_1_87' title="bbox 2197 4134 3751 4207; baseline -0.003 -17"><span class='ocrx_word' id='word_1_703' title='bbox 2197 4137 2367 4191; x_wconf 86' lang='lat' dir='ltr'><strong>tulum</strong></span> <span class='ocrx_word' id='word_1_704' title='bbox 2393 4137 2536 4192; x_wconf 83' lang='lat' dir='ltr'><strong>enim</strong></span> <span class='ocrx_word' id='word_1_705' title='bbox 2559 4135 2963 4207; x_wconf 79' lang='lat' dir='ltr'><strong>epigrammatis</strong></span> <span class='ocrx_word' id='word_1_706' title='bbox 2988 4135 3191 4190; x_wconf 91' lang='lat' dir='ltr'><strong>nullum</strong></span> <span class='ocrx_word' id='word_1_707' title='bbox 3211 4149 3278 4190; x_wconf 78' lang='lat' dir='ltr'><strong>ex</strong></span> <span class='ocrx_word' id='word_1_708' title='bbox 3301 4134 3491 4190; x_wconf 86' lang='lat' dir='ltr'><strong>codice</strong></span> <span class='ocrx_word' id='word_1_709' title='bbox 3544 4136 3751 4204; x_wconf 87' lang='lat' dir='ltr'><strong>promit.</strong></span> 
     </span>
    </p>
   </div>
   <div class='ocr_carea' id='block_1_88' title="bbox 2196 4227 3756 4285">
    <p class='ocr_par' dir='ltr' id='par_1_88' title="bbox 2196 4227 3756 4285">
     <span class='ocr_line' id='line_1_88' title="bbox 2196 4227 3756 4285; baseline -0.003 0"><span class='ocrx_word' id='word_1_710' title='bbox 2196 4230 2266 4285; x_wconf 88' lang='lat' dir='ltr'><strong>At</strong></span> <span class='ocrx_word' id='word_1_711' title='bbox 2315 4228 2528 4285; x_wconf 89' lang='lat' dir='ltr'><strong>codices</strong></span> <span class='ocrx_word' id='word_1_712' title='bbox 2576 4243 2710 4284; x_wconf 87' lang='lat' dir='ltr'><strong>mss.</strong></span> <span class='ocrx_word' id='word_1_713' title='bbox 2741 4243 2846 4284; x_wconf 91' lang='lat' dir='ltr'><strong>non</strong></span> <span class='ocrx_word' id='word_1_714' title='bbox 2871 4243 3060 4284; x_wconf 89' lang='lat' dir='ltr'><strong>omnes</strong></span> <span class='ocrx_word' id='word_1_715' title='bbox 3091 4227 3281 4284; x_wconf 89' lang='lat' dir='ltr'><strong>eodem</strong></span> <span class='ocrx_word' id='word_1_716' title='bbox 3310 4227 3509 4283; x_wconf 89' lang='lat' dir='ltr'><strong>inloco</strong></span> <span class='ocrx_word' id='word_1_717' title='bbox 3537 4239 3756 4282; x_wconf 81' lang='lat' dir='ltr'><strong>annota—</strong></span> 
     </span>
    </p>
   </div>
   <div class='ocr_carea' id='block_1_89' title="bbox 2199 4321 3754 4392">
    <p class='ocr_par' dir='ltr' id='par_1_89' title="bbox 2199 4321 3754 4392">
     <span class='ocr_line' id='line_1_89' title="bbox 2199 4321 3754 4392; baseline -0.001 -18"><span class='ocrx_word' id='word_1_718' title='bbox 2199 4321 2397 4377; x_wconf 89' lang='lat' dir='ltr'><strong>tionem</strong></span> <span class='ocrx_word' id='word_1_719' title='bbox 2431 4331 2661 4392; x_wconf 90' lang='lat' dir='ltr'><strong>ponunt,</strong></span> <span class='ocrx_word' id='word_1_720' title='bbox 2685 4337 2805 4377; x_wconf 90' lang='lat' dir='ltr'><strong>cum</strong></span> <span class='ocrx_word' id='word_1_721' title='bbox 2832 4321 2922 4376; x_wconf 88' lang='lat' dir='ltr'><strong>alii</strong></span> <span class='ocrx_word' id='word_1_722' title='bbox 2950 4338 3066 4376; x_wconf 76' lang='lat' dir='ltr'><strong>eam</strong></span> <span class='ocrx_word' id='word_1_723' title='bbox 3099 4321 3154 4376; x_wconf 91' lang='lat' dir='ltr'><strong>in</strong></span> <span class='ocrx_word' id='word_1_724' title='bbox 3177 4321 3448 4392; x_wconf 90' lang='lat' dir='ltr'><strong>principio</strong></span> <span class='ocrx_word' id='word_1_725' title='bbox 3493 4321 3754 4383; x_wconf 88' lang='lat' dir='ltr'><strong>carminis,</strong></span> 
     </span>
    </p>
   </div>
   <div class='ocr_carea' id='block_1_90' title="bbox 2197 4413 3755 4484">
    <p class='ocr_par' dir='ltr' id='par_1_90' title="bbox 2197 4413 3755 4484">
     <span class='ocr_line' id='line_1_90' title="bbox 2197 4413 3755 4484; baseline -0.003 -15"><span class='ocrx_word' id='word_1_726' title='bbox 2197 4416 2287 4469; x_wconf 90' lang='lat' dir='ltr'><strong>alii</strong></span> <span class='ocrx_word' id='word_1_727' title='bbox 2313 4416 2366 4471; x_wconf 91' lang='lat' dir='ltr'><strong>in</strong></span> <span class='ocrx_word' id='word_1_728' title='bbox 2401 4416 2526 4483; x_wconf 86' lang='lat' dir='ltr'><strong>line,</strong></span> <span class='ocrx_word' id='word_1_729' title='bbox 2550 4416 2643 4471; x_wconf 88' lang='lat' dir='ltr'><strong>alii</strong></span> <span class='ocrx_word' id='word_1_730' title='bbox 2672 4415 2802 4471; x_wconf 91' lang='lat' dir='ltr'><strong>alibi</strong></span> <span class='ocrx_word' id='word_1_731' title='bbox 2830 4416 3115 4484; x_wconf 91' lang='lat' dir='ltr'><strong>collocent,</strong></span> <span class='ocrx_word' id='word_1_732' title='bbox 3143 4424 3199 4470; x_wconf 92' lang='lat' dir='ltr'><strong>ut</strong></span> <span class='ocrx_word' id='word_1_733' title='bbox 3220 4414 3476 4470; x_wconf 87' lang='lat' dir='ltr'><strong>vidimus.</strong></span> <span class='ocrx_word' id='word_1_734' title='bbox 3540 4413 3755 4468; x_wconf 83' lang='lat' dir='ltr'><strong>Etiamsi</strong></span> 
     </span>
    </p>
   </div>
   <div class='ocr_carea' id='block_1_91' title="bbox 511 4509 3755 4622">
    <p class='ocr_par' dir='ltr' id='par_1_91' title="bbox 511 4509 3755 4622">
     <span class='ocr_line' id='line_1_91' title="bbox 511 4509 3755 4622; baseline -0.011 -25"><span class='ocrx_word' id='word_1_735' title='bbox 511 4509 736 4622; x_wconf 52' lang='lat' dir='ltr'><strong>{mensi</strong></span> <span class='ocrx_word' id='word_1_736' title='bbox 762 4543 948 4602; x_wconf 81' lang='lat' dir='ltr'><strong>eadem</strong></span> <span class='ocrx_word' id='word_1_737' title='bbox 992 4540 1110 4595; x_wconf 81' lang='lat' dir='ltr'><strong>fere</strong></span> <span class='ocrx_word' id='word_1_738' title='bbox 1137 4534 1302 4590; x_wconf 88' lang='lat' dir='ltr'><strong>verba</strong></span> <span class='ocrx_word' id='word_1_739' title='bbox 1326 4528 1489 4586; x_wconf 88' lang='lat' dir='ltr'><strong>initio</strong></span> <span class='ocrx_word' id='word_1_740' title='bbox 1517 4522 1773 4598; x_wconf 72' lang='lat' dir='ltr'><strong>carminis</strong></span> <span class='ocrx_word' id='word_1_741' title='bbox 1822 4513 2090 4590; x_wconf 88' lang='lat' dir='ltr'><strong>paschalis</strong></span> <span class='ocrx_word' id='word_1_742' title='bbox 2117 4510 2171 4572; x_wconf 93' lang='lat' dir='ltr'><strong>D</strong></span> <span class='ocrx_word' id='word_1_743' title='bbox 2196 4520 2374 4566; x_wconf 90' lang='lat' dir='ltr'><strong>autem</strong></span> <span class='ocrx_word' id='word_1_744' title='bbox 2392 4510 2733 4622; x_wconf 59' lang='lat' dir='ltr'><strong>certa&#39;sedes</strong></span> <span class='ocrx_word' id='word_1_745' title='bbox 2755 4509 3126 4622; x_wconf 59' lang='lat' dir='ltr'><strong>inscriptionis</strong></span> <span class='ocrx_word' id='word_1_746' title='bbox 3156 4510 3323 4578; x_wconf 92' lang='lat' dir='ltr'><strong>illius,</strong></span> <span class='ocrx_word' id='word_1_747' title='bbox 3354 4511 3472 4566; x_wconf 87' lang='lat' dir='ltr'><strong>sive</strong></span> <span class='ocrx_word' id='word_1_748' title='bbox 3496 4519 3633 4566; x_wconf 78' lang='lat' dir='ltr'><strong>notae</strong></span> <span class='ocrx_word' id='word_1_749' title='bbox 3679 4523 3755 4563; x_wconf 80' lang='lat' dir='ltr'><strong>es-</strong></span> 
     </span>
     <span class='ocr_line' id='line_1_92' title="bbox 1444 4601 3750 4622; baseline -0.01 18"><span class='ocrx_word' id='word_1_750' title='bbox 1444 4621 1462 4622; x_wconf 42' lang='grc' dir='ltr'>ί</span> <span class='ocrx_word' id='word_1_751' title='bbox 1537 4621 1544 4622; x_wconf 45' lang='grc' dir='ltr'><em>κ</em></span> <span class='ocrx_word' id='word_1_752' title='bbox 1812 4613 1822 4622; x_wconf 90' lang='grc'><strong><em>-</em></strong></span> <span class='ocrx_word' id='word_1_753' title='bbox 2306 4611 2424 4622; x_wconf 16' lang='grc' dir='ltr'><strong>Ἀ--.</strong></span> <span class='ocrx_word' id='word_1_754' title='bbox 2470 4603 2567 4622; x_wconf 31' lang='grc' dir='ltr'><strong>..μ</strong></span> <span class='ocrx_word' id='word_1_755' title='bbox 2937 4617 2957 4622; x_wconf 76' lang='lat'><strong>-</strong></span> <span class='ocrx_word' id='word_1_756' title='bbox 3030 4603 3050 4622; x_wconf 85' lang='lat'><strong>.</strong></span> <span class='ocrx_word' id='word_1_757' title='bbox 3454 4611 3624 4622; x_wconf 40' lang='grc' dir='ltr'><strong>,ψῃ</strong></span> <span class='ocrx_word' id='word_1_758' title='bbox 3657 4617 3750 4622; x_wconf 67' lang='lat'><strong>_-_</strong></span> 
     </span>
    </p>
   </div>
   <div class='ocr_carea' id='block_1_92' title="bbox 508 4613 2087 4714">
    <p class='ocr_par' dir='ltr' id='par_1_92' title="bbox 508 4613 2087 4714">
     <span class='ocr_line' id='line_1_93' title="bbox 508 4613 2087 4714; baseline -0.024 -15"><span class='ocrx_word' id='word_1_759' title='bbox 508 4613 751 4714; x_wconf 77' lang='lat' dir='ltr'><strong>apposita</strong></span> <span class='ocrx_word' id='word_1_760' title='bbox 779 4639 889 4710; x_wconf 61' lang='lat' dir='ltr'><strong>gsic</strong></span> <span class='ocrx_word' id='word_1_761' title='bbox 943 4632 1094 4688; x_wconf 71' lang='lat' dir='ltr'><strong>affert</strong></span> <span class='ocrx_word' id='word_1_762' title='bbox 1122 4647 1136 4684; x_wconf 88' lang='lat'>:</span> <span class='ocrx_word' id='word_1_763' title='bbox 1169 4625 1285 4682; x_wconf 86' lang='lat' dir='ltr'><strong>Hoc</strong></span> <span class='ocrx_word' id='word_1_764' title='bbox 1327 4639 1378 4677; x_wconf 91' lang='grc' dir='ltr'><strong>ο.</strong></span> <span class='ocrx_word' id='word_1_765' title='bbox 1424 4621 1506 4714; x_wconf 61' lang='lat' dir='ltr'><strong>SL</strong></span> <span class='ocrx_word' id='word_1_766' title='bbox 1529 4621 1662 4672; x_wconf 88' lang='lat' dir='ltr'><strong>inter</strong></span> <span class='ocrx_word' id='word_1_767' title='bbox 1872 4629 1924 4714; x_wconf 39' lang='lat' dir='ltr'><strong>r.‘</strong></span> <span class='ocrx_word' id='word_1_768' title='bbox 1955 4629 2004 4679; x_wconf 88' lang='lat' dir='ltr'><strong>q.</strong></span> 
     </span>
    </p>
   </div>
   <div class='ocr_carea' id='block_1_93' title="bbox 510 4703 2090 4802">
    <p class='ocr_par' dir='ltr' id='par_1_93' title="bbox 510 4703 2090 4802">
     <span class='ocr_line' id='line_1_94' title="bbox 510 4703 2090 4802; baseline -0.022 -11"><span class='ocrx_word' id='word_1_769' title='bbox 510 4703 910 4802; x_wconf 55' lang='lat' dir='ltr'><strong>diiunctum-que,</strong></span> <span class='ocrx_word' id='word_1_770' title='bbox 932 4744 984 4781; x_wconf 91' lang='lat' dir='ltr'><strong>a.</strong></span> <span class='ocrx_word' id='word_1_771' title='bbox 1013 4742 1065 4778; x_wconf 88' lang='lat' dir='ltr'><strong>a.</strong></span> <span class='ocrx_word' id='word_1_772' title='bbox 1085 4741 1135 4778; x_wconf 89' lang='grc' dir='ltr'><strong>ο.</strong></span> <span class='ocrx_word' id='word_1_773' title='bbox 1164 4736 1214 4775; x_wconf 90' lang='lat' dir='ltr'><strong>e.</strong></span> <span class='ocrx_word' id='word_1_774' title='bbox 1247 4717 1302 4772; x_wconf 92' lang='lat' dir='ltr'><strong>d.</strong></span> <span class='ocrx_word' id='word_1_775' title='bbox 1337 4733 1383 4770; x_wconf 88' lang='lat' dir='ltr'><strong>e.</strong></span> <span class='ocrx_word' id='word_1_776' title='bbox 1404 4733 1436 4767; x_wconf 88' lang='lat' dir='ltr'><strong>a</strong></span> <span class='ocrx_word' id='word_1_777' title='bbox 1466 4711 1650 4767; x_wconf 83' lang='lat' dir='ltr'><strong>Turcio</strong></span> <span class='ocrx_word' id='word_1_778' title='bbox 1679 4707 1870 4777; x_wconf 82' lang='lat' dir='ltr'><strong>Ruﬁno</strong></span> <span class='ocrx_word' id='word_1_779' title='bbox 1891 4703 2090 4759; x_wconf 87' lang='lat' dir='ltr'><strong>Asteria</strong></span> 
     </span>
    </p>
   </div>
   <div class='ocr_carea' id='block_1_94' title="bbox 517 4807 1700 4899">
    <p class='ocr_par' dir='ltr' id='par_1_94' title="bbox 517 4807 1700 4899">
     <span class='ocr_line' id='line_1_95' title="bbox 517 4807 1700 4899; baseline -0.022 -13"><span class='ocrx_word' id='word_1_780' title='bbox 517 4830 710 4899; x_wconf 82' lang='lat' dir='ltr'><strong>Quinto</strong></span> <span class='ocrx_word' id='word_1_781' title='bbox 735 4824 946 4880; x_wconf 86' lang='lat' dir='ltr'><strong>consule</strong></span> <span class='ocrx_word' id='word_1_782' title='bbox 971 4817 1259 4880; x_wconf 87' lang='lat' dir='ltr'><strong>ordinario,</strong></span> <span class='ocrx_word' id='word_1_783' title='bbox 1283 4822 1433 4883; x_wconf 88' lang='lat' dir='ltr'><strong>atque</strong></span> <span class='ocrx_word' id='word_1_784' title='bbox 1460 4807 1700 4881; x_wconf 87' lang='lat' dir='ltr'><strong>patricio.</strong></span> 
     </span>
    </p>
   </div>
   <div class='ocr_carea' id='block_1_95' title="bbox 591 4891 2093 4976">
    <p class='ocr_par' dir='ltr' id='par_1_95' title="bbox 591 4891 2093 4976">
     <span class='ocr_line' id='line_1_96' title="bbox 591 4891 2093 4976; baseline -0.021 1"><span class='ocrx_word' id='word_1_785' title='bbox 591 4921 715 4976; x_wconf 80' lang='grc'><strong>158.</strong></span> <span class='ocrx_word' id='word_1_786' title='bbox 757 4914 1012 4972; x_wconf 88' lang='lat' dir='ltr'><strong>Barthius</strong></span> <span class='ocrx_word' id='word_1_787' title='bbox 1042 4911 1095 4965; x_wconf 90' lang='lat' dir='ltr'><strong>in</strong></span> <span class='ocrx_word' id='word_1_788' title='bbox 1126 4901 1506 4975; x_wconf 84' lang='lat' dir='ltr'><strong>vetustissimis</strong></span> <span class='ocrx_word' id='word_1_789' title='bbox 1536 4896 1861 4954; x_wconf 89' lang='lat' dir='ltr'><strong>membranis</strong></span> <span class='ocrx_word' id='word_1_790' title='bbox 1891 4891 2093 4963; x_wconf 91' lang='lat' dir='ltr'><strong>reperit</strong></span> 
     </span>
    </p>
   </div>
   <div class='ocr_carea' id='block_1_96' title="bbox 518 4987 2094 5088">
    <p class='ocr_par' dir='ltr' id='par_1_96' title="bbox 518 4987 2094 5088">
     <span class='ocr_line' id='line_1_97' title="bbox 518 4987 2094 5088; baseline -0.02 -15"><span class='ocrx_word' id='word_1_791' title='bbox 518 5016 849 5088; x_wconf 87' lang='lat' dir='ltr'><strong>epigramma</strong></span> <span class='ocrx_word' id='word_1_792' title='bbox 875 5005 1098 5070; x_wconf 83' lang='lat' dir='ltr'><strong>Asterii,</strong></span> <span class='ocrx_word' id='word_1_793' title='bbox 1136 4998 1288 5071; x_wconf 90' lang='lat' dir='ltr'><strong>operi</strong></span> <span class='ocrx_word' id='word_1_794' title='bbox 1330 4993 1569 5067; x_wconf 90' lang='lat' dir='ltr'><strong>paschali</strong></span> <span class='ocrx_word' id='word_1_795' title='bbox 1611 4991 1948 5088; x_wconf 57' lang='lat' dir='ltr'><strong>praemissum</strong></span> <span class='ocrx_word' id='word_1_796' title='bbox 1995 4987 2094 5088; x_wconf 73' lang='lat' dir='ltr'><strong>hac</strong></span> 
     </span>
    </p>
   </div>
   <div class='ocr_carea' id='block_1_97' title="bbox 518 5080 2101 5174">
    <p class='ocr_par' dir='ltr' id='par_1_97' title="bbox 518 5080 2101 5174">
     <span class='ocr_line' id='line_1_98' title="bbox 518 5080 2101 5174; baseline -0.019 -13"><span class='ocrx_word' id='word_1_797' title='bbox 518 5080 907 5174; x_wconf 70' lang='lat' dir='ltr'><strong>inscriptione:</strong></span> <span class='ocrx_word' id='word_1_798' title='bbox 945 5098 1088 5169; x_wconf 87' lang='lat' dir='ltr'><strong>Opus</strong></span> <span class='ocrx_word' id='word_1_799' title='bbox 1112 5089 1391 5154; x_wconf 87' lang='lat' dir='ltr'><strong>Paschale,</strong></span> <span class='ocrx_word' id='word_1_800' title='bbox 1415 5086 1547 5157; x_wconf 87' lang='lat' dir='ltr'><strong>quod</strong></span> <span class='ocrx_word' id='word_1_801' title='bbox 1587 5083 1930 5147; x_wconf 76' lang='lat' dir='ltr'><strong>recollectam,</strong></span> <span class='ocrx_word' id='word_1_802' title='bbox 1969 5080 2101 5143; x_wconf 32' lang='lat' dir='ltr'><strong>adu:</strong></span> 
     </span>
    </p>
   </div>
   <div class='ocr_carea' id='block_1_98' title="bbox 519 5174 2092 5264">
    <p class='ocr_par' dir='ltr' id='par_1_98' title="bbox 519 5174 2092 5264">
     <span class='ocr_line' id='line_1_99' title="bbox 519 5174 2092 5264; baseline -0.02 -9"><span class='ocrx_word' id='word_1_803' title='bbox 519 5210 717 5264; x_wconf 85' lang='lat' dir='ltr'><strong>natum,</strong></span> <span class='ocrx_word' id='word_1_804' title='bbox 741 5215 790 5250; x_wconf 92' lang='lat' dir='ltr'><strong>a.</strong></span> <span class='ocrx_word' id='word_1_805' title='bbox 815 5213 865 5248; x_wconf 90' lang='lat' dir='ltr'><strong>a.</strong></span> <span class='ocrx_word' id='word_1_806' title='bbox 890 5209 1002 5247; x_wconf 89' lang='lat' dir='ltr'><strong>o.e.</strong></span> <span class='ocrx_word' id='word_1_807' title='bbox 1032 5190 1084 5243; x_wconf 93' lang='lat' dir='ltr'><strong>d.</strong></span> <span class='ocrx_word' id='word_1_808' title='bbox 1114 5205 1159 5241; x_wconf 89' lang='lat' dir='ltr'><strong>e.</strong></span> <span class='ocrx_word' id='word_1_809' title='bbox 1193 5203 1224 5238; x_wconf 86' lang='grc' dir='ltr'>α</span> <span class='ocrx_word' id='word_1_810' title='bbox 1249 5182 1434 5238; x_wconf 89' lang='lat' dir='ltr'><strong>Turcio</strong></span> <span class='ocrx_word' id='word_1_811' title='bbox 1463 5178 1648 5232; x_wconf 83' lang='lat' dir='ltr'><strong>Russio</strong></span> <span class='ocrx_word' id='word_1_812' title='bbox 1677 5177 1871 5230; x_wconf 89' lang='lat' dir='ltr'><strong>Asteria</strong></span> <span class='ocrx_word' id='word_1_813' title='bbox 1901 5174 2092 5241; x_wconf 86' lang='lat' dir='ltr'><strong>Quinto</strong></span> 
     </span>
    </p>
   </div>
   <div class='ocr_carea' id='block_1_99' title="bbox 519 5267 2089 5353">
    <p class='ocr_par' dir='ltr' id='par_1_99' title="bbox 519 5267 2089 5353">
     <span class='ocr_line' id='line_1_100' title="bbox 519 5267 2089 5353; baseline -0.018 -5"><span class='ocrx_word' id='word_1_814' title='bbox 519 5291 790 5349; x_wconf 72' lang='lat' dir='ltr'><strong>exconsule</strong></span> <span class='ocrx_word' id='word_1_815' title='bbox 813 5305 861 5342; x_wconf 91' lang='grc' dir='ltr'><strong>ο.</strong></span> <span class='ocrx_word' id='word_1_816' title='bbox 895 5302 946 5338; x_wconf 90' lang='lat' dir='ltr'><strong>a.</strong></span> <span class='ocrx_word' id='word_1_817' title='bbox 976 5301 1028 5353; x_wconf 89' lang='lat' dir='ltr'><strong>p.</strong></span> <span class='ocrx_word' id='word_1_818' title='bbox 1062 5277 1334 5334; x_wconf 83' lang='lat' dir='ltr'><strong>Paschalis</strong></span> <span class='ocrx_word' id='word_1_819' title='bbox 1387 5271 1644 5328; x_wconf 87' lang='lat' dir='ltr'><strong>Carminis</strong></span> <span class='ocrx_word' id='word_1_820' title='bbox 1692 5267 1818 5321; x_wconf 87' lang='lat' dir='ltr'><strong>liber</strong></span> <span class='ocrx_word' id='word_1_821' title='bbox 1873 5268 2089 5336; x_wconf 84' lang='lat' dir='ltr'><strong>primus.</strong></span> 
     </span>
    </p>
   </div>
   <div class='ocr_carea' id='block_1_100' title="bbox 522 5358 2092 5455">
    <p class='ocr_par' dir='ltr' id='par_1_100' title="bbox 522 5358 2092 5455">
     <span class='ocr_line' id='line_1_101' title="bbox 522 5358 2092 5455; baseline -0.02 -13"><span class='ocrx_word' id='word_1_822' title='bbox 522 5384 774 5455; x_wconf 87' lang='lat' dir='ltr'><strong>Sequitur</strong></span> <span class='ocrx_word' id='word_1_823' title='bbox 815 5375 1012 5434; x_wconf 85' lang='lat' dir='ltr'><strong>deinde</strong></span> <span class='ocrx_word' id='word_1_824' title='bbox 1066 5369 1311 5442; x_wconf 73' lang='lat' dir='ltr'><strong>epistolas</strong></span> <span class='ocrx_word' id='word_1_825' title='bbox 1377 5363 1582 5421; x_wconf 86' lang='lat' dir='ltr'><strong>Sedulii</strong></span> <span class='ocrx_word' id='word_1_826' title='bbox 1613 5361 1678 5416; x_wconf 90' lang='lat' dir='ltr'><strong>ad</strong></span> <span class='ocrx_word' id='word_1_827' title='bbox 1726 5358 2092 5455; x_wconf 52' lang='lat' dir='ltr'><strong>Macedo-nium</strong></span> 
     </span>
    </p>
   </div>
   <div class='ocr_carea' id='block_1_101' title="bbox 522 5451 2093 5550">
    <p class='ocr_par' dir='ltr' id='par_1_101' title="bbox 522 5451 2093 5550">
     <span class='ocr_line' id='line_1_102' title="bbox 522 5451 2093 5550; baseline -0.02 -14"><span class='ocrx_word' id='word_1_828' title='bbox 522 5451 903 5550; x_wconf 79' lang='lat' dir='ltr'><strong>fragmentum.</strong></span> <span class='ocrx_word' id='word_1_829' title='bbox 934 5467 1116 5522; x_wconf 83' lang='lat' dir='ltr'><strong>Codex</strong></span> <span class='ocrx_word' id='word_1_830' title='bbox 1145 5458 1539 5550; x_wconf 83' lang='lat' dir='ltr'><strong>Almeloveenii</strong></span> <span class='ocrx_word' id='word_1_831' title='bbox 1563 5455 1638 5511; x_wconf 83' lang='lat' dir='ltr'><strong>sic</strong></span> <span class='ocrx_word' id='word_1_832' title='bbox 1662 5452 1828 5509; x_wconf 88' lang='lat' dir='ltr'><strong>refert</strong></span> <span class='ocrx_word' id='word_1_833' title='bbox 1857 5472 1870 5504; x_wconf 89' lang='lat'><strong>:</strong></span> <span class='ocrx_word' id='word_1_834' title='bbox 1900 5451 2013 5550; x_wconf 74' lang='lat' dir='ltr'><strong>Hoc</strong></span> <span class='ocrx_word' id='word_1_835' title='bbox 2043 5468 2093 5505; x_wconf 91' lang='grc' dir='ltr'><strong>ο.</strong></span> 
     </span>
    </p>
   </div>
   <div class='ocr_carea' id='block_1_102' title="bbox 526 5544 2093 5628">
    <p class='ocr_par' dir='ltr' id='par_1_102' title="bbox 526 5544 2093 5628">
     <span class='ocr_line' id='line_1_103' title="bbox 526 5544 2093 5628; baseline -0.019 -1"><span class='ocrx_word' id='word_1_836' title='bbox 526 5571 589 5628; x_wconf 90' lang='lat' dir='ltr'><strong>S.</strong></span> <span class='ocrx_word' id='word_1_837' title='bbox 612 5544 745 5624; x_wconf 78' lang='lat' dir='ltr'><strong>inter</strong></span> <span class='ocrx_word' id='word_1_838' title='bbox 777 5561 1041 5618; x_wconf 86' lang='lat' dir='ltr'><strong>chartulas</strong></span> <span class='ocrx_word' id='word_1_839' title='bbox 1063 5557 1117 5610; x_wconf 91' lang='lat' dir='ltr'><strong>d.</strong></span> <span class='ocrx_word' id='word_1_840' title='bbox 1149 5574 1197 5610; x_wconf 89' lang='lat' dir='ltr'><strong>r.</strong></span> <span class='ocrx_word' id='word_1_841' title='bbox 1224 5571 1274 5624; x_wconf 91' lang='lat' dir='ltr'><strong>q.</strong></span> <span class='ocrx_word' id='word_1_842' title='bbox 1301 5548 1586 5606; x_wconf 47' lang='lat' dir='ltr'><strong>adunatu&#39;m</strong></span> <span class='ocrx_word' id='word_1_843' title='bbox 1611 5565 1663 5602; x_wconf 92' lang='lat' dir='ltr'><strong>a.</strong></span> <span class='ocrx_word' id='word_1_844' title='bbox 1695 5563 1747 5599; x_wconf 91' lang='lat' dir='ltr'><strong>a.</strong></span> <span class='ocrx_word' id='word_1_845' title='bbox 1773 5563 1823 5599; x_wconf 94' lang='lat' dir='ltr'><strong>o.</strong></span> <span class='ocrx_word' id='word_1_846' title='bbox 1846 5561 1890 5598; x_wconf 94' lang='lat' dir='ltr'><strong>e.</strong></span> <span class='ocrx_word' id='word_1_847' title='bbox 1915 5544 1968 5595; x_wconf 91' lang='lat' dir='ltr'><strong>d.</strong></span> <span class='ocrx_word' id='word_1_848' title='bbox 1993 5560 2038 5598; x_wconf 90' lang='lat' dir='ltr'><strong>e.</strong></span> <span class='ocrx_word' id='word_1_849' title='bbox 2061 5562 2093 5597; x_wconf 83' lang='grc' dir='ltr'><strong><em>(ι</em></strong></span> 
     </span>
    </p>
   </div>
   <div class='ocr_carea' id='block_1_103' title="bbox 524 5638 2096 5730">
    <p class='ocr_par' dir='ltr' id='par_1_103' title="bbox 524 5638 2096 5730">
     <span class='ocr_line' id='line_1_104' title="bbox 524 5638 2096 5730; baseline -0.018 -11"><span class='ocrx_word' id='word_1_850' title='bbox 524 5662 715 5719; x_wconf 86' lang='lat' dir='ltr'><strong>Turcio</strong></span> <span class='ocrx_word' id='word_1_851' title='bbox 737 5660 876 5730; x_wconf 74' lang='lat' dir='ltr'><strong>Rufa</strong></span> <span class='ocrx_word' id='word_1_852' title='bbox 928 5651 1129 5709; x_wconf 85' lang='lat' dir='ltr'><strong>Asteria</strong></span> <span class='ocrx_word' id='word_1_853' title='bbox 1157 5648 1369 5717; x_wconf 83' lang='lat' dir='ltr'><strong>Quinto,</strong></span> <span class='ocrx_word' id='word_1_854' title='bbox 1400 5646 1508 5700; x_wconf 84' lang='lat' dir='ltr'><strong>uiro</strong></span> <span class='ocrx_word' id='word_1_855' title='bbox 1538 5641 1837 5705; x_wconf 85' lang='lat' dir='ltr'><strong>clarissimo,</strong></span> <span class='ocrx_word' id='word_1_856' title='bbox 1890 5638 2096 5692; x_wconf 90' lang='lat' dir='ltr'><strong>consule</strong></span> 
     </span>
    </p>
   </div>
   <div class='ocr_carea' id='block_1_104' title="bbox 519 5729 2099 5826">
    <p class='ocr_par' dir='ltr' id='par_1_104' title="bbox 519 5729 2099 5826">
     <span class='ocr_line' id='line_1_105' title="bbox 519 5729 2099 5826; baseline -0.018 -13"><span class='ocrx_word' id='word_1_857' title='bbox 519 5775 571 5813; x_wconf 88' lang='grc' dir='ltr'><strong>ο.</strong></span> <span class='ocrx_word' id='word_1_858' title='bbox 603 5772 655 5810; x_wconf 93' lang='lat' dir='ltr'><strong>a.</strong></span> <span class='ocrx_word' id='word_1_859' title='bbox 679 5772 734 5826; x_wconf 76' lang='grc' dir='ltr'><strong>ρ.</strong></span> <span class='ocrx_word' id='word_1_860' title='bbox 758 5729 940 5810; x_wconf 86' lang='lat' dir='ltr'><strong>Codex</strong></span> <span class='ocrx_word' id='word_1_861' title='bbox 961 5749 1118 5816; x_wconf 63' lang='lat' dir='ltr'><strong>vero}</strong></span> <span class='ocrx_word' id='word_1_862' title='bbox 1145 5737 1566 5805; x_wconf 77' lang='lat' dir='ltr'><strong>Arntzenianus,</strong></span> <span class='ocrx_word' id='word_1_863' title='bbox 1600 5733 1714 5791; x_wconf 84' lang='lat' dir='ltr'><strong>Hoc</strong></span> <span class='ocrx_word' id='word_1_864' title='bbox 1762 5750 1813 5788; x_wconf 89' lang='grc' dir='ltr'><strong>ο.</strong></span> <span class='ocrx_word' id='word_1_865' title='bbox 1861 5729 1922 5787; x_wconf 83' lang='grc'><strong>8.</strong></span> <span class='ocrx_word' id='word_1_866' title='bbox 1967 5730 2099 5784; x_wconf 87' lang='lat' dir='ltr'><strong>inter</strong></span> 
     </span>
    </p>
   </div>
   <div class='ocr_carea' id='block_1_105' title="bbox 2194 4599 3752 4674">
    <p class='ocr_par' dir='ltr' id='par_1_105' title="bbox 2194 4599 3752 4674">
     <span class='ocr_line' id='line_1_106' title="bbox 2194 4599 3752 4674; baseline -0.002 -16"><span class='ocrx_word' id='word_1_867' title='bbox 2194 4613 2278 4658; x_wconf 88' lang='lat' dir='ltr'><strong>set</strong></span> <span class='ocrx_word' id='word_1_868' title='bbox 2305 4611 2427 4672; x_wconf 89' lang='lat' dir='ltr'><strong>post</strong></span> <span class='ocrx_word' id='word_1_869' title='bbox 2470 4599 2578 4674; x_wconf 66' lang='grc'><strong>74</strong></span> <span class='ocrx_word' id='word_1_870' title='bbox 2622 4601 2902 4672; x_wconf 88' lang='lat' dir='ltr'><strong>epistolam</strong></span> <span class='ocrx_word' id='word_1_871' title='bbox 2934 4602 3002 4657; x_wconf 88' lang='lat' dir='ltr'><strong>ad</strong></span> <span class='ocrx_word' id='word_1_872' title='bbox 3029 4602 3423 4669; x_wconf 87' lang='lat' dir='ltr'><strong>Macedonium,</strong></span> <span class='ocrx_word' id='word_1_873' title='bbox 3454 4611 3628 4656; x_wconf 89' lang='lat' dir='ltr'><strong>tamen</strong></span> <span class='ocrx_word' id='word_1_874' title='bbox 3657 4617 3752 4655; x_wconf 90' lang='lat' dir='ltr'><strong>non</strong></span> 
     </span>
    </p>
   </div>
   <div class='ocr_carea' id='block_1_106' title="bbox 2192 4695 3754 4768">
    <p class='ocr_par' dir='ltr' id='par_1_106' title="bbox 2192 4695 3754 4768">
     <span class='ocr_line' id='line_1_107' title="bbox 2192 4695 3754 4768; baseline -0.003 -15"><span class='ocrx_word' id='word_1_875' title='bbox 2192 4707 2399 4753; x_wconf 90' lang='lat' dir='ltr'><strong>certum</strong></span> <span class='ocrx_word' id='word_1_876' title='bbox 2444 4707 2816 4768; x_wconf 89' lang='lat' dir='ltr'><strong>argumentum</strong></span> <span class='ocrx_word' id='word_1_877' title='bbox 2867 4696 2969 4752; x_wconf 88' lang='lat' dir='ltr'><strong>hoc</strong></span> <span class='ocrx_word' id='word_1_878' title='bbox 3019 4705 3182 4758; x_wconf 88' lang='lat' dir='ltr'><strong>esset,</strong></span> <span class='ocrx_word' id='word_1_879' title='bbox 3241 4696 3514 4751; x_wconf 81' lang='lat' dir='ltr'><strong>Asterium</strong></span> <span class='ocrx_word' id='word_1_880' title='bbox 3559 4710 3623 4749; x_wconf 92' lang='lat' dir='ltr'><strong>eo</strong></span> <span class='ocrx_word' id='word_1_881' title='bbox 3649 4695 3754 4763; x_wconf 82' lang='lat' dir='ltr'><strong>epi-</strong></span> 
     </span>
    </p>
   </div>
   <div class='ocr_carea' id='block_1_107' title="bbox 2190 4787 3748 4863">
    <p class='ocr_par' dir='ltr' id='par_1_107' title="bbox 2190 4787 3748 4863">
     <span class='ocr_line' id='line_1_108' title="bbox 2190 4787 3748 4863; baseline -0.005 -17"><span class='ocrx_word' id='word_1_882' title='bbox 2190 4790 2794 4863; x_wconf 87' lang='lat' dir='ltr'><strong>grammateeditionem</strong></span> <span class='ocrx_word' id='word_1_883' title='bbox 2847 4788 3050 4845; x_wconf 89' lang='lat' dir='ltr'><strong>Sedulii</strong></span> <span class='ocrx_word' id='word_1_884' title='bbox 3100 4787 3414 4844; x_wconf 82' lang='lat' dir='ltr'><strong>Macedonio</strong></span> <span class='ocrx_word' id='word_1_885' title='bbox 3459 4787 3748 4855; x_wconf 82' lang='lat' dir='ltr'><strong>dedicasse.</strong></span> 
     </span>
    </p>
   </div>
   <div class='ocr_carea' id='block_1_108' title="bbox 2193 4879 3749 4951">
    <p class='ocr_par' dir='ltr' id='par_1_108' title="bbox 2193 4879 3749 4951">
     <span class='ocr_line' id='line_1_109' title="bbox 2193 4879 3749 4951; baseline -0.004 -13"><span class='ocrx_word' id='word_1_886' title='bbox 2193 4885 2381 4949; x_wconf 89' lang='lat' dir='ltr'><strong>Immo,</strong></span> <span class='ocrx_word' id='word_1_887' title='bbox 2435 4891 2495 4937; x_wconf 93' lang='lat' dir='ltr'><strong>ut</strong></span> <span class='ocrx_word' id='word_1_888' title='bbox 2539 4882 2793 4938; x_wconf 87' lang='lat' dir='ltr'><strong>observat</strong></span> <span class='ocrx_word' id='word_1_889' title='bbox 2844 4881 3094 4937; x_wconf 86' lang='lat' dir='ltr'><strong>Labbeus</strong></span> <span class='ocrx_word' id='word_1_890' title='bbox 3144 4880 3212 4935; x_wconf 88' lang='lat' dir='ltr'><strong>de</strong></span> <span class='ocrx_word' id='word_1_891' title='bbox 3268 4880 3469 4951; x_wconf 89' lang='lat' dir='ltr'><strong>Script.</strong></span> <span class='ocrx_word' id='word_1_892' title='bbox 3527 4879 3749 4943; x_wconf 85' lang='lat' dir='ltr'><strong>Eccles.,</strong></span> 
     </span>
    </p>
   </div>
   <div class='ocr_carea' id='block_1_109' title="bbox 2198 4971 3749 5047">
    <p class='ocr_par' dir='ltr' id='par_1_109' title="bbox 2198 4971 3749 5047">
     <span class='ocr_line' id='line_1_110' title="bbox 2198 4971 3749 5047; baseline -0.003 -17"><span class='ocrx_word' id='word_1_893' title='bbox 2198 4975 2446 5047; x_wconf 89' lang='lat' dir='ltr'><strong>quamvis</strong></span> <span class='ocrx_word' id='word_1_894' title='bbox 2474 4976 2527 5031; x_wconf 92' lang='lat' dir='ltr'><strong>in</strong></span> <span class='ocrx_word' id='word_1_895' title='bbox 2556 4975 2732 5046; x_wconf 90' lang='lat' dir='ltr'><strong>aliquo</strong></span> <span class='ocrx_word' id='word_1_896' title='bbox 2753 4990 2855 5030; x_wconf 92' lang='lat' dir='ltr'><strong>ms.</strong></span> <span class='ocrx_word' id='word_1_897' title='bbox 2886 4974 3086 5044; x_wconf 87' lang='lat' dir='ltr'><strong>mentio</strong></span> <span class='ocrx_word' id='word_1_898' title='bbox 3116 4973 3268 5028; x_wconf 84' lang='lat' dir='ltr'><strong>ﬁeret</strong></span> <span class='ocrx_word' id='word_1_899' title='bbox 3295 4971 3593 5028; x_wconf 82' lang='lat' dir='ltr'><strong>Macedonii</strong></span> <span class='ocrx_word' id='word_1_900' title='bbox 3616 4972 3667 5026; x_wconf 88' lang='lat' dir='ltr'><strong>in</strong></span> <span class='ocrx_word' id='word_1_901' title='bbox 3694 4985 3749 5025; x_wconf 85' lang='lat' dir='ltr'><strong>ea</strong></span> 
     </span>
    </p>
   </div>
   <div class='ocr_carea' id='block_1_110' title="bbox 2199 5061 3747 5136">
    <p class='ocr_par' dir='ltr' id='par_1_110' title="bbox 2199 5061 3747 5136">
     <span class='ocr_line' id='line_1_111' title="bbox 2199 5061 3747 5136; baseline -0.005 -13"><span class='ocrx_word' id='word_1_902' title='bbox 2199 5069 2874 5135; x_wconf 84' lang='lat' dir='ltr'><strong>annotatione,nontamen</strong></span> <span class='ocrx_word' id='word_1_903' title='bbox 2897 5075 3045 5122; x_wconf 91' lang='lat' dir='ltr'><strong>certo</strong></span> <span class='ocrx_word' id='word_1_904' title='bbox 3075 5065 3251 5136; x_wconf 88' lang='lat' dir='ltr'><strong>colligi</strong></span> <span class='ocrx_word' id='word_1_905' title='bbox 3280 5073 3482 5134; x_wconf 89' lang='lat' dir='ltr'><strong>posset,</strong></span> <span class='ocrx_word' id='word_1_906' title='bbox 3511 5061 3747 5119; x_wconf 85' lang='lat' dir='ltr'><strong>eumdem</strong></span> 
     </span>
    </p>
   </div>
   <div class='ocr_carea' id='block_1_111' title="bbox 2198 5154 3749 5230">
    <p class='ocr_par' dir='ltr' id='par_1_111' title="bbox 2198 5154 3749 5230">
     <span class='ocr_line' id='line_1_112' title="bbox 2198 5154 3749 5230; baseline -0.008 -12"><span class='ocrx_word' id='word_1_907' title='bbox 2198 5177 2317 5218; x_wconf 88' lang='lat' dir='ltr'><strong>esse</strong></span> <span class='ocrx_word' id='word_1_908' title='bbox 2347 5161 2734 5225; x_wconf 78' lang='lat' dir='ltr'><strong>Macedoniam,</strong></span> <span class='ocrx_word' id='word_1_909' title='bbox 2785 5175 2941 5230; x_wconf 89' lang='lat' dir='ltr'><strong>quem</strong></span> <span class='ocrx_word' id='word_1_910' title='bbox 2974 5156 3226 5214; x_wconf 89' lang='lat' dir='ltr'><strong>Sedulius</strong></span> <span class='ocrx_word' id='word_1_911' title='bbox 3257 5167 3310 5212; x_wconf 88' lang='lat' dir='ltr'><strong>et</strong></span> <span class='ocrx_word' id='word_1_912' title='bbox 3343 5158 3584 5211; x_wconf 70' lang='lat' dir='ltr'><strong>ASIerius</strong></span> <span class='ocrx_word' id='word_1_913' title='bbox 3631 5154 3749 5208; x_wconf 86' lang='lat' dir='ltr'><strong>allo-</strong></span> 
     </span>
    </p>
   </div>
   <div class='ocr_carea' id='block_1_112' title="bbox 2200 5249 3747 5322">
    <p class='ocr_par' dir='ltr' id='par_1_112' title="bbox 2200 5249 3747 5322">
     <span class='ocr_line' id='line_1_113' title="bbox 2200 5249 3747 5322; baseline -0.005 -13"><span class='ocrx_word' id='word_1_914' title='bbox 2200 5254 2307 5309; x_wconf 91' lang='lat' dir='ltr'><strong>cuti</strong></span> <span class='ocrx_word' id='word_1_915' title='bbox 2330 5263 2473 5307; x_wconf 88' lang='lat' dir='ltr'><strong>sunt.</strong></span> <span class='ocrx_word' id='word_1_916' title='bbox 2503 5253 2676 5319; x_wconf 84' lang='lat' dir='ltr'><strong>Adde,</strong></span> <span class='ocrx_word' id='word_1_917' title='bbox 2709 5251 2950 5322; x_wconf 89' lang='lat' dir='ltr'><strong>potuisse</strong></span> <span class='ocrx_word' id='word_1_918' title='bbox 2987 5251 3144 5306; x_wconf 90' lang='lat' dir='ltr'><strong>etiam</strong></span> <span class='ocrx_word' id='word_1_919' title='bbox 3176 5249 3422 5304; x_wconf 88' lang='lat' dir='ltr'><strong>accidere</strong></span> <span class='ocrx_word' id='word_1_920' title='bbox 3453 5249 3530 5320; x_wconf 74' lang='lat' dir='ltr'><strong>(ut</strong></span> <span class='ocrx_word' id='word_1_921' title='bbox 3550 5264 3644 5303; x_wconf 91' lang='lat' dir='ltr'><strong>usu</strong></span> <span class='ocrx_word' id='word_1_922' title='bbox 3671 5261 3747 5301; x_wconf 51' lang='lat' dir='ltr'><strong>sec</strong></span> 
     </span>
    </p>
   </div>
   <div class='ocr_carea' id='block_1_113' title="bbox 2203 5343 3747 5417">
    <p class='ocr_par' dir='ltr' id='par_1_113' title="bbox 2203 5343 3747 5417">
     <span class='ocr_line' id='line_1_114' title="bbox 2203 5343 3747 5417; baseline -0.004 -15"><span class='ocrx_word' id='word_1_923' title='bbox 2203 5349 2280 5403; x_wconf 90' lang='lat' dir='ltr'><strong>let</strong></span> <span class='ocrx_word' id='word_1_924' title='bbox 2309 5347 2569 5417; x_wconf 86' lang='lat' dir='ltr'><strong>evenire),</strong></span> <span class='ocrx_word' id='word_1_925' title='bbox 2603 5346 2879 5402; x_wconf 89' lang='lat' dir='ltr'><strong>librarium</strong></span> <span class='ocrx_word' id='word_1_926' title='bbox 2907 5345 3169 5415; x_wconf 90' lang='lat' dir='ltr'><strong>aliquem,</strong></span> <span class='ocrx_word' id='word_1_927' title='bbox 3200 5343 3292 5414; x_wconf 89' lang='lat' dir='ltr'><strong>qui</strong></span> <span class='ocrx_word' id='word_1_928' title='bbox 3324 5344 3648 5416; x_wconf 86' lang='lat' dir='ltr'><strong>epigramma</strong></span> <span class='ocrx_word' id='word_1_929' title='bbox 3685 5343 3747 5397; x_wconf 82' lang='lat' dir='ltr'><strong>A-</strong></span> 
     </span>
    </p>
   </div>
   <div class='ocr_carea' id='block_1_114' title="bbox 2199 5433 3745 5510">
    <p class='ocr_par' dir='ltr' id='par_1_114' title="bbox 2199 5433 3745 5510">
     <span class='ocr_line' id='line_1_115' title="bbox 2199 5433 3745 5510; baseline -0.009 -13"><span class='ocrx_word' id='word_1_930' title='bbox 2199 5441 2349 5497; x_wconf 75' lang='lat' dir='ltr'><strong>Sterii</strong></span> <span class='ocrx_word' id='word_1_931' title='bbox 2380 5447 2504 5510; x_wconf 89' lang='lat' dir='ltr'><strong>post</strong></span> <span class='ocrx_word' id='word_1_932' title='bbox 2551 5437 2834 5509; x_wconf 87' lang='lat' dir='ltr'><strong>epistolam</strong></span> <span class='ocrx_word' id='word_1_933' title='bbox 2864 5438 2930 5492; x_wconf 84' lang='lat' dir='ltr'><strong>ad</strong></span> <span class='ocrx_word' id='word_1_934' title='bbox 2961 5435 3332 5492; x_wconf 83' lang='lat' dir='ltr'><strong>Macedonium</strong></span> <span class='ocrx_word' id='word_1_935' title='bbox 3389 5435 3623 5507; x_wconf 86' lang='lat' dir='ltr'><strong>legisset,</strong></span> <span class='ocrx_word' id='word_1_936' title='bbox 3676 5433 3745 5484; x_wconf 80' lang='lat' dir='ltr'><strong>in-</strong></span> 
     </span>
    </p>
   </div>
   <div class='ocr_carea' id='block_1_115' title="bbox 2201 5527 3740 5604">
    <p class='ocr_par' dir='ltr' id='par_1_115' title="bbox 2201 5527 3740 5604">
     <span class='ocr_line' id='line_1_116' title="bbox 2201 5527 3740 5604; baseline -0.01 -12"><span class='ocrx_word' id='word_1_937' title='bbox 2201 5536 2567 5604; x_wconf 88' lang='lat' dir='ltr'><strong>scriptionem,</strong></span> <span class='ocrx_word' id='word_1_938' title='bbox 2601 5548 2720 5603; x_wconf 86' lang='lat' dir='ltr'><strong>quae</strong></span> <span class='ocrx_word' id='word_1_939' title='bbox 2769 5548 2912 5588; x_wconf 92' lang='lat' dir='ltr'><strong>nunc</strong></span> <span class='ocrx_word' id='word_1_940' title='bbox 2940 5540 3135 5600; x_wconf 84' lang='lat' dir='ltr'><strong>exstat,</strong></span> <span class='ocrx_word' id='word_1_941' title='bbox 3167 5530 3411 5599; x_wconf 84' lang='lat' dir='ltr'><strong>tinxisse,</strong></span> <span class='ocrx_word' id='word_1_942' title='bbox 3443 5527 3579 5599; x_wconf 90' lang='lat' dir='ltr'><strong>quod</strong></span> <span class='ocrx_word' id='word_1_943' title='bbox 3607 5535 3740 5596; x_wconf 81' lang='lat' dir='ltr'><strong>puta-</strong></span> 
     </span>
    </p>
   </div>
   <div class='ocr_carea' id='block_1_116' title="bbox 2202 5622 3737 5704">
    <p class='ocr_par' dir='ltr' id='par_1_116' title="bbox 2202 5622 3737 5704">
     <span class='ocr_line' id='line_1_117' title="bbox 2202 5622 3737 5704; baseline -0.007 -14"><span class='ocrx_word' id='word_1_944' title='bbox 2202 5633 2340 5690; x_wconf 89' lang='lat' dir='ltr'><strong>verit</strong></span> <span class='ocrx_word' id='word_1_945' title='bbox 2363 5633 2690 5704; x_wconf 81' lang='lat' dir='ltr'><strong>epigramma</strong></span> <span class='ocrx_word' id='word_1_946' title='bbox 2732 5629 2934 5686; x_wconf 83' lang='lat' dir='ltr'><strong>Asterii</strong></span> <span class='ocrx_word' id='word_1_947' title='bbox 2953 5628 3125 5686; x_wconf 89' lang='lat' dir='ltr'><strong>eidem</strong></span> <span class='ocrx_word' id='word_1_948' title='bbox 3156 5627 3323 5685; x_wconf 87' lang='lat' dir='ltr'><strong>fuisse</strong></span> <span class='ocrx_word' id='word_1_949' title='bbox 3348 5627 3620 5698; x_wconf 58' lang='lat' dir='ltr'><strong>fdicatom,</strong></span> <span class='ocrx_word' id='word_1_950' title='bbox 3667 5622 3737 5679; x_wconf 85' lang='lat' dir='ltr'><strong>cui</strong></span> 
     </span>
    </p>
   </div>
   <div class='ocr_carea' id='block_1_117' title="bbox 2203 5723 3126 5798">
    <p class='ocr_par' dir='ltr' id='par_1_117' title="bbox 2203 5723 3126 5798">
     <span class='ocr_line' id='line_1_118' title="bbox 2203 5723 3126 5798; baseline -0.007 -16"><span class='ocrx_word' id='word_1_951' title='bbox 2203 5727 2427 5798; x_wconf 88' lang='lat' dir='ltr'><strong>epistola</strong></span> <span class='ocrx_word' id='word_1_952' title='bbox 2457 5724 2657 5784; x_wconf 90' lang='lat' dir='ltr'><strong>Sedulii</strong></span> <span class='ocrx_word' id='word_1_953' title='bbox 2701 5723 2955 5794; x_wconf 90' lang='lat' dir='ltr'><strong>inscripta</strong></span> <span class='ocrx_word' id='word_1_954' title='bbox 2991 5732 3126 5779; x_wconf 91' lang='lat' dir='ltr'><strong>erat.</strong></span> 
     </span>
    </p>
   </div>
  </div>
