3904 6344
123 191 245 252 489

124 399 202 453 rii
237 400 596 468 prtemissam.
638 400 698 456 In
726 417 788 456 ea
819 402 1178 457 exscribenda
1207 401 1422 456 codices
1476 418 1607 455 mss.
1659 404 1742 456 in-

139 503 234 546 ter
262 510 320 548 se
345 494 674 564 discrepant.
707 495 896 550 Verius
926 506 1079 566 puto,
1112 497 1254 566 quod
1297 495 1429 565 Reg.
1465 497 1504 550 ’1
1543 494 1737 550 elTert:

129 583 262 639 Hoc
283 603 408 655 opus
435 586 681 642 Sedulius
708 589 759 641 in
784 600 948 642 certas
999 589 1264 641 chartulas
1293 589 1584 658 dispersum
1624 588 1746 641 reli-

127 680 274 748 quit,
305 696 400 749 pro
448 697 554 750 quo
583 684 789 749 caueri,
825 683 959 736 inter
990 683 1274 736 chartulas.
1326 681 1745 751 Conscripserat

129 786 276 842 ergo
305 772 559 828 Sedulius
593 774 821 828 Carmen
879 774 1141 829 Paschale
1173 789 1278 827 non
1315 788 1421 827 uno
1471 774 1745 828 volumine

129 866 486 930 conclusum,
514 866 609 922 sed
634 867 687 923 in
721 880 898 924 certas
921 869 1196 923 chartulas
1225 868 1554 938 dispersum.
1581 866 1740 935 Quod

131 957 290 1011 enim
321 957 447 1011 alibi
473 959 818 1028 legiturinter
839 959 1107 1014 chartulas
1129 960 1439 1028 dispersum,
1471 962 1743 1024 innueret,
1789 1025 1794 1028 _

133 1065 366 1106 Carmen
429 1053 571 1106 inter
631 1052 811 1122 plures
837 1053 972 1107 alias
999 1052 1273 1108 chartulas
1297 1051 1507 1108 Sedulii
1539 1052 1749 1122 disper-

134 1156 268 1197 sum
293 1144 595 1209 delituisse,
630 1145 769 1216 quod
795 1147 973 1202 minus
997 1162 1182 1201 verum
1217 1157 1365 1216 puto.
1421 1146 1607 1216 Pergit
1653 1161 1750 1199 n0-

135 1243 258 1289 ster
286 1236 456 1290 codex
485 1236 616 1306 Reg.
647 1239 695 1298 1.
717 1239 858 1308 quod
881 1239 1231 1306 recollectam,
1261 1239 1576 1308 adunatum,
1597 1248 1749 1310 atque

138 1327 213 1378 ad
245 1344 448 1380 onmem
479 1329 784 1400 elegantiam
809 1331 1129 1402 divulgatum
1162 1341 1254 1385 est.
1284 1331 1387 1385 Alii
1421 1347 1519 1400 pro
1550 1331 1750 1384 aduna-

139 1431 251 1474 tum
276 1422 476 1476 habent
495 1423 800 1477 adornatum
823 1441 840 1489 ;
865 1424 958 1478 sed
987 1424 1179 1478 melius
1195 1424 1407 1479 videtur
1424 1424 1712 1477 adunatum
1728 1440 1748 1479 :

141 1527 268 1568 cum
287 1517 431 1568 enim
447 1530 665 1571 carmen
684 1517 734 1569 in
765 1525 944 1570 certas
965 1518 1239 1571 chartulas
1254 1527 1399 1572 esset
1422 1517 1748 1585 dispersum,

142 1609 540 1664 ASIeriusillud
558 1609 1123 1682 recollegitmdunatit,
1155 1619 1260 1664 etc.
1292 1611 1548 1676 Quamvis
1570 1620 1749 1663 autem

1524 193 2062 251 PROLEGOMENA.

209 307 337 362 140.
381 304 738 363 Retiueamus
770 316 947 363 tamen
978 315 1158 364 notam
1183 307 1557 380 epigrammati
1581 309 1739 364 Aste-
1768 313 1815 370 Α

3337 189 3443 246 480

1919 309 2042 364 142.
2087 309 2284 364 Asterii
2312 307 2461 363 multi
2483 317 2778 363 occurrunt
2823 308 2967 361 inter
3000 305 3269 398 ethnicos,
3305 306 3448 360 inter

1843 402 2208 464 Christianos,
2263 403 2404 457 inter
2449 413 2690 464 Sanctus,
2740 403 2880 457 inter
2932 401 3244 470 episcopos.
3305 400 3446 452 inter

1843 497 2063 566 quosvis
2081 497 2214 551 alios
2248 497 2391 551 viros
2421 497 2681 567 insignes.
2717 495 2821 552 Sed
2852 512 2880 548 a
2911 495 3065 550 nobis
3097 494 3272 546 solum
3306 509 3448 560 qua:-

1845 589 2044 643 rendus
2071 601 2152 643 est
2181 587 2453 656 Asterius,
2487 593 2575 658 qui
2609 597 2731 659 post
2758 588 3037 645 Seduliam
3090 585 3307 650 vixerit,
3355 585 3452 654 qui

1846 682 2037 737 consul
2093 682 2274 747 fuerit,
2329 682 2421 750 qui
2476 697 2669 736 nomen
2724 680 3217 735 Italiuerit'l'urcius
3261 676 3449 745 Ru/ius

1847 776 2102 830 Asterius.
2133 775 2252 829 Duo
2279 776 2480 830 szcculo
2509 791 2537 825 v
2566 776 2768 830 Asterii
2797 775 3051 829 consules
3106 775 3347 836 luerunt,
3381 772 3454 824 al-

1850 878 1934 924 ter
1980 884 2121 922 anno
2169 869 2275 925 449
2326 884 2446 925 cunt
2499 869 2824 938 Protogene,
2853 868 2994 924 alter
3024 883 3170 921 anno
3192 865 3298 920 494
3327 880 3451 920 cum

1849 961 2130 1017 Praesidio.
2185 963 2424 1016 Priorem
2472 961 2750 1018 Asterium
2807 961 3001 1027 fuisse,
3060 961 3151 1030 qui
3206 961 3448 1014 carmina

1849 1052 2054 1109 Sedulii
2087 1055 2329 1124 collegit,
2364 1063 2551 1110 tenent
2580 1054 2903 1108 Sirmondus
2935 1055 2986 1108 in
3015 1063 3128 1107 not.
3163 1051 3231 1106 ad
3267 1051 3452 1110 Enno-

1851 1147 2000 1201 dium
2031 1148 2067 1201 Ι.
2094 1162 2130 1211 ι,
2165 1150 2328 1217 epist.
2359 1147 2452 1213 24,
2478 1144 2748 1201 Cellarius
2777 1161 2899 1216 pag.
2933 1147 3000 1200 10
3028 1145 3286 1198 editionis
3314 1158 3450 1211 sum,

1851 1240 2177 1296 Arntzenins
2199 1256 2320 1311 cap.
2368 1239 2435 1296 10
2486 1239 2728 1310 Specim.
2783 1241 3086 1301 observat.,
3137 1239 3226 1307 qui
3271 1236 3458 1290 multis

1855 1331 1991 1386 hanc
2023 1333 2332 1402 opinionem
2365 1332 2669 1386 conﬁrmat.
2707 1331 2865 1386 Ratio
2919 1329 3194 1388 Sirmondi
3242 1329 3454 1383 videtur

1854 1423 1970 1480 hare
2021 1425 2209 1494 fuisse,
2261 1426 2402 1497 quod
2455 1426 2724 1491 Asterius,
2775 1423 2866 1493 qui
2896 1422 3100 1477 Sedulii
3124 1424 3369 1476 carmina
3400 1422 3455 1476 in

1857 1535 2018 1574 unum
2074 1535 2270 1589 corpus
2327 1519 2557 1573 collecta
2583 1517 2774 1580 edidit,
2805 1517 2870 1571 ad
2905 1517 3152 1570 eumdem
3203 1514 3456 1569 Macedo-

1859 1613 2030 1674 nium,
2067 1613 2150 1667 cui
2178 1612 2429 1666 Sedulius
2462 1626 2680 1666 carmen
2711 1609 3010 1676 dicaverat,
3045 1609 3155 1680 76
3197 1623 3256 1662 ea
3293 1611 3458 1661 mise-

146 1705 330 1775 legere
363 1704 498 1760 velis
527 1706 823 1770 adornavit,
859 1715 1034 1760 tamen
1069 1708 1170 1760 hoc
1186 1704 1431 1770 verbum,
1467 1703 1540 1757 uti
1583 1714 1637 1757 et
1665 1719 1753 1759 se-
1785 1695 1827 1755 Β
1857 1704 1949 1769 rit,
1980 1714 2072 1759 aut
2101 1705 2391 1760 direxerit.
2443 1703 2524 1758 Ad
2575 1711 2796 1758 :etatem
2848 1713 3029 1756 autem
3081 1701 3315 1763 Sedulii,
3365 1699 3458 1770 qui

146 1799 367 1866 quentia
400 1801 470 1850 ad
491 1797 1378 1868 outuemelegautiamintelligenda
1404 1807 1527 1849 sunt
1559 1795 1624 1849 de
1654 1811 1745 1850 or-

147 1902 279 1945 natu
336 1901 390 1946 et
420 1893 688 1962 elegantia
731 1893 932 1947 codicis
989 1903 1080 1946 aut
1109 1892 1420 1956 voluminis,
1458 1906 1562 1944 non
1607 1892 1747 1960 quod

145 1981 400 2038 Asterius
432 1984 483 2037 in
518 1983 722 2039 Sedulii
753 1983 932 2038 verbis
979 1982 1272 2048 mutandis,
1327 1982 1529 2052 aliquid
1560 1983 1661 2037 sibi
1693 1983 1750 2037 li-

146 2090 276 2130 cere
310 2076 730 2131 existimaverit.
767 2076 885 2144 lpse
913 2077 1055 2130 enim
1087 2078 1136 2127 in
1170 2077 1559 2144 epigrammate
1595 2074 1661 2128 de
1690 2090 1750 2127 se

147 2170 325 2223 solum
355 2169 428 2223 ait
458 2188 469 2222 :
502 2168 664 2242 Cujus
693 2186 787 2240 ope
819 2179 866 2223 et
890 2186 1015 2222 cura
1038 2171 1176 2222 edita
1210 2176 1327 2221 sunt
1372 2167 1598 2236 populis.
1629 2165 1753 2221 Col-

148 2262 349 2317 lectum
383 2264 544 2332 igitur
578 2265 810 2317 Carmen
844 2261 1103 2316 Paschale
1136 2277 1200 2316 ex
1236 2259 1420 2314 multis
1469 2259 1748 2329 chartulis,

129 2365 203 2422 ,et
232 2357 284 2410 in
314 2372 482 2411 unum
530 2371 728 2426 corpus
789 2356 1086 2422 redactum,
1142 2367 1302 2424 atque
1351 2352 1754 2423 eleganterde-

149 2451 434 2519 scriptum,
464 2449 533 2503 ab
555 2449 770 2505 Asterio
792 2448 996 2504 editum
1027 2448 1126 2501 fuit
1157 2446 1392 2517 populis,
1439 2448 1551 2500 sive
1576 2444 1750 2498 divul-

149 2552 354 2611 gatum.
381 2541 524 2597 Cura
551 2540 712 2597 etiam
742 2541 943 2596 Asterii
980 2539 1195 2594 videtur
1222 2536 1421 2604 fuisse,
1456 2548 1512 2591 ut
1536 2551 1751 2592 carmen

153 2645 465 2690 correctum
495 2636 770 2691 ederetur.

224 2728 349 2781 1-11.
391 2726 450 2782 1η
481 2728 789 2782 nominibus
833 2720 957 2797 ejus
994 2727 1371 2796 exprimendis
1416 2727 1752 2796 exemplaria

152 2829 338 2874 vetera
379 2836 483 2874 non
516 2822 647 2876 satis
679 2821 1029 2876 conveniunt.
1056 2820 1445 2876 Videntnrhaac
1476 2835 1596 2876 esse
1619 2836 1753 2891 prte-

155 2913 405 2982 ferenda,
439 2913 662 2969 Tui-cius
687 2914 875 2983 Ruﬁus
898 2913 1130 2969 Asterius
1153 2930 1169 2967 :
1200 2931 1296 2981 pro
1315 2913 1531 2969 Turcius
1553 2915 1643 2968 alii
1670 2915 1760 2967 ha-

153 3003 282 3060 bent
314 3004 548 3070 Turtius,
574 3018 666 3060 aut
701 3006 902 3060 Tertius
929 3021 945 3059 :
971 3022 1066 3077 pro
1096 3007 1283 3074 [iu/ius
1303 3007 1393 3061 alii
1419 3005 1630 3073 Ruﬂ'us,
1662 3015 1756 3060 aut

1857 1797 2037 1852 ﬂoruit
2059 1814 2200 1852 anno
2231 1799 2447 1852 circiter
2469 1797 2594 1866 450,
2619 1798 2789 1866 magis
2812 1796 3025 1851 accedit
3046 1795 3301 1850 Asterius
3324 1809 3460 1848 con-

1856 1891 1936 1944 sul
1970 1906 2090 1944 cum
2123 1890 2428 1960 Protogene
2451 1906 2594 1944 anno
2621 1889 2747 1957 449,
2778 1905 2935 1960 quam
2971 1890 3218 1944 Asterius
3268 1888 3461 1944 consul

1856 1999 1978 2038 curn
2020 1985 2278 2039 Praisidio
2309 1995 2452 2039 ann‘o
2498 1983 2627 2039 494.

1929 2080 2050 2132 145.
2099 2079 2548 2150 Arntzcninslioe
2590 2079 2762 2147 ipsum
2821 2087 3199 2148 argumentum
3244 2092 3463 2147 promo-

1857 2179 1964 2235 vet,
2009 2171 2130 2239 quia
2155 2170 2400 2225 Asterius
2427 2170 2638 2224 videtur
2690 2171 3012 2240 conjunctns
3045 2171 3302 2224 amicitia:
3335 2171 3455 2223 vin~

1857 2263 1981 2317 culo
2012 2263 2180 2318 fuisse
2213 2263 2458 2328 Sedulio,
2487 2274 2540 2319 et
2564 2262 2879 2317 Macedonio
2907 2280 2918 2314 :
2953 2263 3076 2318 huic
3131 2273 3278 2316 certe
3334 2264 3464 2316 ami-

1858 2371 1951 2410 cus
1982 2365 2123 2421 erat,
2159 2365 2214 2409 ut
2245 2355 2476 2424 probant
2506 2355 2666 2409 verba
2709 2355 3117 2424 epigrammatis
3171 2355 3460 2422 Asteriique

1861 2448 1956 2509 tui,
1981 2457 2082 2501 etc.
2111 2447 2254 2501 Fieri
2285 2456 2462 2501 autem
2495 2461 2600 2499 non
2637 2457 2839 2516 potest,
2871 2455 2962 2500 aut
3007 2448 3090 2499 vix
3115 2447 3330 2516 quidem
3361 2461 3462 2515 po-

1862 2549 1985 2605 test,
2014 2541 2411 2608 MacedOnium,
2447 2557 2606 2611 quem
2633 2551 2866 2610 patrem,
2895 2554 2946 2596 et
2971 2542 3292 2611 magistrum
3322 2543 3462 2595 mul-

1863 2646 2037 2692 torum
2068 2636 2306 2706 appellat
2337 2635 2612 2704 Sedulius,
2640 2636 2706 2690 ad
2739 2651 2937 2691 annum
2970 2635 3076 2690 494
3117 2636 3457 2705 pervenisse,

1861 2746 1968 2800 quo
1994 2730 2130 2785 alter
2153 2731 2401 2785 Asterius
2429 2731 2620 2784 consul
2679 2730 2796 2784 fuit.
2846 2731 3114 2784 Praiterea
3164 2729 3461 2784 tenendum

1861 2834 1965 2891 est,
2000 2824 2250 2879 eumdem
2281 2840 2405 2881 esse
2452 2827 2742 2888 Asterium,
2806 2827 2896 2896 qui
2954 2825 3163 2895 Virgilii
3217 2827 3460 2883 codicem

1862 2917 2189 2984 emendavit,
2224 2929 2279 2974 et
2323 2918 2389 2973 de
2419 2917 2518 2972 hac
2567 2933 2660 2972 sua
2700 2918 3085 2974 emendatione
3125 2921 3461 2988 epigramma

1861 3010 2115 3076 confecit,
2148 3021 2203 3066 et
2233 3012 2535 3077 Asterium,
2567 3012 2656 3080 qui
2691 3010 2852 3064 simili
2898 3012 3293 3080 epigrammate
3345 3011 3462 3066 edi-

156 3096 349 3167 Rufus,
384 3107 476 3151 aut
504 3096 743 3152 Russius.
778 3097 833 3152 ιιι
865 3113 998 3153 mss.
1031 3098 1312 3153 codicibus
1363 3097 1470 3170 75
1521 3097 1750 3165 Sedulii,
1781 3083 1827 3145 (ἶ
1865 3103 2068 3160 tionem
2102 3119 2253 3160 suam
2305 3103 2512 3160 Sedulii
2548 3104 2832 3157 adornavit
2865 3119 2876 3154 :
2909 3107 3213 3172 prtesertim
3245 3105 3370 3174 quia
3403 3104 3457 3159 in

156 3193 229 3246 uti
260 3192 313 3246 in
353 3192 473 3262 ipso
495 3193 885 3263 epigrammate
910 3203 1223 3248 constanter
1258 3193 1453 3263 legitur
1501 3192 1756 3257 Asterius,

156 3293 387 3355 excepto
419 3285 608 3353 codice
635 3284 982 3340 bibliothecae
1014 3283 1294 3350 Mediceze,
1343 3284 1396 3338 in
1429 3298 1536 3354 quo
1566 3284 1758 3338 titulus

166 3377 393 3432 exhibet
439 3377 676 3430 Austerio
707 3393 723 3428 :
754 3378 807 3431 in
877 3377 998 3430 aliis
1059 3376 1404 3431 documentis
1470 3375 1760 3445 aliquando

158 3470 445 3533 Austerius,
470 3469 759 3538 aliquando
789 3470 1047 3532 Asterius,
1077 3467 1370 3539 aliquando
1392 3467 1619 3532 Aterius,
1661 3469 1760 3521 ali-

157 3565 377 3636 quando
389 3563 689 3631 Austurius,
704 3562 991 3634 aliquando
1018 3563 1277 3630 Asturius,
1295 3561 1586 3632 aliquando
1601 3563 1728 3633 Asty
1743 3592 1760 3602 -

157 3659 290 3722 rius,
342 3656 634 3727 aliquando
687 3655 979 3723 Hasterius,
1028 3656 1129 3710 nisi
1170 3655 1382 3710 diversa
1409 3654 1762 3723 hazccogno-

156 3753 303 3806 mina
334 3761 660 3816 statuamus,
704 3749 845 3819 quod
879 3748 1120 3804 nonnulli
1165 3746 1378 3825 volunt.
1431 3746 1751 3800 Turciorum

156 3858 360 3900 nomen
389 3843 598 3898 clarum
634 3843 764 3897 olim
798 3840 920 3907 fuit,
948 3851 1006 3898 ut
1027 3855 1095 3896 ex
1128 3839 1409 3896 veteribus
1441 3837 1752 3907 inscriptio-

159 3939 343 4002 nibus,
369 3937 601 4008 aliisque
622 3936 984 3991 monumentis
1016 3941 1164 4004 patet
1193 3952 1203 3987 :
1233 3949 1328 4003 pro
1359 3947 1464 4002 quo
1493 3932 1770 3986 nonnum-’

155 4046 320 4100 quam
345 4029 608 4084 scribitur
656 4027 881 4099 Turgius
908 4042 973 4082 eo
1006 4041 1218 4092 errore,
1247 4039 1354 4095 quo
1382 4039 1527 4094 szepe
1558 4022 1598 4074 (ἶ
1633 4025 1683 4077 1η
1715 4020 1760 4075 G

160 4129 424 4188 mutatur;
442 4121 584 4193 apud
600 4121 732 4176 alios
747 4121 991 4176 invenias
1008 4119 1276 4184 Turcicus,
1294 4115 1401 4174 etC
1407 4120 1572 4171 urtius
1590 4115 1760 4187 Rufus

159 4219 496 4288 Apronianus
515 4257 531 4283 ,
561 4214 686 4286 quia
716 4214 925 4270 scilicet
979 4213 1368 4281 inscriptiones
1397 4210 1593 4280 aliqua:
1617 4209 1757 4263 male

156 4311 444 4379 descriptae
467 4317 614 4363 sunt.
642 4305 937 4362 Panuinius
963 4305 1002 4359 l.
1031 4319 1088 4359 ιιι
1114 4302 1262 4358 Fast.
1285 4302 1351 4357 ad
1371 4317 1502 4356 ann.
1526 4300 1632 4355 494
1663 4314 1761 4353 no-

160 4405 331 4459 minat
360 4400 605 4455 Turcium
635 4398 934 4454 Secundum
959 4397 1215 4451 Asterium
1240 4411 1259 4450 :
1281 4393 1375 4449 sed
1394 4409 1489 4464 per
1508 4407 1757 4448 errorem

1863 3201 2256 3270 epigrammate
2279 3197 2346 3253 ad
2374 3196 2723 3252 emendatum
2747 3196 2989 3252 codicem
3021 3195 3228 3268 Virgilii
3269 3198 3344 3253 ait
3373 3215 3388 3251 :

1958 3313 2305 3374 Asteriumque
2327 3323 2470 3361 suum
2497 3310 2638 3358 vivax
2669 3309 2957 3358 transmittit
2980 3308 3027 3356 in
3053 3321 3212 3358 sevum
3237 3321 3248 3355 :

1863 3422 1952 3492 qui
1982 3435 2172 3475 versus
2227 3415 2408 3488 prodit
2444 3424 2726 3471 auctorem
2781 3413 3190 3484 epigrammatis
3242 3412 3465 3470 Sedulio

1865 3513 2133 3586 praemissi
2162 3529 2176 3565 :

2022 3626 2308 3688 Asteriique
2329 3625 2400 3674 tui
2423 3635 2624 3685 semper
2656 3623 2943 3673 meminisse
2960 3622 3152 3685 jubeto.

1863 3731 2017 3798 Quod
2048 3739 2226 3786 autem
2260 3729 2531 3792 Asterius,
2566 3725 2658 3797 qui
2691 3727 2965 3782 recensuit
2998 3728 3242 3782 codicem
3290 3728 3467 3798 Virgi-

1867 3825 1925 3880 lii
1952 3823 2201 3888 Medicei,
2235 3821 2395 3876 fuerit
2429 3819 2581 3889 prior
2632 3821 2905 3886 Asterius,
2940 3822 3130 3874 consul
3164 3837 3310 3875 anno
3337 3824 3467 3888 449,

1864 3917 2058 3988 probat
2113 3913 2442 3970 Arntzenius
2492 3912 2821 3967 auctoritate
2864 3912 3072 3966 lleinsii
3104 3913 3156 3966 in
3185 3913 3344 3982 epist.
3401 3913 3469 3967 ad

1864 4007 2202 4078 Papebroch.
2227 4006 2332 4063 495
2357 4015 2490 4061 tom.
2522 4006 2567 4060 ll
2591 4005 2795 4078 Syllog.
2828 4006 3042 4072 Burm.,
3077 4018 3128 4061 et
3158 4006 3222 4060 ad
3269 4007 3471 4062 Reine-

1863 4101 2001 4157 sium
2037 4109 2170 4154 tom.
2214 4097 2345 4169 V.p.
2383 4098 2478 4152 191
2515 4105 2570 4153 et
2606 4096 2803 4163 197,et
2837 4096 3158 4151 Reinesiiad
3182 4097 3466 4154 l-leinsium

1865 4203 1999 4250 tom.
2057 4193 2180 4248 eod.
2237 4207 2328 4263 ep.
2370 4191 2492 4257 178.
2519 4190 2763 4259 Denique
2788 4190 2840 4244 in
2872 4189 3145 4258 plerisque
3181 4191 3464 4246 codicibus

1865 4306 1997 4346 mss.
2025 4290 2275 4344 Asterius
2302 4285 2504 4342 Sedulii
2531 4284 2712 4340 editor
2739 4283 2936 4338 dicitur
2985 4283 3251 4337 exconsul.
3308 4287 3468 4341 Aste-

1864 4383 1977 4440 rius
2003 4397 2138 4437 vero
2166 4378 2438 4436 secundus
2464 4376 2654 4432 consul
2685 4375 2784 4430 luit
2825 4389 2969 4429 anno
3004 4375 3132 4440 494,
3171 4392 3281 4445 quo
3325 4391 3468 4432 anno

162 4494 394 4551 Secundi
435 4508 630 4547 nomen
671 4490 908 4545 intrusit.
937 4489 1011 4543 De
1036 4498 1198 4557 gente
1223 4486 1419 4542 Turcia
1448 4484 1754 4555 Aproniana

1868 4473 2066 4544 prodiit
2087 4471 2365 4527 decretum
2393 4467 2600 4523 Gelasii
2631 4465 2700 4522 de
2741 4465 2896 4520 libris
2924 4464 3256 4534 recipiendis
3278 4479 3332 4522 et
3355 4485 3464 4524 non

162 4585 372 4643 Asteria
393 4583 867 4640 disseritNorisius
881 4579 1178 4650 Cenotaph.
1198 4579 1378 4634 Pisan.
1394 4577 1610 4632 dissert.
1629 4578 1682 4644 4,
1704 4587 1760 4632 et

162 4679 481 4736 Muratorius
496 4678 717 4731 dissert.
746 4677 768 4728 1
801 4675 865 4727 ad
893 4673 1100 4727 Paulin.
1121 4688 1292 4726 carm.
1314 4671 1620 4741 Cognomen
1635 4667 1760 4737 Ruﬁ

166 4774 218 4828 in
247 4771 431 4826 multis
460 4768 674 4823 familiis
696 4767 937 4821 romanis
953 4763 1253 4834 reperitur:
1279 4762 1475 4830 dequo
1500 4762 1574 4814 ita
1593 4761 1758 4828 Quin-

167 4867 398 4921 tilianus.
417 4865 452 4918 l.
478 4878 515 4925 ι,
540 4878 590 4916 c.
617 4863 669 4928 4,
700 4862 770 4914 al.
788 4863 850 4914 ’ἵε
879 4857 1205 4914 Scrutabitur
1222 4857 1444 4927 origines
1468 4855 1753 4922 nominum,

167 4970 222 5015 ut
241 4977 355 5031 quas
380 4975 446 5014 ea:
467 4957 643 5010 habitu
665 4955 894 5026 corporis
919 4953 1205 5021 Cicerones,
1231 4949 1399 5021 Rufos
1415 4989 1430 5014 ,
1453 4947 1758 5018 Longosque

167 5053 409 5121 fecerunt.
433 5049 571 5104 Hinc
591 5056 780 5102 contra
807 5045 1247 5116 orthographiam
1276 5043 1492 5098 videtur
1518 5043 1756 5097 scribere

170 5142 374 5210 [lu/fus.
409 5141 488 5195 Ex
516 5139 844 5202 nominibus,
871 5136 1320 5206 prmnominibus,
1371 5145 1426 5190 et
1485 5132 1760 5204 cognomi-

171 5238 327 5292 nibus
353 5236 502 5306 plura
525 5234 789 5304 gentilitia
823 5232 1041 5286 numina
1067 5241 1358 5300 propagata
1391 5238 1537 5296 sunt,
1565 5237 1622 5283 ut
1651 5230 1756 5282 De-

171 5330 332 5396 cimii,
367 5329 559 5394 Sextii,
584 5327 768 5392 Tullii,
802 5324 1059 5393 Quinctii.
1097 5325 1229 5378 llinc
1254 5323 1432 5394 potius
1467 5323 1761 5394 praeferen-

173 5423 292 5477 dum
317 5435 402 5478 est
430 5422 574 5490 Ruﬁi
598 5437 790 5475 nomen
831 5436 951 5474 cum
1009 5417 1193 5472 multis
1242 5416 1542 5482 codicibus,
1598 5435 1758 5488 quam

176 5516 291 5585 Ruﬁ
308 5531 430 5570 cum
460 5514 602 5567 aliis.
642 5513 695 5567 In
721 5512 1075 5582 inscriptione
1108 5509 1391 5579 Virgiliani
1421 5509 1629 5564 codicis
1652 5510 1763 5567 Me-

177 5609 330 5675 dicei,
368 5621 494 5661 mox
525 5621 673 5660 num.
704 5605 806 5659 145
842 5600 1346 5673 proferenda,clara
1371 5611 1497 5656 sunt
1521 5601 1633 5656 lucc
1661 5603 1762 5658 tria

178 5703 386 5758 nomina
414 5698 633 5753 Turdus
663 5697 846 5766 Rufius
870 5697 1218 5763 Apronianus.

538 5792 813 5852 PATROL.
861 5788 1033 5851 XIX.

1867 4564 2216 4637 recipiendis,
2244 4562 2334 4618 ubi
2363 4560 2642 4628 Sedulius,
2685 4558 2912 4630 ejusque
2943 4575 3079 4629 epus
3119 4558 3316 4630 insigni
3349 4560 3466 4616 elo-

1866 4663 1955 4733 gio
1985 4656 2422 4716 commendatur.

1941 4755 2060 4808 144.
2105 4751 2232 4806 Ila‘c
2260 4748 2372 4805 fere
2402 4758 2526 4802 sunt
2573 4754 2891 4813 argumenta
2926 4759 3034 4799 non
3066 4745 3467 4801 contemnenda

1865 4863 1965 4918 pro
1991 4845 2247 4917 Opinione
2275 4839 2574 4899 Sirmondi.
2601 4839 2888 4892 Contraria
2916 4847 3096 4892 tamen
3129 4839 3261 4892 mihi
3296 4841 3467 4907 magis

1866 4941 2062 5011 placet,
2111 4952 2272 5008 quam
2329 4936 2498 4989 tenuit
2549 4933 2711 4986 etiam
2763 4929 3046 4985 Fabricius
3098 4930 3150 4984 in
3203 4931 3462 4986 Bibliotlt.

1865 5027 2366 5099 Lat.,Fontaninus
2393 5025 2462 5080 de
2487 5023 2781 5091 Antiquit.,
2809 5021 2963 5076 Hort.
3000 5021 3036 5074 l.
3069 5037 3128 5089 tt,
3155 5038 3205 5077 c.
3231 5023 3284 5088 ’5,
3310 5024 3466 5076 Nori—

1863 5126 1976 5182 sius
2006 5123 2073 5179 de
2100 5119 2404 5187 Cenotaph.
2438 5117 2553 5173 Pis.
2578 5116 2801 5170 dissert.
2833 5115 2889 5177 4,
2923 5113 3122 5184 Pagius
3153 5114 3220 5169 ad
3262 5116 3460 5170 Baron.

1865 5234 2009 5275 anno
2037 5217 2162 5280 494,
2195 5222 2250 5268 et
2278 5211 2396 5266 alii.
2445 5209 2501 5263 1n
2544 5208 2685 5262 notis
2716 5206 2781 5260 ad
2816 5206 3012 5259 Baron.
3041 5221 3182 5260 anno
3214 5205 3318 5260 449
3350 5208 3468 5261 edi-

1867 5312 2032 5369 tionis
2081 5307 2343 5364 Lucensis
2391 5302 2580 5358 consul
2626 5300 2786 5372 hujus
2832 5301 2956 5354 anni
2985 5300 3232 5355 Asterius
3264 5318 3329 5357 ex
3360 5302 3465 5359 Re—

1869 5406 2048 5469 lando,
2069 5412 2125 5459 et
2150 5398 2458 5457 Marcellino
2481 5399 2556 5450 ita
2582 5396 2700 5450 sine
2728 5395 2832 5447 alio
2861 5393 3080 5449 nomine
3105 5379 3302 5450 dicitur
3323 5400 3465 5450 Aste—

1867 5504 2019 5556 rius:
2052 5513 2116 5552 ex
2150 5494 2325 5549 Fastis
2384 5507 2513 5545 vero
2566 5487 2748 5546 ldacii.
2783 5499 2837 5541 et
2869 5487 3121 5554 Victoris,
3157 5501 3211 5544 et
3238 5493 3466 5560 epistola

1870 5597 1925 5653 S.
1953 5591 2151 5648 Leonis
2184 5602 2332 5657 papa:
2362 5584 2426 5638 ad
2456 5582 2772 5637 Flavianum
2829 5580 2882 5634 in
2933 5584 3161 5635 vetustis
3193 5585 3470 5639 codicibus

1874 5683 2132 5745 Ecclesia:
2164 5676 2495 5736 Veronensis
2523 5673 2784 5735 Asturius,
2809 5689 2874 5727 ex
2902 5689 3002 5727 ms.
3035 5672 3295 5729 Vaticano
3331 5675 3465 5730 Ρη).

2909 5766 2980 5825 16
