3904 6330
478 265 582 321 ιθε
1784 265 2070 325 C(ELIUS
2107 249 2460 325 SEDULIUS.
3646 269 3771 329 sas

475 380 794 436 Centulensi
822 381 1029 437 smculo
1061 395 1117 437 xt
1141 380 1286 451 apud
1329 379 1727 448 Duchesnium,
1757 383 2051 440 Gratianus
2087 387 2142 450 Α
2171 393 2387 442 aetatem
2427 385 2611 443 Caroli
2643 385 2798 443 Calvi
2844 401 2951 443 non
2993 401 3271 459 superare.
3319 387 3633 447 Character
3654 392 3775 448 De~

476 472 829 530 Burchardus
856 474 1305 542 Wormatiensis,
1353 475 1511 530 tnulti
1557 477 1772 533 codices
1819 493 1975 546 mss.,
2008 488 2063 534 et
2166 478 2301 534 creti
2330 477 2604 534 Gelasiani
2630 480 2907 536 recentior
2927 480 3141 536 videtur
3165 483 3491 539 charactere
3521 484 3772 539 missalis

481 583 674 626 omnes
701 570 952 639 impressi
971 567 1248 624 Gelasium
1279 567 1487 625 decretl
1513 581 1790 627 auctorem
1818 572 2059 626 laudant.

482 660 545 716 In
583 660 857 716 Chronico
896 659 1302 717 Fontanellensi
1337 671 1466 716 tom.
1505 661 1574 717 Ill
1601 661 1794 733 Spicil.
1827 663 2062 720 Dacber.

481 770 535 824 p.
586 753 713 822 240,
761 753 905 810 inter
945 753 1169 811 codices
1221 755 1477 811 cmnobio
1519 754 1914 816 Flaviniacensi
1963 758 2064 813 sub

480 846 758 902 Ludovico
789 848 886 904 Pio
916 847 983 904 ab
1012 849 1276 920 Angesiso
1317 847 1513 904 abbate
1563 849 1825 918 donatos,
1865 866 2067 908 recen-

479 945 672 994 sentur
721 938 943 995 Decreta
969 939 1166 995 Gelasii
1192 956 1342 1012 papa:
1387 939 1453 995 de
1478 941 1622 996 libris
1667 943 1976 1014 recipiendis
2020 951 2068 998 et

481 1048 588 1086 non
613 1033 941 1102 recipiendis.
974 1032 1304 1089 Pearsonius
1345 1019 1593 1090 codicem
1627 1036 2066 1107 antiquissimum

483 1139 515 1180 a
547 1125 876 1181 Lantfranco
923 1140 992 1181 ex
1035 1125 1296 1183 Beccensi
1338 1129 1672 1184 monasterio
1723 1130 1775 1184 in
1819 1131 2066 1201 Angliam

483 1216 722 1271 delatum
749 1218 859 1288 82
891 1218 1044 1288 legit,
1077 1220 1129 1272 in
1161 1234 1268 1289 quo
1299 1217 1386 1274 hic
1416 1228 1534 1275 erat
1561 1221 1749 1277 titulus
1787 1240 1800 1276 :
1852 1221 2071 1277 Decreta

484 1305 682 1361 Gelasii
709 1309 949 1378 paptede
974 1310 1303 1380 recipiendis,
1333 1319 1379 1364 et
1410 1328 1513 1366 non
1557 1313 1867 1384 recipiendis
1904 1313 2068 1381 libris,

483 1412 600 1468 qua:
628 1399 820 1468 scripta
846 1409 966 1453 sunt
998 1401 1061 1454 ab
1096 1417 1155 1455 eo
1186 1417 1301 1455 cum
1334 1418 1439 1458 Lxx
1472 1404 1834 1460 eruditissimis
1874 1407 2073 1477 episco-

484 1492 587 1562 pis.
633 1491 772 1546 lluic
800 1493 1020 1548 omnino
1048 1504 1318 1549 consonat
1360 1498 1533 1551 codex
1560 1495 1782 1552 Justelli
1807 1498 1861 1552 in
1903 1499 2072 1555 colle-

484 1584 672 1639 ctione
718 1584 1002 1640 Labbeana
1054 1584 1425 1641 Conciliorum
1478 1587 1545 1642 ad
1603 1604 1774 1660 marg.
1835 1589 2070 1645 Decreti.

486 1675 735 1730 Similem
788 1675 1204 1746 inscriptionem
1252 1678 1434 1733 inveni
1482 1693 1582 1750 ego
1610 1678 1662 1734 in
1703 1680 1896 1736 codice
1927 1681 2074 1737 Vati-

2163 569 2359 624 litteris
2389 565 2702 640 majuseulis
2747 572 2991 640 exarati,
3034 580 3092 629 et
3130 588 3158 627 a
3205 573 3513 630 Blanchino
3556 575 3774 632 dicitur

2166 665 2442 734 pertinere
2472 665 2539 719 ad
2567 667 2828 722 saeculum
2876 683 2928 722 ιι
2978 666 3240 736 circiter..
3265 670 3397 726 Mihi
3428 679 3576 726 totus
3618 672 3772 727 liber

2167 757 2382 812 videtur
2426 759 2662 828 scriptus
2709 761 2912 817 saeculo
2940 777 2971 815 ι
2999 769 3094 816 aut
3131 778 3209 829 xt,
3239 778 3363 818 cum
3389 763 3590 820 divites
3619 780 3770 820 non-

2168 849 2307 904 nulli
2334 850 2557 906 abbates
2585 851 2806 908 codices
2839 854 3142 923 prmsertim
3174 868 3362 911 sacros
3387 857 3603 927 magnis
3651 858 3768 911 im—

2167 942 2372 1012 pensis,
2406 950 2462 998 et
2489 943 2618 999 luxu
2647 945 2713 1000 ad
2750 946 3109 1002 imitationem
3139 948 3505 1020 antiquiomm
3537 951 3768 1007 exarari

2165 1035 2454 1103 iubebant.
2492 1036 2739 1108 Denique
2767 1034 3243 1097 Jacobus'Petitus
3280 1042 3334 1098 i'n
3383 1053 3500 1098 not.
3537 1043 3611 1099 ad
3641 1044 3771 1101 Ρωο

2172 1130 2444 1186 nitential.
2493 1112 2768 1189 Theoddri
2815 1135 3228 1191 Cantuariensis
3268 1136 3564 1205 observat,
3617 1138 3766 1193 idem

2171 1221 2449 1278 decretum
2481 1224 2700 1282 Gelasio
2728 1227 2994 1298 assignari
3027 1244 3057 1283 a
3085 1227 3406 1300 Theodoro,
3440 1241 3500 1288 et
3547 1233 3604 1287 in
3637 1232 3769 1288 aliis

2171 1330 2304 1370 mss.
2333 1316 2637 1385 codicibus,
2671 1334 2809 1388 quos
2834 1331 3137 1376 enumerat.
3533 1400 3556 1404 __
3585 1327 3598 1338 ”
3703 1397 3722 1403 ,_

2245 1409 2368 1465 152.
2413 1411 2729 1467 Statuamus
2779 1413 2962 1484 igitur,
3007 1431 3035 1469 a
3067 1415 3286 1473 Gelasio
3331 1401 3556 1474 editum”
3593 1401 3770 1475 fuisse

2171 1501 2452 1557 decretum
2498 1504 2564 1559 de
2610 1503 2768 1560 libris
2810 1506 3140 1576 recipiendis
3167 1516 3224 1564 et
3249 1525 3357 1567 non
3389 1513 3766 1586 recipiendis;

2172 1606 2237 1647 ac
2263 1592 2662 1662 difﬁcultatem,
2697 1603 2830 1666 qua!
2849 1611 2915 1652 ex
2942 1593 3273 1674 verbisiejus
3299 1601 3372 1657 de
3395 1601 3774 1661 Sedulio'ori-

2175 1695 2282 1753 tur,
2315 1687 2424 1742 alio
2467 1689 2630 1744 modo
2653 1731 2667 1754 ,
2700 1689 2745 1745 si
2781 1689 2897 1745 fieri
2923 1690 3134 1761 possit,
3162 1694 3528 1764 explicemus.
3561 1696 3622 1752 In
3653 1690 3773 1753 col—
3803 1712 3814 1723 ·

484 1783 625 1822 cano
652 1766 817 1834 5791,
847 1767 900 1822 in
926 1766 1024 1822 fol.
1049 1783 1218 1838 parvo
1241 1770 1545 1825 membran.
1569 1773 1755 1826 saeculi
1779 1789 1809 1826 x
1829 1772 2069 1829 circiter.
2103 1770 2150 1830 B
2179 1780 2414 1838 lectione
2442 1770 3138 1859 Lahbeana/Conciliorum
3161 1787 3244 1843 sic
3281 1787 3562 1846 decretum
3596 1791 3774 1848 habet

484 1857 704 1914 Initium
748 1857 954 1914 codicis
983 1868 1068 1914 est
1100 1877 1111 1913 :
1147 1858 1280 1915 Item
1303 1861 1559 1931 incipiunt
1587 1866 1814 1934 capitula
1838 1869 2070 1920 decretae

485 1952 614 2004 lium
664 1951 1077 2017 Apostolicorum
1115 1961 1308 2007 sanctae
1347 1953 1599 2010 Romana:
1638 1958 1770 2010 sedis
1807 1957 2069 2013 Ecclesiae.

483 2043 616 2098 Post
664 2041 865 2098 Felicis
914 2042 1208 2114 epistolam
1257 2044 1324 2098 ad
1365 2044 1640 2100 Zenonem
1690 2036 2072 2118 Hispalensem

484 2134 804 2205 episcopum
836 2135 1039 2206 legitur
1082 2153 1094 2190 :
1139 2133 1206 2189 In
1251 2135 1443 2192 Christi
1471 2139 1675 2193 nomine
1701 2141 2074 2210 incipiuntde-

485 2234 626 2280 creta
648 2225 710 2280 de
731 2226 1040 2297 recipiendis
1067 2235 1113 2281 et
1145 2243 1247 2281 non
1277 2227 1584 2298 recipiendis
1614 2229 1780 2294 libris,
1811 2246 1926 2300 qute
1945 2231 2075 2284 scri-

485 2327 578 2388 pta
607 2329 729 2372 sunt
763 2335 794 2372 ιι
828 2317 1038 2373 Gelasio
1077 2335 1214 2391 papa
1254 2336 1370 2373 cum
1398 2336 1506 2375 Lxx
1549 2321 1909 2376 eruditissimis
1950 2324 2076 2378 uiris

485 2411 742 2482 episcopis
769 2411 823 2465 in
852 2411 971 2466 sede
995 2413 1284 2484 apostolica
1320 2414 1463 2468 urbis
1491 2403 1689 2469 Romae.
1723 2416 1781 2470 ln
1812 2416 1921 2470 alio
1947 2415 2071 2473 cod.

483 2501 608 2557 Vat.
656 2502 794 2574 Reg.
843 2502 1007 2571 6018,
1039 2505 1223 2558 saeculi
1255 2503 1480 2559 circiter
1519 2521 1573 2571 x,
1617 2506 1896 2563 decretum
1930 2507 2074 2563 idem

483 2591 556 2648 ita
601 2593 928 2664 inscriptum
972 2596 1149 2665 reperi
1187 2613 1200 2653 :
1239 2593 1433 2666 Incipit
1463 2597 1853 2666 conﬁrmatione
1882 2599 2078 2652 domini

486 2684 686 2740 Gelasii
717 2670 863 2758 paptc
901 2688 964 2741 de
1004 2687 1146 2746 libris
1174 2689 1357 2742 veteris
1397 2705 1459 2742 ac
1485 2689 1603 2743 nobi
1636 2689 1980 2746 Testamenti:
2008 2689 2077 2746 In

479 2784 742 2855 principio
762 2785 996 2838 videlicet
1028 2786 1251 2855 quinque
1271 2785 1389 2840 libri
1416 2786 1608 2858 Moysi,
1640 2798 1744 2845 etc.
1777 2789 1895 2845 Alia
1921 2790 2074 2846 simi-

484 2875 556 2928 lia
589 2875 782 2930 menda
815 2868 1134 2932 occurrunt.
1168 2876 1321 2933 Alius
1351 2886 1438 2934 est
1473 2879 1644 2936 codex
1660 2880 2074 2953 Vat.ch.i99,

484 2963 542 3019 in
573 2982 678 3034 quo
709 2974 829 3034 post
856 2966 1052 3022 librum
1083 2978 1300 3023 auctum
1335 2969 1531 3024 lsidori
1573 2970 1640 3027 de
1672 2972 1822 3026 obitu
1850 2972 2074 3028 Patrum

485 3067 568 3112 est
612 3057 884 3128 quoddam
914 3065 1052 3129 Opus
1101 3075 1428 3130 anonymum
1461 3064 1529 3118 de
1579 3064 1838 3120 numeris.
1874 3067 2078 3121 Auctor

485 3149 778 3204 occasione
827 3149 1022 3205 hinarii
1073 3152 1284 3205 numeri
1342 3153 1452 3222 agit
1501 3151 1568 3208 de
1622 3153 1836 3233 duobus
1882 3157 2077 3224 modis,
2107 3154 2152 3218 C
2183 3165 2368 3231 rimus,
2401 3169 2660 3224 secundis
2703 3149 2849 3227 curis
2895 3174 3217 3245 prteferimus

487 3243 682 3313 quibus
729 3251 842 3296 tota
889 3241 1164 3312 scriptura
1215 3244 1570 3314 intelligenda
1610 3257 1734 3312 est,
1783 3257 1840 3303 et
1884 3249 2077 3305 inserit

487 3345 658 3392 totum
709 3337 996 3391 decretum
1047 3336 1251 3392 Gelasii
1313 3337 1483 3392 libere
1531 3354 1560 3393 a
1613 3355 1674 3395 se
1721 3339 2074 3412 descriptum.

486 3428 784 3484 Prtemittit
825 3435 1002 3482 autem
1052 3446 1065 3482 :
1114 3429 1258 3482 Ordo
1287 3431 1455 3500 itaque
1484 3430 1774 3486 divinorum
1803 3431 2075 3503 librorum,

457 3510 614 3592 'quos
646 3522 878 3576 Ecclesia
902 3521 1159 3576 catholica
1183 3522 1425 3586 scribere,
1457 3526 1644 3595 legere,
1674 3527 1900 3595 recipere
1933 3528 2076 3582 debet

487 3615 768 3670 secundum
797 3613 1126 3683 traditionem
1154 3625 1451 3669 sanctorum
1472 3618 1718 3686 uirorum,
1751 3628 1796 3674 et
1829 3620 2077 3675 orthodo-

487 3723 673 3761 atorum
701 3704 944 3773 Patrum,
977 3705 1072 3758 hoc
1100 3713 1195 3773 est,
1228 3704 1424 3760 Gelasii
1447 3724 1598 3777 papa:
1624 3727 1737 3762 cum
1765 3727 1866 3765 Lxx
1893 3712 2081 3782 episco-

488 3799 569 3870 pis
594 3798 953 3853 eruditissimis
984 3798 1104 3849 riris
1140 3798 1192 3850 in
1221 3801 1340 3852 sede
1369 3801 1652 3871 apostolica
1693 3803 1833 3858 urbis
1875 3803 2075 3874 Romae,

486 3901 536 3952 et
565 3889 847 3944 secundum
868 3889 1194 3942 traditionem
1224 3889 1284 3944 S.
1317 3891 1584 3947 Athanasii
1611 3895 1836 3966 episcopi
1854 3895 2078 3951 Alexan-

489 3984 617 4037 dria:
656 3983 896 4036 civitatis;
930 3981 1206 4036 Laudatur
1234 3999 1450 4054 quoque
1476 3985 1743 4042 Decretale
1783 3987 1981 4042 Gelasii
2018 3991 2079 4044 de

490 4075 640 4129 libris
672 4074 1004 4142 recipiendis,
1040 4084 1173 4142 etc.,
1208 4075 1364 4131 initio
1394 4077 1599 4133 codicis
1629 4079 1750 4134 Vat.
1780 4080 1916 4151 Reg.
1948 4082 2077 4136 551.

485 4167 695 4240 Ioseph
723 4165 1050 4222 Blanchinus
1082 4167 1134 4220 in
1163 4167 1379 4236 Proleg.
1408 4169 1475 4223 ad
1504 4181 1541 4226 t.
1573 4169 1641 4224 IV
1670 4175 1857 4227 Anast.
1889 4189 2074 4244 opusc.

489 4260 544 4326 3,
596 4275 662 4314 ex
693 4257 1072 4328 antiquissimo
1102 4257 1291 4314 codice
1326 4259 1648 4317 Florentino
1695 4263 1904 4318 titulum
1948 4281 2077 4336 pro-

484 4351 595 4406 fert
640 4369 651 4403 :
701 4350 894 4419 Incipit
936 4350 1197 4404 decretum
1245 4352 1307 4405 de
1351 4353 1661 4422 recipiendis
1692 4367 1738 4409 et
1774 4357 2078 4429 abjiciendis

489 4444 653 4512 libris,
686 4441 825 4514 quod
845 4442 1091 4514 scriptum
1118 4451 1188 4496 est
1216 4460 1247 4497 a
1275 4440 1481 4498 Gelasio
1515 4462 1652 4516 papa
1680 4463 1793 4500 cum
1821 4465 1929 4503 Lxx
1963 4466 2078 4503 eru-

489 4535 756 4589 ditissimis
775 4534 898 4586 viris
921 4523 1173 4604 episcopis
1193 4534 1245 4587 in
1278 4536 1395 4588 sede
1416 4539 1718 4608 apostolica,
1742 4539 1864 4593 urbe
1885 4539 2070 4597 Roma.
2102 4543 2154 4603 D
2181 4554 2457 4613 Ραεειιαιε,

491 4624 574 4679 Ex
600 4624 790 4680 codice
819 4638 948 4679 vero
971 4623 1232 4680 Vaticano
1261 4625 1507 4682 Palatino
1538 4645 1594 4683 n.
1622 4629 1747 4697 493,
1767 4631 1858 4686 fol.
1895 4633 2019 4699 101,
2049 4649 2080 4689 a

487 4716 644 4773 Justo
672 4717 980 4772 Fontanino
1024 4717 1152 4772 olim
1175 4760 1190 4784 ,
1237 4728 1291 4774 et
1319 4731 1504 4789 postea
1533 4722 1600 4777 ab
1631 4723 1748 4792 ipso
1780 4725 2076 4783 Blanchino

402 4878 404 4881 ι
484 4812 800 4884 diligentius
828 4811 1030 4865 collato
1058 4831 1070 4864 :
1099 4811 1297 4893 Incipit
1327 4814 1628 4869 decretalem
1661 4817 1680 4887 (
1711 4818 1788 4871 sic
1818 4820 2078 4877 mendose

480 4923 582 4977 pro
613 4904 901 4976 decretalc)
935 4906 1098 4958 sancti
1127 4903 1324 4959 Gelasii
1371 4923 1520 4975 papa:
1573 4910 1709 4963 urbis
1740 4910 1937 4968 Romte.
1972 4913 2080 4969 Va-

483 4999 595 5053 rias
627 4998 889 5055 lectiones
920 5012 986 5050 ex
1018 4995 1100 5050 his
1133 4995 1341 5050 duobus
1366 4997 1667 5063 codicibus,
1705 5011 1758 5055 et
1788 5017 1854 5057 ex
1885 5005 2078 5062 codice

485 5087 703 5144 Jurensi
747 5085 1038 5149 Chifﬂetii,
1085 5086 1172 5155 qui
1227 5100 1376 5154 saepe
1406 5085 1659 5143 Furensis
1698 5107 1886 5148 errore
1917 5104 2074 5166 typo-

483 5179 767 5250 grapltico,
801 5185 860 5230 ut
888 5187 1038 5245 puto,
1071 5177 1125 5230 in
1158 5177 1239 5232 eis
1268 5177 1479 5248 Proleg.
1509 5192 1757 5252 vocatur,
1785 5184 2078 5258 diligenter

481 5275 593 5346 83
621 5272 902 5326 annotavit
939 5271 1296 5325 Blanchinus.
1333 5271 1452 5326 Vidi
1481 5289 1580 5344 ego
1618 5278 1782 5332 etiam
1828 5282 2070 5337 codicem

481 5369 608 5425 Vat.
643 5367 817 5421 Palat.
873 5381 1023 5420 num.
1053 5363 1181 5428 405,
1229 5380 1336 5434 quo
1381 5375 1508 5421 ante
1552 5370 1838 5426 Decretum
1871 5373 2075 5430 Gelasii

483 5465 796 5516 continetur
825 5457 1040 5511 Missale
1071 5454 1400 5510 Gallicanum
1444 5469 1585 5513 retus
1614 5477 1642 5514 a
1672 5463 1806 5518 Ven.
1839 5466 2079 5524 Thoma-

491 5557 572 5610 sio
622 5552 864 5613 dictum,
918 5549 1077 5617 cujus
1146 5549 1525 5617 antiquitatem
1587 5553 1970 5627 lllabillonius,
2027 5574 2082 5618 et

497 5643 827 5700 Thomasius
852 5640 1206 5696 vehementer
1236 5653 1592 5713 exaggerant.
1627 5648 1733 5702 Sed
1773 5651 2079 5711 Leslcusin

503 5739 712 5810 prtut‘at.
759 5733 825 5790 ad
870 5733 1084 5791 Missale
1133 5733 1424 5791 Gothicum
1475 5753 1621 5794 num.
1681 5742 1786 5797 290
1841 5748 2082 5818 conjicitl

2176 1873 2244 1928 de
2287 1872 2511 1928 Sedulio
2559 1891 2571 1927 :
2621 1872 2754 1930 Item
2784 1876 3091 1946 uenerabilis
3131 1879 3230 1933 viri
3258 1879 3464 1936 Sedulii
3507 1880 3775 1938 Paschale

2179 1964 2345 2035 Opus,
2377 1967 2512 2035 quod
2550 1968 2769 2022 heroicis
2796 1969 3071 2040 descripsit
3097 1971 3345 2040 versibus,
3388 1975 3580 2047 insigni
3610 1977 3774 2031 laude

2174 2060 2520 2130 prwferimus.
2563 2060 2654 2117 Sic
2697 2063 2860 2118 etiam
2911 2063 3206 2122 Gratianus
3253 2067 3504 2124 distinct.
3539 2050 3773 2136 45,‘s0d

2176 2153 2486 2223 proferimus
2527 2169 2626 2224 pro
2670 2157 2995 2228 prteferimus
3034 2175 3051 2212 :
3096 2176 3195 2231 pro
3226 2161 3448 2220 diversa
3493 2167 3773 2235 scriptura

2177 2253 2398 2301 notatur
2446 2249 2776 2318 preferimus.
2824 2249 3008 2306 Codex
3047 2251 3397 2310 Florentinus
3426 2258 3568 2327 apud
3599 2257 3774 2313 Blan-

2176 2337 2395 2393 ehinutn
2422 2383 2435 2406 ,
2472 2349 2527 2396 et
2555 2339 2806 2397 Jurensis
2852 2343 2993 2413 apud
3025 2342 3356 2402 Chiflletium
3397 2349 3730 2421 ρνωίετὶπιιιε
3757 2366 3777 2405 :

2179 2429 2470 2488 Vaticanus
2516 2449 2670 2488 num.
2702 2433 2834 2492 1541
2870 2435 2975 2492 hoc
3019 2439 3220 2507 ipsum,
3248 2442 3497 2511 quamvis
3529 2443 3584 2497 in
3619 2457 3778 2498 com-

2177 2523 2378 2591 pendio
2408 2524 2737 2592 litterarum,
2769 2527 2913 2597 quod
2942 2527 3100 2586 facile
3126 2531 3193 2586 ab
3218 2531 3452 2588 incautis
3479 2533 3620 2589 trahi
3648 2550 3778 2605 pos-

2177 2615 2248 2670 sit
2290 2615 2357 2670 ad
2399 2618 2735 2688 proferimus.
2766 2619 2951 2676 Codex
2981 2621 3099 2681 Vat.
3136 2623 3268 2695 Reg.
3303 2625 3446 2681 6018
3471 2627 3626 2683 clare
3656 2646 3779 2699 pre-

2180 2707 2414 2776 ferimus.
2467 2708 2674 2764 Auctor
2718 2711 2902 2780 operis
2945 2711 3013 2767 de
3047 2713 3300 2771 Numeris
3350 2719 3405 2771 in
3448 2716 3583 2774 Cod.
3644 2718 3773 2773 Vat.

2179 2798 2313 2870 Reg.
2364 2800 2464 2856 199
2496 2803 2684 2872 paucis
2714 2804 3052 2860 immutatis:
3078 2804 3211 2862 Item
3237 2811 3518 2864 uenerandi
3545 2813 3648 2866 uiri
3678 2812 3778 2869 Sb

2179 2889 2313 2944 dulii
2346 2893 2574 2965 episc0pi
2606 2892 2859 2950 Pascltale
2891 2896 3052 2969 Opus,
3085 2916 3232 2967 quem
3263 2901 3405 2972 (lege
3427 2903 3588 2975 quod)
3628 2907 3777 2961 theo-

2177 2982 2299 3036 ricis
2346 2986 2573 3039 uersibus
2621 2986 2920 3059 descripsit,
2969 2991 3163 3063 insigni
3211 2992 3365 3048 laude
3418 2998 3777 3067 prteferimus.

2179 3072 2359 3130 Codex
2397 3075 2570 3132 Vatic.
2603 3078 2771 3134 Palat.
2803 3083 2943 3150 apud
2969 3082 3326 3140 Blanchinum
3356 3087 3411 3140 in
3446 3097 3596 3143 textu
3633 3093 3782 3161 refe-

3258 3194 3276 3230 :
3327 3177 3470 3233 idem
3505 3181 3687 3236 codex
3722 3185 3779 3238 in

2183 3259 2619 3331 textuISedulii,
2652 3278 2762 3318 sec.
2797 3280 2914 3319 cur.
2946 3265 3189 3337 Sydulii,
3235 3269 3288 3324 in
3331 3279 3479 3326 textu
3529 3275 3778 3343 erroicis,

2181 3363 2294 3404 see.
2349 3367 2465 3407 cur.
2515 3355 2769 3423 eruditis,
2821 3358 2965 3427 quod
2996 3361 3280 3431 amplexus
3317 3375 3399 3419 est
3431 3365 3780 3423 Blanchinus

2183 3443 2552 3512 pro'lteroicis.
2589 3448 2782 3519 Pagins
2824 3461 3104 3521 postrema
3147 3456 3310 3519 verba
3359 3459 3441 3514 sic
3486 3461 3664 3516 refert
3696 3462 3781 3516 in-

2182 3534 2326 3605 signe
2369 3535 2524 3590 laude
2565 3539 2888 3608 prce/erimus
2921 3559 2938 3594 :
2969 3551 3133 3614 atque
3159 3547 3231 3601 ita
3261 3562 3450 3605 revera
3469 3551 3689 3622 legitur
3720 3553 3778 3608 in

2183 3626 2372 3682 codice
2399 3627 2569 3684 Vatic.
2604 3631 2762 3699 1341,
2791 3633 2924 3700 sed,
2973 3643 3034 3690 ut
3076 3639 3291 3707 opinor,
3340 3641 3529 3698 eodem
3574 3660 3775 3711 sensu,

2184 3734 2290 3774 non
2334 3728 2395 3775 ut
2434 3721 2644 3778 dicatur
2693 3741 2822 3796 Opus
2853 3729 3073 3801 insigne,
3105 3732 3200 3787 sed
3245 3734 3402 3789 laude
3428 3737 3652 3810 insigne,
3685 3742 3779 3794 vel

2183 3812 2395 3884 insigni.
2429 3813 2548 3869 Alia
2575 3816 2941 3889 discrepantia
2972 3833 3054 3878 est
3086 3825 3138 3878 in
3168 3825 3270 3881 hoc
3298 3827 3488 3883 codice
3507 3829 3778 3888 Vaticano

2185 3906 2820 3984 l3ll,descripseri185
2843 3929 2939 3984 pro
2965 3917 3256 3989 descripsit,
3276 3929 3333 3975 ut
3362 3923 3548 3979 cmteri
3573 3940 3773 3983 omnes

2183 3997 2480 4055 exhibent:
2510 4003 2655 4070 quod
2683 4007 3046 4063 omittendum
3085 4026 3114 4064 a
3147 4012 3309 4067 nobis
3341 4029 3448 4070 non
3479 4015 3610 4082 fuit;
3643 4034 3770 4075 nam

2183 4089 2310 4146 inde
2339 4090 2574 4150 fortasse
2611 4095 2824 4153 diversa
2869 4101 3116 4171 quaedam
3146 4103 3355 4160 decreti
3384 4106 3774 4179 interpretatio

2185 4184 2300 4239 erui
2331 4188 2554 4254 poterit,
2586 4199 2643 4244 ut
2666 4207 2811 4248 nunc
2835 4194 3036 4255 dicam.
3175 4266 3187 4272 ᾗ

2258 4278 2389 4334 155ῖ
2423 4274 2874 4341 AnimadverSum
2898 4289 3009 4359 jam
3041 4288 3143 4345 fuit
3169 4307 3320 4347 num.
3353 4294 3444 4360 34,
3476 4276 3768 4353 Sedulium

2183 4384 2374 4439 poema
2406 4388 2560 4430 suum
2601 4379 2840 4437 voluisse
2868 4383 3050 4439 vocari
3076 4382 3294 4441 Carmen
3326 4386 3604 4458 Paschale,
3642 4408 3772 4460 pro-

2182 4476 2297 4518 sam
2324 4458 2610 4533 vero,sive
2635 4469 3137 4542 interpretationem
3169 4489 3359 4547 postea
3387 4481 3592 4536 editam
3621 4458 3767 4556 Opas

2488 4560 2710 4619 Juretus
2731 4607 2746 4630 ,
2791 4567 2880 4636 qui
2913 4570 3118 4638 primus
3145 4572 3386 4627 omnium
3418 4589 3636 4645 prosam
3671 4577 3770 4632 Se-

2146 4696 2149 4698 _
2185 4647 2316 4704 dulii
2369 4652 2629 4723 vulgavit,
2679 4657 2992 4727 expendens
3023 4661 3184 4716 verba
3216 4661 3446 4731 Gelasii,
3481 4669 3575 4737 qui
3622 4667 3766 4740 Opus

2184 4740 2475 4813 Pass/tale,
2526 4755 2580 4801 et
2623 4763 2811 4805 versus
2862 4752 3141 4821 heroicos,
3192 4757 3390 4826 quibus
3430 4758 3766 4830 descriptum

2185 4834 2304 4904 luit,
2343 4841 2606 4909 nominat,
2639 4845 2935 4913 concludit,
2968 4846 3137 4902 videri
3167 4848 3444 4904 Gelasium
3474 4863 3766 4923 utrumque

2184 4942 2322 4997 opus
2353 4934 2823 5002 comprehendere
2858 4939 3114 4994 voluisse.
3144 4941 3288 4997 Sane
3329 4945 3631 5014 propositio
3662 4945 3766 5001 Ge-

2183 5021 2302 5076 lasii
2349 5024 2742 5094 aliquantulum
2794 5029 3022 5085 obscura
3072 5041 3187 5102 est,
3234 5017 3396 5104 atque
3445 5035 3584 5092 adeo
3614 5037 3766 5092 locus

2180 5117 2506 5184 conjiciendi
2555 5134 2675 5176 esse
2725 5130 2930 5191 potest,
2979 5138 3046 5177 an
3079 5133 3334 5194 oporteat
3382 5128 3568 5197 legere
3619 5129 3765 5198 Opus

2180 5205 2471 5276 Pasc/tale,
2518 5221 2567 5266 et
2595 5214 2732 5283 quod
2776 5214 2996 5270 heroicis
3040 5217 3310 5290 descripsit
3341 5220 3589 5275 uersibus.
3632 5221 3765 5278 Cum

2181 5310 2364 5358 autem
2415 5305 2466 5358 in
2518 5306 2746 5374 epistola
2775 5309 2840 5363 ad
2886 5309 3258 5367 Macedonium
3292 5315 3572 5384 praemissa
3601 5316 3767 5387 Operi

2183 5393 2455 5464 Paschali,
2489 5400 2602 5454 sive
2633 5415 2831 5470 prosae,
2864 5403 3117 5461 Sedulius
3145 5407 3324 5477 dicat,
3363 5425 3422 5465 se
3451 5411 3595 5466 idem
3629 5427 3768 5484 opus

2128 5555 2141 5559 -
2183 5497 2342 5542 antea
2375 5504 2536 5544 versu
2568 5491 2891 5564 digessisse,
2923 5496 3171 5554 dubitare
3205 5503 3401 5557 merito
3433 5503 3632 5573 aliquis
3675 5522 3768 5576 po-

2184 5579 2344 5644 terit,
2395 5599 2520 5637 num
2575 5595 2785 5642 retenta
2836 5590 3100 5660 scriptura
3147 5593 3354 5649 codicis
3382 5593 3556 5649 Vatic.
3606 5597 3764 5662 13H,

2186 5673 2324 5740 quod
2347 5673 2566 5730 heroicis
2589 5678 2913 5750 descripserit
2937 5685 3183 5754 ret-sibus,
3206 5687 3579 5744 mensGelasii
3602 5687 3764 5746 fuerit

2191 5760 2410 5823 laudare
2444 5768 2591 5839 Opus
2616 5771 2897 5842 Paschale,
2929 5776 3071 5847 quod
3122 5790 3190 5834 ex
3238 5779 3557 5851 praefatione
3600 5781 3761 5841 intel-
