3826 6336
115 462 185 514 .‘J'i
1266 438 1659 496 EI’ISTOLARI

1781 439 1976 520 tinea
2020 440 2079 494 ll.

3187 423 3292 486 I36

113 586 153 619 rc
192 561 461 635 polliceris,
492 557 854 613 vehementer
889 550 1189 621 amplector.
1225 548 1626 617 Atqueantinatu
1658 600 1659 605 η

1765 549 1868 601 ium
1911 550 1992 603 νει
2035 548 2280 602 invidiam
2325 544 2680 616 possessionis
2722 556 2853 598 mete
2886 540 3029 608 parvi
3080 537 3290 605 agelluli

113 671 150 711 te
170 632 330 711 donius
354 660 458 705 tota
488 646 814 703 comitetur!
841 650 894 695 ut
918 650 971 696 et
990 640 1140 694 nobis
1170 638 1406 692 laztitiam
1433 632 1626 705 plenio-

117 764 202 801 mn
227 745 401 799 tribuat
430 740 697 793 adventus
724 733 955 788 omnium
974 770 988 793 ,
1019 740 1070 784 et
1098 727 1193 782 tibi
1222 741 1379 781 causa
1424 741 1527 779 nou
1556 728 1625 777 sit

116 839 237 893 citius
254 836 465 903 patriam
490 815 805 883 recurrendi
828 864 843 887 ,
889 820 1148 876 desiderio
1167 828 1219 872 et
1246 833 1428 871 amore
1456 831 1628 871 rema-

117 928 331 983 nentium.
361 921 506 975 Vale.

622 984 833 1039 EPIST.
873 980 1079 1035 XXVII.

415 1095 725 1136 ειυιλςιιυε
765 1088 1015 1130 ηΑνιΑκο
1056 1085 1261 1125 FRATRI.

170 1172 387 1243 Quamvis
416 1172 619 1226 litteras
650 1181 795 1221 meas
835 1166 965 1217 fama
995 1158 1312 1230 praevenerit
1333 1199 1347 1222 ,
1385 1172 1501 1225 quae
1545 1171 1631 1208 ex-

117 1276 345 1324 oneratam
367 1274 417 1317 te
449 1260 673 1330 publicis
699 1251 1097 1311 necessitatibus
1119 1250 1381 1304 nuntiavit
1406 1265 1421 1301 ;
1455 1258 1627 1300 tamen

118 1374 201 1428 quo
225 1357 407 1410 ﬁdelior
447 1361 589 1408 esset
631 1352 856 1404 assertio
877 1388 892 1411 ,
921 1343 1131 1412 scriptis
1170 1341 1427 1413 confirmo
1451 1353 1631 1393 rumo-

120 1464 227 1503 rem.
250 1446 343 1501 Sed
386 1445 503 1497 licet
530 1441 755 1511 publica:
781 1438 856 1492 rei
881 1434 1218 1489 absolutione
1259 1431 1480 1492 laeteris,
1512 1427 1633 1481 volo

121 1554 159 1595 te
181 1542 431 1593 alversum
468 1536 671 1588 incerta
713 1528 903 1585 muniri
938 1547 950 1581 :
983 1526 1232 1580 videlicet
1262 1532 1320 1577 ut
1347 1522 1444 1576 sub
1475 1523 1635 1576 Arto-

121 1646 211 1685 rum
236 1627 547 1683 confectione
561 1620 856 1681 tuorum,si
880 1617 1051 1672 adhuc
1072 1616 1270 1670 retines
1290 1598 1630 1681 poteSIatem,

120 1722 185 1776 vel
212 1721 402 1775 victria:
432 1715 791 1785 praefectura,
822 1724 938 1778 qua:
968 1706 1059 1761 tibi
1084 1704 1319 1773 poscenti
1348 1717 1495 1771 aequa
1527 1714 1630 1753 neu

122 1811 275 1875 deerit,
307 1806 587 1877 diligentia:
632 1812 736 1857 tua:
780 1800 918 1855 razio
962 1797 1272 1865 digeratur:
1322 1808 1438 1862 qua:
1466 1791 1632 1859 possit

1732 642 2084 716 retentionem
2111 640 2290 701 cessit,
2322 652 2443 693 cum
2473 638 2544 691 illi
2577 646 2685 690 tota
2720 632 3046 687 mulierculae
3079 631 3291 699 promit-

1730 741 1928 787 teretur
1960 731 2276 786 btcreditas?
2305 730 2434 785 Nam
2456 720 2721 783 referendi
2747 726 2863 779 lta'c
2896 725 3006 777 sola
3044 725 3292 791 prtef'ecto

1730 824 1885 879 Urbis
1924 825 2059 878 ratio
2108 824 2238 889 fuit;
2271 837 2373 876 non
2415 831 2837 888 utrecep'arum
2878 814 3291 886 aprcllationum

1730 929 1939 984 poenam
1968 913 2160 968 Sicilia:
2200 921 2374 967 rector
2418 911 2710 968 exsolveret
2738 947 2754 966 .
2790 905 2893 979 sed
2939 914 2992 956 ut
3036 881 3284 967 iniuriam

1727 1022 1876 1059 suam
1907 1004 2040 1056 sacri
2072 1002 2316 1056 audizorii
2339 1001 2580 1069 cognitor
2603 997 2910 1049 vindicaret.
2935 995 3081 1046 Nunc
3100 992 3289 1043 rescri-

1730 1084 1841 1150 ber§
1860 1105 1943 1148 tur
1972 1096 2021 1147 in
2046 1107 2279 1156 causam,
2312 1101 2423 1160 post
2452 1088 2726 1143 victoriam
2751 1100 2943 1143 meam,
2968 1091 3145 1133 co:.tra
3169 1095 3291 1133 sen-

1731 1188 1945 1241 tentiam
1972 1186 2329 1253 prmfccturae,
2371 1183 2455 1235 cui
2495 1196 2616 1248 pars
2653 1178 2877 1231 adversa
2918 1173 3201 1227 consentit.
3233 1170 3287 1224 Si

1732 1279 1915 1332 relatio
1955 1274 2018 1328 ad
2061 1278 2320 1328 fornmatn
2370 1272 2566 1340 negotii
2620 1269 2928 1336 pertineret,
2979 1272 3032 1317 et
3074 1261 3289 1328 supple-

1734 1380 1932 1433 menta,
1974 1367 2056 1422 vel
2106 1362 2447 1419 refutatorios
2488 1362 2761 1429 iurgantes
2805 1354 3106 1415 dedissent;
3143 1364 3293 1417 rogo,

1732 1461 1799 1515 de
1819 1459 2011 1528 quibus
2036 1454 2332 1511 actionibus
2361 1450 2700 1519 iudicabitur,
2730 1459 2861 1515 quas
2892 1444 2943 1497 in
2972 1442 3149 1496 Sicilia
3179 1449 3295 1504 lost

1732 1550 2139 1619 appellationem
2174 1560 2342 1599 meam
2378 1556 2499 1609 pars
2541 1555 2641 1592 una
2687 1532 3053 1603 deprompsit,
3101 1529 3294 1599 quibus

1737 1640 2126 1709 tyrannicarum
2153 1646 2445 1702 temporum
2470 1617 2614 1698 gesta
2643 1626 2839 1680 sociata
2859 1622 3016 1675 sunt?
3037 1619 3127 1673 Ta:
3155 1629 3187 1671 ti
3216 1626 3296 1671 est

1737 1730 1929 1786 invidia
1978 1726 2108 1789 mei,
2159 1739 2206 1777 ci
2252 1730 2398 1788 grata
2438 1718 2697 1787 aliquibus
2739 1710 3101 1778 reprehensio.
3158 1705 3296 1758 Cede

1736 1820 2128 1878 adversantium
2151 1814 2428 1877 voluntati,
2445 1822 2498 1864 et
2518 1809 2732 1863 domino
2748 1814 2930 1859 nostro
2953 1800 3299 1854 invictissime

121 1899 382 1961 wendm’
408 1903 533 1964 qum
553 1904 789 1986 “9mm
825 1888 1068 1986 “.mmaha
1099 1885 1635 1986 ωηοςῗῃδζθιηδιυθ
1667 1895 1712 1955 Β
1743 1914 1962 1986 principi
1992 1907 2295 1966 Theodosio
2338 1918 2548 1972 semper
2590 1907 2811 1966 augusto
2851 1894 3070 1960 dignare
3111 1902 3298 1955 sugge-

122 1996 330 2056 app‘iratu
355 1984 667 2040 instruteris
693 1979 1026 2041 mansiones,
1059 1985 1112 2032 et
1134 1980 1387 2043 quantum
1414 1972 1465 2024 in
1510 1971 1631 2023 titu-

122 2080 172 2131 lis
190 2070 709 2143 fiscalibusesigendis
725 2079 811 2123 tun
837 2082 959 2121 cura
987 2065 1330 2135 promoverit.
1359 2061 1467 2114 lloc
1491 2059 1634 2113 enim

123 2171 379 2224 testimonio
422 2166 704 2221 adversum
753 2174 937 2215 omnes
982 2159 1063 2211 vel
1094 2156 1341 2210 fortuitas
1368 2150 1633 2223 querelas.

122 2268 185 2314 vel
211 2258 453 2313 affcctatas
483 2255 703 2310 insidias
733 2250 1041 2322 protegeris.
1069 2247 1215 2302 Vale.
1363 2237 1367 2241 ’

580 2362 797 2418 EPIST.
842 2358 1068 2416 XXVIII.

435 2469 745 2511 εῑηιιιςιιυε
784 2464 1038 2505 ηΑνιΑΝο
1078 2462 1287 2502 ιιιλτιιι.
1320 2460 1333 2465 “

182 2559 349 2622 Argue,
377 2561 432 2605 ut
460 2552 562 2615 vis,
591 2562 769 2602 rerum
794 2543 1012 2598 consilia
1045 2550 1163 2609 post
1185 2538 1407 2601 exitum,
1435 2543 1491 2590 et
1514 2532 1643 2588 milii

129 2644 229 2697 vitio
251 2632 389 2697 vL-rte
412 2682 428 2705 ,
456 2640 597 2709 quod
638 2642 1003 2709 contemptum
1046 2631 1125 2685 sui
1170 2627 1480 2698 prmfectura
1518 2640 1646 2679 con-

129 2745 276 2801 questa
313 2743 409 2787 est.
441 2731 619 2785 Facile
646 2734 925 2782 accusatur
946 2723 1191 2777 desertus
1219 2717 1444 2770 auxilio.
1477 2714 1649 2783 Atque

131 2828 225 2882 ideo
262 2830 307 2880 in
337 2842 421 2880 me
445 2825 689 2891 recipere
718 2820 859 2875 malo
890 2817 1085 2871 erroris
1111 2812 1502 2868 confessionem
1530 2851 1544 2873 ,
1585 2822 1650 2858 ne

130 2922 405 2973 satamicos
442 2916 812 2985 negligentiae,
863 2916 954 2963 aut
989 2905 1321 2959 adversarios
1350 2898 1652 2968 asperitatis

132 3010 369 3064 incessam.
412 3007 595 3063 Fuerit
624 3006 880 3063 fortnam,
914 3013 1016 3051 non
1044 2992 1387 3050 conscientiae
1412 3002 1575 3053 meae,
1598 2996 1653 3039 ut

134 3102 270 3156 victus
304 3099 549 3161 viderer,
590 3095 679 3163 qui
728 3092 954 3146 necdum
994 3099 1259 3155 coeperam
1314 3084 1540 3151 litigare.
1588 3083 1655 3132 At

135 3194 261 3247 etiam
283 3191 468 3247 scribis
490 3228 506 3255 ,
546 3188 721 3242 causis
764 3181 1023 3237 similibus
1072 3175 1464 3234 abstinendum.
1498 3172 1657 3226 Vides

1736 2022 1875 2073 rere,
1908 2019 2015 2059 non
2043 2002 2207 2071 pluris
2234 1997 2370 2065 apud
2406 2011 2490 2047 mu
2538 1990 2749 2046 divitias
2779 1986 2988 2050 valere,
3034 1996 3188 2046 quam
3224 1978 3299 2028 fa—

1797 2113 1899 2153 am.
1933 2100 2133 2150 Bonum
2164 2091 2231 2145 de
2253 2104 2336 2142 me
2361 2086 2617 2156 judicium
2651 2078 2886 2149 parentis
2915 2073 3102 2141 publici
3129 2111 3141 2132 ,
3174 2084 3297 2122 eon-

1738 2187 2028 2247 servatoris
2050 2184 2173 2247 mei,
2192 2180 2358 2237 cuivis
2380 2186 2646 2245 antepono
2666 2166 3003 2242 patrimonio.
3027 2163 3083 2218 Si
3110 2162 3205 2229 plut
3226 2167 3302 2222 ct,
3416 2168 3419 2171 λ

1740 2291 1799 2338 ut
1826 2279 1969 2334 omni
1996 2291 2111 2331 mea
2145 2269 2479 2327 Iucreditaiia
2520 2264 2859 2336 possessione
2900 2254 3150 2311 d~'cedam
3173 2293 3185 2313 ,
3218 2251 3297 2303 lex

1746 2372 1874 2428 mihi
1905 2371 2027 2435 erit,
2056 2362 2308 2435 quidquid
2334 2358 2569 2414 omnium
2606 2355 2852 2410 dominus
2882 2350 3086 2418 placata
3119 2353 3303 2397 aucto-

1745 2465 1903 2519 ritate
1929 2458 2214 2516 censuerit.
2244 2454 2395 2507 Vale.

2299 2563 2516 2619 EPIST.
2556 2558 2747 2614 XXXI.

2098 2691 2403 2737 SYSIMACHUS
2436 2686 2693 2730 FLAVMNO
2728 2681 2937 2724 FRATRI.

1820 2818 1944 2875 Scio
1975 2827 2026 2872 te
2046 2816 2273 2869 amicum
2290 2797 2541 2880 justitize,
2578 2818 2629 2860 et
2659 2813 2923 2859 amantem
2954 2797 3056 2880 mei
3078 2836 3091 2859 ,
3140 2802 3192 2847 ct
3228 2805 3313 2847 vc-

1755 2928 1878 2967 reor
1912 2924 1979 2964 ne
2025 2906 2279 2974 suscipias
2318 2905 2483 2956 ultum
2526 2914 2619 2968 pro
2652 2894 2885 2949 absentis
2918 2874 3312 2943 existimatione

1755 3009 2048 3061 certamen,
2078 3006 2237 3064 atque
2266 2995 2321 3046 in
2361 3003 2412 3045 Ic
2441 2991 2613 3057 aliqua
2650 2986 2769 3041 odia
2810 2985 3146 3048 detorqueas.
3191 2977 3317 3029 Peto

1760 3093 1919 3162 igitur
1947 3090 2210 3158 quiescas.
2266 3085 2377 3138 Erit
2416 3082 2639 3135 fortasse
2672 3077 2821 3142 copia
2866 3073 2992 3126 ιιιὶιιί
3037 3066 3319 3122 all‘ercndze

1761 3183 2079 3255 quandoque
2108 3178 2345 3239 veritatis
2368 3173 2506 3242 apud
2536 3183 2792 3239 internum
2826 3163 3114 3233 principem
3154 3158 3321 3211 domi-

135 3292 347 3346 quintum
375 3283 540 3337 liceat
565 3277 798 3335 eventui.
827 3274 1033 3328 Oblitus
1059 3285 1120 3325 es
1151 3282 1358 3322 mortuo
1394 3279 1656 3320 meorum.

1765 3292 1886 3329 num
1934 3284 2172 3327 nostrum
2220 3266 2613 3329 Theodosium,
2668 3260 2819 3328 cujus
2858 3273 2977 3326 erga
3033 3269 3117 3307 me
3177 3253 3322 3303 favor

139 3368 225 3436 Ego
244 3385 283 3421 ν.
302 3383 360 3421 ro
383 3368 558 3421 solita:
579 3361 914 3417 verecundia:
935 3365 1181 3428 ignavum
1205 3368 1415 3426 quoque
1435 3353 1669 3423 jungam

138 3455 344 3512 timorem
362 3497 380 3521 ,
406 3466 462 3511 et
491 3451 686 3509 litteris
713 3452 818 3506 tuis
852 3462 1006 3515 agam
1053 3446 1281 3513 gratias,
1304 3457 1424 3508 quia
1449 3454 1535 3493 me
1560 3437 1658 3491 dc-

138 3548 275 3613 μείω
310 3546 444 3615 juris
484 3553 543 3599 et
591 3542 884 3595 amicorum
916 3536 1127 3597 llducla,
1156 3536 1221 3590 ad
1250 3533 1485 3589 omnium
1526 3529 1661 3600 inju-

139 3638 302 3692 τίει-ιω
327 3636 597 3692 silentium
634 3631 998 3707 cohortantur.
1028 3627 1172 3681 Vale.

662 3739 872 3795 EPIST.
912 3737 1103 3792 XXIX.

454 3846 765 3890 SVUIACBUS
804 3844 1059 3884 FLAVIAN!
1096 3842 1308 3881 FRATRI.

196 3925 285 3981 Pro
312 3926 529 3996 optimis
560 3924 687 3978 viris
720 3921 977 3995 quisqus
1018 3919 1335 3983 intervenit,
1368 3930 1471 3969 non
1500 3915 1669 3983 magis

141 4023 317 4077 illorum
336 4020 751 4088 vincturjuvare
777 4016 1322 4090 comtnodum,lquam
1346 4025 1496 4063 suum
1519 4024 1666 4063 com-

142 4114 357 4169 mendare
388 4111 670 4181 judicium.
716 4107 892 4174 Quare
938 4106 990 4159 in
1022 4120 1117 4169 eo,
1159 4102 1299 4171 quod
1344 4102 1521 4156 fratris
1567 4100 1670 4154 mei

142 4202 321 4260 ιιυιωι
346 4202 610 4259 desideria
633 4199 826 4256 litteris
844 4212 1154 4266 prosequor,
1172 4210 1276 4248 non
1306 4204 1410 4246 tam
1436 4192 1507 4246 illi
1533 4193 1670 4254 usui,

145 4307 274 4361 quin
300 4295 425 4348 mihi
450 4292 595 4348 laudi
626 4299 727 4345 est.
754 4289 851 4342 Est
868 4288 1010 4341 enim
1033 4287 1135 4339 vita
1160 4285 1523 4338 eternditione
1540 4282 1673 4334 libe-

144 4383 299 4439 hlium
318 4383 721 4452 disciplinarum
749 4378 947 4447 pariter
963 4375 1206 4441 insignis,
1236 4388 1405 4441 neque
1427 4371 1520 4425 ulli
1544 4386 1675 4440 prte-

144 4478 360 4530 staatiom
400 4473 839 4545 pltilOSOpliorum
878 4468 1171 4530 secundus,
1200 4480 1262 4520 ac
1286 4474 1566 4534 propterea
1592 4473 1677 4518 tua

146 4564 473 4619 familiaritate
496 4561 861 4631 dignissimus.
898 4557 1066 4626 Cujus
1097 4558 1190 4612 tibi
1235 4556 1441 4625 negotia
1465 4569 1586 4608 cum
1630 4556 1680 4607 in

144 4659 446 4713 mmissus
496 4652 810 4719 absolverit,
852 4665 1038 4721 quasso
1082 4661 1139 4703 ut
1178 4648 1531 4711 humanitate,
1575 4662 1714 4715 qua.

146 4745 291 4801 clarus
316 4763 409 4812 es,
435 4746 611 4815 justas
645 4744 931 4815 petitiones
960 4742 1234 4811 ingravate
1273 4738 1471 4792 auxilio
1498 4751 1681 4807 prose-

148 4837 317 4905 cutis.
353 4837 506 4893 Vale.

694 4901 909 4959 EPIST.
948 4900 1117 4957 XXX.

487 5009 797 5052 SYIIACHUS
828 5006 1089 5047 ηλνιιιιο
1119 5006 1331 5045 Πιλτιιι.

205 5087 510 5155 Quoanimo
549 5085 848 5156 acceperim
888 5082 1166 5138 Siciliense
1198 5083 1464 5152 negotium
1505 5080 1688 5135 vulne-

153 5192 314 5248 rat-tn,
355 5183 517 5240 facile
550 5181 857 5250 coniectas,
902 5175 989 5247 qui
1028 5191 1111 5231 me
1148 5177 1361 5231 noveris
1405 5177 1455 5228 in
1500 5175 1690 5230 alienis

156 5290 331 5349 φαμι
354 5280 715 5351 iudicatorum
747 5250 1031 5342 ini-{uitale
1073 5272 1318 5327 morderi.
1360 5272 1497 5338 Quin
1531 5272 1690 5324 etiam

156 5370 325 5425 mihi
365 5368 727 5439 imprudentis
772 5380 802 5416 a
844 5372 898 5419 te
935 5376 1126 5431 arguor
1156 5361 1225 5415 ob
1257 5363 1476 5416 amissa.
1527 5360 1692 5414 Recte

156 5456 390 5523 ιιὶιοιιτ
418 5459 563 5514 enim
591 5454 807 5525 speravi
848 5452 1225 5506 contumeliam
1268 5449 1407 5505 sacri
1446 5449 1690 5503 auditorii

160 5548 535 5606 Vit-dicandam?
577 5549 688 5605 Cur
719 5549 787 5600 de
818 5543 1009 5595 amicis
1042 5542 1274 5610 legitima
1312 5551 1369 5596 et
1392 5541 1528 5609 justa
1562 5556 1695 5608 prte-

160 5643 372 5705 ιιιιβὶἳ
419 5642 489 5709 Et
522 5657 632 5709 quo
657 5636 867 5693 redacti
899 5633 1118 5685 sumus?
1154 5633 1417 5689 Justitiam
1471 5633 1693 5699 pet-didi,

162 5729 530 5804 III-exspecto
561 5732 886 5787 vindictam.
936 5722 1045 5778 Iam
1082 5724 1233 5792 illud,
1275 5742 1381 5795 quo
1426 5724 1574 5794 ι).ιόιο
1616 5725 1691 5777 di-

162 5818 296 5890 Ιηιιο
326 5824 459 5894 φιού
485 5823 688 5880 Ρεοδιις
717 5818 906 5876 mitior
926 5814 1202 5883 iudicatur,
1228 5821 1315 5884 qui
1348 5818 1397 5871 in
1436 5816 1686 5885 praeiud—

1762 3362 1908 3425 fccit,
1942 3371 1996 3416 ut
2026 3357 2224 3428 aliquid
2257 3356 2469 3410 interim
2498 3351 2774 3406 moliretur
2796 3347 3012 3401 invidia.
3055 3344 3168 3397 Non
3198 3351 3323 3410 puto

1763 3450 1915 3529 lienis
1938 3447 2265 3518 tvmporibue
2286 3458 2403 3498 eam
2429 3457 2606 3497 Cauete
2634 3454 2768 3495 meae
2796 3435 3159 3492 conditionem
3188 3433 3324 3486 Iutu-

1764 3524 1908 3603 ram;
1930 3553 2051 3607 qua:
2069 3536 2169 3591 sub
2195 3545 2421 3605 tyranno
2441 3533 2571 3594 fuit,
2612 3532 2762 3599 cujus
2788 3527 2978 3583 litteris
3006 3526 3070 3578 ad
3104 3523 3325 3578 Marcel-

1766 3631 1858 3685 lini
1886 3628 2280 3696 suggestionem
2308 3623 2445 3676 datis
2474 3622 2715 3675 homines
2738 3633 2887 3672 meos
2913 3617 3016 3670 scis
3039 3630 3157 3667 esse
3189 3614 3323 3666 ntuI'

1769 3729 1927 3773 latos.
1966 3715 2115 3785 Quod
2146 3716 2197 3770 in
2222 3711 2523 3783 panegyrici
2545 3708 2856 3765 defensione
2878 3719 2981 3760 non
2998 3702 3159 3759 tacui.
3176 3696 3326 3754 vos.

2316 3845 2525 3901 EPIST.
2570 3840 2786 3897 XXXII.

2137 3973 2445 4014 SYIIMACIIUS
2473 3970 2727 4010 FLAVIANO
2750 3968 2960 4009 FRATRI.

1847 4091 2050 4147 Reddet
2088 4090 2181 4143 tibi
2223 4090 2426 4143 litteras
2463 4101 2647 4151 meas,
2692 4089 2779 4153 qui
2818 4093 2933 4136 tuas
2980 4078 3108 4133 mibi
3154 4074 3336 4129 debuit

1775 4182 2053 4240 exhibere.
2083 4178 2263 4247 Neque
2283 4180 2425 4231 enim
2445 4174 2630 4229 eadem
2654 4175 2804 4229 nobis
2832 4167 3335 4247 silentiiexcusatio,

1777 4287 1895 4339 qua:
1922 4270 2016 4344 tib_i
2042 4242 2298 4336 suppetit.
2335 4264 2413 4318 Te
2459 4262 2731 4332 multiplex
2767 4242 2978 4314 actuum
3006 4258 3335 4328 publicorum

1781 4362 1939 4418 turba.
1958 4360 2346 4421 circumsonat;
2369 4370 2469 4424 ego
2492 4354 2558 4407 ab
2577 4354 2823 4406 omnibus
2851 4349 3075 4419 negotiis
3102 4347 3336 4404 feriatus,

1783 4456 1932 4509 triste
1962 4452 2129 4506 otium
2177 4458 2312 4501 tero.
2369 4445 2434 4499 Et
2475 4443 2613 4512 quod
2652 4442 2723 4496 tui
2767 4441 2985 4493 honoris
3022 4438 3189 4505 gratia
3220 4446 3344 4488 ante

1795 4548 2076 4609 faciebant,
2107 4557 2248 4596 nunc
2277 4554 2395 4594 meo
2422 4552 2637 4591 assumo
2662 4535 2873 4588 solatio.
2908 4532 3343 4597 Levaturqnippe

1788 4629 2581 4709 mgriutdittganimus,quotirs
2608 4627 2660 4680 itt
2686 4626 2857 4679 ofﬁcia
2884 4623 3049 4676 amica
3081 4621 3342 4687 dirigitur.

1787 4730 1868 4785 Me
1892 4744 1956 4783 ex
1985 4738 2141 4789 vero,
2173 4739 2276 4777 non
2313 4722 2376 4774 ad
2405 4720 2625 4790 gloriam
2654 4717 2825 4786 loqui,
2870 4712 3099 4768 scees~io
3128 4726 3243 4764 mea
3272 4719 3347 4763 te-

1788 4822 1883 4877 stis
1912 4829 2013 4875 est.
2044 4818 2171 4872 Nam
2200 4831 2319 4870 cum
2348 4813 2535 4867 dolore
2564 4809 2777 4866 saucius
2806 4817 3086 4862 aestuarem
3115 4845 3129 4867 ,
3168 4802 3347 4856 sedem

1790 4912 2019 4967 dominre
2050 4905 2346 4962 communis
2376 4904 2610 4973 parentis
2639 4899 2789 4971 qttasi
2825 4898 2999 4951 fanum
3026 4893 3234 4962 aliquod
3260 4892 3348 4945 Dei

1791 4999 2038 5055 salutaris
2080 4997 2301 5051 accessi.
2343 4994 2492 5048 Nunc
2528 4993 2647 5059 ejus
2684 4988 2910 5041 consilio
2944 4986 3137 5038 vulnus
3176 4997 3351 5035 meum

1792 5096 1843 5148 in
1871 5092 2167 5148 cientricem
2194 5091 2461 5143 convenit.
2488 5086 2630 5137 Illius
2651 5080 2930 5151 acquiesco
2954 5076 3187 5137 monitis,
3214 5073 3355 5127 illius

1792 5199 1892 5251 0pc
1916 5182 2145 5251 reSpiro.
2174 5165 2374 5233 Adsunt
2400 5182 2560 5231 etiam
2588 5184 2795 5227 uetera:
2815 5166 3146 5244 venerabiles
3174 5179 3356 5217 ueces~

1795 5273 2055 5327 situdiues
2096 5282 2243 5323 tum:
2292 5278 2345 5322 et
2394 5267 2535 5335 quod
2571 5281 2655 5319 me
2696 5278 2804 5331 prae
2839 5258 3050 5315 cmtrtis
3076 5258 3244 5324 juvat,
3283 5254 3355 5306 tui

1796 5365 2033 5434 quotidie
2080 5361 2326 5415 blandam
2367 5355 2929 5411 commemorationem
2967 5364 3143 5404 sermo
3180 5356 3353 5400 uoster

1798 5464 2033 5509 exercet.
2066 5454 2177 5518 Qua
2209 5451 2274 5505 de
2306 5466 2365 5505 re
2393 5444 2861 5519 inter‘Campanim
2902 5442 3156 5496 terminos
3193 5438 3359 5499 major

1798 5561 1919 5615 pars
1944 5545 2143 5600 aestatis
2164 5543 2492 5613 agitabatur;
2524 5538 2735 5609 quando
2760 5544 2814 5589 et
2848 5531 3125 5603 prmseutia
3170 5528 3359 5593 placet,

1752 5654 1757 5659 ‘
1799 5645 1853 5691 et
1881 5651 1942 5690 ea
1970 5634 2203 5691 conditio
2226 5643 2307 5688 est
2328 5632 2533 5699 patrim,
2560 5627 2723 5697 utqui
2748 5626 2958 5680 excludi
2980 5638 3073 5691 per
3095 5616 3362 5687 improbos

1802 5740 2115 5795 possmuus,
2156 5726 2341 5791 abesse
2382 5721 2595 5785 interim
2634 5716 2777 5774 velut
2817 5732 2879 5773 ex
2918 5722 3097 5770 nostro
3143 5705 3364 5765 arbitrio

1804 5816 2106 5871 debeamus.
2144 5814 2298 5894 Vale.-
