3906 6376
204 203 308 261 497

1587 216 2102 281 PBOLEGOMENA
2117 267 2124 277 .

3369 233 3474 291 498

202 323 412 428 texerat
433 326 689 430 versibus
716 327 885 430 fuisse
909 332 1265 406 descriptum,
1288 340 1536 407 quamvis
1556 338 1786 396 Carmen
1814 336 1871 402 Δ
1893 339 2136 399 Ermoldi
2165 343 2354 430 Nligelli
2389 363 2485 418 pro
2523 347 2801 407 Ludovico
2834 351 3165 420 imperatore
3193 352 3335 427 apud
3361 353 3478 408 Mu-

203 416 378 488 ipsum
411 434 521 474 non
555 420 777 477 viderit.

272 509 400 564 151.
444 511 557 566 Hoc
609 523 768 582 pacto
804 515 961 572 facile
991 519 1133 574 solvi
1165 529 1348 590 posset
1377 521 1689 592 difﬁcultas,
1723 539 1788 579 ex

204 613 484 672 tempore,
535 621 646 675 quo
696 607 978 665 decretura
1010 611 1211 668 Gelasii
1261 615 1503 684 prodiit,
1544 633 1570 669 a
1602 618 1791 672 multis

201 697 435 765 objecta.
473 700 684 755 Dicitur
729 701 873 758 enim
915 704 1196 761 decretum
1230 708 1457 774 editum,
1492 710 1710 765 Asterie
1736 718 1792 765 et

201 788 473 845 Prtesidio
519 793 838 848 consulibus
883 813 895 848 :
939 805 994 850 et
1035 796 1266 852 Turcius
1315 799 1503 854 Rullus
1545 801 1792 856 Asterius

198 880 406 937 Sedulii
455 898 679 940 carmen
728 902 836 942 non
882 888 1135 960 collegit,
1185 901 1238 944 et
1279 891 1472 960 edidit,
1523 895 1627 949 nisi
1669 904 1794 965 post

198 975 545 1030 consulatum
572 995 586 1031 :
613 993 737 1034 nam
765 982 866 1034 etsi
891 980 944 1036 in
975 983 1256 1039 nonnullis
1285 986 1567 1042 codicibus
1593 987 1793 1042 dicitur

199 1067 415 1122 consule
459 1069 762 1136 ordinario,
815 1072 869 1126 in
919 1072 1195 1143 plerisque
1238 1086 1418 1133 tamen
1470 1093 1790 1148 expressum

201 1169 278 1214 est
316 1163 597 1217 cxconsule
629 1164 917 1221 ordinario.
969 1166 1139 1223 Nemo
1187 1169 1427 1238 dubitat,
1471 1173 1600 1242 quin
1644 1172 1793 1243 Opus

204 1251 509 1321 Paschale,
538 1257 652 1313 sive
683 1272 844 1327 prosa
878 1260 1228 1328 Seduliisine
1259 1280 1364 1335 ope
1391 1275 1447 1321 et
1476 1281 1606 1322 cura
1639 1272 1794 1324 Aste-

199 1346 270 1401 rii
316 1346 609 1416 prodierit.
642 1350 828 1406 Potuit
870 1367 1002 1424 ergo
1049 1355 1298 1411 Gelasins
1334 1357 1482 1427 Opus
1529 1359 1791 1416 Paschale

196 1441 624 1510 commendare,
672 1446 921 1514 quamvis
971 1448 1024 1502 in
1055 1450 1246 1519 vulgus
1294 1451 1499 1505 editum
1549 1452 1788 1508 nondum

196 1531 384 1590 fuisset
433 1535 670 1593 Carmen
715 1538 1000 1596 Paschale.
1048 1541 1413 1599 Nihilominus
1455 1545 1791 1614 probabilius

196 1643 418 1695 censeo,
455 1630 734 1687 Gelasium
765 1635 851 1690 vel
900 1644 1189 1707 utrumque
1242 1652 1399 1707 opus,
1451 1639 1538 1694 vel
1573 1640 1791 1708 potissi-

194 1735 338 1774 mum
359 1721 608 1789 ‘Carmen
637 1724 900 1782 Paschale
931 1728 1126 1798 insigni
1155 1730 1248 1784 illa
1281 1745 1379 1784 sua
1407 1730 1565 1786 laude
1599 1747 1790 1801 prose-
1819 1723 1868 1784 B

196 1821 376 1867 culum
428 1813 600 1870 fuisse
663 1836 674 1871 :
735 1818 1004 1890 siquidem
1055 1822 1357 1877 Juvencum
1407 1839 1528 1878 cum
1571 1824 1791 1881 Sedulio

196 1904 536 1976 conjungens
559 1949 574 1973 ,
606 1909 754 1966 illico
782 1911 993 1968 addidit
1017 1932 1030 1968 :
1059 1913 1190 1969 Item
1217 1916 1435 1970 Juvenci
1455 1917 1789 1974 nihilominus

197 1996 513 2054 laboriosum
549 2017 678 2070 opus
721 2021 823 2059 non
854 2008 1173 2078 spernimus,
1207 2011 1296 2063 sed
1326 2010 1576 2063 miramur
1618 2027 1638 2066 :
1685 2027 1790 2082 quo

197 2090 390 2159 innuit,
420 2092 651 2150 Juvenci
681 2111 903 2153 carmen
936 2115 1037 2154 nec
1068 2101 1248 2157 minus
1280 2101 1636 2168 laboriosum,
1686 2120 1790 2161 nec

197 2183 371 2238 minus
402 2186 564 2240 laude
592 2187 817 2258 dignum
849 2205 995 2246 esse.

267 2276 392 2331 155.
439 2277 640 2349 Pagius
687 2296 815 2351 ergo
855 2299 978 2337 cum
1036 2285 1156 2339 aliis
1191 2284 1315 2341 hinc
1354 2287 1561 2358 colligit
1602 2288 1790 2344 decre-

201 2374 310 2421 tum
339 2367 544 2423 Gelasii
583 2381 706 2440 post
745 2374 1089 2430 consulatum
1122 2376 1322 2432 Asterii
1355 2379 1560 2434 editum
1594 2379 1789 2436 fuisse.

200 2456 477 2526 TeSIatur,
510 2476 570 2516 se
602 2463 804 2520 vidisse
843 2468 1089 2523 codicem
1119 2484 1222 2524 ms.
1251 2472 1636 2542 antiquissimo
1662 2473 1795 2528 cha-

202 2561 407 2608 ractere
459 2563 744 2611 exaratum
789 2559 840 2612 in
892 2560 1212 2618 bibliotheca
1269 2565 1433 2636 Regia
1475 2568 1585 2640 85
1627 2568 1785 2624 Pari-

203 2657 364 2712 siensi
389 2703 403 2723 ,
423 2660 702 2730 aliumque
726 2663 778 2717 in
799 2661 1126 2720 bibliotheca
1147 2666 1438 2724 Parisiensi
1457 2669 1789 2740 S.-Victoris,

207 2768 232 2805 a
265 2752 457 2822 quibus
487 2755 678 2810 aberat
706 2765 834 2810 nota
869 2757 957 2812 illa
979 2761 1266 2828 temporis,
1296 2761 1501 2816 Asteria
1526 2774 1573 2816 et
1602 2763 1795 2818 Prasi-

207 2846 290 2899 dio
332 2846 652 2916 consulibus,
697 2865 860 2919 quam
890 2851 1158 2907 Baronius
1201 2855 1651 2910 ctConciliorum
1681 2857 1796 2912 col-

209 2940 437 2996 lectores
469 2941 698 2998 decreto
728 2941 933 2998 Gelasii
980 2946 1372 3014 ascripserunt.
1421 2948 1535 3003 Duo
1563 2948 1793 3004 Codices

211 3033 446 3089 Vatitani
495 3043 551 3090 et
580 3035 750 3091 codex
783 3036 1136 3094 Florentinus
1167 3052 1331 3108 supra
1377 3043 1791 3096 commemorati

214 3128 410 3196 pariter
440 3128 696 3199 ignorant
724 3128 990 3199 ejusmodi
1019 3139 1200 3184 notam
1233 3131 1617 3200 temporariam
1648 3148 1790 3189 :Jne-
1817 3106 1866 3171 ο

213 3237 311 3292 que
339 3221 531 3289 video,
563 3237 682 3276 eam
712 3223 781 3276 ab
813 3223 992 3292 aliquo
1040 3238 1107 3278 ex
1153 3223 1442 3293 designato
1483 3224 1654 3279 veteri
1687 3241 1790 3280 ms.

217 3324 455 3394 produci.
489 3323 856 3392 Quamobrem
895 3322 1096 3391 Pagius
1127 3323 1329 3393 arguit,
1367 3323 1595 3392 primam
1627 3337 1793 3393 syno-

214 3418 333 3472 dum
365 3418 664 3471 Romanam
696 3416 798 3470 sub
832 3415 1055 3471 Gelasio
1081 3415 1414 3470 celebratam
1447 3414 1615 3471 fuisse
1647 3430 1794 3470 anno

217 3508 340 3578 495,
370 3511 534 3565 tertio
562 3509 682 3562 idus
704 3508 901 3574 Martii,
933 3509 985 3562 in
1015 3522 1120 3578 qua
1144 3507 1384 3562 Misenus
1411 3505 1796 3577 reconciliatus

217 3614 295 3658 est
323 3597 440 3659 cum
473 3603 747 3668 Ecclesia,
781 3604 1050 3673 synodum
1083 3603 1376 3656 secundam
1407 3601 1487 3656 vel
1534 3611 1797 3656 autumno

221 3699 454 3769 ejusdem
499 3697 652 3763 anni,
683 3696 766 3750 vel
802 3698 980 3766 potius
1024 3711 1166 3750 anno
1203 3694 1475 3767 sequenti,
1510 3696 1564 3750 in
1597 3712 1702 3764 qua
1730 3697 1800 3752 de

221 3794 368 3849 libris
393 3792 722 3865 apocryphis
744 3799 946 3846 actum.
977 3790 1151 3845 Priori
1177 3791 1535 3845 interfuerunt
1556 3789 1799 3860 episcopi

223 3903 303 3952 ιν,
332 3888 623 3958 posteriori
671 3890 843 3951 usti,
878 3886 984 3947 vel,
1032 3893 1092 3938 ut
1140 3885 1389 3955 plerique
1431 3884 1525 3939 alii
1574 3883 1798 3950 habent,

222 3996 336 4035 ιιι.
375 3980 432 4036 lu
462 3966 897 4036 Collectionibtis
923 3966 1294 4032 Conciliorum
1329 3978 1411 4031 hac
1450 3965 1644 4047 synodi
1671 3991 1803 4033 con-

223 4078 436 4144 trarium
469 4076 723 4132 ordinem
756 4082 1001 4129 servant.

289 4171 405 4226 156.
448 4171 530 4225 Ex
551 4170 638 4224 his
668 4168 863 4224 idonea
885 4166 1100 4226 eruitur
1126 4165 1284 4233 ratio,
1306 4181 1402 4220 cur
1422 4163 1671 4221 Gelasius
1694 4176 1801 4222 tam

224 4265 474 4334 prmelaro
499 4262 682 4335 elogio
709 4261 990 4318 Seduliutn
1023 4259 1346 4316 mactaverit
1376 4277 1389 4313 :
1416 4275 1539 4313 nam
1571 4257 1804 4315 fortasse

225 4370 329 4409 rem
371 4363 578 4424 gratam
626 4352 806 4407 facere
846 4351 1020 4405 voluit
1065 4349 1271 4405 recenti
1329 4347 1530 4404 editori
1571 4347 1802 4410 Sedulii,

224 4447 330 4502 viro
367 4447 596 4516 patricio
623 4455 677 4500 et
706 4443 982 4516 consulari
1013 4442 1249 4497 Asterio.
1283 4439 1443 4497 Subit
1483 4441 1646 4495 etiam
1689 4440 1802 4496 ani-

226 4556 358 4595 mum
385 4540 678 4611 suspicari,
722 4555 788 4591 an
822 4538 1071 4592 Asterius
1119 4551 1314 4591 novam
1350 4535 1560 4592 Sedulii
1605 4535 1806 4591 editio-

228 4649 338 4688 nem
368 4633 585 4689 Gelasio
618 4630 880 4687 dicaverit
912 4647 925 4682 :
965 4645 1088 4684 nam
1119 4629 1370 4684 Asterius
1400 4627 1608 4696 Romae,
1643 4639 1700 4682 ut
1727 4628 1831 4683 vi—‘

229 4723 395 4791 detur,
427 4725 763 4796 epigramma
785 4737 941 4776 suum
969 4720 1208 4789 scripsit,
1239 4729 1292 4775 et
1316 4735 1606 4788 quemnam
1632 4720 1800 4774 alium

229 4816 558 4871 Sacerdotem
592 4816 661 4869 ab
701 4830 767 4870 eo
805 4813 1065 4884 appellari
1109 4812 1490 4882 conjiciemus,
1523 4812 1628 4868 nisi
1657 4827 1805 4867 sum-

232 4924 364 4963 mum
393 4907 703 4979 pontificem
733 4903 1054 4962 Gelasium?
1080 4905 1138 4960 lu
1162 4907 1338 4974 primo
1365 4920 1529 4962 versu
1559 4905 1803 4975 plerique

233 4999 438 5067 habent,
587 4992 608 5005 ’

343 5116 506 5178 Sume,
530 5127 675 5165 sacer
696 5113 905 5175 meritis,
932 5113 1122 5162 veracis
1143 5112 1272 5162 dicta
1293 5120 1453 5175 poetae
1487 5124 1501 5160 :

232 5218 538 5276 Sirmondus
569 5236 601 5276 e
633 5233 730 5273 suo
769 5217 958 5273 codice
1007 5217 1230 5286 protulit
1270 5217 1499 5295 veracia,
1535 5223 1590 5270 et
1620 5212 1804 5270 Cella-

237 5313 339 5367 rius
362 5331 390 5368 e
421 5315 539 5369 cod.
574 5313 738 5370 Cant.
776 5320 922 5381 pater
957 5325 1052 5380 pro
1082 5326 1244 5365 sacer.
1279 5310 1334 5364 ln
1364 5307 1500 5363 Cod.
1542 5308 1805 5363 Vaticano

239 5404 360 5476 Reg.
393 5407 418 5460 1
455 5423 552 5477 pro
607 5406 770 5462 Sume
813 5407 1013 5475 legitur
1060 5404 1294 5459 Summe.
1343 5403 1458 5458 Non
1509 5404 1807 5458 absurdum

238 5506 372 5551 esset
401 5508 568 5553 totum
604 5514 823 5552 versum
864 5499 945 5553 sic
985 5497 1305 5562 reformare,

351 5604 543 5659 Summe
569 5623 712 5660 sacer
736 5610 943 5668 meritis,
962 5611 1066 5659 veri
1086 5588 1399 5671 accipe-dicta
1426 5614 1605 5670 poetae.

245 5713 329 5771 Vel
358 5716 563 5772 Summe
585 5725 753 5784 pater,
784 5726 890 5771 etc.
926 5714 1126 5768 Verius
1147 5725 1328 5768 tamen
1352 5721 1483 5785 puto
1512 5727 1660 5766 sacer
1685 5710 1817 5767 sub-

247 5812 466 5866 stantivo
497 5811 659 5868 modo
682 5818 788 5883 pro
810 5808 1073 5865 sacerdos.
1106 5807 1198 5868 Sic
1221 5808 1276 5864 in
1300 5807 1542 5865 carmine
1573 5799 1817 5875 elegiaco

1892 436 2154 490 ratorium
2180 445 2315 492 tom.
2339 439 2405 509 ll,
2433 449 2574 512 part.
2600 457 2660 508 tt,
2686 443 2792 498 col.
2819 444 2870 511 3,
2899 443 3015 498 Hoc
3037 463 3185 500 sacer
3206 447 3483 519 aspiciens,

1893 534 2022 590 etc.,
2047 537 2102 581 et
2128 528 2477 598 Parrhasius,
2502 533 2657 604 cujus
2687 536 2848 592 verba
2873 553 3022 591 num.
3057 538 3158 594 190
3183 538 3479 606 exhibebo,

1893 617 2072 674 simile
2119 621 2378 691 quiddam
2416 624 2466 678 in
2496 624 2804 682 Prudentio
2844 629 3250 696 animadvertit,
3295 646 3488 699 quam-

1893 711 1972 766 vis
2000 713 2088 766 alii
2124 713 2175 768 in
2208 714 2490 772 Prudentii
2531 733 2685 798 versu
2711 737 2856 775 sacer
2883 721 3157 790 adjective
3188 722 3349 778 modo
3381 738 3480 778 su-

1895 815 2066 871 mant,
2115 817 2175 862 ut
2221 809 2329 862 dixi
2374 810 2441 864 ad
2494 812 2681 885 hymn.
2725 813 2919 870 Perist.
2974 830 3116 870 vers.
3166 816 3220 869 2.
3275 815 3479 873 Verum

1894 901 2112 957 etiamsi
2145 904 2445 960 retineatur
2474 922 2685 975 versus,
2722 917 2780 964 ut
2810 909 2862 965 in
2896 909 3178 981 plerisque
3204 925 3338 966 mss.
3385 927 3482 968 ex-

1895 1003 2023 1065 stat,
2056 1004 2235 1052 tamen
2265 999 2563 1068 probabilis
2594 1009 2679 1055 est
2699 1001 3040 1072 conjectura,
3073 1003 3351 1060 Asterium
3373 1003 3482 1062 Ge-

1895 1088 2030 1144 lasio
2054 1091 2300 1146 carmina
2342 1092 2552 1147 Sedulii
2580 1093 2870 1152 obtulisse.

1968 1203 2092 1258 157.
2131 1204 2474 1263 Fontaninus
2517 1206 2586 1263 de
2636 1208 2824 1280 Antiq.
2867 1209 3025 1264 Hort.
3082 1209 3122 1264 l.
3168 1226 3230 1279 tt,
3270 1226 3392 1282 cap.
3425 1211 3480 1280 5,

1895 1304 2106 1362 censet,
2137 1289 2423 1353 Sedulium
2450 1300 2562 1371 86
2594 1315 2750 1355 suum
2795 1315 3015 1357 carmen
3047 1301 3299 1372 vulgasse
3336 1306 3486 1359 circa

1895 1379 2092 1442 annum
2118 1387 2243 1454 434,
2271 1392 2414 1460 quod
2441 1400 2632 1459 postea
2666 1393 2926 1448 Asterius
2953 1409 3020 1448 ex
3047 1393 3268 1450 schedis
3296 1405 3487 1451 aucto-

1895 1479 1972 1533 ris
2003 1479 2361 1550 recognitum,
2393 1490 2447 1537 et
2486 1483 2834 1538 emendatum
2875 1484 3068 1553 edidit,
3117 1487 3472 1557 quemadmoo
3573 1548 3575 1550 ,

1893 1570 2020 1624 dum
2049 1570 2254 1627 fecerat
2279 1573 2457 1630 adhuc
2486 1577 2683 1631 consul
2713 1577 2779 1630 de
2821 1578 3044 1647 scriptis
3085 1578 3325 1648 Virgilii.
3355 1578 3483 1634 Cel-

1895 1663 2060 1718 larius
2084 1664 2196 1734 jam
2220 1658 2543 1722 observarat
2565 1669 2731 1723 verba
2753 1657 2926 1739 ipsius
2948 1670 3157 1725 Sedulii
3183 1672 3234 1725 in
3257 1671 3489 1741 epistola

1892 1759 1960 1814 ad
1992 1758 2364 1814 Macedoniam
2396 1763 2691 1832 praemissa
2724 1777 2902 1830 prosm
2929 1780 2942 1815 :
2973 1762 3246 1837 Paschalis
3280 1761 3485 1818 Carmi—

1895 1853 1974 1905 nis
2011 1861 2227 1917 teaztum,
2272 1853 2410 1922 quod
2453 1854 2630 1925 ofﬁcio
2677 1871 2824 1924 pura:
2863 1855 3145 1908 devotionis
3185 1855 3487 1926 simpliciter

1894 1952 2134 1997 executus
2163 1943 2302 1998 vobis
2350 1943 2509 1997 obtuli
2537 1945 2930 2018 perlegendum.
2969 1945 3109 2012 Quid
3155 1961 3287 2015 ergo
3316 1945 3487 2002 colle-

1893 2048 2048 2091 ctore
2074 2037 2399 2093 schedarum
2433 2053 2570 2108 Opus
2604 2039 2701 2093 fuit
2722 2039 2745 2092 ?
2769 2039 2986 2108 reponit
3015 2038 3313 2095 Cellarius.
3341 2041 3484 2096 Gru-

1893 2146 2063 2186 nerus
2108 2133 2426 2201 respondet,
2475 2134 2659 2189 verbis
2701 2134 2950 2189 codicum
3001 2150 3161 2200 mss.,
3193 2136 3482 2207 dispersum

1893 2225 2124 2296 reliquit,
2160 2241 2268 2280 non
2297 2224 2459 2280 nimis
2490 2241 2612 2282 esse
2645 2227 2996 2282 tribuendum
3026 2245 3040 2281 :
3078 2243 3202 2282 nam
3230 2227 3485 2284 Sedulius

1895 2317 2170 2387 integrum
2209 2332 2434 2373 carmen
2470 2317 2791 2386 Macedonio
2830 2319 3023 2374 obtulit
3071 2320 3483 2389 perlegendum,

1894 2410 1990 2466 sed
2024 2425 2132 2464 non
2163 2409 2335 2465 edidit
2361 2411 2414 2465 in
2451 2411 2751 2481 publicum.
2778 2411 2904 2467 Haec
2932 2427 3062 2481 ergo
3090 2427 3220 2466 cura
3245 2411 3344 2466 fuit
3386 2415 3488 2466 As-

1895 2501 2040 2570 terii,
2091 2512 2152 2556 ut
2200 2502 2435 2558 Carmen
2482 2503 2747 2558 Paschale
2778 2503 3112 2574 vulgaretur.
3156 2507 3487 2559 Arntzenius

1894 2597 2150 2660 advertit,
2183 2596 2394 2652 Sedulii
2426 2614 2649 2652 carmen
2692 2612 2798 2652 non
2831 2597 3006 2652 solum
3036 2599 3359 2664 collectum,
3380 2599 3477 2653 sed

1895 2693 2221 2747 adornatum
2252 2691 2321 2746 ab
2352 2691 2567 2746 Asterie
2589 2690 2780 2758 fuisse,
2816 2701 2872 2746 ut
2900 2691 3183 2762 inscriptio
3205 2693 3478 2761 epigram-

1896 2786 2057 2838 matis
2079 2783 2318 2854 praefert.
2353 2782 2488 2838 Cum
2512 2784 2662 2838 enim
2691 2783 2946 2838 Sedulius
2974 2798 3197 2837 carmen
3230 2783 3482 2838 Macedn-

1895 2877 1987 2931 nio
2008 2877 2321 2938 obtulisset,
2347 2886 2404 2931 et
2422 2876 2511 2930 hic
2531 2877 2813 2940 voluisset,
2842 2876 2893 2929 in
2922 2876 3156 2929 solutum
3181 2889 3492 2930 sermonem

1896 2969 2204 3037 transferri,
2234 2968 2456 3025 Sedulio
2480 2978 2642 3024 enata
2671 2978 2760 3024 est
2781 2969 3045 3038 suspicio,
3071 2983 3293 3024 carmen
3318 2969 3493 3038 ipsum

1897 3061 2218 3118 Macedonio
2248 3077 2357 3116 non
2390 3060 2680 3130 placuisse,
2705 3060 2949 3127 adeatjue
2977 3060 3214 3129 neglexit
3242 3075 3485 3124 carmen,

1894 3157 2049 3226 cujus
2071 3155 2302 3227 proinde
2331 3155 2577 3211 membra
2610 3155 2663 3209 in
2687 3155 2867 3208 varias
2905 3165 3091 3223 partes
3118 3153 3361 3224 dispersa
3397 3156 3485 3224 ja-

1894 3261 2145 3309 cuerunt.
2170 3252 2418 3308 Asterius
2445 3252 2606 3322 igitur
2627 3251 2890 3322 abjectas,
2916 3252 3306 3321 neglectasque
3331 3248 3490 3304 charo

1896 3357 1981 3402 tas
2007 3347 2250 3415 collegit,
2283 3345 2731 3426 atquelvulgavit.

1974 3482 2098 3538 158.
2139 3480 2216 3533 Ita
2257 3479 2612 3534 ratiocinatur
2659 3477 3015 3546 Arntzenius,
3069 3477 3195 3547 quia
3238 3475 3491 3533 Sedulius

1898 3573 2273 3639 Macedonium
2321 3571 2602 3641 alloquens
2634 3570 2688 3624 in
2727 3553 2958 3639 epistola
2987 3583 3163 3640 prosa;
3191 3571 3498 3638 praemissa,

1901 3670 1970 3725 de
1995 3667 2248 3724 Carmine
2276 3665 2524 3722 Paschali
2554 3665 2630 3719 ait
2662 3683 2674 3718 :
2707 3663 2858 3731 Quod
2885 3674 3056 3717 utrum
3086 3665 3360 3737 placuerit,
3380 3663 3495 3717 ideo

1901 3761 2153 3836 geminari
2178 3758 2423 3822 volueris,
2456 3774 2524 3810 an
2551 3757 2687 3832 quod
2725 3756 3020 3822 o/Tcnderit,
3054 3766 3108 3809 ut
3133 3757 3306 3828 potius
3341 3755 3490 3809 arbi-

1903 3867 2033 3919 tror,
2058 3854 2192 3925 stylo
2213 3852 2472 3908 censueris
2497 3850 2730 3906 liberiore
2756 3848 2997 3916 describi,
3030 3847 3122 3901 sub
3145 3848 3300 3901 dubio
3321 3847 3498 3902 videor

1902 3950 2155 4018 ﬂuctuare
2167 3946 2393 4018 judicio.
2428 3943 2553 3999 llaec
2581 3955 2758 3998 tamen
2781 3942 2916 3997 satis
2940 3956 3045 3994 non
3071 3956 3194 3996 esse
3216 3940 3492 4008 videntur,

1903 4049 1964 4094 ut
1991 4055 2192 4101 revera,
2216 4053 2436 4114 carmen
2464 4053 2494 4092 a
2521 4036 2744 4093 Sedulio
2771 4034 2977 4090 editum
3008 4047 3114 4087 non
3169 4033 3337 4088 fuisse
3368 4048 3493 4088 cre-

1903 4135 2096 4191 damus
2123 4150 2137 4186 :
2166 4147 2290 4187 nam
2321 4131 2502 4203 potius
2526 4130 2782 4187 Sedulius
2812 4129 3011 4191 innuit,
3044 4141 3263 4180 carmen
3296 4141 3324 4178 a
3357 4128 3494 4181 sein

1904 4228 2180 4300 publicum
2223 4217 2530 4291 emissum,
2561 4240 2682 4279 cum
2731 4222 2859 4277 illud
2888 4220 3213 4276 Macedonio
3240 4219 3443 4274 obtulit
3476 4237 3490 4272 :

1905 4327 1962 4376 et
1991 4319 2114 4390 quia
2148 4319 2362 4390 priores
2390 4316 2518 4372 libri
2551 4317 2760 4370 titulum
2795 4313 3065 4369 habebant
3090 4311 3363 4368 Carminis
3401 4312 3504 4368 Pa-

1811 4432 1821 4440 ·
1902 4411 2123 4477 schalis,
2178 4410 2384 4465 idcirco
2429 4423 2644 4479 prosam
2678 4407 2957 4476 inscripsit
3005 4405 3150 4478 Opus
3191 4403 3472 4460 Paschale.

1829 4490 2018 4559 DGur
2063 4518 2195 4572 ergo
2247 4517 2355 4556 non
2403 4507 2710 4567 teneamus,
2744 4498 2972 4553 editum
3013 4499 3178 4552 fuisse
3205 4513 3233 4550 a
3272 4495 3498 4552 Sedulio

1904 4596 2138 4654 Carmen
2186 4594 2470 4659 Paschale,
2503 4592 2602 4648 sed
2652 4592 2705 4648 in
2747 4599 2927 4646 certas
2960 4589 3242 4645 chartulas
3286 4589 3505 4670 disper-

1905 4691 2066 4747 sum?
2111 4689 2400 4759 Inscriptio
2461 4687 2872 4758 epigrammatis
2922 4683 3123 4738 Asterii
3170 4700 3278 4738 non
3349 4683 3500 4739 aliud

1903 4784 2110 4840 evincit
2146 4801 2158 4837 :
2189 4782 2305 4838 Hoc
2334 4800 2462 4856 opus
2500 4781 2752 4839 Sedulius
2797 4781 2847 4833 in
2897 4790 3063 4834 certas
3113 4778 3378 4834 carthulas
3419 4779 3500 4832 di-

1906 4894 2138 4950 spersum
2167 4877 2388 4948 reliquit,
2428 4885 2559 4940 etc.,
2587 4883 2645 4929 ut
2683 4889 2832 4928 num.
2869 4872 2972 4928 156
3020 4872 3382 4928 ostendimus.
3423 4872 3504 4926 Ex

1912 4988 2018 5042 quo
2049 4971 2232 5040 colligi
2266 4976 2468 5040 potest,
2500 4967 2878 5025 necessarium
2926 4983 3035 5022 non
3066 4983 3190 5023 esse
3220 4967 3500 5022 decretum

1913 5064 2113 5121 Gelasii
2143 5062 2212 5117 de
2259 5061 2418 5116 libris
2460 5061 2789 5135 apocryphis
2839 5070 2962 5130 post
2989 5075 3187 5115 annum
3224 5057 3352 5125 494,
3385 5060 3505 5116 sive

1914 5163 2035 5227 post
2062 5153 2406 5209 consulatum
2439 5151 2910 5209 Asterii'ditl‘erre.
2937 5151 3051 5207 Etsi
3079 5152 3220 5205 enim
3253 5151 3506 5208 Asterius

1913 5249 1966 5304 in
2015 5249 2410 5316 epigrammate
2459 5246 2769 5316 profitetur,
2811 5261 2908 5300 sua
2941 5260 3062 5314 ope,
3111 5253 3167 5299 et
3193 5261 3326 5300 cura
3357 5245 3502 5300 dicta

1915 5339 2119 5397 Sedulii
2149 5339 2319 5393 fuisse
2352 5339 2569 5407 populis
2600 5340 2759 5404 edita,
2791 5348 2967 5393 tamen
2996 5336 3049 5392 id
3083 5337 3500 5408 intelligendum

1913 5432 2020 5505 87
2051 5439 2135 5486 est
2161 5431 2228 5486 de
2249 5430 2492 5487 editione
2515 5431 2835 5502 elegantiori
2854 5430 3100 5496 omnium
3123 5432 3359 5502 partium
3385 5446 3505 5486 car-

1916 5527 2097 5589 minis,
2120 5540 2242 5596 qua:
2267 5534 2427 5579 antea
2457 5526 2510 5579 in
2539 5535 2715 5579 certas
2735 5523 3018 5581 chartulas
3036 5525 3298 5595 dispersa:
3326 5533 3503 5579 erant.

1917 5619 1995 5679 Ac
2023 5619 2259 5676 fortasse
2290 5619 2431 5688 quod
2455 5621 2525 5673 ita
2551 5620 2785 5689 primum
2810 5634 3032 5675 carmen
3061 5619 3267 5676 Sedulii
3295 5618 3509 5689 disperé

1917 5730 2034 5770 sum
2069 5713 2264 5779 fuerat,
2299 5728 2460 5768 causa
2489 5723 2595 5782 est,
2633 5726 2732 5767 cur
2764 5723 2911 5768 tanta
2939 5712 3009 5767 sit
3047 5712 3416 5782 discrepantia
3451 5711 3506 5766 in

1922 5807 2078 5864 libris
2127 5805 2546 5877 distinguendis,
2587 5815 2643 5863 et
2691 5805 3064 5872 numerandis,
3099 5813 3159 5862 ut
3198 5814 3411 5864 constat
3439 5822 3508 5862 ex
