3904 6322
386 215 391 221 ⁴
438 227 543 284 4.09

438 422 637 507 proue‘.

512 528 634 584 159.
674 525 893 582 Certum
932 519 1150 591 quidem
1185 524 1288 585 est,
1322 515 1451 569 olim
1495 513 1683 583 plures
1714 510 1927 575 doctos,
1962 521 2025 562 ac

439 620 659 676 nobiles
682 618 825 670 viros
852 613 1109 682 operibus
1131 620 1377 665 veterum
1404 606 1752 673 scriptorum,
1781 599 2023 671 qumjam

438 712 584 782 vulgi
619 707 868 765 manibus
898 706 1236 769 terebantur,
1272 716 1471 757 novum
1524 699 1704 751 lumen
1746 692 2021 759 attulisse,

439 802 843 871 exemplaribus
867 801 1047 855 denuo
1073 799 1253 863 editis,
1287 793 1595 857 recensitis,
1620 798 1675 844 et
1695 787 2023 843 emendatis.

438 898 690 955 Asterius
730 897 871 967 ipse,
903 896 969 949 de
998 908 1106 962 quo
1134 892 1425 962 loquimur,
1458 882 1733 946 distinxit,
1762 893 1813 937 et
1838 894 2026 935 corre-

356 1031 373 1051 -.
436 992 516 1047 xit
544 989 792 1045 codicem
826 986 1067 1061 Virgilii,
1113 994 1168 1038 ιιι
1195 982 1447 1036 vidimus.
1496 977 1570 1030 Ex
1614 990 1761 1031 num.
1795 972 1864 1026 6?.
1893 985 2026 1024 con—

437 1090 568 1144 stat,
599 1080 1007 1137 Abundantium
1037 1076 1324 1147 quemdam
1348 1069 1645 1127 contulisse
1667 1068 1910 1122 codicem
1935 1080 2025 1117 ve-

436 1174 800 1233 tustissimum
833 1170 1060 1235 Sedulii,
1111 1168 1198 1235 qui
1244 1166 1297 1219 in
1329 1162 1659 1219 bibliotheca
1704 1156 2022 1211 Taurinensi

434 1278 773 1331 asservatur.
848 1262 1076 1319 (Ionoiiii
1144 1256 1612 1321 Chalcedonensis
1686 1249 2024 1321 exemplaria

437 1361 692 1428 contulit,
716 1368 772 1415 et
799 1355 1109 1415 emendavit
1137 1351 1392 1408 Rusticus
1418 1348 1682 1404 diaconus
1712 1344 1915 1400 sarculo
1944 1358 2022 1408 vr,

437 1455 590 1519 cujus
618 1449 779 1506 verba
805 1462 873 1509 ex
913 1460 1044 1506 mss.
1075 1444 1243 1500 refert
1265 1441 1515 1499 Lahheus
1542 1450 1670 1492 tom.
1706 1436 1770 1491 ιν
1807 1434 2024 1489 Coucil.

434 1544 541 1598 col.
575 1540 701 1609 309,
736 1546 859 1609 post
890 1538 1121 1608 primam
1148 1534 1422 1591 actionem
1457 1550 1469 1587 :
1499 1530 1741 1587 Rusticus
1769 1543 1860 1599 per
1898 1540 2022 1597 gra-

435 1639 559 1690 tiam
593 1633 686 1690 Dei
727 1632 979 1689 diaeanus
1017 1637 1213 1690 sancta
1247 1625 1491 1682 Ecclesia:
1525 1623 1774 1677 "autem:
1804 1616 2019 1681 contuli,

1728 203 2005 263 C(ELIUS
2040 199 2398 259 ειιζῐιιιιλυξ.

430 358 582 399 num.
634 340 701 395 51
760 352 876 408 seq.
931 335 1163 390 Consule
1216 340 1326 386 not.
1370 329 1456 400 1-2
1505 327 1569 381 ad
1622 325 2021 381 dedicationem
2053 323 2101 381 Α

2256 342 2317 391 Ut
2341 340 2535 403 quidam
2556 336 2769 403 arliiiees
2788 339 2952 403 nostra
2971 329 3151 403 faciunt
3177 326 3379 403 saeculo,

2257 396 2585 462 Qui'pretium
2605 400 2837 459 operibus
2859 396 3012 462 maius
3038 396 3316 462 invi-munt,
3338 400 3470 438 novo

2251 454 2298 512 Si
2322 454 2549 512 marmori
2570 454 2706 521 ascri,
2727 466 2900 508 Set-unt
2921 454 3220 504 Praxitelem
3239 465 3351 510 suo,

2250 527 2444 577 Detrito
2469 524 2714 586 Myronem
2740 525 2967 582 argento.

2202 630 2323 701 160.
2368 628 2683 697 Exemplum
2733 625 2891 693 hujus
2943 622 3148 677 fraudis
3199 618 3331 673 satis
3381 618 3623 679 clarum,
3674 621 3742 669 ut

2130 733 2283 795 puto,
2318 737 2494 789 nuper
2523 720 2724 774 inveni.
2760 719 2815 772 in
2839 716 3024 770 codice
3054 714 3317 769 Vaticano
3347 708 3741 766 Alexandrino

2132 832 2279 871 num.
2328 815 2467 870 1598
2505 821 2683 869 exstat
2720 810 3002 879 catalogus
3033 802 3730 867 librorumbibliothecae,

2128 905 2240 960 sive
2268 903 2509 959 ‘Arehivii
2542 901 2784 956 basilicae
2821 899 3118 963 Vaticanze,
3151 910 3296 950 anno
3324 894 3559 949 circiter
3590 890 3739 946 1620

2128 996 2386 1066 scriptus.
2416 995 2473 1050 In
2524 1008 2589 1047 eo
2626 993 2893 1060 catalogo,
2943 1003 3067 1058 pag.
3100 986 3202 1055 16,
3238 987 3317 1040 sic
3362 986 3736 1039 enuntiatur:

2130 1088 2297 1143 Persii
2327 1086 2504 1141 Flacci
2532 1096 2722 1156 satyro:
2741 1093 2865 1137 ante
2899 1081 3039 1136 l‘tOO
3066 1095 3233 1133 annos
3261 1078 3495 1150 scriptos,
3528 1085 3576 1128 et
3599 1071 3740 1127 Bar-

2128 1182 2343 1235 cellona:
2390 1176 2676 1232 emendata
2704 1193 2735 1228 a
2779 1172 2969 1228 Flavio
3013 1170 3163 1226 Iulio
3209 1169 3458 1223 Trebatio
3504 1165 3736 1220 nominis

2130 1273 2316 1327 Sabini
2345 1286 2483 1324 anno
2514 1267 2708 1323 Christi
2747 1264 2872 1321 M6.
2906 1263 3111 1319 Auctor
3138 1260 3365 1330 catalogi
3398 1258 3454 1314 id
3501 1257 3727 1326 probat,

2128 1366 2251 1435 quia
2283 1363 2469 1417 Γυμνιίό
2496 1359 2703 1415 codicis
2734 1360 2849 1412 inec
2880 1354 3163 1424 inscriptio
3192 1354 3395 1424 legitur
3423 1369 3436 1405 :
3467 1347 3566 1402 Fl'
3606 1344 3729 1402 Iul.

2129 1455 2255 1510 Tre‘I
2288 1462 2383 1507 nn9
2410 1451 2592 1507 Sabini
2609 1460 2663 1503 ut
2688 1456 2939 1518 protector
2962 1446 3269 1499 domesticus
3292 1442 3539 1513 temptavi
3559 1456 3736 1494 emen—

2132 1549 2257 1602 dare
2282 1546 2393 1599 sine
2413 1541 2725 1616 antigraplto
2756 1556 2891 1602 meo,
2910 1546 2960 1592 et
2982 1536 3227 1591 annotavi
3255 1533 3585 1589 Barcclfana:
3606 1531 3736 1587 Cass

2135 1640 2250 1693 DD.
2288 1637 2420 1692 NN.
2449 1636 2691 1700 Arcadio,
2725 1644 2772 1690 et
2803 1632 3042 1687 Honorio
3076 1630 3170 1696 Q5.
3197 1630 3517 1700 Sequuntur
3548 1627 3601 1679 in
3631 1640 3729 1679 eo-

433 1728 707 1792 anuotavi,
750 1723 991 1784 distinxi.
1027 1721 1140 1775 Deo
1175 1706 1390 1788 gratias.
1437 1713 1781 1774 Mabillmtius
1822 1709 2025 1768 Annali
2059 1713 2103 1771 Β
2132 1732 2256 1785 dem
2286 1729 2480 1784 codice
2510 1741 2686 1780 versus
2718 1722 2984 1778 Prisciani
3030 1721 3095 1773 de
3135 1735 3253 1781 ss'r,
3286 1728 3333 1772 et
3364 1732 3490 1785 non,
3541 1714 3733 1771 Sermo

438 1817 713 1877 Iienedict.
762 1816 799 1873 l.
834 1829 931 1878 ut,
963 1812 1029 1872 ad
1058 1827 1185 1869 ann.
1220 1808 1345 1871 72l,
1398 1810 1521 1877 pag.
1559 1806 1685 1865 i54.
1736 1818 1884 1856 num.
1934 1799 2025 1867 56,

430 1919 698 1968 memorat
724 1904 1195 1966 Commentarium
1225 1898 1498 1961 Ambrosii
1547 1897 1600 1954 in
1630 1896 1832 1951 Lucam
1878 1895 2024 1947 scri-

375 2060 382 2071 ,
432 2011 581 2071 ptum
607 2004 764 2071 jussu
789 1996 1120 2063 Leutcharii,
1150 1997 1265 2060 sive
1293 1989 1609 2059 Leodegarii
1640 1986 1853 2043 abbatis
1881 2001 2026 2040 anno

436 2094 561 2158 752.
587 2108 748 2162 quem
778 2100 966 2164 postea
994 2089 1293 2150 Rathertus
1323 2100 1485 2141 manu
1517 2082 1735 2153 propria
1767 2080 2027 2135 emenda-

435 2189 535 2244 vit.
589 2187 645 2245 In
682 2200 812 2247 mss.
847 2182 1132 2246 codicibus
1161 2180 1404 2244 Terentii
1433 2192 1577 2247 saepe
1624 2177 1866 2231 occurrit
1892 2172 2023 2230 sub-

403 2280 659 2349 scriptio
708 2277 827 2333 btac
857 2275 1153 2344 CattiOpius
1195 2271 1428 2333 recensui
1467 2287 1483 2324 :
1527 2270 1672 2324 hunc
1698 2266 2023 2339 Caliiopium

430 2371 609 2428 fuisse
658 2369 944 2432 Alcuinum
999 2365 1180 2431 Caroli
1232 2363 1406 2434 Magni
1462 2359 1777 2429 magistrum
1836 2356 2025 2413 multis

343 2511 347 2513 .
426 2466 625 2531 prohat
656 2462 913 2525 Barthius
937 2459 1175 2525 Advers.
1213 2457 1250 2513 Ι.
1293 2470 1367 2521 vi,
1399 2470 1523 2525 cap.
1553 2452 1643 2510 20.
1695 2453 1774 2505 Ex
1806 2448 2024 2516 schedis

434 2570 571 2618 mss.
603 2554 666 2613 ν.
715 2551 779 2619 C.
823 2549 1169 2613 Giovet‘tazzii
1219 2549 1270 2609 in
1318 2552 1609 2611 comment.
1643 2541 1711 2599 ad
1758 2539 2022 2596 Prudent.

434 2649 469 2701 Ι.
503 2663 538 2710 it
564 2655 757 2711 contra
786 2645 1000 2716 Erytum,
1030 2657 1180 2704 vers.
1206 2638 1332 2702 909,
1364 2635 1567 2706 protuli
1593 2633 2023 2702 subscriptiones

429 2728 747 2800 Nicomachi
777 2734 991 2802 Dextri,
1020 2733 1111 2806 qui
1142 2731 1385 2793 codicem
1417 2729 1526 2785 Titi
1551 2726 1683 2781 Livii
1712 2722 2025 2780 emendavit

431 2836 498 2893 ad
525 2834 843 2903 exemplum
872 2827 1231 2894 Clementiani
1263 2824 1507 2897 parentis
1536 2822 1643 2888 sui,
1678 2821 1904 2874 allei‘itts
1932 2817 2023 2877 Ni-

427 2926 698 2994 comachi,
728 2925 823 2995 qui
846 2922 987 2993 apud
1014 2920 1260 2985 lluttnani
1285 2917 1528 2973 codicem
1554 2914 1722 2971 etiam
1747 2912 1854 2970 'l’iti
1878 2910 2021 2965 Livii

339 3050 342 3052 τ
426 3026 762 3090 emendavit,
790 3040 854 3083 ac
888 3023 1181 3082 Victoriam
1207 3010 1271 3083 Ῠ.
1294 3021 1380 3083 (3.,
1400 3018 1488 3087 qui
1515 3015 1749 3072 dominis
1772 3002 2023 3085 Sytntnal

2131 1841 2284 1898 super
2307 1823 2490 1885 verbis,
2523 1817 2635 1874 Fili
2657 1818 2906 1878 hominis,
2936 1830 3019 1869 sta
3058 1831 3217 1883 super
3243 1812 3421 1885 pedes,
3445 1823 3556 1866 etc.
3588 1810 3735 1863 Prw-

2131 1928 2275 1985 ccpta
2304 1918 2429 1970 artis
2458 1912 2730 1966 rhetoricw
2753 1927 2786 1963 a
2813 1907 2961 1963 Julia
2993 1906 3277 1962 Severiano
3316 1902 3561 1958 collecta.
3600 1900 3734 1956 llzcc

2131 2014 2372 2077 diverso,
2404 2017 2455 2061 et
2488 2004 2781 2061 recentiori
2811 2001 3131 2057 charactere
3160 1996 3265 2052 sint
3308 1997 3537 2064 scripta,
3564 2008 3734 2065 opor-

2133 2114 2211 2159 tet
2240 2122 2252 2157 :
2282 2117 2385 2169 non
2416 2101 2563 2156 enim
2594 2080 2865 2167 attingere
2890 2101 3111 2163 possunt
3139 2090 3522 2159 antiquitatem
3554 2088 3728 2153 illam,

2129 2213 2251 2266 qua:
2279 2193 2480 2266 satyris
2514 2192 2686 2247 Persii
2720 2188 3001 2243 tribuitur.
3034 2183 3287 2240 Profecto
3319 2182 3406 2237 hic
3445 2184 3652 2247 codex,
3684 2180 3733 2234 si

2130 2304 2254 2344 vera
2306 2293 2454 2341 esset
2481 2280 2831 2349 subscriptio,
2883 2279 3213 2347 antiquitate
3241 2275 3534 2330 excederet
3581 2272 3733 2326 cele-

2130 2383 2430 2437 berrimum
2478 2377 2717 2433 codicem
2768 2373 2981 2443 Virgilii
3031 2370 3332 2425 Mediceum
3387 2366 3456 2422 ab
3501 2365 3729 2421 Asteria

2129 2492 2273 2531 anno
2296 2474 2401 2529 494
2424 2470 2775 2527 emendatum
2803 2486 2816 2521 :
2846 2481 2967 2521 nam
2999 2462 3309 2519 emendatio
3333 2459 3576 2515 Trebatii
3606 2473 3733 2528 per-

2129 2572 2265 2625 tinet
2292 2584 2401 2624 non
2431 2568 2496 2621 ad
2530 2580 2731 2621 annum
2764 2561 2893 2627 416,
2924 2568 2984 2615 ttt
3012 2560 3091 2613 ait
3111 2567 3303 2612 auctor
3329 2554 3584 2623 catalogi,
3618 2551 3728 2607 sed

2128 2663 2193 2715 ad
2232 2676 2433 2715 annum
2478 2658 2602 2725 402,
2633 2672 2742 2727 quo
2769 2654 3024 2709 consules
3056 2650 3273 2705 fuerunt
3302 2646 3569 2703 Arcadius
3598 2660 3634 2698 ν
3670 2652 3730 2699 et

2126 2744 2400 2810 Honorius
2432 2770 2484 2818 v,
2520 2753 2622 2807 hoc
2652 2754 2794 2805 enim
2846 2748 2983 2812 vult,
3029 2758 3083 2799 ιιι
3114 2746 3468 2811 interpretor,
3504 2748 3633 2794 nota
3671 2740 3727 2793 in

2123 2849 2236 2920 89
2259 2848 2365 2901 fine
2395 2846 2491 2912 ρε.
2537 2845 2691 2898 lltmc
2724 2842 3065 2897 consulatum
3116 2835 3355 2897 Arcadii,
3402 2840 3459 2886 et
3486 2830 3724 2885 Honorii

2128 2943 2181 2995 itt
2228 2939 2501 2994 nonnullis
2556 2935 2842 2989 codicibus
2896 2933 3090 2996 Persii,
3132 2941 3183 2983 et
3235 2928 3395 2982 ΝιτιῙί
3442 2924 3726 2994 designari

2125 3032 2511 3088 animadvertit
2554 3032 2745 3084 Petrus
2782 3025 3058 3081 Relandus
3095 3024 3162 3075 de
3195 3020 3341 3075 Fast.
3383 3020 3724 3082 (20nsular.,

376 3140 385 3149 '
425 3119 546 3179 citis
572 3120 882 3186 exemplum
915 3115 1126 3185 pariter
1145 3113 1249 3174 Τὶιὶ
1278 3111 1416 3173 ωνίὶ
1438 3108 1769 3177 emendavit
1802 3106 2019 3165 Celmi“
2046 3100 2093 3161 Ο
2128 3128 2376 3181 nimirum
2422 3125 2487 3178 ad
2536 3124 2694 3176 linem
2745 3120 2948 3177 codicis
2978 3131 3080 3169 ms.
3116 3114 3286 3169 Persii
3319 3130 3333 3165 :
3376 3110 3550 3164 Flavii
3590 3107 3723 3162 Jul.

424 3209 872 3275 Constantinum,
924 3212 1098 3271 virum
1150 3206 1536 3269 clarissimum,
1590 3200 2019 3260 commentarios

424 3307 667 3361 Caesaris
693 3304 1007 3359 correxisse
1052 3317 1121 3356 ex
1173 3316 1304 3365 mss.
1342 3298 1601 3360 Puteanis
1632 3303 1797 3365 patet.
1853 3293 1910 3348 In
1941 3293 2021 3348 hi-

430 3397 707 3453 bliotheca
735 3388 993 3458 Vaticana
1026 3401 1208 3447 exstat
1235 3390 1530 3447 Terentius
1564 3403 1691 3449 ms.,
1723 3401 1881 3456 quem
1905 3400 2019 3438 atro

425 3489 611 3545 Caroli
662 3488 839 3557 Magni
906 3484 1241 3555 Hrodgarius
1298 3481 1552 3550 scripsit,
1612 3492 1663 3533 et
1722 3477 2019 3543 CuliiOpiilS

429 3580 805 3643 Scholasticus
830 3566 1127 3641 recensuit.
1158 3574 1355 3641 Paulus
1381 3570 2018 3637 Constantinoiioiitunus

426 3676 841 3745 exemplar‘ms.
884 3670 1089 3729 Lucani
1134 3669 1323 3724 eadem
1378 3667 1590 3721 ratione
1635 3663 1903 3719 correxit.
1942 3661 2019 3715 De

423 3766 530 3827 hoc
560 3768 732 3830 veteri
761 3779 917 3819 more
963 3750 1147 3817 videri
1167 3770 1399 3831 possunt
1445 3758 1727 3813 Walcltius
1756 3758 1917 3810 diatr.
1949 3755 2018 3809 de

425 3857 547 3913 Art.
583 3857 705 3913 crit.
740 3866 849 3910 vet.
894 3854 1124 3907 Roman.
1161 3867 1311 3906 num.
1345 3850 1439 3915 26,
1488 3848 1823 3904 Pbilihertus
1873 3845 1940 3900 de
1968 3845 2014 3899 la

416 3950 609 4005 Marne
637 3964 727 4024 ep,
757 3947 824 4001 ad
857 3944 1134 4010 iieinsium
1160 3936 1422 3998 595mm.
1459 3940 1499 3994 V
1526 3941 1663 4012 Syli.
1691 3940 2012 4002 Burtnann.,

422 4053 479 4101 et
514 4026 854 4097 Fontaninus
899 4039 954 4092 in
983 4035 1196 4092 Viudie.
1224 4035 1339 4107 88
1363 4033 1644 4103 diplomat.
1698 4032 1871 4099 antiq.
1905 4030 1943 4084 l.
1972 4044 2011 4097 ι,

417 4150 546 4211 cap,
573 4134 627 4207 5,
658 4132 751 4204 qui
778 4139 949 4201 putat,
976 4126 1329 4197 Calliopiutn,
1352 4132 1719 4180 correctorem
1749 4121 2012 4187 Terentii,

421 4244 493 4296 ex
521 4214 789 4297 dignitate
816 4221 1192 4279 ecclesiastica
1221 4218 1554 4289 appellatum
1608 4217 1777 4271 fuisse
1830 4216 2006 4271 Scho-

418 4317 673 4374 lasticum
708 4333 722 4370 :
755 4315 985 4370 nimium
1030 4324 1214 4367 tamen
1257 4317 1574 4379 exaggerat,
1616 4323 1739 4363 cum
1780 4307 1877 4372 ait,
1911 4320 2014 4359 sae-

416 4411 545 4481 culo
574 4425 605 4463 v
644 4422 849 4464 morem
880 4404 1071 4471 fuisse,
1094 4412 1154 4458 ut
1174 4403 1467 4458 illustrium
1500 4401 1739 4454 virorum
1764 4398 2012 4453 lucubra-

416 4505 601 4570 tiones
644 4518 741 4573 per
789 4498 1046 4567 librarios
1092 4512 1201 4552 non
1246 4496 1559 4560 ederentur,
1593 4494 1694 4548 nisi
1737 4509 1765 4545 a
1793 4492 1925 4547 viris
1960 4493 2011 4546 in
2042 4465 2096 4527 Ῑ)

403 4579 689 4681 dignitate
731 4593 1045 4650 constitutis
1076 4602 1206 4645 ante
1235 4588 1550 4659 recognitio,
1590 4599 1646 4642 et
1685 4587 2010 4642 emendatae.

417 4679 826 4758 Advertendum
855 4688 1021 4745 etiam
1051 4696 1155 4752 est,
1179 4700 1329 4756 saepe
1357 4683 1629 4749 accidere,
1658 4692 1715 4736 ut
1742 4679 2009 4751 ejusmodi

414 4782 849 4855 subscriptiones
878 4792 1257 4837 correctorum
1299 4792 1408 4832 non
1453 4776 1563 4842 sint
1610 4773 2006 4843 autographae:

419 4892 545 4933 nam
576 4876 949 4947 exscriptores
970 4874 1248 4937 codicum,
1276 4886 1398 4926 cum
1423 4885 1555 4925 mss.
1580 4868 1797 4951 aliquod
1825 4882 2009 4922 exem-

415 4976 535 5046 plar
559 4971 961 5039 describebant,
1016 4970 1199 5024 omnia
1243 4981 1365 5038 quae
1410 4966 1461 5020 in
1517 4963 2004 5032 eo‘reperiebant,

416 5081 580 5150 atque
619 5066 758 5122 adeo
805 5065 953 5139 ipsas
997 5064 1298 5142 primorum
1348 5044 1736 5115 correctorum
1766 5057 2009 5113 subscri-

419 5163 637 5230 ptiones
692 5156 928 5213 fideliter
978 5154 1295 5211 exarabant.
1347 5152 1618 5208 Przeterea
1663 5165 1880 5230 vereor,
1938 5163 2009 5204 ne

416 5225 691 5309 interdum
743 5251 890 5305 fraus
945 5249 1110 5304 etiam
1162 5246 1508 5302 librariorum
1554 5225 1860 5312 irrepserlt,
1917 5242 2008 5312 qui

418 5343 881 5412 subscriptionem
912 5339 1146 5408 alicujus
1175 5338 1274 5392 viri
1317 5337 1569 5408 insignis,
1600 5349 1664 5390 ac
1701 5334 1900 5390 veteris
1930 5331 2010 5387 ef-

416 5438 697 5498 ﬁnxerint,
730 5442 791 5488 ut
830 5434 900 5487 ita
929 5446 1001 5488 ex
1033 5432 1357 5503 antiquitate
1400 5438 1456 5485 et
1485 5429 1829 5485 correctione
1874 5443 2002 5497 prc-

415 5534 550 5588 tium
582 5529 789 5585 codicis
821 5536 1129 5598 augeretur.
1159 5524 1281 5592 Quo
1310 5528 1562 5595 Spectaut
1589 5521 1801 5577 Phaedri
1834 5520 2001 5579 verba

412 5624 452 5681 i.
486 5637 519 5680 ν
549 5624 656 5679 fab.
691 5622 766 5679 ιε

2129 3220 2201 3274 Ν.
2232 3220 2303 3273 Ν.
2333 3218 2518 3274 Sabini
2552 3216 2629 3269 Vi.
2662 3221 2918 3283 protector
2944 3209 3253 3264 domesticus
3275 3205 3519 3277 temptavi
3547 3220 3729 3258 emen-

2123 3314 2248 3365 dare
2292 3313 2401 3365 sine
2441 3308 2773 3380 antigraplto,
2821 3313 2867 3359 et
2913 3302 3155 3357 annotavi
3204 3299 3532 3370 Barcelionte
3574 3313 3717 3351 con.

2122 3406 2245 3461 DD.
2284 3404 2415 3459 NN.
2454 3404 2647 3456 Arcad.
2681 3413 2725 3454 et
2751 3398 2992 3453 Honorio
3033 3394 3329 3467 quinquies.
3359 3392 3425 3447 Et
3452 3391 3518 3445 ad
3546 3392 3714 3446 finem

2123 3500 2277 3553 Nonii
2326 3497 2560 3552 Marcelli
2595 3514 2605 3548 :
2636 3493 2763 3547 Jun.
2815 3491 3022 3562 Trifon.
3064 3488 3249 3544 Subiit.
3301 3486 3575 3542 Protector
3618 3487 3719 3538 do-

2122 3594 2294 3646 minio.
2334 3592 2455 3659 Legi
2488 3591 2553 3654 Ω.
2586 3605 2701 3642 cum
2722 3586 2842 3642 DD.
2879 3584 3010 3639 NN.
3038 3584 3228 3641 At'cad.
3252 3590 3301 3635 et
3325 3579 3530 3637 Honor.
3560 3580 3718 3647 quin—

2120 3688 2260 3757 quies
2289 3702 2416 3739 coss.
2447 3694 2599 3755 prout
2630 3682 2771 3754 potui
2798 3682 2907 3734 sine
2947 3680 3192 3749 magistro
3233 3676 3515 3731 emendatis
3543 3691 3690 3729 anno

2122 3780 2219 3830 tavi
2277 3792 2412 3831 anno
2458 3777 2625 3829 (etatis
2674 3790 2778 3828 xxx
2834 3780 2881 3825 et
2923 3771 3121 3824 militia:
3163 3772 3350 3839 qetarlo
3398 3769 3451 3822 in
3503 3767 3718 3821 civitate

2118 3866 2331 3921 Tolosa.
2365 3866 2527 3920 Idem.
2549 3875 2830 3918 corrector
2860 3862 3066 3917 codicis
3097 3861 3297 3924 Persii,
3346 3873 3410 3912 ac
3437 3856 3595 3916 Nonii
3630 3858 3714 3916 vi-

2117 3962 2277 4015 detur
2306 3960 2555 4014 iudicari.
2613 3956 2873 4025 Equidem
2906 3969 3005 4024 pro
3040 3964 3195 4009 certo
3227 3953 3423 4017 habeo,
3458 3951 3713 4008 subscri-

2120 4057 2359 4124 ptionem
2407 4052 2610 4109 codicis
2665 4051 2908 4107 basilicae
2960 4048 3236 4103 Vaticana:
3286 4044 3710 4115 supposititiam

2116 4165 2258 4204 esse.
2294 4150 2497 4203 Auctor
2528 4146 2756 4201 fortasse
2775 4160 2881 4198 non
2911 4143 3130 4211 scripsit
3161 4150 3240 4205 ut,
3270 4140 3358 4195 vel
3386 4138 3474 4199 Vi,
3501 4150 3558 4193 ut
3586 4137 3705 4194 cla-

2116 4244 2229 4296 rius
2257 4239 2419 4296 habct
2455 4237 2751 4302 Relandus,
2779 4234 2877 4290 sed
2912 4253 2959 4289 υ.
3001 4250 3047 4286 c.
3094 4247 3191 4302 pro
3229 4232 3304 4285 vir
3341 4229 3695 4287 clarissimus.

2115 4334 2343 4389 Omissis
2406 4343 2583 4385 autem
2628 4328 2750 4383 aliis
2800 4310 3191 4396 suppositionis
3248 4323 3415 4385 notis,
3469 4322 3696 4382 verbum

2120 4424 2440 4481 Barcellona:
2477 4424 2637 4492 l0nge
2685 4430 2805 4491 post
2834 4432 3016 4473 natum
3060 4426 3146 4472 est
3176 4433 3190 4471 :
3226 4431 3347 4471 nam
3393 4416 3701 4484 scriptores

2118 4520 2233 4592 eius
2261 4517 2540 4586 temporis,
2572 4526 2629 4569 ut
2652 4514 2950 4577 Ausonius,
2976 4511 3322 4576 Prudentius,
3346 4518 3403 4563 et
3424 4508 3517 4563 alii
3547 4508 3704 4563 dice,

2115 4614 2245 4667 bant
2269 4611 2508 4674 Barcino,
2550 4607 2634 4662 vel
2664 4606 2945 4670 Barcinon,
2978 4603 3309 4659 Barcinonis.
3346 4600 3534 4671 Neque
3554 4600 3701 4658 anti.

2112 4701 2369 4774 grapltum
2400 4714 2495 4769 pro
2524 4697 2797 4773 exemplo,
2838 4696 2923 4751 vel
2958 4694 3259 4765 exemplari
3296 4693 3443 4763 apud
3473 4690 3712 4759 scripto-

2112 4811 2201 4849 res
2230 4797 2348 4862 ejus
2376 4768 2565 4846 saeculi
2590 4790 2747 4847 facile
2771 4788 3035 4853 invenies,
3076 4802 3254 4856 neque
3279 4796 3465 4841 notam
3492 4768 3568 4851 οι
3601 4798 3708 4855 pro

2117 4887 2182 4953 V,
2214 4886 2297 4940 vel
2334 4886 2580 4950 Quintum
2605 4884 2656 4937 in
2687 4882 2927 4951 antiquis
2950 4880 3321 4935 monumentis
3348 4879 3598 4945 reperire
3638 4876 3706 4931 iiq-

2110 4989 2220 5035 cct.
2254 4979 2427 5033 Minus
2470 4991 2599 5031 vero
2633 4974 2846 5046 probari
2880 4974 3043 5028 debet
3070 4973 3366 5043 quinquies,
3409 4980 3468 5027 ttt
3494 4970 3709 5026 Reian-

2109 5074 2210 5128 dus
2234 5071 2444 5129 scribit.
2471 5070 2693 5132 Pusaetn
2725 5067 2829 5130 hoc
2852 5067 2974 5127 loco
3002 5081 3165 5136 agere
3185 5066 3257 5127 de
3284 5064 3475 5128 codice
3502 5064 3565 5128 S.
3608 5063 3708 5118 Hi-

2110 5165 2231 5229 iarii
2272 5163 2515 5233 ejusdem
2556 5161 2793 5227 basilica:
2823 5159 3101 5220 Vaticana!
3130 5175 3142 5211 :
3167 5158 3261 5213 sed
3297 5157 3601 5228 pleniorem
3633 5154 3708 5215 de

2110 5270 2177 5320 eo
2208 5256 2591 5317 tractationem
2621 5251 2786 5331 capiti
2816 5250 2847 5304 7
2878 5265 3123 5313 reservo.

2178 5348 2306 5416 161.
2340 5346 2410 5409 Ut
2438 5346 2653 5409 redeam
2686 5345 3079 5411 advAsterinm,
3121 5342 3558 5406 concludendum
3590 5353 3699 5411 est,

2112 5444 2185 5497 ita
2213 5456 2243 5494 a
2274 5440 2491 5496 Scduiio
2522 5436 2752 5501 Carmen
2782 5436 3046 5501 Pnachale
3074 5434 3249 5498 fuisse
3278 5438 3508 5499 editum,
3542 5445 3601 5499 ut
3628 5437 3702 5489 ab

2111 5535 2327 5591 Asterio
2356 5532 2650 5595 collectore
2691 5529 3037 5600 schedarum,
3068 5538 3121 5583 et
3151 5529 3386 5607 partium
3417 5529 3697 5595 carminis,

2109 5627 2200 5708 qui
2231 5624 2387 5681 simul
2416 5625 2712 5695 eleganter,
2745 5630 2953 5697 ornate,
2986 5630 3041 5678 et
3065 5619 3355 5677 emendate
3383 5630 3550 5675 totum
3575 5635 3697 5675 cor-

2008 5746 2012 5749 Α
2111 5732 2212 5791 pus
2240 5714 2473 5811 describi
2498 5714 2727 5783 curavit,
2756 5729 2819 5772 ac
2850 5710 3084 5771 fortasse
3100 5711 3352 5783 adiunxit
3374 5712 3600 5786 elegiam
3636 5721 3696 5768 et
