3904 6340
117 225 239 283 5:01
294 251 301 261 .

109 433 326 503 Itaque
355 431 472 484 sive
509 427 620 498 jam
659 422 904 479 Asterius
960 432 1157 473 novam
1192 412 1492 468 editionem
1552 402 1757 459 carmi-

112 530 220 582 nis
246 523 531 582 Seduliani
589 517 914 589 perfecerat,
968 512 1084 566 sive
1116 509 1169 563 in
1201 508 1252 561 id
1302 518 1439 574 opus
1495 513 1624 554 tunc
1671 496 1755 549 in-

110 620 452 682 cumbebat,
484 613 663 669 simile
692 625 819 664 vero
843 618 948 674 est,
982 603 1257 661 Gelasium
1284 598 1604 653 Pontilicem
1630 587 1755 644 inde

113 710 452 786 permotum
486 708 676 773 luisse,
707 712 764 758 ut
791 701 1075 757 Sedolium
1110 699 1161 751 in
1203 693 1390 766 paucis
1419 688 1751 747 nominaret,

108 784 182 868 et
210 809 387 867 effusa
436 803 596 861 laude
645 798 959 857 extolleret.
1020 795 1204 849 Monet
1249 803 1339 843 me
1372 786 1458 840 hic
1486 784 1661 846 locus,
1699 786 1756 832 ut

106 906 374 985 lepidam
424 900 681 958 fabellam
735 892 1063 956 discutiam,
1096 890 1149 941 in
1193 898 1357 956 quam
1426 874 1752 934 heterodoxi

107 978 430 1057 occasione
461 996 653 1066 quavis
693 991 840 1054 data,
890 986 979 1042 vel
1036 991 1255 1051 arrepta
1289 978 1526 1033 libenter
1558 985 1752 1028 excur-

112 1105 289 1148 runt.
319 1093 578 1157 Narrant,
601 1088 778 1142 locum
805 1079 1008 1138 Gelasii
1033 1093 1130 1147 per
1153 1073 1406 1129 librarios
1430 1074 1751 1135 corruptum

107 1188 434 1261 aliquando
460 1187 648 1244 luisse,
673 1179 765 1261 qui
798 1175 1203 1241 substituerunt
1231 1185 1244 1221 :
1283 1166 1429 1237 Opus
1463 1159 1751 1224 Paschale,

111 1252 277 1353 quod
309 1252 570 1335 haereticis
600 1258 878 1341 descripsit
918 1265 1147 1322 versibus
1193 1279 1292 1333 pro
1317 1257 1535 1313 heroicis
1562 1271 1579 1309 :
1605 1252 1753 1324 quod

114 1352 399 1434 mendum
426 1373 650 1431 Paulum
685 1369 727 1424 ll
751 1367 817 1423 ad
848 1362 1084 1434 capitale
1106 1367 1392 1433 poetarum
1420 1352 1603 1408 odium
1631 1363 1752 1419 per-

112 1472 318 1539 duxit,
373 1469 487 1542 90
531 1481 594 1520 ac
641 1460 889 1536 pluribus
937 1456 1059 1511 aliis
1111 1456 1289 1525 legum
1345 1443 1755 1520 professoribus

110 1567 399 1637 imposuit
432 1583 442 1618 :
477 1563 608 1634 quin
641 1555 891 1615 nonnulli
923 1568 1115 1610 eorum
1147 1548 1380 1616 addunt,
1413 1560 1483 1600 ex
1527 1542 1752 1612 decreto

110 1660 340 1715 Gelasii
374 1659 442 1712 ita
471 1663 731 1725 corrupto
760 1651 828 1706 ab
861 1647 1107 1704 Ecclesia
1135 1641 1408 1699 catholica
1435 1644 1626 1708 poetas
1655 1648 1753 1687 ex-

116 1755 322 1809 sulare
349 1753 558 1822 jussos,
604 1763 728 1804 cum
761 1744 916 1800 multi
947 1739 1260 1802 crederent,
1305 1747 1498 1790 omnes
1552 1738 1747 1800 poetas
1780 1717 1827 1777 B

112 1859 258 1901 esse
281 1844 600 1900 hwreticos.
632 1839 834 1894 Verum
860 1835 983 1908 quis
1009 1849 1113 1887 non
1135 1831 1336 1896 videat,
1373 1825 1574 1881 nemini
1600 1835 1747 1876 sana:

114 1939 338 1994 mentis
363 1937 556 1993 venire
604 1936 659 1990 in
715 1942 955 1988 mentem
991 1926 1250 1998 potuisse,
1315 1929 1372 1975 ut
1404 1935 1468 1975 ex
1522 1903 1746 1971 decreto

120 2032 372 2100 Gelasii,
425 2046 532 2102 quo
565 2029 764 2098 insigni
806 2025 965 2081 laude
996 2036 1216 2076 carmen
1249 2013 1460 2072 Sedulii
1487 2018 1742 2074 ornatur,

111 2125 437 2196 colligeret,
474 2132 660 2194 poetas
709 2133 902 2175 omnes
929 2131 1053 2172 esse
1109 2107 1444 2168 haereticos?
1495 2106 1551 2160 lu
1583 2103 1746 2158 nullis

119 2221 305 2274 variis
337 2219 675 2275 lectionibus
721 2215 958 2285 reperio,
1016 2210 1178 2266 terba
1217 2205 1420 2263 Gelasii
1483 2199 1747 2254 mendose

115 2315 196 2367 ita
252 2300 430 2384 fuisse
487 2322 706 2380 exarata
753 2308 944 2380 :.0pus
990 2303 1266 2366 Paschale,
1300 2296 1440 2370 quod
1488 2291 1747 2349 httieticis

115 2410 410 2476 descripsit
435 2408 682 2471 versibus,
707 2405 899 2476 insigni
930 2401 1086 2457 laude
1111 2397 1460 2472 prazferimus.
1503 2390 1612 2444 Fac
1662 2397 1744 2441 ta-

115 2520 272 2568 men,
305 2502 506 2556 alicubi
533 2500 635 2555 lioc
668 2498 924 2565 mendum
951 2493 1258 2563 irrepsisse.
1288 2493 1370 2543 An
1393 2486 1538 2540 serio
1563 2489 1743 2553 putas,

118 2607 308 2656 tuisse
348 2600 613 2669 aliquem,
639 2590 1194 2666 quisimulcrederet,
1229 2586 1381 2656 Opus
1397 2579 1661 2637 Paschan
1691 2585 1747 2630 et

120 2696 408 2752 bmreticis
441 2693 696 2747 versibus
711 2688 1051 2758 descriptum
1071 2681 1269 2746 fuisse,
1292 2689 1346 2736 et
1362 2675 1562 2746 insigni
1583 2670 1746 2728 laude

118 2807 248 2861 esse
274 2785 709 2860 praeferendum?
737 2786 870 2852 Quae
892 2781 1112 2852 quidem
1133 2776 1275 2832 ratio
1294 2783 1404 2829 tam
1424 2780 1612 2841 aperta
1632 2777 1739 2834 est,

118 2897 183 2942 ut
200 2886 423 2959 Baylius
443 2883 677 2955 ipse,cui
699 2889 846 2938 certe
859 2875 1011 2934 cordi
1032 2890 1140 2930 non
1158 2881 1279 2929 erat
1296 2882 1517 2925 causam
1544 2867 1744 2919 Roma-

123 2996 329 3036 norum
359 2977 678 3048 pontificum
712 2988 895 3044 agerc,
931 2981 1110 3026 tamen
1143 2965 1396 3021 fabellam
1452 2961 1591 3015 hanc
1622 2973 1743 3012 sus-

123 3076 344 3145 picatus
376 3072 542 3128 fuerit
568 3072 651 3125 ‘ab
684 3069 832 3124 Italis
860 3068 1180 3125 litterarum,
1201 3058 1585 3115 humaniorum
1619 3054 1739 3110 culo

118 3169 338 3224 toribus
371 3167 665 3222 eonlictam
714 3163 904 3228 fuisse,
951 3170 1006 3213 ut
1039 3173 1133 3212 eos
1163 3153 1500 3215 deriderent,
1531 3150 1620 3218 qui
1648 3164 1741 3218 pa-

118 3278 243 3317 rum
280 3260 463 3331 poetis
491 3261 612 3333 ejus
638 3257 900 3326 temporis
928 3252 1115 3308 favere
1147 3250 1484 3304 viderentur.
1515 3244 1630 3298 Non
1658 3258 1743 3297 me

118 3352 280 3426 fugit,
319 3353 547 3408 Paulum
575 3350 617 3405 ll
665 3367 694 3404 a
729 3349 964 3414 Platiua,
1009 3344 1244 3413 aliisque
1280 3343 1415 3398 viris
1450 3339 1738 3402 litteratis,

117 3463 261 3519 quos
291 3446 567 3515 illejnstis
606 3444 674 3499 de
713 3446 892 3497 causis
917 3442 1216 3495 inseetatus
1247 3437 1443 3501 fuerat,
1474 3436 1543 3488 ita
1597 3435 1738 3486 male

117 3541 397 3605 habitum,
429 3551 484 3593 ut
512 3539 803 3606 ﬁngerent,
857 3551 980 3591 eum
1013 3548 1202 3589 omnes
1237 3532 1527 3595 litteratos,
1574 3539 1737 3599 atque

118 3635 482 3707 elegantioris
538 3631 802 3687 doctrinae
855 3628 1130 3682 studiosos
1185 3642 1281 3694 pro
1332 3624 1610 3678 hmreticis
1643 3622 1736 3675 ha-

119 3734 332 3786 buisse.
367 3731 562 3784 Verum
608 3727 745 3781 hanc
776 3723 1104 3780 calumniam
1151 3721 1370 3792 egregie
1426 3719 1736 3774 rel‘ntaruut

117 3840 244 3880 eum
281 3821 599 3895 Raynaldus
630 3821 680 3874 in
707 3818 914 3873 Annal.‘
935 3818 1172 3883 Eeeles.,
1207 3822 1320 3869 tum
1361 3812 1733 3868 eminentissio

121 3933 245 3971 nius
269 3915 570 3971 eardinalis
596 3913 858 3982 Quirinus
883 3913 933 3965 in
967 3910 1116 3964 Pauli
1147 3908 1189 3963 Il
1219 3908 1362 3964 Vita.
1397 3904 1729 3962 Heterodoxi

117 4014 399 4084 objectam
429 4011 680 4065 fabellam
724 4008 856 4062 satis
887 4006 1105 4077 probari
1141 4012 1337 4075 putant
1367 4004 1532 4057 Pierii
1569 4001 1730 4056 Vale-

121 4106 261 4159 riani
289 4106 542 4159 oratione
578 4121 671 4175 pro
699 4100 884 4156 Barbis
913 4099 1258 4155 sacerdotum.
1293 4097 1396 4153 Sed
1432 4096 1486 4150 in
1540 4097 1728 4165 primis

117 4214 391 4269 qna-ram,
426 4197 552 4267 quid
588 4195 750 4249 fuerit
779 4209 980 4256 causm,
1034 4206 1131 4245 cur
1160 4190 1401 4245 haeretici
1433 4188 1660 4243 Paulum
1686 4186 1729 4241 ll

125 4294 329 4362 ubique
359 4292 670 4356 noiIiincnt,
701 4305 823 4343 eum
878 4286 1196 4342 Valerianus
1256 4284 1490 4339 fabulam
1533 4265 1732 4337 delia-

119 4390 320 4442 driauo
355 4384 419 4438 Vl
451 4385 675 4439 narret?
728 4384 1078 4451 Compertum
1131 4389 1235 4444 ist,
1270 4379 1605 4434 Hadrianum
1662 4376 1728 4430 Vl

115 4477 419 4533 severioris
445 4477 754 4546 disciplinae
778 4473 1212 4541 amantissimum
1239 4472 1435 4542 poetis,
1484 4473 1571 4539 qui
1601 4480 1728 4524 tunc

117 4570 387 4640 temporis
420 4569 611 4623 Romae
638 4568 881 4637 ineptam
929 4565 1220 4636 quamdam
1254 4563 1567 4619 etlinicismi
1602 4564 1720 4617 imi-

116 4665 384 4720 tationem
433 4661 786 4726 aﬂeetabant,
843 4669 898 4716 et
927 4660 1150 4717 liberius
1203 4659 1480 4723 vivebant,
1532 4674 1721 4727 parum

113 4758 341 4812 favisse.
396 4755 531 4810 Hinc
565 4763 847 4824 poetarum
901 4749 1201 4808 adversum
1251 4768 1374 4807 eum
1417 4751 1722 4821 prtesertim

107 4853 222 4922 jam
268 4860 549 4910 mortuum
583 4847 857 4903 dicteria:
893 4847 1020 4919 hinc
1061 4847 1278 4902 Pierius
1314 4845 1633 4900 Valerianus
1668 4845 1720 4898 in

111 4946 370 4999 oratione
413 4959 509 5014 pro
551 4943 884 4995 sacerdotum
913 4941 1082 4993 barbis
1126 4939 1312 4994 Roma:
1354 4939 1501 4994 edita
1557 4936 1716 5002 1551,

113 5050 241 5108 post
269 5037 476 5094 Gelasii
503 5039 667 5091 verba
701 5037 768 5089 de
794 5033 1021 5087 Sedulio
1057 5051 1068 5085 :
1116 5032 1341 5104 Vulgata
1393 5043 1569 5094 tamen
1593 5034 1719 5084 hac-

113 5145 264 5186 tenus
295 5132 618 5200 exemplaria
652 5147 744 5202 pro
767 5143 1010 5184 UEROICIS
1031 5129 1260 5195 versibus
1288 5141 1584 5182 amamus
1609 5143 1720 5180 ver-

111 5229 256 5280 sibus
285 5227 534 5282 habuere.
573 5225 728 5292 Quod
759 5225 902 5278 bonis
920 5223 1227 5294 quibusdam
1259 5223 1428 5294 legum
1461 5222 1722 5292 professo—

112 5322 254 5374 ribus
285 5322 631 5389 suspicionem
655 5321 896 5392 aggessit,
929 5327 1164 5390 poemata
1188 5320 1360 5371 omnia
1399 5334 1505 5372 esse
1545 5318 1713 5370 haere-

113 5418 233 5476 tica,
269 5423 550 5485 pactusque
600 5416 731 5468 inter
762 5416 897 5486 pios,
935 5413 1136 5471 etiamsi
1164 5428 1313 5472 sacra
1355 5422 1594 5477 tractent,
1624 5427 1712 5463 ne.

113 5527 374 5582 quaquam
431 5512 784 5562 annumerari.
847 5507 914 5562 Id
961 5510 1096 5578 quod
1139 5506 1414 5560 Hadriano
1445 5503 1528 5558 IV
1564 5516 1710 5574 pont.

116 5605 343 5658 maximo
375 5618 538 5670 usque
558 5601 688 5655 adeo
711 5619 1012 5672 persuasum
1041 5602 1146 5673 91
1171 5598 1408 5660 vidimus,
1440 5609 1492 5650 ut
1518 5599 1612 5651 huc
1649 5599 1713 5652 de

116 5716 266 5753 causa
307 5697 512 5751 nullum
561 5695 828 5749 hominum
880 5713 1044 5772 genus
1091 5693 1282 5765 majori
1319 5700 1710 5762 prosequeretur

117 5794 254 5854 odio,
278 5807 434 5863 quam
459 5798 635 5859 poetas
659 5804 675 5840 :
704 5788 757 5841 id
782 5789 1004 5842 nominis
1025 5786 1155 5842 nihil
1184 5786 1330 5841 aliud
1359 5801 1466 5855 prw
1495 5801 1549 5838 se
1575 5783 1710 5852 ferre

1519 184 1896 247 PllOLEGOM
1908 182 2063 239 ENA.

115 340 428 412 hymnum,
456 331 664 390 Sedulii
728 341 926 383 nomen
966 323 1138 378 multo
1189 317 1360 386 magis
1415 310 1759 369 inelaruerit.
1791 313 1842 372 Α
1870 304 2172 363 arbitratus.
2225 317 2380 372 quam

3383 175 3490 212 ὓυῖ

2438 295 2779 366 impietatem.
2837 285 2901 340 Et
2946 282 3118 338 adhuc.
3177 276 3339 346 aliqui
3387 292 3489 327 non

1864 368 2512 468 maliquidem'prwsules
2559 391 2858 459 depravata:
2890 379 3032 432 illius
3081 372 3300 428 lectione
3341 368 3493 437 (lego

1863 493 2118 562 lectionis)
2153 488 2586 550 hullucinatione,
2621 491 2666 536 et
2697 478 2916 534 alterius
2939 474 3097 545 hujus
3121 468 3188 554 de
3218 462 3496 520 rasitantla

1862 585 2022 639 barba
2074 598 2250 637 errore
2296 581 2462 643 ducti,
2508 577 2766 630 neminem
2821 552 3360 632 sacerdotiodignum
3391 571 3494 628 pu-

1861 688 1994 742 tant,
2027 679 2118 748 qui
2160 676 2236 729 vel
2283 672 2499 726 barbam
2528 669 2753 732 nutriat,
2803 665 2880 718 vel
2909 676 3086 716 versus
3109 656 3273 727 faciat
3309 668 3328 706 :
3358 648 3495 703 tanti

1861 782 1937 826 est
1965 785 2180 838 pravam
2209 767 2370 822 semel
2394 763 2696 834 opinionem
2744 756 3029 812 imbibisse.
3061 751 3194 806 [lare
3225 750 3297 802 ita
3327 758 3499 814 exag-

1860 875 2049 938 gerata
2101 864 2251 919 risus
2306 856 2591 916 excitandi
2650 869 2815 911 causa
2875 847 3118 918 conﬁngi
3183 843 3254 898 ab
3305 841 3494 909 aliquo

1861 974 2050 1016 scurra
2095 964 2423 1028 potuerunt;
2474 950 2625 1006 credi
2680 964 2709 1002 a
2762 946 2983 1001 nemine
3041 949 3202 996 certe
3263 935 3493 992 debent.

1859 1055 1980 1124 Quo
2006 1053 2179 1124 magis
2223 1050 2417 1106 mirari
2467 1047 2635 1110 subit,
2668 1043 2942 1099 Funcium
2969 1051 3091 1106 cap.
3119 1031 3244 1088 δάε
3292 1029 3486 1098 Veget.

1859 1149 1978 1205 Lat.
2004 1150 2135 1219 ling.
2168 1154 2378 1202 sencct.
2413 1158 2536 1197 cum
2562 1140 2738 1195 solum
2762 1134 3011 1207 Baylium
3037 1139 3318 1184 auctorem
3350 1123 3491 1176 alle-

1857 1257 1969 1316 get,
2027 1255 2212 1298 tamen
2279 1239 2531 1294 eamdem
2580 1233 2894 1293 erambem,
2941 1238 3220 1295 tamquam
3278 1228 3490 1275 certam

1862 1337 2178 1404 historiam,
2219 1347 2544 1406 recoquere,
2585 1344 2650 1383 ac
2683 1327 2899 1382 diversa
2943 1327 3235 1375 narrantes
3256 1315 3496 1384 scripto—

1859 1449 1949 1489 res
1997 1432 2071 1486 ita
2121 1404 2478 1500 componere,
2526 1432 2588 1478 ut
2634 1421 2859 1490 utrique
2916 1412 3196 1487 pontiﬁci,
3250 1404 3494 1464 Pauloll

1863 1537 1918 1585 et
1969 1525 2250 1582 Hadriano
2323 1522 2434 1588 Vl,
2506 1528 2616 1574 tam
2688 1510 2997 1570 absurdum
3075 1518 3325 1562 errorem
3378 1501 3488 1554 im-

1859 1633 2034 1696 putet.

1928 1718 2054 1775 162.
2102 1715 2356 1773 Breviter
2397 1707 2744 1783 expedienda
2797 1719 2943 1760 nunc
2988 1709 3074 1755 est
3126 1696 3231 1751 alia
3256 1691 3488 1765 qurestio

1852 1815 1922 1870 de
1944 1814 2185 1876 Asterie,
2241 1810 2307 1865 de
2339 1823 2443 1880 qua
2473 1803 2728 1861 nonnihil
2759 1814 2926 1870 supra
2969 1810 3124 1851 num.
3173 1790 3244 1846 46
3279 1797 3337 1845 et
3372 1787 3480 1844 12%

1852 1919 2032 1965 actum
2085 1914 2193 1970 est,
2222 1907 2366 1961 sitne
2392 1910 2584 1958 auctor
2615 1899 2838 1969 elegiae,
2877 1892 3159 1948 Cantemus
3182 1887 3335 1952 socii,
3367 1893 3480 1940 etc.

1850 2004 2132 2067 Norisius,
2171 2003 2299 2072 quia
2341 1999 2395 2054 in
2427 1997 2552 2053 cod.
2585 1994 2856 2050 Vaticano
2894 1987 3036 2044 1165
3070 1993 3196 2056 post
3245 1982 3486 2037 Carmen

1851 2098 2119 2154 Paschale
2169 2095 2469 2149 ascribitur
2498 2099 2662 2156 nota,
2714 2102 2822 2158 qua
2855 2082 3223 2150 significatur,
3259 2088 3485 2132 carmen

1853 2191 1923 2244 ab
1954 2190 2178 2245 Asteria
2208 2187 2417 2241 editum
2451 2183 2718 2255 fuisse,et
2742 2178 2927 2234 statim
2951 2173 3252 2244 subjicitur
3282 2169 3482 2241 elegia,
3511 2239 3514 2244 ‘

1857 2284 2061 2352 arguit,
2116 2285 2390 2336 incertum
2443 2293 2594 2342 esse,
2641 2285 2826 2331 utrum
2881 2280 3166 2326 auctorem
3231 2263 3487 2338 habuerit

1835 2367 1952 2431 illa
1987 2377 2189 2447 elegia,
2221 2389 2322 2430 nec
2346 2389 2480 2428 vero
2526 2371 2808 2426 Labbeum
2834 2367 2976 2422 adeo
3002 2361 3347 2419 conﬁdenter
3379 2358 3482 2414 de-

1854 2471 2040 2525 buisse
2066 2485 2186 2525 eam
2210 2467 2413 2523 Tureio
2440 2464 2602 2520 Rullo
2626 2457 2844 2518 Asteria
2869 2459 3158 2527 abrogare.
3182 2453 3474 2524 Loquitur,

1850 2576 1911 2622 ut
1940 2566 2160 2636 opinor,
2194 2563 2263 2618 de
2308 2562 2500 2617 codice
2532 2557 2739 2614 recenti
2772 2554 3044 2610 Vaticano
3097 2549 3261 2612 5178,
3295 2559 3463 2616 quem

1851 2677 1904 2716 η.
1934 2657 2004 2713 65
2026 2654 2303 2729 recensui'.
2343 2653 2543 2709 Verum
2585 2648 2839 2720 quamvis
2871 2644 3038 2715 aliqui
3072 2643 3180 2698 sint
3218 2638 3465 2705 codices,

1859 2762 1915 2804 ut
1959 2751 2073 2821 jam
2121 2748 2326 2813 notavi,
2384 2746 2475 2816 qui
2538 2751 2660 2815 past
2690 2739 2924 2795 Carmen
2956 2733 3224 2790 Paschale
3281 2739 3470 2784 notam

1858 2845 2006 2899 illam
2043 2841 2300 2908 aderant,
2334 2848 2513 2894 tamen
2550 2835 2701 2890 nullo
2732 2833 2895 2888 modo
2925 2829 3106 2900 colligi
3163 2833 3347 2896 potest
3372 2826 3477 2878 As-

1848 2943 2049 2996 terium
2101 2947 2383 2993 auctorem
2416 2948 2540 2990 esse
2587 2930 2806 3000 elegito.
2838 2925 3064 2982 Notatio
3119 2922 3264 2976 enim
3307 2922 3474 2974 Aste-

1850 3037 1990 3089 rium
2053 3031 2260 3087 indicat
2315 3027 2587 3084 carminis
2618 3023 3002 3083 eollectorem,
3064 3023 3120 3083 et
3176 3013 3471 3078 editoretn,

1770 3122 1815 3186 C
1850 3144 1956 3182 non
1987 3136 2294 3182 auctorem.
2326 3124 2381 3176 In
2416 3121 2540 3177 eod.
2575 3119 2751 3172 Vatic.
2785 3115 2920 3185 Reg.
2953 3113 3008 3179 5,
3054 3107 3335 3180 quietiam
3390 3121 3472 3159 rc-

1847 3228 2161 3286 censest,et
2182 3217 2248 3272 ad
2277 3216 2397 3271 Aldi
2423 3214 2724 3270 editionem
2757 3210 2970 3276 videtur
2993 3200 3469 3264 accommodatus,

1845 3317 1924 3370 sic
1947 3315 2143 3370 eadem
2191 3320 2318 3366 uota
2361 3309 2638 3379 profertur
2676 3304 2935 3359 :Turtius
2981 3297 3174 3365 Ruffus
3224 3293 3466 3349 Asterius

1848 3408 2079 3474 Quintus
2101 3405 2368 3473 sequentia
2424 3402 2661 3455 carmina
2697 3399 2832 3451 inter
2885 3395 3084 3461 scripta
3116 3389 3268 3445 Cellii
3301 3388 3476 3443 Sedu-

1844 3497 1901 3555 lii
1919 3502 2130 3554 invenit.
2165 3499 2479 3567 Sequuntur
2513 3502 2706 3547 autem
2729 3490 2930 3559 elegia,
2967 3487 3205 3556 hymnus
3247 3492 3299 3537 et
3349 3479 3470 3552 epi-

1838 3611 2081 3667 gramma
2129 3591 2357 3649 Sedulii.
2418 3587 2539 3657 Non
2586 3584 2889 3658 dil‘liculter
2932 3579 3180 3645 credam,
3230 3573 3464 3649 elegiam

1839 3690 2007 3745 etiam
2057 3686 2126 3740 ab
2182 3683 2403 3738 Asterie
2462 3680 2631 3734 fuisse
2665 3676 2982 3738 collectam,
3027 3686 3092 3727 ac
3140 3667 3303 3727 simul
3337 3680 3461 3720 cum

1837 3781 2091 3836 Carmine
2124 3777 2373 3846 Paseliali
2406 3770 2741 3844 elegantiori
2767 3780 2965 3846 ornatu
2988 3765 3287 3838 vulgatam,
3313 3759 3463 3830 quod

1836 3872 2358 3934 traduntLablieus,
2414 3877 2471 3923 et
2513 3865 2808 3922 Goldastus
2835 3865 2888 3916 in
2923 3867 3040 3914 not.
3098 3856 3166 3916 ad
3209 3854 3455 3913 carmina

1837 3968 1894 4021 S.
1930 3964 2282 4021 Columbani.
2341 3964 2414 4017 Ex
2460 3967 2588 4014 nota
2624 3968 2831 4026 tamen,
2870 3953 2984 4008 Hoc
3017 3967 3148 4020 opus
3195 3948 3450 4022 Sedulius

1837 4060 2102 4122 etc.,sive
2123 4055 2364 4125 Carmini
2391 4050 2642 4108 Pav-ehali
2674 4065 2737 4104 ea
2762 4053 3138 4118 praeponatur,
3164 4039 3280 4094 sive
3304 4048 3456 4125 post-

1841 4060 2102 4122 etc.,sive
2123 4055 2364 4125 Carmini
2391 4055 2642 4108 Pav-ehali
2674 4065 2737 4104 ea
2762 4055 3138 4118 praeponatur,
3164 4056 3280 4094 sne
3341 4055 3456 4094 osr-

1841 4162 2098 4223 ponatur,
2134 4149 2185 4203 id
2220 4147 2501 4221 evidenter
2518 4129 2892 4199 demenstrari
2926 4153 3033 4192 non
3067 4141 3273 4206 potest.
3299 4055 3456 4200 good

1830 4247 1947 4318 92
1973 4246 2118 4313 enim
2154 4226 2362 4313 ininota
2395 4239 2640 4313 innititur
2671 4252 2826 4309 Opus,
2859 4235 2944 4290 vel
2971 4229 3272 4302 unice,gvel
3305 4241 3450 4297 prte-

1835 4341 2000 4408 cipue
2034 4337 2266 4408 intelligi
2292 4335 2454 4389 debet
2481 4333 2547 4406 de
2579 4328 2840 4399 Carmine
2873 4324 3127 4382 Pascliali
3162 4341 3181 4385 ε,
3206 4338 3315 4394 quo
3337 4336 3462 4391 per-

1837 4436 1972 4488 tinet
2001 4432 2276 4487 secundus
2309 4443 2510 4483 versus
2540 4422 2956 4510 epigrammatis
2979 4419 3207 4485 Asterii,

1961 4547 2080 4607 Quae
2097 4547 2205 4595 sine
2232 4543 2453 4609 ﬁgmenti
2478 4539 2669 4605 condita
2696 4543 2811 4588 sunt
2831 4537 2965 4601 vitio.

1834 4656 2064 4714 ld~enim
2125 4653 2318 4708 alludit
2375 4651 2442 4705 ad
2501 4649 2738 4720 primum
2781 4661 3002 4714 versum
3062 4640 3269 4704 Sedulii
3327 4645 3453 4711 post

1832 4750 2118 4819 prologum
2159 4745 2449 4802 metricum
2483 4761 2496 4797 :

1955 4841 2075 4894 Cum
2096 4854 2185 4890 sua
2206 4823 2425 4904 gentiles
2442 4837 2672 4891 studeant
2690 4833 2924 4895 ﬁgmenta
2950 4831 3153 4894 poetae.’

1826 4945 1971 5000 Nihil
1997 4960 2125 5014 ergo
2151 4954 2235 4999 est
2264 4958 2466 5007 causas,
2524 4956 2620 4994 cur
2649 4937 2870 4994 Sedulio
2905 4936 3135 5003 elegiam
3165 4930 3448 5000 abjudire:

1831 5056 1970 5103 mus,
2007 5056 2170 5108 quant
2203 5039 2282 5093 illi
2322 5037 2641 5106 adjudieant
2687 5031 2843 5086 multi
2888 5026 3243 5085 vetnstissimi
3294 5025 3446 5080 codi-

1827 5149 1942 5200 ces,
1977 5142 2036 5187 ut
2070 5135 2242 5202 liquet
2275 5147 2340 5192 ex
2366 5146 2486 5199 cap.
2520 5130 2574 5189 ὅ,
2600 5137 2653 5181 et
2706 5141 2772 5179 ex
2808 5123 2978 5177 variis
3025 5122 3250 5177 lectiou.
3280 5118 3346 5172 ad
3375 5117 3441 5176 ti-
3492 5115 3494 5120 ’

1827 5230 1995 5283 tolum
2026 5228 2238 5298 alogias,
2272 5225 2416 5288 Beda
2467 5237 2574 5277 non
2606 5220 2775 5276 semel
2828 5219 2896 5272 de
2925 5217 3055 5272 Arte
3086 5226 3275 5278 metr.,
3305 5219 3418 5270 Au-

1823 5332 1941 5375 cmr
1988 5329 2288 5373 comment.
2324 5319 2376 5370 in
2411 5315 2610 5370 Bedam
2662 5314 2729 5366 de
2761 5311 2881 5366 Art.
2932 5321 3094 5364 metr.
3130 5324 3233 5363 ms.
3273 5308 3323 5362 in
3355 5308 3438 5362 Ill-

1827 5412 2096 5467 bliotheca
2129 5411 2642 5475 Vaticana,lauetor
2672 5420 2977 5476 anonymus
3029 5404 3214 5458 saeculi
3255 5420 3310 5469 x,
3343 5401 3439 5456 Os-

1827 5505 2057 5569 bernus,
2088 5502 2329 5557 Joannes
2359 5498 2772 5554 Tinmutbensis
2808 5498 2858 5550 in
2894 5496 3012 5551 Vita
3045 5495 3103 5550 S.
3143 5495 3437 5561 Dunstani,

1821 5601 2152 5656 Guiliclmus
2186 5596 2695 5652 Malmesburiensis
2745 5593 2813 5647 de
2861 5592 2972 5647 Vit.
3036 5591 3288 5662 Pontilic.
3321 5589 3357 5643 Ι.
3396 5606 3435 5656 ι,

1818 5694 2040 5763 aliique.

1892 5786 2015 5842 165.
2061 5783 2231 5840 Nimis
2283 5783 2394 5854 jam
2454 5782 2627 5838 multa
2677 5780 2744 5836 de
2803 5778 3027 5836 Asterie
3061 5777 3165 5833 :de
3214 5775 3425 5832 duobus
