3904 6314
416 223 519 282 503
1728 219 2013 278 εωιιιέ
2052 220 2063 275 ε

2159 220 2412 278 )ULlUS.
3625 223 3730 281 5M

408 352 591 399 autem
616 341 738 399 aliis
766 342 942 411 poetis
990 340 1250 411 antiquis,
1302 340 1397 411 qui
1442 336 1725 398 Sedulium
1754 339 2009 394 versibus
2038 342 2077 401 Α
2114 349 2420 395 asservatur
2440 339 2496 395 in
2523 339 2730 397 aedibus
2754 341 2978 411 privatis
3006 341 3068 397 D.
3095 341 3162 400 tle
3191 341 3423 398 Balneo.
3454 340 3586 397 Alio
3615 357 3731 399 mo-

412 436 736 493 acrosticbis
791 435 1101 501 laudarunt,
1156 434 1401 503 brevius,
1461 450 1623 507 quam
1671 448 1809 505 opus
1848 446 2017 500 esset,
2122 432 2192 488 do
2220 433 2477 488 scribitur
2499 450 2697 491 nomen
2730 434 2974 492 Belisarii
2998 437 3051 491 in
3086 436 3283 507 lapide,
3312 436 3406 507 qui
3439 435 3729 507 egredien-

415 529 798 588 disserendum
853 537 958 583 est.
1001 528 1151 584 Nihil
1194 530 1340 584 enim
1374 528 1642 594 occurrit,
1685 541 1797 598 quo
1827 526 2018 597 pedem
2125 526 2267 581 libus
2322 536 2473 597 porta
2519 528 2770 603 Pinciana
2823 531 2971 599 jacet
3025 545 3053 583 a
3087 545 3251 584 manu
3280 530 3510 584 sinistra
3546 546 3562 583 :
3597 528 3733 584 Date

419 624 586 693 figere
639 621 935 691 possimus.
996 621 1104 675 Eos
1176 621 1313 677 satis
1379 620 1636 690 antiquos
1695 632 1864 685 esse,
1954 634 2021 674 ex
2123 618 2333 674 obulum
2360 620 2635 676 Belisario.
2668 620 2863 677 Verum
2895 621 3013 677 b:ec
3041 621 3325 692 inscriptio
3358 620 3729 691 posteriorum

423 714 704 787 veteribus
727 712 1016 770 codicibus
1045 714 1279 780 Sedulii,
1327 713 1381 769 in
1412 713 1611 784 quibus
1645 726 1841 769 versus
1869 725 2027 768 acro-

420 807 582 864 stichi
631 808 912 880 leguntur,
950 806 1163 875 liquido
1184 806 1625 863 demonstratur.
1671 808 2026 878 Dempsterus

419 901 474 957 in
508 901 713 957 Hister.
741 901 953 956 Eccles.
985 899 1203 956 Scotor.
1236 900 1541 967 Liberium,
1597 909 1652 957 et
1703 899 2024 956 Belisarium

422 1010 566 1050 anno
596 993 705 1048 440
731 992 932 1047 vixisse
947 990 1211 1058 affirmat,
1243 992 1337 1047 scd
1369 991 1519 1047 nullo
1538 992 1630 1071 vel,
1656 993 1758 1048 levi
1789 991 2029 1046 indicato

422 1079 806 1135 fundamento.
864 1076 982 1132 Non
1048 1087 1232 1133 tamen
1288 1079 1533 1148 ineptum
1582 1079 1684 1133 erit
1729 1077 2028 1147 conjicere,

419 1188 518 1230 eos
548 1180 757 1242 poetas,
790 1171 880 1241 qui
901 1170 1069 1225 simili
1100 1170 1346 1225 carmine
1376 1170 1549 1226 veluti
1581 1169 1838 1225 certatim
1859 1167 2033 1224 Sedu-

426 1267 560 1324 lium
592 1264 1075 1330 commendarunt,
1108 1263 1303 1319 eodem
1333 1263 1498 1319 simul
1528 1272 1777 1332 tempore
1805 1262 2030 1329 vixisse,

430 1369 489 1415 et
516 1357 755 1429 :equales
784 1355 950 1411 fuisse
993 1357 1112 1411 sive
1143 1356 1313 1427 ipsius
1358 1355 1593 1422 Sedulii,
1634 1356 1752 1412 sive
1807 1355 2034 1412 editoris

430 1450 661 1510 Asterii.
692 1451 750 1505 In
782 1450 959 1505 indice
1009 1450 1275 1505 librorum
1300 1450 1785 1523 expurgandorum
1810 1450 2036 1506 Joannis

431 1545 617 1602 Mariae
662 1543 1122 1599 Brasichellensis
1167 1560 1291 1616 pag.
1333 1542 1440 1600 256
1482 1544 1885 1616 praescribitur,
1942 1545 2037 1600 de-

433 1638 657 1695 lendum
685 1652 808 1694 esse
834 1639 1048 1692 titulum
1082 1636 1203 1691 Divi
1238 1638 1290 1693 in
1346 1637 1594 1706 Libe‘rio,
1634 1649 1690 1694 et
1742 1636 2034 1692 Belisario.

436 1730 697 1788 Nonnulli
723 1739 904 1785 tamen
935 1728 1115 1785 adhuc
1148 1740 1346 1785 vocant
1381 1730 1445 1785 ο.
1477 1729 1778 1796 Liberium,
1806 1730 1867 1783 D.
1899 1729 2041 1785 Beli-
2070 1736 2120 1799 Β
2219 1758 2342 1812 ,δι’

440 1822 643 1879 sarium
679 1840 692 1876 :
734 1822 940 1893 quippe
973 1821 1308 1892 intelligunt,
1358 1820 1431 1877 ο.
1463 1822 1778 1893 signiﬁcare
1826 1838 2042 1893 praeno-

439 1930 565 1971 men
598 1912 893 1968 Decimum.
925 1912 1175 1969 Labbeus
1206 1915 1261 1969 in
1293 1913 1528 1985 quodam
1554 1928 1682 1983 ms.,
1714 1922 1770 1970 et
1794 1913 2045 1971 Usserius

441 2007 496 2064 in
526 2007 634 2063 alio
664 2023 765 2078 pro
786 2006 994 2061 Liberio
1026 2008 1235 2077 reperit
1267 2007 1606 2075 Liberatum,
1635 2007 1889 2064 Barthius
1915 2023 2046 2063 vero

444 2100 733 2155 Libertum.
767 2099 1118 2155 Mabillonius
1171 2100 1228 2153 in
1279 2100 1527 2155 Analect.
1572 2110 1612 2154 t.
1648 2100 1687 2166 l,
1723 2098 2046 2155 Belisarium

450 2191 743 2263 appellate
772 2206 872 2246 suo
901 2207 1004 2247 ms.
1038 2190 1386 2247 Bellesarium
1413 2191 1799 2260 scholasticam,
1828 2192 1942 2249 sive
1962 2193 2051 2249 Be-

446 2283 684 2339 lisarium
719 2300 737 2339 :
764 2283 862 2338 alii
891 2282 1251 2353 Belwsarium,
1280 2283 1398 2339 sive
1417 2284 1799 2352 Bellwsarium,
1823 2284 1911 2340 alii
1954 2284 2055 2340 Be-

449 2375 701 2432 lezarium
731 2392 749 2430 :
782 2376 948 2431 immo
979 2376 1215 2432 Silonem
1272 2377 1330 2432 in
1372 2378 1611 2448 quodam
1657 2379 1846 2434 codice
1904 2380 2054 2451 regio

452 2469 754 2526 Parisiensi
787 2470 973 2526 vocari
1016 2470 1383 2526 animadverti
1447 2486 1601 2526 num.
1631 2471 1722 2538 95,
1786 2471 2057 2543 siquidem

449 2565 507 2621 in
537 2563 798 2636 Catalogo
840 2565 959 2634 ejus
992 2564 1344 2621 bibliotheca:
1376 2581 1567 2621 versus
1624 2566 1865 2622 Liberati
1897 2568 2059 2625 simul

454 2657 513 2714 in
541 2671 610 2713 eo
648 2655 837 2713 codice
864 2668 1245 2724 recensentur,
1270 2667 1326 2712 et
1353 2656 1411 2712 in
1442 2656 1633 2713 codice
1676 2657 1819 2714 8094
1845 2676 1859 2713 :
1886 2657 2061 2713 Belle-

454 2753 585 2809 ιαήί
611 2767 786 2806 versus
809 2750 1091 2806 acroatichi
1130 2751 1182 2806 in
1233 2751 1444 2806 laudem
1484 2752 1592 2823 93
1645 2751 1870 2806 Sedulii.
1917 2752 2065 2808 Non-

456 2842 597 2899 nulli
656 2842 879 2899 codices
915 2843 1180 2898 omittunt
1229 2843 1451 2898 nomina
1503 2843 1701 2898 horum
1757 2853 2063 2914 poetarum,

457 2936 551 2993 alii
575 2937 864 3008 utrumque
893 2937 1233 3008 epigramma
1252 2936 1523 2993 Belisario
1546 2937 1847 3003 ascribunt,
1879 2946 1941 2993 ut
1964 2938 2064 2994 du-

458 3028 618 3085 bitari
646 3029 819 3099 possit
857 3044 924 3084 an
955 3031 1150 3086 unicus
1170 3030 1247 3085 sit
1284 3030 1568 3102 utriusque
1595 3039 1791 3087 auctor
1815 3030 2067 3088 Decimus

462 3121 719 3179 Liberius
747 3121 1065 3177 Belisarius.
1096 3122 1215 3178 Non
1247 3124 1439 3194 procul
1470 3125 1536 3179 ab
1564 3124 1768 3180 Asterii
1808 3128 2070 3196 tempori—
2096 3119 2143 3183 C

463 3216 731 3274 busvixit
757 3216 1151 3274 celeberrimus
1183 3218 1275 3275 ille
1322 3219 1430 3275 dux
1475 3219 1795 3286 Belisarius,
1825 3223 1914 3291 qui
1946 3233 2069 3293 post

467 3309 763 3366 Silverium
792 3309 1107 3379 pontificem
1141 3312 1194 3367 in
1228 3312 1479 3368 exsilium
1514 3312 1766 3381 missum,
1799 3315 1855 3369 in
1886 3330 1945 3371 se
1977 3331 2069 3372 re-

2126 719 2431 781 tempornm
2458 712 2675 769 videtur
2710 728 2856 783 esse,
2889 729 3010 769 cum
3051 728 3141 769 res
3168 715 3305 781 ipsa,
3339 712 3551 767 scilicet
3584 712 3728 781 (ιιιοά

2129 803 2391 859 Belisario
2418 806 2558 860 eruti
2582 805 2726 861 oculi
2760 804 2981 872 fuerint,
3012 818 3069 862 et
3099 805 3185 860 his
3208 805 3396 859 verbis
3420 803 3732 875 eleemosy-

2131 912 2255 951 nam
2288 905 2477 966 petere
2501 898 2881 967 consueverit,
2912 898 3057 953 inter
3105 897 3317 953 fabulas
3350 913 3379 951 a
3412 896 3610 952 multis
3652 912 3733 951 re-

2132 989 2360 1056 feratur,
2388 999 2487 1045 uta
2508 992 2671 1062 Pagio
2694 992 2759 1047 ad
2782 991 3001 1048 Baronii
3026 990 3245 1046 annales
3272 1006 3401 1047 ann.
3426 991 3557 1056 561,
3585 1006 3731 1045 num.

2130 1082 2188 1150 4,
2218 1082 2459 1138 Joannes
2503 1084 2751 1151 Tzelzes,
2796 1096 2958 1157 poeta
2980 1100 3230 1157 grtccus,
3267 1084 3319 1139 in
3370 1082 3488 1139 suis
3540 1084 3731 1138 iambis

2135 1177 2251 1233 htcc
2281 1179 2393 1248 ipsa
2437 1178 2599 1234 verba
2650 1179 2858 1235 refert:
2894 1180 3155 1234 Paculam
3202 1178 3433 1250 ligneum
3502 1176 3732 1231 detinens

2135 1269 2391 1325 clamabat
2422 1269 2556 1338 plebi
2600 1272 2656 1325 in
2687 1272 2859 1327 stadio
2887 1287 2907 1326 :
2936 1270 3193 1343 Belisario
3240 1268 3351 1343 95
3380 1268 3597 1324 ebulum
3624 1268 3735 1321 date

2133 1365 2455 1433 imperatori.
2511 1365 2752 1435 llujusce
2795 1364 3005 1422 fabella:
3062 1363 3260 1420 famam
3318 1364 3512 1434 vigere
3561 1362 3733 1417 adhuc

2137 1455 2630 1533 Constantinopoli,
2663 1458 2815 1514 multi
2840 1467 3082 1519 narrant.

2740 1550 2987 1608 CAPUT.
3005 1600 3015 1612 .
3032 1548 3097 1606 Vl
3109 1588 3122 1602 .

2142 1640 2329 1713 Elogia
2360 1640 2586 1713 Sedulii,
2620 1658 2679 1697 ac
2722 1642 2991 1697 doctorum
3014 1642 3283 1697 hominum
3314 1641 3379 1695 de
3409 1655 3473 1694 eo
3514 1638 3737 1713 judicia.

2384 1756 2547 1812 Plura
2574 1768 2819 1813 veterum
2876 1758 2944 1813 de
2974 1757 3199 1815 Sedulio
3238 1756 3549 1812 testimonia
3589 1754 3741 1808 allata

2141 1848 2253 1920 jam
2279 1865 2307 1903 a
2338 1850 2493 1905 nobis
2518 1860 2663 1919 sunt,
2698 1849 2955 1905 videlicet
2976 1866 3042 1906 ex
3067 1849 3348 1905 codicibus
3371 1862 3510 1903 mss.
3541 1846 3764 1910 Sedulii,

2148 1958 2297 1997 num.
2331 1941 2385 1997 5.
2426 1959 2581 2014 seqq.
2613 1954 2664 1999 et
2697 1960 2846 1999 num.
2881 1944 2949 1999 76
3012 1959 3079 1998 ex
3118 1943 3342 1998 decreto
3368 1939 3577 1997 Gelasii
3602 1955 3739 1993 num.

2150 2037 2274 2105 152,
2307 2053 2374 2093 ex
2397 2039 2631 2109 quodam
2674 2036 2991 2107 Eldefonso,
3026 2038 3145 2093 sive
3173 2033 3471 2103 lldefonso,
3525 2034 3619 2104 qui
3648 2049 3743 2088 sa:-

2149 2132 2359 2187 culo’tx
2384 2131 2590 2197 ﬂoruit,
2622 2148 2771 2188 num.
2804 2132 2875 2188 28
2902 2174 2916 2198 ,
2948 2131 3137 2187 lsidori
3168 2144 3318 2185 num.
3342 2129 3410 2185 3i
3441 2169 3457 2193 ,
3484 2128 3743 2199 Sigeberti

2153 2240 2304 2280 num.
2326 2223 2417 2289 48,
2447 2223 2735 2280 Trithemii
2774 2241 2829 2279 n.
2860 2226 2949 2291 12,
2981 2222 3198 2279 Alcuini
3221 2238 3275 2278 n.
3308 2221 3402 2290 27,
3432 2219 3744 2291 Luitprandi

2156 2333 2211 2373 n.
2238 2317 2334 2374 151
2362 2361 2377 2385 ,
2412 2318 2685 2389 Anonymi
2711 2317 3039 2374 Mellicensis
3066 2333 3119 2371 n.
3150 2316 3245 2372 51.
3273 2314 3486 2372 Sedulii
3516 2314 3744 2369 Junioris

2156 2426 2213 2465 n.
2260 2410 2351 2477 56,
2400 2409 2559 2482 Xysti
2588 2411 2851 2467 Senensis
2895 2428 2951 2468 η.
2999 2410 3071 2466 24
3092 2458 3105 2481 ,
3138 2410 3533 2483 Eysengreinii
3565 2426 3627 2464 n.
3660 2408 3740 2463 25.

2158 2502 2429 2560 Jndicium
2457 2504 2593 2559 vivis
2616 2504 2683 2561 de
2708 2504 2953 2570 Sedulio,
2978 2504 3213 2576 aliisque
3242 2503 3416 2575 poetis
3436 2501 3741 2561 Christianis

2161 2597 2362 2669 protuli
2410 2598 2462 2653 in
2491 2598 2801 2670 Prolegom.
2862 2597 2929 2654 ad
2971 2597 3270 2654 Juvencum
3327 2613 3384 2651 n.
3446 2596 3572 2651 “2.
3626 2592 3740 2663 Epi-

2163 2708 2405 2764 gramma
2433 2691 2635 2749 Asterii
2660 2704 2717 2748 et
2738 2707 2931 2750 versus
2951 2690 3292 2749 acrostichos
3319 2687 3573 2746 Belisarii
3596 2696 3650 2745 et
3670 2686 3744 2742 Li-

2164 2785 2306 2842 beril
2329 2787 2383 2841 in
2413 2785 2807 2857 appendicibus
2848 2785 3193 2841 exhibemus.

2140 2931 2144 2939 ,
2242 2878 2365 2934 165.
2398 2877 2773 2934 Cassiodorius
2804 2878 2842 2932 l.
2877 2893 3027 2933 uvu
3057 2877 3125 2933 de
3160 2876 3346 2933 InStit.
3385 2874 3561 2930 divin.
3593 2873 3746 2928 litter.

2175 2970 2320 3041 Opus
2353 2972 2582 3043 quidem,
2635 2982 2690 3025 ut
2717 2970 2943 3025 arbitror
2992 2971 3361 3031 necessarium,
3409 2970 3498 3023 sed
3528 2967 3746 3023 conside-

2173 3074 2289 3119 rata
2338 3065 2648 3135 difﬁcultate
2676 3066 2993 3136 perarduum
3043 3066 3097 3119 in
3128 3064 3330 3119 duobus
3358 3062 3508 3117 libris
3537 3078 3751 3132 compre-

2174 3155 2394 3211 hendere
2422 3157 2550 3211 velle
2579 3157 2893 3229 divinarum,
2937 3169 2984 3211 et
3010 3158 3360 3211 humanarum
3400 3160 3570 3227 fontes
3590 3155 3751 3224 copio-

2173 3249 2403 3304 sissimos
2451 3247 2763 3303 litterarum.
2801 3248 2900 3305 Ubi
2955 3248 3162 3306 Sedulii
3211 3260 3413 3303 νέηαι*
3435 3246 3520 3301 illi
3569 3245 3751 3300 dicendi

2173 3353 2312 3409 sunt,
2345 3342 2579 3398 Grandia
2627 3344 2782 3413 posc‘o
2821 3344 3048 3415 quidem,
3091 3350 3197 3398 etc.
3256 3341 3398 3399 Sunt
3426 3355 3615 3397 versus
3641 3340 3748 3404 349,

469 3420 684 3473 versus,
736 3405 1036 3462 Ecclesiam
1087 3405 1274 3461 Romae
1313 3404 1450 3476 erigi
1489 3407 1723 3473 curavit,
1752 3407 1806 3463 in
1837 3423 1941 3479 qua
1975 3423 2063 3464 ex-

2176 3404 2360 3505 350,1.
2388 3452 2428 3504 ι,
2444 3438 2535 3507 qui
2563 3404 2921 3494 in'nonnuilis
2936 3404 3280 3493 ediiionibns
3298 3434 3634 3491 Cassiodorii
3647 3447 3753 3488 eor-

470 3507 581 3555 ⁸ι²ι
609 3498 893 3569 inscriptio
919 3513 933 3551 τ
1606 3523 1619 3533 “
1850 3537 1853 3541 ·
2179 3498 2321 3598 rupti
2350 3498 2619 3599 leguntur.
2651 3527 2803 3585 Idem
2816 3526 3212 3584 Cassiodorius
3236 3530 3287 3582 in
3313 3525 3553 3598 exposit.
3580 3525 3753 3595 psalm.

2177 3635 2326 3689 cxut,
2378 3636 2524 3675 vers.
2560 3621 2662 3675 ης
2701 3620 2900 3689 Quibus
2926 3621 3079 3674 etiam
3137 3619 3345 3675 Sedulii
3390 3619 3479 3685 (ut
3527 3617 3602 3671 ita
3629 3617 3757 3669 dixe-

2178 3714 2301 3784 rim)
2326 3722 2489 3784 poclm
2516 3712 2745 3766 veritatis
2768 3728 2944 3767 versus
2974 3712 3054 3766 illi
3073 3710 3339 3781 repetendi
3364 3720 3486 3763 sunt
3514 3726 3534 3763 :
3561 3708 3749 3778 Ligure,

2184 3806 2330 3877 ligna
2359 3822 2512 3878 rogas
2534 3847 2550 3873 ,
2574 3815 2680 3862 etc.
2708 3805 2788 3861 Ex
2814 3806 2850 3860 l.
2884 3821 2901 3860 ι
2930 3804 3141 3861 Sedulii
3164 3818 3313 3860 vers.
3344 3801 3475 3858 268.
3508 3801 3752 3857 Praeterea

2182 3900 2237 3955 in
2299 3900 2499 3970 Expos.
2555 3897 2751 3968 psalm.
2811 3914 2991 3965 xxxvi,
3043 3900 3096 3952 in
3142 3895 3525 3958 conclusione,
3572 3895 3751 3964 prolert

2183 4007 2329 4049 vers.
2355 3994 2459 4049 5‘25
2479 3992 2514 4047 l.
2540 4008 2579 4059 ι,
2610 3991 2770 4046 Ambo
2793 4008 2963 4046 errore
2982 4008 3151 4061 pares,
3183 4000 3236 4045 et
3262 3989 3317 4044 in
3345 3987 3550 4057 Expos.
3583 3985 3749 4056 psahn.

2187 4102 2376 4149 xxxvi,
2409 4086 2462 4141 in
2491 4084 2864 4155 conclusione,
2922 4099 3068 4140 vers.
3102 4082 3206 4140 549
3239 4083 3277 4138 ι.
3311 4097 3352 4151 ι,
3404 4079 3637 4135 Grandia
3675 4094 3752 4149 p0-

2188 4198 2273 4236 sco
2312 4180 2539 4250 quidem.

2260 4273 2387 4331 166.
2427 4273 2727 4333 Venantius
2750 4273 3140 4330 Fortunatus].
3181 4288 3274 4329 vnt
3302 4272 3566 4331 carm.9:

2318 4367 2456 4432 Quod
2480 4374 2616 4432 tonat
2632 4367 2937 4432 Ambrosius,
2962 4366 3289 4432 Hieronymus
3309 4373 3459 4430 atque
3477 4370 3697 4423 coruscat,

2380 4431 2497 4481 Sive
2517 4430 2819 4493 Augustinus
2839 4430 2972 4493 fonte
3003 4430 3188 4493 ﬂuente
3207 4431 3338 4493 rigat
3361 4447 3374 4476 :

2319 4492 2550 4555 Sedulius
2567 4491 2738 4555 dulcis,
2761 4493 2891 4553 quod
2911 4492 3113 4543 Orosius
3132 4492 3235 4541 edit
3258 4491 3451 4555 acutus,

2380 4553 2571 4618 Regula
2590 4553 2768 4605 Caesari
2791 4555 2923 4603 linea
2948 4562 3061 4606 nata
3078 4554 3172 4604 sibi
3198 4562 3294 4603 est.

2194 4637 2339 4693 Idem
2378 4653 2565 4692 rursus
2587 4638 2640 4691 in
2673 4638 2780 4691 vita
2818 4638 2878 4693 S.
2910 4636 3127 4692 Martini
3152 4638 3190 4692 ι.
3218 4638 3408 4691 ivers.
3439 4636 3542 4690 15:

598 3644 738 3696 Hanc
761 3646 835 3694 vir
860 3644 1094 3706 patricius
1111 3640 1370 3706 Vilisarius
1389 3642 1533 3706 urbis
1555 3643 1739 3694 amicus

667 3708 744 3757 Ob
765 3703 924 3769 culpae
944 3706 1136 3769 veniam
1155 3703 1371 3754 condidit
1387 3704 1676 3769 Ecclesiam.

602 3768 742 3832 Hanc
762 3766 942 3819 idcirco
958 3767 1138 3830 pedem
1162 3777 1349 3815 sacram
1366 3768 1450 3829 qui
1476 3767 1686 3832 ponis_in
1708 3766 1884 3832 aedem,

668 3831 735 3881 Ut
757 3834 1024 3881 miseretur
1047 3841 1183 3891 eum,
1209 3841 1342 3891 saepe
1370 3829 1577 3891 precare
1600 3829 1780 3879 Deum.

603 3893 760 3944 Janua
779 3894 886 3944 hac
912 3899 989 3943 est
1011 3890 1183 3954 templi
1208 3890 1417 3941 Domino
1438 3890 1645 3942 defensa
1681 3895 1891 3956 potenti.

476 4036 535 4093 In
582 4035 801 4093 schedis
831 4047 962 4089 mss.
1015 4028 1236 4100 Josepbi
1274 4028 1559 4085 Blanchini
1604 4027 1673 4083 de
1711 4028 2082 4098 inscriptioni-

473 4132 578 4188 bus
606 4127 869 4185 Romanis
891 4124 1032 4196 apud
1054 4139 1109 4178 v.
1137 4137 1187 4178 c.
1216 4121 1507 4191 praesulem
1547 4121 1810 4192 Beggium
1838 4129 2082 4176 notatum

475 4220 720 4286 invenio,
750 4218 892 4279 hanc
920 4214 1331 4283 inscriptionem
1354 4226 1382 4264 a
1410 4210 1647 4267 Grutero
1678 4225 1801 4281 pag.
1834 4209 1996 4277 1562,
2027 4228 2081 4264 ιι.

477 4314 568 4380 10,
600 4312 793 4382 reponi
821 4309 889 4364 ad
905 4306 1322 4363 Cruciferorum
1355 4303 1528 4359 aedem
1562 4304 1613 4358 in
1637 4302 1844 4373 Campo
1873 4302 2086 4363 Martio,

480 4411 541 4461 et
568 4417 677 4458 non
710 4410 950 4458 exstare.
988 4399 1184 4454 Verum
1216 4396 1503 4460 Baronins,
1535 4395 1627 4465 qui
1659 4410 1779 4450 eam
1809 4393 1977 4450 refert
2020 4394 2087 4449 ad

480 4509 613 4550 ann.
639 4494 768 4559 558,
802 4509 858 4547 n.
896 4491 985 4558 10,
1032 4489 1287 4555 advertit,
1343 4504 1465 4544 eam
1496 4487 1738 4557 conspici
1791 4488 1843 4542 in
1884 4487 2089 4557 pariete
2116 4472 2168 4531 Ι)

481 4586 746 4644 Ecclesia:
798 4582 1203 4639 Cruciferorum
1284 4582 1426 4636 inter
1491 4580 1737 4635 Pincium
1806 4589 2088 4649 montem,

482 4688 539 4736 et
560 4678 935 4746 Quirinalem;
967 4691 1089 4747 quae
1119 4683 1469 4744 nuncupatur
1492 4672 1550 4729 S.
1587 4672 1769 4728 Mariae
1798 4671 1852 4727 in
1883 4672 2089 4738 Trivio,

480 4772 538 4826 in
565 4769 723 4839 cujus
747 4768 1006 4823 exteriori
1057 4766 1228 4822 latere
1257 4781 1288 4820 e
1321 4765 1543 4835 regione
1570 4764 1764 4818 mdium
1798 4764 1876 4818 De
1907 4762 2091 4818 Comi—

479 4864 630 4920 tibus
651 4864 955 4917 etiamnum
986 4860 1250 4913 cernitur.
1285 4857 1366 4912 Ex
1408 4855 1780 4928 inscriptionis
1807 4855 1951 4927 stylo
1972 4897 1987 4921 ,
2012 4865 2096 4909 at-

481 4971 593 5027 que
620 4953 1011 5026 orthographia
1054 4950 1241 5020 colligi
1271 4960 1471 5019 potest,
1514 4964 1633 5005 eam
1663 4949 1888 5004 circiter
1918 4963 2094 5002 smcu-

483 5051 599 5108 lum
630 5065 687 5105 lx
716 5059 1019 5113 exaratam,
1052 5055 1109 5103 et
1152 5045 1477 5101 collocatam
1506 5043 1693 5099 fuisse.
1724 5042 1879 5109 Quod
1909 5043 1955 5097 si
1981 5042 2097 5098 haec

483 5141 774 5212 inscriptio
803 5155 936 5196 vere
960 5155 990 5194 a
1023 5137 1314 5199 Belisario,
1344 5144 1439 5191 aut
1464 5136 1533 5190 ab
1564 5135 1746 5205 aliquo
1765 5136 1881 5205 ejus
1901 5134 2098 5205 aequali

484 5236 795 5305 conscripta
826 5242 942 5298 est,
979 5222 1363 5301 argumentum
1418 5243 1482 5281 ex
1540 5241 1601 5282 ea
1634 5226 1742 5297 peti
1776 5236 1982 5297 potest,
2032 5224 2100 5280 ad

486 5329 867 5398 antiquitatem
908 5338 1167 5380 versuum
1219 5321 1587 5376 Leoninorum
1642 5318 2093 5375 conﬁrmandam.

481 5421 775 5487 Batonius,
809 5419 1015 5488 aliique
1046 5433 1095 5471 v.
1123 5415 1159 5471 4
1192 5414 1401 5471 habent
1424 5414 1728 5469 misereatur
1753 5430 1771 5469 :
1799 5412 1897 5469 sed
1932 5414 1984 5469 in
2019 5412 2099 5467 la-

486 5514 613 5584 pide
653 5513 848 5581 legitur
877 5510 1167 5564 miseretur.
1218 5506 1517 5577 Cajetanus
1553 5504 1813 5560 Marinius
1862 5505 1915 5558 in
1948 5505 2102 5558 locu-

487 5604 792 5675 pletissima
839 5617 938 5657 sua
996 5599 1321 5655 collectione
1377 5596 1793 5668 inscriptiontun
1855 5605 2098 5651 veterum
2206 5591 2279 5646 De
2306 5589 2390 5644 his
2419 5590 2664 5645 versibus
2705 5588 2955 5644 nonnihil
2986 5604 3014 5642 a
3062 5604 3149 5643 me
3172 5588 3380 5644 dictum
3402 5589 3575 5677 fuitin
3598 5586 3737 5665 Prole-

486 5694 945 5762 Cbristianarum,
1003 5709 1164 5760 quam
1186 5691 1296 5760 jam
1330 5690 1421 5746 diu
1445 5689 1550 5745 viri
1582 5688 1781 5761 eruditi
1813 5696 2095 5759 expetunt,
2202 5697 2347 5752 gout.
2399 5681 2465 5735 ad
2507 5681 2810 5737 Juvencum
2845 5695 2992 5734 num.
3026 5679 3115 5736 92.
3140 5678 3274 5748 Sed,
3309 5690 3366 5735 ut
3396 5681 3592 5753 aliquid
3614 5678 3734 5734 etiam

485 5792 565 5848 sic
593 5790 754 5847 etiam
786 5790 917 5859 legit
965 5803 1031 5844 ex
1057 5785 1220 5842 simili
1247 5785 1608 5854 inscriptione
1637 5800 1667 5839 a
1696 5798 1755 5840 se
1785 5784 1896 5838 visa
1922 5825 1935 5848 ,
1966 5797 2085 5852 quae
2194 5775 2582 5843 nuncraddam,
2615 5775 2701 5830 vix
2726 5777 2837 5846 jam
2881 5774 3049 5830 ullum
3082 5774 3214 5830 mihi
3244 5774 3491 5843 dubium,
3522 5774 3632 5846 quin
3667 5770 3733 5826 lsl'

2324 4752 2454 4803 Prim
2464 4766 2521 4803 us
2544 4753 2675 4803 enim
2693 4752 2836 4801 docili
2858 4751 3173 4813 distinguens
3188 4750 3361 4801 ordine
3383 4762 3593 4807 carmen,

2192 4816 2303 4889 95
2320 4824 2605 4889 jiajestatis
2622 4837 2746 4886 opus
2758 4824 2903 4889 metri
2926 4824 3057 4889 canit
3074 4827 3199 4889 ar_te_
3208 4821 3475 4889 iuvencus.

2320 4882 2447 4936 Hin‘c
2470 4882 2670 4948 quoque
2687 4886 2938 4947 conspicui
2960 4885 3165 4934 radiavit
3187 4884 3359 4946 lingua
3380 4882 3566 4934 Seduli.

2269 4995 2393 5050 167.
2428 4992 2738 5048 Isidorusin
2770 4991 3037 5058 versibus,
3069 5006 3205 5062 quos
3236 4991 3288 5045 in
3313 4991 3433 5061 ejus
3466 4990 3741 5047 bibliotheca

2198 5087 2330 5143 olim
2362 5086 2559 5140 aflixos
2586 5083 2753 5139 fuisse
2786 5085 2939 5140 multi
2966 5084 3293 5140 conﬁrmant
3325 5104 3339 5139 :

2325 5175 2756 5240 Perlegefacundi
2778 5175 3045 5240 studiosum
3074 5189 3275 5240 carmen
3300 5176 3451 5235 Aviti,

2391 5236 2520 5289 Ecc'e
2550 5238 2798 5301 Juvencus
2816 5239 2976 5293 adest,
3000 5236 3331 5301 Seduliusque
3348 5240 3459 5288 tibi.

2330 5302 2491 5353 Ambo
2509 5312 2652 5363 pares
2670 5300 2857 5363 lingua,
2881 5301 3116 5363 ﬂorentes
3141 5301 3367 5363 versibus
3390 5301 3532 5351 ambo

2390 5361 2549 5413 Fonte
2574 5361 2863 5425 evangelico
2888 5362 3059 5424 pocula
3084 5361 3220 5425 larga
3243 5361 3431 5425 ferunt,

2325 5425 2511 5476 Desine
2534 5424 2803 5487 gentilibus
2829 5438 2954 5487 ergo
2976 5424 3243 5487 inseruisse
3270 5424 3448 5487 poetis,

2390 5486 2516 5537 Dum
2540 5485 2665 5537 bona
2686 5492 2817 5537 tanta
2846 5485 3006 5549 potes,
3025 5486 3140 5548 quid
3162 5486 3250 5536 tibi
3274 5485 3572 5538 Calliroemi

3284 6278 3476 6290 ,ﬂ7——_
3530 6278 3594 6284 ἡ
