3906 6340
179 233 273 290 505

1517 237 2054 302 PROLEGOMENA.

3334 256 3438 316 506

178 347 284 402 dori
310 345 434 415 sint,
461 358 526 402 ex
549 347 825 403 veteribus
852 361 1008 412 mss.,
1036 360 1159 402 cum
1189 347 1239 402 in
1262 347 1448 404 codice
1466 348 1587 404 Vat.
1611 351 1743 423 Reg.
1776 359 1828 418 Α
1853 355 2161 424 laudantur,
2210 367 2268 413 ut
2297 362 2525 429 exposui
2583 377 2734 418 num.
2794 363 2881 420 76.
2945 365 3174 424 Eosdem
3216 379 3447 440 quatuor

174 440 271 497 2l5
295 440 470 495 sreculi
496 456 550 494 ix
581 442 829 496 exeuntis
858 442 1001 497 inter
1028 441 1163 496 alios
1189 458 1378 498 versus
1407 443 1471 497 ad
1513 444 1750 516 syllaba-

177 550 286 590 rum
329 535 682 603 quantitatem
711 535 1097 604 explorandam
1130 535 1394 606 allegatos
1424 536 1524 589 sub
1555 535 1750 592 lsidori

178 628 380 683 nomine
416 628 639 696 produci
671 628 895 683 viderim
923 645 935 681 :
981 627 1050 682 Te
1069 645 1268 699 quoque
1297 638 1470 682 nostra
1501 630 1602 683 tuis
1626 645 1751 700 pro-

175 724 256 775 mit
279 722 576 776 bibliotheca
601 722 763 790 libris,
798 723 941 793 quod
981 723 1210 793 elogium
1241 722 1556 793 Hieronymi
1585 732 1668 778 est
1697 725 1748 778 in

176 816 402 870 versibus
443 815 791 870 Bibliotheca:
841 815 1054 880 lsidori,
1088 814 1182 870 sed
1227 815 1529 870 correctius
1556 815 1607 868 in
1648 814 1751 869 hoc

177 907 287 962 Vat.
316 906 524 972 codice,
552 907 626 960 uti
650 907 812 961 etiam
844 907 895 961 in
924 907 1048 961 cod.
1078 906 1195 960 Vat.
1228 905 1361 975 Reg.
1394 906 1520 972 425,
1551 905 1650 960 Sub
1673 905 1753 959 in-

172 1007 314 1055 certo
342 1009 584 1066 auctore,
608 1008 662 1054 et
683 1002 738 1053 in
761 1001 868 1053 alio
899 998 1029 1068 Reg.
1063 999 1190 1061 571,
1215 998 1316 1051 sub
1347 998 1631 1067 Augustini
1657 1011 1748 1051 no-

174 1092 328 1146 mine.
361 1089 504 1146 ldem
548 1091 786 1146 Isidorus
816 1091 853 1145 Ι.
887 1089 1038 1160 Orig.
1061 1105 1152 1152 xx,
1178 1103 1228 1143 c.
1260 1089 1315 1158 4,
1348 1087 1503 1143 affert
1535 1103 1752 1143 versum

172 1185 411 1238 ultimum
447 1184 658 1254 prologi
702 1181 912 1237 metrici
948 1200 962 1235 :
996 1180 1236 1235 Arretina
1288 1197 1408 1234 vasa
1458 1198 1520 1236 ex
1551 1179 1754 1235 Arretio

170 1278 436 1347 municipio
485 1275 677 1342 Italica,
712 1274 988 1341 dicuntur,
1037 1274 1125 1328 ubi
1166 1273 1298 1344 ﬁunt
1329 1290 1348 1327 :
1395 1274 1529 1327 enim
1568 1271 1753 1343 (forte

171 1370 339 1440 etiam)
368 1367 541 1436 rubra,
566 1367 630 1420 de
659 1367 841 1438 quibus
864 1365 1134 1432 Sedulius,

346 1501 512 1551 Rubra
536 1502 663 1565 quod
690 1504 964 1566 appositum
1000 1510 1126 1553 testa
1169 1503 1417 1554 ministrat
1441 1501 1565 1552 olus.

238 1630 354 1686 168.
403 1630 457 1684 ln
488 1631 747 1700 praeclara
777 1631 1015 1688 editione
1055 1633 1278 1688 Patrum
1325 1632 1749 1701 Toletanorum,

172 1722 360 1790 studio,
391 1732 444 1778 et
472 1726 727 1792 expensis
763 1724 1184 1781 eminentissimi
1218 1726 1516 1781 cardinalis
1546 1727 1750 1782 Loren-
1788 1749 1831 1808 Β
1862 1770 1982 1808 mus
2019 1773 2031 1808 ε
2065 1754 2190 1810 γεγε
2216 1759 2349 1811 enim
2392 1757 2539 1813 beam
2567 1722 2922 1833 parens’éu'ic

173 1831 294 1870 zaua
328 1827 637 1885 procurata,
676 1816 820 1872 inter
873 1833 1153 1875 sermones
1182 1818 1465 1884 dubioss.
1501 1817 1754 1875 lldefonsi

173 1910 443 1978 reponitur
490 1923 672 1963 sermo
702 1908 764 1975 5,
819 1909 886 1966 de
917 1911 1294 1979 assumptione
1341 1911 1401 1964 Β.
1433 1911 1631 1976 Illariae,
1664 1910 1756 1980 qui

175 2003 306 2055 inter
361 2015 526 2070 opera
567 2001 812 2056 (Milonis
845 2003 1072 2058 Ahbatis
1098 2013 1294 2059 exstat.
1342 2003 1415 2057 lbi
1451 2019 1570 2073 pag.
1604 2004 1708 2058 565
1741 2020 1754 2057 :

175 2090 313 2147 Circa
335 2095 656 2159 sepulturam
695 2111 807 2149 vero
861 2095 1205 2162 Dominicam,
1235 2095 1580 2168 multomagis
1605 2113 1759 2165 quant

175 2189 402 2242 mulieres
433 2189 550 2242 illas
572 2198 793 2254 sanctas,
821 2191 1033 2260 quidam
1074 2190 1252 2244 dicunt
1280 2190 1439 2261 fuisse
1487 2189 1760 2244 sollicitam

179 2280 494 2352 (Deiparam
522 2283 564 2354 ),
611 2299 828 2352 quorum
852 2284 1164 2353 Opinionem,
1199 2284 1298 2336 nisi
1323 2283 1501 2353 fallor,
1534 2293 1762 2336 astruere

177 2372 368 2425 videtur
393 2372 557 2425 bonus
587 2370 675 2426 ille
706 2371 974 2440 Sedulius,
1011 2383 1161 2443 poeta
1203 2376 1547 2442 cvangelicus,
1591 2383 1764 2427 orator

181 2467 447 2538 facundus,
481 2468 707 2536 scriptor
734 2468 1039 2521 catholicus.
1087 2466 1289 2523 Confer
1331 2469 1613 2524 Sedulium
1637 2469 1672 2522 l.
1706 2472 1759 2536 5,

182 2573 317 2614 vers.
346 2560 450 2615 322
468 2569 524 2615 et
545 2559 960 2616 36Llldel‘onso
990 2562 1154 2617 etiam
1177 2577 1203 2614 a
1226 2562 1502 2616 nonnullis
1525 2563 1762 2617 ascribi-

184 2659 263 2707 tur
289 2654 609 2722 opusculum
635 2653 711 2708 De
738 2665 893 2722 partu
943 2653 1200 2722 Virginis,
1231 2653 1373 2720 quod
1422 2653 1767 2708 doctissimus

185 2744 349 2800 editor
375 2757 523 2800 recte
552 2756 737 2799 monet
761 2745 1055 2801 Paschasio
1084 2746 1348 2800 Ratberto
1380 2761 1502 2800 esse
1529 2747 1768 2800 tribuen-

186 2835 326 2891 dum.
362 2837 416 2890 ln
450 2838 553 2892 hoc
583 2852 748 2907 opere
783 2855 832 2907 p.
865 2838 971 2893 514
1004 2837 1181 2892 tom.l
1225 2838 1442 2892 Patrum
1476 2839 1769 2893 Toletano-

184 2942 295 2983 rum
325 2928 435 2983 huic
461 2929 725 2984 habemus
754 2928 821 2985 de
849 2929 1073 2984 Sedulio
1099 2947 1111 2982 :
1144 2929 1294 2997 Quod
1317 2931 1362 2982 si
1385 2930 1574 2983 talibus
1604 2942 1649 2983 et
1673 2931 1768 2983 Itu—

179 3022 460 3091 juscemodi
473 3031 670 3091 pateret
696 3029 1183 3092 puerperajorment
1196 3023 1259 3089 is,
1295 3021 1634 3093 proculdubio
1661 3021 1771 3092 96

186 3113 318 3186 virgo
341 3130 440 3167 non
469 3123 618 3182 esset,
649 3116 770 3186 quia
799 3113 1069 3185 virginalis
1097 3115 1366 3185 integritas
1395 3116 1590 3168 violata
1615 3126 1766 3168 esset.
1800 3134 1846 3198 ο

192 3202 319 3258 Hinc
343 3205 594 3260 Sedulius
624 3205 794 3261 rhetor
848 3205 1096 3260 Romana:
1142 3205 1386 3260 Ecclesia:
1431 3207 1482 3259 in
1539 3206 1770 3273 paschali

190 3313 274 3350 suo
299 3313 446 3366 opere
467 3299 541 3351 ait
572 3297 799 3369 :lnfans
822 3314 1064 3368 namque,
1093 3307 1199 3352 etc.
1228 3297 1374 3352 Unde
1400 3297 1568 3350 adhuc
1590 3298 1724 3350 idem
1751 3314 1768 3351 :

203 3389 315 3445 Vere
348 3393 535 3446 divinw
565 3393 932 3464 generationis,
965 3404 1069 3450 etc.
1110 3391 1258 3446 Nihil
1288 3407 1410 3464 ergo
1434 3392 1662 3460 apertius
1692 3393 1772 3444 di-

190 3498 294 3538 cere
332 3494 568 3555 queunt,
603 3484 734 3538 nihil
772 3486 1094 3555 manifestius
1149 3486 1186 3536 ii
1215 3484 1380 3537 sancti
1435 3471 1668 3536 doctores
1712 3485 1773 3538 de

191 3586 329 3646 partu
385 3577 640 3648 Virginis,
689 3586 795 3633 etc.
850 3577 1022 3632 Verba
1054 3576 1370 3647 deprompta
1419 3585 1632 3630 suntex
1664 3575 1701 3630 l.
1737 3591 1773 3629 ιι

191 3666 368 3738 Operis
392 3669 696 3734 Paschalis,
732 3671 845 3724 sive
871 3684 1068 3739 prosae.
1735 3668 1740 3671 ’

257 3761 376 3817 169.
411 3765 492 3816 Ab
518 3765 749 3818 Aratore
774 3762 1057 3818 Sedulium
1084 3761 1361 3816 laudatum
1389 3761 1606 3832 quidam
1642 3760 1775 3816 scri-

193 3860 363 3921 ptores
413 3853 665 3908 referunt
697 3871 709 3907 :
743 3852 886 3921 quod
918 3854 1170 3922 opinatur
1215 3852 1481 3906 Cellarins
1538 3867 1664 3906 esse
1709 3866 1772 3906 ex

194 3941 304 3998 Aldi
332 3945 599 4000 relatione
649 3946 699 3999 in
759 3945 866 4000 vita
902 3946 1181 4001 Aratoris:
1217 3943 1508 3998 Contulissc
1533 3956 1701 3997 autem
1724 3961 1776 3997 se

193 4039 255 4091 ad
277 4035 569 4092 scribendos
601 4039 756 4092 Actus
786 4038 1143 4108 apostolorum
1166 4037 1359 4090 idcirco
1390 4036 1612 4089 versibus
1644 4037 1774 4089 Ara-

195 4141 268 4184 lor
295 4132 504 4196 dicitur,
535 4131 677 4201 quod
708 4131 892 4200 fecisse
916 4130 1051 4184 idem
1079 4130 1131 4182 in
1155 4127 1439 4200 Evangelia
1468 4127 1775 4190 Iuvencum,

195 4239 249 4278 ac
275 4223 546 4280 Sedulium
572 4225 799 4279 vidisset.
827 4223 894 4278 Id
914 4241 1027 4277 vero
1048 4225 1098 4277 in
1122 4241 1180 4277 eo
1204 4225 1420 4277 Aratore
1441 4221 1559 4276 licet
1584 4221 1777 4284 videre,

196 4319 274 4386 qui
321 4318 548 4373 Venetiis
578 4329 625 4372 et
653 4319 706 4372 in
734 4316 803 4370 D.
840 4316 1030 4386 Georgi
1055 4325 1391 4386 c0gnomento
1453 4314 1698 4386 illajoris,
1731 4322 1779 4366 et

197 4405 424 4478 Deiparae
452 4419 657 4479 semper
690 4407 921 4480 Virginis
948 4408 1001 4459 in
1028 4405 1189 4458 hortis
1215 4405 1516 4458 bibliotheca
1537 4403 1781 4474 alligatus

197 4512 280 4557 est.
331 4505 384 4559 In
435 4505 765 4559 bibliotheca
824 4502 1084 4581 Vaticana
1126 4509 1209 4554 est
1265 4499 1433 4554 codex
1497 4498 1856 4582 Palatinus”

199 4609 332 4652 num.
370 4599 525 4667 l7l7,
570 4598 625 4652 in
651 4597 743 4652 fol.
777 4610 995 4667 magno,
1025 4595 1206 4648 smculi
1237 4610 1289 4647 χι
1320 4593 1560 4657 circiter,
1593 4594 1643 4646 iu
1685 4608 1779 4646 cu-

191 4694 451 4765 jusinitio
491 4695 576 4749 sic
629 4701 874 4748 notatum
929 4691 1148 4746 invenio
1184 4707 1196 4742 :
1226 4691 1412 4742 Arator
1434 4688 1779 4741 subdiaconus

200 4789 287 4857 fuit
324 4798 509 4842 sancta:
563 4785 660 4840 Dei
712 4787 958 4841 Romana:
988 4782 1254 4845 Ecclesiae,
1304 4782 1391 4849 qui
1419 4781 1779 4844 considerans,

199 4880 467 4937 Iuvencum
493 4892 542 4936 et
574 4880 850 4935 Sedulium
880 4878 1086 4932 metrico
1138 4875 1402 4945 scripsisse
1447 4889 1566 4928 suos
1602 4872 1780 4937 libros,

201 4975 422 5040 decrevit,
454 4992 506 5029 se
532 4973 764 5042 uersiﬁce
787 4972 1102 5041 scripturum
1131 4969 1287 5022 Actus
1318 4965 1706 5035 Apostolorum.

257 5069 371 5123 170.
405 5067 546 5123 Beda
578 5075 877 5122 comment.
909 5065 961 5120 in
995 5063 1194 5118 Lucam
1224 5076 1344 5129 cap.
1377 5061 1464 5123 49,
1502 5058 1565 5112 ad
1595 5058 1784 5124 verba,

201 5159 562 5230 Cruciﬁa'erunt
595 5176 708 5213 eum
737 5204 750 5227 ,
784 5167 891 5213 etc.
947 5175 959 5211 :
1009 5141 1246 5220 Qualiler
1285 5171 1408 5207 sane
1436 5151 1688 5206 Dominus
1732 5153 1784 5205 in

200 5268 337 5306 cruce
364 5255 426 5307 sit
466 5253 693 5325 positus,
735 5249 918 5323 quidve
943 5249 1119 5303 eadem
1164 5246 1504 5312 sacratissimi
1554 5245 1785 5315 corporis

203 5345 374 5411 positio
401 5346 590 5416 regalis
619 5344 670 5397 in
721 5361 772 5396 se
797 5343 908 5412 tgpi
963 5342 1245 5405 contineat,
1280 5337 1525 5394 Sedulius
1572 5337 1624 5389 in
1679 5335 1788 5388 Pa-

202 5437 351 5492 schali
375 5438 610 5492 Carmine
639 5437 854 5509 pulchre
877 5436 1100 5490 uersibus
1148 5433 1280 5487 dixit
1308 5474 1320 5496 ,
1354 5449 1473 5486 neve
1495 5432 1611 5501 quis
1639 5430 1787 5501 igno-

200 5541 291 5598 ret,
337 5541 440 5587 etc.
473 5531 733 5586 Producit
763 5545 978 5586 versum
1014 5530 1138 5594 l88,
1182 5537 1236 5582 et
1266 5527 1403 5581 alios
1448 5533 1655 5594 septem
1691 5541 1781 5579 se-

206 5637 421 5697 quentes
447 5628 574 5683 libri
601 5643 654 5694 v,
685 5626 773 5697 qui
817 5626 870 5678 in
900 5623 1087 5680 codice
1121 5630 1309 5677 nostro
1338 5621 1704 5675 Ottohoniano
1729 5620 1787 5683 2,

206 5733 232 5773 a
254 5736 403 5775 versu
436 5721 674 5788 Quatuor
700 5720 820 5774 inde
846 5719 1033 5792 plagas
1058 5731 1309 5798 seorsum
1338 5724 1713 5778 recensentur,
1741 5721 1796 5768 et

209 5827 428 5886 quatuor
458 5815 579 5872 aliis
598 5814 895 5888 prwmlssis
920 5814 1164 5870 versibus
1193 5810 1426 5878 Qualiter
1453 5807 1656 5878 afﬁxus,
1683 5817 1789 5863 etc.

1853 465 2064 517 versus,
2097 452 2337 520 Qualiter
2356 454 2555 524 afﬁxus,
2590 466 2698 514 etc.
2719 500 2731 522 ,
2765 474 2830 512 ex
2863 461 3089 531 antiquo
3121 477 3223 516 ms.
3258 464 3448 521 codice

1853 542 2230 617 Thorneyensi
2284 548 2406 602 sine
2437 549 2541 604 ulla
2581 551 2948 621 discrepantia
2980 554 3232 611 lectionis
3283 557 3448 614 Usse-

1852 637 1967 691 rius
1998 639 2240 707 protulit.
2267 639 2474 696 Versus
2506 651 2683 698 autem
2715 646 2921 702 Sedulii
2950 648 3018 704 de
3046 647 3218 708 Cruce
3249 667 3277 705 a
3302 667 3443 708 vers.

1854 728 1977 795 184,
2011 729 2129 784 Pax
2154 733 2320 788 crucis
2344 735 2451 803 ipse
2475 737 2593 806 fuit,
2629 740 2975 807 proferuntur
3022 742 3184 797 etiam
3232 758 3261 798 a
3293 744 3447 799 Dun-

1851 823 1995 894 galo,
2028 832 2081 877 et
2111 825 2180 878 ab
2233 824 2368 881 Jona
2399 825 2778 886 Aurelianensi
2828 833 2893 888 ad
2933 835 3136 890 cultum
3168 852 3449 894 sacrarum

1853 917 2151 988 imaginum
2206 922 2585 992 probandum,
2632 936 2691 979 ut
2745 925 2811 980 ad
2842 942 2963 982 eum
3014 929 3193 986 locum
3245 932 3449 989 dicam.

1856 1009 2063 1064 Rursus
2106 1011 2247 1066 Beda
2298 1013 2353 1066 in
2411 1014 2578 1070 libros
2636 1015 2841 1089 Regum
2882 1029 3078 1089 quaest.
3105 1021 3195 1088 28,
3230 1039 3350 1078 cum
3382 1040 3449 1080 ex

1855 1103 2064 1160 Joanne
2082 1104 2684 1178 Constantinopolitano
2705 1112 2967 1183 episcopo
2994 1114 3295 1182 retulisset,
3312 1131 3453 1186 gric-

1855 1213 1948 1253 cos
1979 1213 2046 1252 ex
2069 1214 2296 1254 ascensu
2323 1201 2456 1256 Elire
2486 1202 2714 1258 ﬁnxisse
2743 1221 2990 1272 currum,
3021 1221 3214 1277 equos,
3263 1216 3319 1262 et
3370 1223 3459 1262 ra-

1854 1289 1976 1344 dios
2018 1291 2168 1359 solis,
2199 1290 2454 1347 addidit:
2495 1293 2643 1361 Quod
2688 1298 2824 1350 enim
2869 1314 3034 1368 grace
3085 1314 3219 1355 tuos
3266 1299 3457 1354 dicitur

1855 1382 1955 1447 sol,
1984 1385 2116 1437 sicut
2144 1385 2297 1438 etiam
2320 1386 2588 1452 Sedulius,
2632 1405 2748 1443 cum
2772 1390 2834 1444 de
2873 1389 3006 1446 Elice
3042 1409 3256 1447 ascensu
3303 1410 3457 1448 cane-

1856 1485 1955 1544 ret,
1988 1479 2208 1532 ostendit
2258 1480 2453 1544 dicens,
2503 1494 2610 1536 etc.
2645 1483 2835 1539 Refert
2868 1500 3086 1540 versum
3122 1486 3222 1542 181
3254 1497 3309 1542 et
3345 1495 3457 1543 tres

1854 1580 2150 1640 sequentes
2176 1573 2283 1644 97
2340 1574 2464 1628 libri
2492 1591 2527 1630 ι.
2575 1575 2656 1630 Ex
2690 1576 2883 1632 eodem
2915 1578 3060 1634 Beda
3091 1580 3144 1633 in
3187 1579 3462 1635 breviario

1857 1660 2103 1718 Romano
2144 1663 2196 1718 in
2247 1659 2599 1723 Dedicatione
2631 1669 2687 1723 S.
2727 1670 2906 1725 Maria:
2949 1671 3016 1725 ad
3058 1671 3225 1726 Nives
3259 1670 3458 1727 recita-

2951 1765 3084 1832 sicul
3108 1763 3319 1834 quidant
3346 1763 3418 1817 ait
3443 1779 3461 1817 :

1864 1849 2033 1904 Enixa
2065 1851 2083 1922 (
2111 1861 2183 1904 est
2210 1853 2226 1917 )
2257 1870 2508 1925 puerpera
2533 1871 2725 1926 regem,
2749 1867 2855 1912 etc.
2883 1856 3087 1913 Versus
3109 1857 3463 1914 sunt'Sedulii

1859 1945 1898 2000 l.
1927 1962 1982 2012 ιι,
2014 1961 2155 2001 vers.
2190 1948 2259 2002 65
2287 1963 2404 2018 seq.
2450 1948 2566 2017 Quo
2603 1951 2723 2005 loco
2749 1963 3115 2020 opportunum
3160 1961 3245 2006 est
3270 1952 3466 2007 adver—

1862 2051 1976 2095 tere
2000 2055 2147 2111 smpe
2175 2042 2227 2096 in
2256 2041 2452 2097 olliciis
2473 2044 2740 2113 liturgicis
2762 2044 2928 2099 verba
2951 2043 3159 2100 Sedulii
3183 2043 3465 2110 adhiberi;

1865 2152 1987 2190 nam
2045 2147 2243 2206 printer
2293 2137 2549 2209 hymnos,
2597 2140 2688 2208 qui
2719 2155 2783 2194 ex
2817 2138 3044 2194 Sedulio
3091 2139 3143 2193 in
3190 2138 3465 2193 breviario

1865 2231 2204 2285 Mozarabico
2235 2241 2288 2285 et
2337 2231 2582 2286 Romano
2606 2242 2755 2299 sunt,
2791 2242 2847 2287 ut
2885 2232 2938 2286 in
2970 2247 3084 2285 var.
3134 2231 3359 2286 lection.
3393 2229 3462 2285 ad

1867 2323 2125 2395 hymnum
2159 2323 2362 2379 Sedulii
2392 2325 2588 2387 dicam,
2620 2326 2671 2380 in
2700 2326 3132 2381 Circumcisione
3157 2323 3372 2380 Domini
3396 2323 3466 2379 ad

1867 2419 2214 2488 respousoria
2245 2420 2279 2473 2
2311 2421 2564 2474 nocturni
2594 2420 2757 2501 verba
2804 2436 2864 2475 ex
2895 2420 3090 2475 eodem
3134 2419 3336 2490 hymno
3369 2417 3468 2474 Se-

1867 2511 1999 2566 dulii
2031 2520 2368 2582 repetuntur,
2408 2513 2600 2567 Domus
2644 2512 2820 2585 pudici
2864 2515 3104 2585 pectoris,
3137 2511 3269 2580 elc.,
3310 2521 3364 2568 et
3412 2511 3466 2566 in

1871 2604 2095 2659 introitu
2143 2605 2317 2659 Missae
2373 2606 2566 2660 votivae
2623 2606 2902 2676 llciparzn,

1994 2766 2159 2831 Salve,
2189 2773 2354 2831 sancta
2380 2779 2576 2830 parens,
2601 2767 2747 2818 enixa
2770 2780 3055 2831 puerpuera
3079 2779 3278 2831 regem,

1997 2829 2089 2889 Qui
2113 2827 2288 2878 caelum
2311 2827 2594 2891 terramque
2621 2827 2781 2893 regit,

1873 2989 1939 3030 ex
1990 2976 2026 3029 l.
2073 2991 2128 3041 tt,
2163 2991 2215 3028 v.
2279 2973 2369 3042 65,
2421 2983 2476 3029 et
2523 2975 2573 3029 in
2608 2976 2905 3030 missalium
2958 2974 3172 3029 rubrica
3219 2969 3469 3026 laudatur

1877 3066 2148 3122 Sedulius.
2176 3067 2390 3122 Notavit
2443 3068 2604 3121 etiam
2632 3066 3015 3122 Nebrissensis
3065 3067 3116 3120 in
3147 3063 3472 3120 lectionibus

1878 3162 2157 3216 nocturnis
2188 3161 2333 3215 Festi
2384 3161 2629 3214 omnium
2671 3171 2984 3214 sanctorum
3031 3159 3098 3212 ita
3131 3158 3201 3220 de
3242 3155 3472 3211 Sedulio

1873 3254 1978 3323 legi
1999 3273 2011 3309 :
2033 3255 2287 3326 Egregius
2309 3255 2622 3321 versiﬁcator
2658 3253 2756 3307 Dei
2777 3254 3083 3322 sapientiam
3104 3251 3275 3304 omnia
3299 3265 3471 3313 nosse,

1875 3357 2025 3418 atque
2065 3364 2209 3414 posse
2261 3349 2551 3401 considerat
2599 3347 2776 3399 dicens
2808 3362 2826 3399 :
2873 3345 2973 3410 Qui
2999 3342 3177 3397 stellas
3206 3357 3468 3406 numeras,

1875 3451 1981 3496 etc.
2031 3440 2172 3495 Sunt
2213 3454 2403 3494 versus
2463 3438 2530 3492 66
2561 3447 2619 3492 et
2654 3453 2770 3507 seq.
2804 3438 2838 3491 Ι.
2895 3452 2934 3490 l.
2968 3434 3026 3489 lu
3061 3435 3332 3489 breviario
3362 3432 3473 3486 Ro-

1877 3551 2040 3590 mano
2081 3549 2224 3589 nunc
2259 3533 2310 3586 id
2340 3547 2446 3586 non
2479 3531 2695 3600 legitur,
2724 3530 2815 3585 sed
2860 3529 3142 3599 legebatur
3175 3536 3357 3589 antea,
3412 3532 3471 3578 ut

1877 3629 2119 3698 liquctex
2147 3625 2415 3680 breviario
2438 3625 2683 3677 Romano
2714 3623 2779 3676 de
2797 3623 3020 3675 Camera
3041 3627 3350 3685 nuncupato
3367 3615 3468 3670 Vc-

1879 3724 2042 3776 netiis
2091 3719 2230 3774 1550
2265 3718 2403 3787 apud
2453 3716 2644 3771 Juntas
2678 3716 2729 3768 in
2758 3715 2872 3775 lo|.,
2914 3713 3005 3766 ubi
3040 3713 3090 3765 in
3133 3709 3321 3779 Vigilia
3353 3723 3468 3761 om-

1879 3818 2023 3873 nium
2057 3824 2370 3868 sanctorum
2411 3826 2473 3862 ex
2526 3823 2777 3862 sermone
2821 3804 3028 3859 Rubani
3069 3803 3307 3857 refertur
3341 3816 3354 3853 :
3400 3799 3466 3852 Et

1879 3912 2114 3983 egregius
2138 3907 2226 3960 ille
2256 3901 2828 3972 t'ersiﬁcalorSedulins
2848 3897 2942 3951 Dei
2965 3894 3273 3964 sapientiam
3295 3890 3468 3944 omnia

1881 4020 2048 4078 posse,
2080 4011 2232 4069 atque
2259 4014 2424 4063 nosse,
2453 4007 2554 4050 etc.
2596 3995 2839 4062 Denique
2893 3991 3191 4059 saepissime
3223 3985 3364 4039 Beda
3414 3983 3468 4035 in

1884 4100 2023 4151 libro
2055 4098 2118 4148 de
2150 4097 2281 4147 Arte
2315 4091 2539 4146 metrica
2574 4089 2786 4157 regulas
2814 4099 2940 4138 suus
2971 4080 3242 4149 exeiuplo,
3280 4087 3336 4133 et
3376 4091 3473 4129 au-

1882 4190 2132 4243 ctoritate
2157 4184 2362 4239 Sedulii
2386 4180 2695 4243 conﬁrmat,
2714 4180 2829 4246 ejus
2856 4176 3074 4230 nomine
3101 4173 3262 4226 modo
3285 4170 3474 4233 tacito,

1885 4280 2044 4335 modo
2072 4291 2352 4346 expresso,
2388 4275 2519 4327 utin
2556 4283 2705 4336 nat.,
2746 4280 2801 4323 ct
2855 4284 2968 4322 var.
3007 4264 3470 4320 lcetiOuibusmo.

1887 4377 2052 4429 ueho.
2084 4372 2282 4426 Bedam
2299 4368 2694 4422 commentario
2714 4362 3007 4418 illustravit
3027 4361 3212 4413 nescio
3230 4355 3350 4426 quis
3376 4369 3474 4405 au-

1889 4468 2068 4534 thuus
2095 4463 2331 4531 scriptor
2360 4461 2410 4512 in
2446 4473 2547 4512 ms.
2594 4455 2783 4510 codice
2811 4452 3094 4514 Vaticano,
3143 4464 3302 4519 quem
3335 4459 3472 4497 voco

1885 4560 2019 4627 Reg.
2045 4557 2101 4620 4,
2133 4555 2323 4608 utdixi
2354 4567 2502 4605 num.
2552 4550 2639 4604 69.
2675 4549 2723 4602 ls
2775 4547 2937 4616 igitur
2969 4543 3131 4598 simili
3176 4539 3358 4605 modo,
3408 4552 3473 4590 ac

1886 4651 2053 4714 Beda,
2108 4645 2314 4703 Sedulii
2347 4659 2538 4698 versus
2597 4641 2648 4694 in
2678 4640 2986 4706 exemplum
3015 4635 3289 4704 producit.

1957 4754 2082 4809 171.
2118 4753 2192 4804 Ex
2221 4750 2410 4804 eodem
2445 4745 2586 4799 Beda
2622 4760 2770 4797 mnu.
2801 4741 2870 4795 /i8
2911 4736 3218 4800 observavi,
3253 4731 3477 4787 Aldhel-

1887 4863 2034 4902 mum
2064 4843 2366 4898 imitatione
2394 4838 2598 4893 Sedulii
2629 4835 2826 4889 librtttn
2851 4831 2916 4885 de
2947 4829 3266 4898 Virginitate
3291 4836 3473 4892 prosa,

1886 4951 1940 4995 et
1966 4947 2141 4993 metro
2172 4933 2543 5001 Composuisse
2574 4948 2585 4982 :
2612 4927 2937 4997 Aldhelmus
2966 4933 3142 4975 tamen
3175 4917 3325 4988 prius
3347 4930 3475 4970 ora-

1887 5035 2090 5088 tionem
2130 5031 2386 5092 solutam,
2422 5035 2533 5080 tum
2570 5039 2789 5079 carmen
2821 5017 3123 5080 contexuit,
3151 5025 3340 5068 contra
3380 5010 3476 5066 Se-

1820 5145 1826 5151 '
1887 5125 2087 5181 dulins.
2116 5125 2170 5178 lu
2212 5122 2452 5176 carmine
2497 5117 2763 5172 Aldhelmi
2797 5113 2940 5182 apud
2981 5111 3256 5165 Curtisium
3306 5111 3476 5178 antiq.

1885 5218 2111 5273 lection.
2145 5226 2276 5270 tom.
2313 5213 2376 5281 ν,
2414 5218 2548 5279 part.
2589 5208 2643 5275 2,
2675 5223 2793 5278 pag.
2822 5206 2948 5272 857,
2981 5197 3273 5274 suppresso
3302 5200 3479 5256 Sedu-

1889 5312 1945 5366 lii
1974 5310 2193 5365 nomine
2222 5321 2412 5361 versus
2435 5303 2554 5372 ejus
2581 5302 2815 5357 refertur
2850 5317 2862 5354 :

2014 5465 2114 5528 Sic,
2140 5467 2360 5528 mutante
2384 5461 2510 5520 Deo,
2536 5466 2778 5510 mutantur
2804 5455 2964 5528 corda
2986 5453 3218 5528 ferarum,

2014 5518 2242 5584 Quamvis
2264 5518 2517 5573 stultorum
2544 5525 2821 5588 torpescunt
2851 5518 2994 5568 corda
3021 5519 3248 5588 virorum,

2017 5583 2079 5637 Ut
2101 5588 2340 5649 quondam
2363 5592 2502 5635 vates
2523 5583 2625 5649 cola
2647 5596 2756 5631 cum
2779 5588 3018 5649 commate
3045 5583 3275 5639 prompsit
3306 5591 3315 5623 :

2016 5642 2276 5701 Edidicere
2299 5661 2472 5699 cruces
2495 5646 2706 5709 praedam
2727 5656 2928 5694 servare
2955 5642 3145 5690 leones.

1891 5801 2002 5873 98
2023 5801 2119 5856 llic
2149 5809 2298 5855 vates
2319 5808 2402 5854 est
2431 5795 2710 5862 Sedulius,
2732 5800 2793 5847 ut
2824 5792 2875 5845 in
2901 5787 3090 5845 codice
3125 5803 3225 5843 ms.
3256 5786 3478 5842 Aldhel-
