3906 6352
278 210 285 243 ς
304 190 406 248 ναι
1026 202 1033 207 -
1110 174 1111 177 ‘
1536 174 1543 177 λ
1591 164 1881 255 C(ELIUS
1918 174 1920 211 τ

2035 159 2283 219 IULIUS.

267 366 271 373 δ
300 308 371 359 mi
403 304 665 363 Vaticano
694 303 949 361 Palatino
988 314 1136 355 num.
1171 295 1335 363 2078,
1373 294 1439 349 aii
1471 290 1773 368 marginem
1811 299 1906 339 no.
1940 285 1987 345 Α

303 407 475 466 Μαι,
511 400 563 452 in
598 416 706 469 quo
738 402 903 453 etiam
926 399 1211 447 correctus
1253 388 1451 456 legitur
1478 366 1690 439 Sedulii
1724 390 1916 433 versus

302 491 370 548 Et
396 493 807 561 didicere,.eto.,
833 489 912 541 sic
934 486 1079 541 enim
1101 483 1180 537 ait
1204 480 1464 539 Sedulius
1489 480 1525 533 l.
1547 494 1585 543 t,
1611 489 1756 530 vers.
1780 472 1909 530 2i9.

299 585 357 643 In
401 601 557 657 prosa
590 582 912 653 Aldhelmus
947 597 960 633 :
996 577 1068 634 Ut
1102 586 1257 647 poeta
1288 575 1353 630 de
1378 572 1681 649 propheta:

425 700 487 752 Et
504 698 725 750 didicere
749 694 918 748 truces
940 694 1155 760 praedam
1175 704 1380 749 servare
1403 690 1598 739 leones.

258 792 261 796 l
300 808 552 866 Canisius
578 806 644 861 ad
670 798 977 875 marginem
998 775 1362 865 hemistichii,
1386 796 1517 853 Cola
1543 811 1665 859 cum
1687 808 1912 849 comma-

303 912 353 958 te
395 898 954 971 prompsitjndicavit
998 907 1160 966 caput
1190 892 1261 948 28
1306 892 1512 956 Proszu,
1547 890 1637 951 ubi
1682 885 1913 944 Aldhel-

301 1009 423 1049 mus
447 992 524 1047 ait
555 1011 567 1046 :
605 992 761 1060 Quod
787 1006 1007 1064 prosper
1028 1005 1119 1059 per
1148 988 1286 1051 cola,
1319 994 1370 1040 et
1414 994 1676 1043 commata
1702 978 1917 1035 mellitis

295 1104 536 1143 versuum
565 1088 1025 1161 epigramtnatibus
1047 1082 1345 1138 inculcavit.
1379 1077 1747 1151 Quaerendum
1779 1090 1915 1150 ergo

266 1254 269 1259 ι
298 1190 404 1250 est,
427 1181 557 1256 quid
587 1174 860 1253 signiﬁcet
893 1177 1110 1249 phrasis
1140 1174 1441 1241 Aldhelmi,
1475 1170 1603 1230 Cola
1627 1187 1745 1231 cum
1773 1186 1915 1224 com-

303 1284 440 1330 mate
488 1275 766 1347 prompsit,
801 1272 889 1329 vel
925 1270 1077 1338 Cela,
1109 1280 1158 1325 et
1204 1272 1460 1325 conimata
1513 1265 1808 1324 inculcavit.
1836 1265 1911 1319 Ex

298 1367 422 1439 ipso
451 1367 743 1424 Aldhelmo
775 1367 1007 1439 colligo,
1028 1365 1113 1420 his
1141 1364 1328 1421 verbis
1365 1362 1688 1439 signiﬁcari,
1718 1374 1915 1427 versus

298 1462 455 1519 suavi
515 1461 753 1533 quodam
808 1460 1220 1516 artiliciO‘esse
1271 1439 1643 1530 cttmpOsith;
1694 1456 1912 1519 nam‘in

242 1558 249 1565 '
306 1552 577 1628 principio
609 1554 872 1619 carminis
899 1554 975 1607 ait
999 1569 1013 1606 :

338 1680 345 1704 -'
424 1671 534 1745 Non
557 1683 681 1739 rogo
705 1670 941 1733 ruricolas
965 1682 1164 1737 versus,
1190 1675 1243 1720 et
1264 1654 1502 1727 commata
1520 1678 1702 1728 musas,

295 1780 369 1859 Et
396 1779 560 1853 paulo
584 1787 705 1851 post
740 1798 756 1847 ς

427 1895 646 1962 gulaque
689 1909 802 1958 eum
827 1896 1035 1962 pedibus
1061 1900 1349 1962 pergantet
1388 1899 1632 1944 commata
1654 1893 1832 1956 ternis,

430 1958 663 2024 Dactjlus
686 1958 900 2024 excepto
923 1958 1577 2024 decurratiinevfmetrorum
1604 1996 1620 2024 ,

439 2021 667 2085 Spondet
686 2021 906 2085 quintam
931 2029 1215 2075 contemnat
1236 2021 1422 2085 syllaba
1450 2021 1664 2083 partem,
1758 2060 1763 2065 .

440 2038 667 2133 Sponden
686 2038 906 2085 qmntam
931 2038 1215 2075 COllleﬂlllal
1238 2038 1422 2083 SyllaDa
1450 2038 1643 2083 partem

434 2083 473 2160 ρ
500 2088 615 2160 ιιηιιι
638 2086 927 2160 εἱειιθῳιιθί
947 2084 1400 2160 concludatlittera
1424 2096 1643 2160 versum,

427 2148 695 2213 Extremus
715 2149 908 2213 iugiter
931 2149 1014 2211 qui
1037 2147 1223 2210 gaudet
1246 2146 1405 2213 calce
1423 2148 1610 2198 teneri.

428 2211 514 2263 Sic
536 2213 693 2262 ternis
715 2208 925 2275 pellibus
945 2208 1218 2275 properent
1243 2212 1597 2275 epigrammata
1622 2208 1792 2260 metri.

308 2315 743 2372 Primus‘vcrsus
767 2317 818 2371 iu
846 2314 1083 2389 vulgatis
1105 2315 1329 2372 exhibet
1357 2315 1628 2375 commoda
1662 2307 1760 2385 pro
1778 2326 1921 2368 Com-

308 2421 486 2478 mota,
531 2412 618 2467 vel
668 2421 922 2468 comata:
971 2421 1206 2485 utroque
1247 2412 1393 2478 enim
1438 2410 1604 2466 modo
1640 2409 1919 2466 s‘cribitnr.

316 2499 514 2561 Veram
566 2515 748 2560 autem
801 2495 1260 2575 signiﬁcationem
1312 2503 1454 2576 apud
1497 2502 1922 2575 lexicographos

307 2588 508 2652 frustra
533 2612 771 2666 qnazres.
803 2597 1034 2669 Sergius
1064 2600 1485 2673 grammaticus,
1518 2597 1613 2667 qui
1645 2599 1696 2651 in
1729 2597 1922 2653 codice

308 2686 573 2745 Vaticano
596 2690 845 2749 Palatino
873 2688 1015 2754 1578
1036 2700 1265 2748 vocatur
1287 2691 1598 2765 Serregius,
1626 2691 1728 2751 nisi
1755 2692 1917 2760 libra-

305 2788 426 2844 rius
453 2789 691 2844 voluerit
719 2789 970 2846 scribere
1002 2789 1215 2848 Servius
1247 2787 1461 2864 Regius,
1487 2790 1540 2844 in
1580 2800 1922 2850 commenta-

255 2880 257 2882 ’
305 2884 522 2963 rio‘ini
562 2884 867 2943 editionem
907 2885 1126 2951 Donati,
1157 2901 1279 2956 qum
1311 2896 1397 2946 est
1437 2885 1508 2955 de
1543 2885 1748 2953 littera,
1780 2892 1917 2959 etc.,

308 2978 388 3034 sic
411 2978 695 3034 cuncindit
726 2998 739 3034 :
762 2980 891 3036 Cola
919 2991 1116 3047 autent,
1149 2989 1198 3034 et
1228 2990 1433 3045 comata
1458 2981 1695 3057 eiusdem
1723 2982 1921 3041 oratio-

3520 144 3634 204 5.08

2090 282 2214 336 175.
2239 278 2445 341 Saltem
2483 274 2833 331 imitarentur
2871 266 3179 326 istiusmodi
3219 265 3637 323 versiﬁcatores

2020 374 2341 439 lattnitinm,
2375 371 2468 442 qui
2506 384 2646 439 opus
2684 377 2883 435 metro,
2916 376 2971 421 et
3007 379 3169 434 prosa
3203 378 3231 417 a
3259 376 3319 418 se
3351 360 3639 431 composi-

2022 481 2134 526 tttm
2168 465 2435 539 perquam
2454 464 2707 519 modeste
2732 460 2949 536 (credo,
2970 468 3028 514 ιιι
3052 458 3284 512 aliorum
3312 454 3634 526 jactantiam

2018 564 2073 619 in
2129 559 2303 621 titulis
2336 559 2450 614 suis
2493 554 2890 634 exaggerandis
2926 550 3275 616 retunderet)
3308 546 3391 604 sic
3438 546 3639 602 inscri-

2019 658 2128 733 psit
2161 654 2523 710 :Bibliotltec’a
2552 651 2843 706 Conventus
2876 647 2985 703 SS.
3021 644 3247 700 Joannis
3267 655 3315 697 et
3336 640 3499 699 Pauli
3531 642 3631 696 0r-

2020 748 2613 808 dinisPraedicatorum
2655 743 2885 801 Venetiis
2917 756 3085 811 nuper
3106 735 3318 809 aperta,
3351 754 3383 790 a
3406 734 3505 791 Fr.
3537 734 3638 791 la—

2019 849 2148 903 cobo
2177 846 2350 902 Maria
2372 842 2644 909 Jannitt’o,
2675 839 2874 895 nullius
2899 837 3141 892 scientia:
3176 833 3496 907 professore,
3529 830 3635 884 mi-

2017 944 2255 1014 nimeque
2279 942 2335 1012 in
2360 938 2503 1015 poesi
2528 939 2747 991 versato.
3224 919 3234 924 ’

2096 1038 2216 1093 tu.
2249 1034 2306 1090 lu
2336 1031 2721 1089 controversia
2751 1028 2899 1082 inter
2930 1025 3284 1080 Hincmart‘tm
3318 1028 3374 1076 et
3418 1018 3633 1075 Gothe-

2022 1130 2289 1193 scalcum,
2325 1128 2377 1183 in
2409 1126 2552 1180 trina
2582 1124 2748 1178 deitas
2773 1121 2878 1176 dici
2903 1118 3098 1190 possit,
3131 1114 3393 1172 Sedulius
3417 1126 3637 1184 quoque

2025 1227 2077 1281 in
2126 1233 2312 1296 partes
2354 1222 2533 1278 venit.
2565 1216 2967 1277 Gutltcscalcns
3010 1214 3068 1269 in
3108 1210 3375 1268 schedula
3429 1224 3522 1264 sua
3562 1208 3635 1263 ad

2024 1319 2377 1373 llincmarunt
2413 1331 2427 1368 :
2462 1312 2533 1368 Ut
2568 1320 2645 1367 est
2672 1308 2810 1364 illud
2856 1306 3065 1382 Sedulii
3091 1304 3268 1376 fidelis
3312 1310 3479 1372 poeta:
3505 1302 3578 1355 tui
3610 1315 3637 1357 :

1992 1448 1997 1465 ς
2023 1412 2132 1469 Isle
2154 1412 2308 1483 [idem
2340 1421 2562 1477 ternum,
2595 1416 2703 1465 etc.
2748 1405 3077 1486 Hincmarus
3109 1402 3181 1465 in
3205 1414 3379 1471 opere
3416 1398 3494 1456 De
3524 1413 3634 1453 non

2023 1510 2167 1565 trina
2211 1508 2419 1563 deitatc
2446 1500 2862 1583 verbaSedulii
2893 1499 3153 1570 esplicat.
3183 1510 3346 1567 quem
3381 1510 3489 1550 non
3541 1508 3635 1549 se-

2024 1602 2129 1659 mel
2155 1592 2511 1656 venerandum
2538 1594 2804 1667 appellat.

2096 1696 2221 1767 175.
2254 1690 2649 1765 Theodnlphus
2674 1686 3098 1745 Aurelianensis
3128 1685 3256 1740 libr.
3284 1699 3363 1753 tv,
3395 1696 3563 1738 carm.
3588 1697 3633 1749 t,

1953 1825 1956 1828 ~
2023 1804 2168 1847 vers.
2199 1787 2305 1877 ii]:
2376 1831 2379 1833 .

2144 1904 2272 1959 Cura
2298 1903 2487 1953 decens
2513 1901 2711 1950 Patrum
2738 1910 2833 1948 nec
2849 1903 2959 1947 erat
2982 1903 3229 1961 postrema
3252 1895 3491 1961 priorum,

2212 1966 2428 2028 Quorum
2447 1970 2561 2028 sunt
2582 1963 2765 2028 subter
2784 1958 2992 2028 nomina
3024 1961 3238 2028 scripta,
3255 1958 3390 2007 vide.

2152 2024 2388 2080 Sedulius
2409 2024 2605 2089 rutilus,
2631 2024 2886 2089 Paulinus,
2923 2024 3124 2083 Arator,
3152 2025 3349 2082 Avitus,

2212 2092 2274 2151 Et
2293 2086 2611 2150 Fortunatus,
2640 2095 2819 2153 tuque,
2838 2086 3084 2147 Juveuce,
3110 2094 3302 2142 tonans.

2030 2200 2189 2275 100
2214 2198 2296 2256 An
2338 2195 2528 2252 rutilus
2578 2194 2651 2249 sit
2696 2191 2987 2261 epitheton
3032 2188 3270 2255 Sedulii,
3317 2202 3387 2243 an
3438 2198 3642 2241 nomen

2027 2296 2312 2368 proprium
2345 2291 2573 2347 alterius
2598 2286 2902 2343 Christiani
2937 2295 3141 2356 poeta),
3161 2279 3401 2345 disserui
3427 2279 3480 2334 iu
3509 2278 3645 2342 Pro-

2025 2394 2223 2463 legom.
2256 2380 2323 2458 ad
2354 2386 2654 2447 Jnvencunt
2690 2396 2842 2436 num.
2877 2379 3000 2447 100.
3034 2376 3164 2443 Mihi
3208 2375 3387 2447 magis
3421 2372 3643 2438 videtur

2025 2500 2152 2542 esse
2187 2482 2489 2554 epitheton.
2522 2477 2614 2535 Sic
2647 2476 2946 2532 Petrarcha
2969 2473 3150 2549 eclog.
3186 2470 3256 2533 10
3286 2488 3301 2524 :

2215 2597 2353 2648 Unus
2373 2601 2481 2646 erat
2504 2592 2680 2643 rutilus
2700 2591 2851 2641 divini
2870 2589 3004 2645 ruris
3026 2587 3222 2639 Arator.

2096 2704 2225 2769 .176.
2284 2702 2489 2758 Eodem
2528 2699 2582 2756 itt
2629 2698 2751 2752 loco
2792 2713 2845 2752 ιι.
2884 2695 2981 2751 101
3021 2693 3226 2766 protuli
3258 2672 3637 2748 testimonium

2027 2797 2247 2854 Notkcri
2288 2794 2504 2852 Balbuli
2542 2807 2667 2861 cap.
2702 2791 2733 2844 7
2758 2790 2828 2845 de
2869 2787 3220 2860 lnterpretib.
3256 2801 3400 2841 sacr.
3445 2786 3637 2855 script.

2026 2909 2091 2947 ex
2122 2891 2405 2945 Thesauro
2441 2884 2651 2941 Aneed.
2680 2883 2821 2938 Pezii
2858 2893 2993 2937 tom.
3026 2898 3076 2935 ιιι
3112 2877 3442 2935 :luvencum
3469 2890 3517 2934 et
3544 2878 3643 2935 Se-

2024 2985 2205 3041 tlulum
2244 2990 2525 3046 oratorem,
2558 2978 2879 3050 hymnosque
2929 2974 3319 3039 Ambrosianus,
3350 2975 3480 3039 scio,
3516 2974 3641 3045 quia

294 3070 392 3125 nis
414 3071 635 3142 singula:
655 3082 829 3143 partes
849 3090 958 3127 esse
973 3086 1277 3128 noscuntur.
1303 3074 1498 3130 Verum
1513 3076 1917 3148 meminerimus,
1949 3096 1997 3161 ο
2021 3082 2137 3151 jam
2169 3078 2433 3132 memoria:
2462 3073 2857 3128 commendasti.
2886 3070 3185 3133 Admonui,
3215 3080 3533 3138 corruptum
3567 3069 3642 3123 lo-

306 3165 361 3220 in
390 3181 549 3238 prosa
571 3168 808 3222 oratione
838 3168 978 3233 cola,
1014 3178 1060 3222 et
1088 3178 1293 3224 comata
1336 3169 1479 3223 idem
1520 3186 1651 3237 esse,
1679 3180 1729 3224 et
1757 3185 1921 3224 unum

309 3260 611 3330 signiﬁcare
631 3278 647 3314 :
670 3262 725 3319 in
756 3277 908 3317 versu
938 3279 1055 3316 vero
1087 3261 1260 3332 aliud,
1296 3272 1342 3317 et
1367 3265 1667 3318 diversum:
1693 3280 1812 3317 nam
1834 3263 1922 3317 ubi

255 3345 261 3351 ’
311 3350 417 3407 duo
450 3352 595 3406 liberi
625 3365 744 3408 sunt
778 3355 956 3425 pedes,
991 3337 1174 3411 Colon.
1196 3356 1410 3418 dicitur,
1448 3358 1691 3431 utvapud
1723 3341 1921 3411 Hora-

309 3443 703 3509 tium,»Terruit
751 3449 900 3502 urbes
926 3464 942 3501 :
972 3447 1156 3513 Coma,
1189 3451 1402 3521 quando
1442 3460 1557 3521 post
1585 3452 1713 3503 duos
1743 3449 1927 3524 pedes;

309 3536 390 3591 vel
425 3545 542 3608 post
588 3550 689 3593 tres
732 3542 966 3611 sequitur
1015 3540 1239 3613 syllaba,
1272 3548 1389 3612 qua:
1426 3525 1626 3621 partem
1676 3545 1923 3597 terminat

308 3626 583 3699 orationis,
601 3635 725 3687 utin
753 3635 923 3707 primo
936 3653 1085 3693 versu
1110 3635 1485 3708 /Eneidorum,
1518 3638 1700 3707 Arma,
1731 3641 1922 3694 rirum-

308 3740 409 3794 que
436 3740 586 3801 cano.
614 3725 750 3782 Item
782 3729 974 3805 Arma,
1006 3732 1276 3798 virumque
1304 3749 1461 3800 cano,
1494 3732 1667 3805 Trojtz
1687 3734 1776 3806 qui
1815 3735 1923 3805 pri-

309 3833 424 3895 mus
453 3820 517 3873 ob
545 3819 887 3877 oris.-Codex
929 3824 1049 3878 Vat.
1082 3824 1163 3883 sic.
1199 3824 1408 3893 refert;
1443 3828 1539 3881 sed
1575 3829 1627 3882 in
1676 3826 1923 3886 editione

314 3908 555 3965 Pntschii
590 3912 735 3968 inter
774 3923 990 3970 veteres
1034 3918 1429 3987 grammaticos
1464 3928 1615 3974 recte
1640 3919 1920 3994 vulgatum

307 4011 413 4067 est,
447 4000 601 4071 Item,
630 4005 742 4078 99
770 4008 948 4077 Arma,
969 4010 1237 4083 virumque
1258 4027 1391 4065 cono
1418 4010 1591 4083 Troja:
1619 4029 1635 4064 :
1665 4012 1744 4067 sic
1772 4014 1920 4067 enim

315 4104 439 4164 post
470 4105 585 4152 tres
617 4100 783 4167 pedes
823 4104 1076 4170 sequitur
1106 4104 1337 4176 syllaba.
1379 4103 1441 4161 Ut
1473 4105 1539 4159 ad
1574 4103 1923 4164 Aldhelmum

313 4189 555 4254 redeam,
590 4189 776 4246 laudat
803 4193 891 4248 hic
921 4194 1089 4267 etiam
1113 4196 1399 4252 Sedulium
1420 4214 1542 4267 cap.
1564 4199 1600 4253 2
1624 4208 1680 4253 et
1706 4199 1773 4253 it)
1796 4213 1925 4268 pro-

310 4296 410 4347 διε,
444 4291 503 4334 ιιι
528 4282 706 4336 dicam
735 4285 800 4338 ad
833 4302 978 4342 vers.
1014 4288 1082 4343 15
1108 4298 1164 4344 et
1196 4288 1298 4346 179
1323 4290 1453 4346 libri
1473 4307 1509 4347 ι.

390 4376 513 4445 ΙἹὶ.
536 4376 1133 4452 Aldhelmoadjungatn
1154 4384 1486 4441 imitatorem
1518 4382 1707 4449 alium,
1730 4402 1921 4458 quam-

2027 3189 2157 3229 cum
2202 3172 2324 3226 esse
2363 3167 2507 3232 apud
2561 3167 2806 3227 Pczittm,
2831 3181 2893 3219 ac
2927 3162 3218 3234 legendum
3260 3161 3554 3216 Iuvencum
3592 3170 3640 3216 et

2029 3265 2329 3332 Seduliutn,
2373 3263 2681 3322 Aratorem,
2714 3267 2817 3311 etc.
2862 3256 3048 3310 ‘Tom.
3102 3254 3137 3308 V
3181 3246 3445 3308 Bibliotlt.
3491 3251 3634 3307 med.

2028 3361 2259 3418 Fabricii
2295 3348 2518 3414 recnsus
2545 3365 2624 3410 est
2658 3355 2796 3409 liber
2824 3350 3051 3408 Nutkcri
3076 3340 3313 3412 Balhttli,
3343 3348 3638 3418 ιιιίιιιιοχιε-

2024 3457 2173 3527 gitur
2210 3474 2221 3509 :
2253 3453 2545 3507 Iuvencum
2572 3462 2619 3504 et
2667 3447 2945 3505 Sedulium
2991 3443 3282 3499 Oratorem.
3319 3443 3400 3497 Ac
3444 3454 3637 3497 revera

2024 3552 2197 3605 rhetor
2232 3551 2283 3603 in
2315 3546 2594 3603 nonnullis
2618 3543 2903 3600 codicibus
2933 3541 3174 3612 antiquis
3200 3548 3426 3593 vocatur
3456 3538 3638 3594 Scdn-

2027 3647 2149 3701 lius.
2190 3643 2554 3699 Nihilominus
2604 3639 2832 3709 ptimam
2879 3651 3055 3691 meam
3098 3634 3479 3703 conjecturam
3527 3647 3637 3687 non

2026 3724 2249 3809 aitjicio.
2285 3735 2577 3792 Scribebat
2601 3732 2861 3787 Balbulns
2890 3730 2957 3786 ad
2982 3728 3333 3785 Salomonent
3362 3727 3639 3783 Constan-

2030 3835 2260 3890 tieuscm
2320 3833 2641 3901 episc0pum
2695 3828 2939 3893 tertium,
2984 3825 3141 3894 cujus
3180 3837 3378 3878 versus
3412 3830 3644 3877 exstant

2026 3927 2167 3999 apud
2198 3925 2475 3982 Canisittm
2520 3921 2943 3994 antiq.lcction.
2968 3929 3105 3973 tom.
3145 3917 3184 3985 Ι,
3210 3926 3266 3973 et
3304 3931 3372 3973 ex
3406 3916 3644 3987 prologo

2026 4023 2163 4076 satis
2196 4017 2542 4088 intelligitur,
2574 4013 2854 4070 Sedulium
2892 4014 2961 4067 ab
2994 4028 3060 4067 eo
3107 4011 3409 4082 perlectum
3448 4009 3641 4066 fuisse.

2029 4112 2165 4168 Vide
2185 4126 2299 4165 var.
2329 4110 2456 4165 lect.
2490 4108 2558 4163 ad
2589 4108 2687 4162 lib.
2718 4123 2733 4161 ι
2767 4121 2911 4160 vers.
2939 4104 3069 4159 298.

2106 4206 2229 4259 177.
2263 4200 2413 4257 Inter
2446 4200 2660 4255 Alcuini
2692 4214 2860 4269 opera
2891 4205 3072 4253 exstat
3109 4195 3248 4250 liiter
3290 4193 3359 4250 de
3399 4192 3641 4250 Caerem.

2012 4301 2284 4373 baptism.
2338 4300 2495 4370 cujus
2563 4303 2755 4352 auctor
2821 4293 3067 4351 creditur
3121 4306 3246 4347 esse
3300 4290 3647 4346 Fortunatus

2031 4397 2340 4454 Atnalarius
2374 4414 2388 4449 :
2419 4394 2513 4450 sed
2567 4391 2815 4463 quisquis
2836 4391 2929 4459 sit,
2962 4389 3038 4443 ita
3085 4387 3163 4442 ait
3189 4405 3201 4439 :
3226 4385 3501 4441 Credimus
3534 4394 3646 4440 tres

311 4484 395 4568 ΥΒ
430 4470 931 4568 "_‘_i_"“sf“"”‘“""
976 4474 1184 4532 Sed‘mi
1225 4477 1588 4559 e‘.,G"‘8°"i°
1617 4481 1923 4557 Τυτοῑῖθηεί
1956 4500 2004 4561 1)
2032 4509 2281 4568 personas
2316 4490 2511 4555 Patris,
2545 4496 2594 4543 et
2626 4486 2783 4552 Filii,
2812 4496 2858 4539 ct
2890 4483 3123 4554 Spiritus
3170 4480 3359 4549 sancti,
3394 4490 3441 4533 et
3488 4495 3611 4533 recc

314 4563 353 4618 t.
389 4579 422 4617 ν
454 4563 594 4618 Hist.
622 4563 817 4620 Franc.
850 4581 973 4642 cap.
1007 4568 1099 4631 es,
1132 4574 1223 4639 qni
1256 4556 1323 4626 de
1345 4571 1654 4642 ChilperiCo
1678 4556 1923 4633 Franco—

257 4680 261 4683 τ
318 4672 437 4712 runt
482 4672 612 4727 rege
642 4657 715 4711 ait
748 4676 760 4711 :
796 4658 1020 4729 Scripsit
1049 4659 1183 4715 alios
1211 4662 1367 4717 libros
1395 4664 1531 4718 idem
1556 4682 1649 4720 rex
1672 4668 1921 4739 versibus,

318 4752 470 4821 quasi
501 4750 777 4806 Seduliunt
803 4762 1009 4807 secutus
1039 4770 1056 4806 :
1082 4754 1171 4808 sed
1198 4756 1435 4810 versiculi
1457 4756 1534 4810 illi
1570 4760 1700 4812 nulli
1724 4762 1922 4820 penitus

322 4839 548 4901 metrici:
564 4849 876 4901 conveniunt
900 4850 1114 4903 rationi.
1136 4849 1201 4903 Et
1232 4865 1425 4905 rursus
1446 4851 1589 4905 libro
1616 4869 1666 4907 vt
1691 4868 1809 4925 cap.
1832 4855 1920 4910 46:

322 4938 651 5013 Confecitque
678 4942 806 4995 duos
827 4940 984 4995 libros
1015 4941 1166 5010 quasi
1196 4942 1473 4997 Sedulium
1497 4945 1928 5018 meditatus,quo-

321 5048 438 5087 rum
483 5032 723 5089 versiculi
752 5034 942 5088 debiles
970 5036 1127 5090 nullis
1150 5036 1364 5106 pedibus
1395 5037 1665 5091 subsistere
1687 5046 1920 5116 possunt,

290 5196 299 5210 .
319 5126 374 5180 in
393 5127 577 5195 quibus
595 5128 727 5189 dum,
747 5144 849 5183 non
878 5128 1214 5201 intelligebat,
1247 5146 1341 5199 pro
1363 5129 1532 5201 longis
1560 5130 1788 5201 syllabas
1806 5131 1925 5185 bre-‘

320 5236 401 5274 ves
431 5223 623 5289 posuit,
659 5231 705 5277 et
730 5239 825 5291 pro
848 5222 1079 5277 brevibus
1107 5223 1289 5296 longas
1319 5224 1593 5278 statuebat.
1612 5222 1926 5279 Ruinartins

327 5312 528 5367 nullam
563 5315 769 5369 Variam
824 5315 1111 5370 lectionem
1145 5315 1303 5371 ail‘ert
1350 5333 1444 5385 pro
1473 5318 1749 5371 meditatus
1781 5335 1798 5371 :
1827 5320 1921 5373 sed

324 5404 415 5473 alii
470 5406 671 5469 habent
718 5408 972 5462 imitatus.
1005 5406 1306 5481 Cltilperici
1354 5410 1720 5479 imprudentia
1775 5410 1924 5469 omni

325 5510 572 5571 tempore
596 5504 906 5558 communis
932 5505 1050 5569 fuit,
1074 5513 1130 5559 ut
1151 5488 1346 5561 merito
1368 5517 1641 5577 queratur
1670 5505 1926 5559 Horatius

296 5596 299 5599 λ
331 5594 458 5650 libr.
492 5611 554 5661 ιι,
584 5598 745 5668 epist.
776 5599 824 5669 1,
859 5615 1002 5655 vers.
1038 5600 1163 5656 115.
1394 5581 1397 5586 ’

1082 5693 1220 5749 Quod
1243 5692 1548 5741 medicorum
1582 5698 1676 5747 est.

463 5749 759 5817 I_’ro_t_n_ittunt
780 5753 982 5817 medici,
1009 5762 1217 5806 tractant
1239 5754 1432 5805 fabrilia
1459 5755 1597 5803 labri.

462 5811 727 5863 Scribimus
746 5815 947 5874 indocti,
965 5811 1196 5879 doctique
1219 5822 1438 5879 poemata
1459 5817 1653 5879 passim.

2031 4592 2202 4662 pimus
2229 4586 2392 4657 (forte
2425 4583 2730 4656 recipimus)
2751 4596 2928 4634 versus
2962 4577 3190 4645 Sedulii,
3225 4573 3348 4629 Non
3376 4574 3504 4645 quia
3545 4573 3645 4644 qni

2030 4700 2285 4748 summus,
2318 4681 2396 4735 LI
2433 4694 2571 4733 vers.
2604 4677 2729 4731 519.
2765 4674 2822 4730 In
2855 4668 3421 4731 “Otttiliat'iO'Alcuitti
3453 4684 3520 4722 ex
3550 4669 3644 4721 di-

2035 4778 2208 4832 versis
2239 4773 2599 4842 seriptnribns
2639 4770 2870 4823 collecto
2903 4775 2959 4822 et
2995 4767 3142 4821 edito
3179 4763 3426 4818 Coloniae
3471 4760 3639 4828 i569,

2034 4850 2569 4937 auctoranonymus
2601 4862 2872 4917 sermonis
2916 4860 2966 4913 in
3018 4858 3183 4913 natali
3215 4857 3275 4914 S.
3318 4855 3501 4923 ana',
3552 4858 3642 4909 sic

2036 4965 2234 5019 habet:
2274 4960 2350 5013 De
2374 4976 2477 5030 quo
2521 4954 2855 5028 Evttuyelista
2885 4953 3101 5031 pulchre
3135 4949 3390 5030 Sedulius
3422 4950 3640 5020 presby-

2031 5066 2108 5109 ter
2139 5070 2157 5107 :
2184 5053 2319 5107 Jura
2391 5050 2676 5105 sacerdotis
2728 5049 2895 5102 Lucas
2936 5054 3071 5101 tenet
3109 5027 3448 5111 ore'rirenti,
3486 5044 3637 5112 quod

2033 5148 2354 5202 ntezttlnsmn
2386 5155 2467 5200 est
2498 5160 2595 5215 pro
2625 5158 2712 5196 ore
2747 5140 2990 5207 Iuvenci,
3026 5150 3083 5192 ut
3124 5138 3187 5192 ad
3233 5138 3271 5191 i.
3300 5154 3315 5191 t
3348 5152 3492 5192 vers.
3524 5137 3633 5191 ὅδ’]

2032 5243 2231 5297 dicam.
2260 5238 2588 5295 Correctiort
2611 5252 2637 5293 s
2672 5249 2852 5291 tamen
2885 5235 3087 5290 ibidem
3118 5244 3246 5289 Sunt
3271 5248 3462 5286 versus
3490 5232 3637 5287 Pan-

2034 5338 2130 5389 lini
2164 5335 2231 5388 tle
2270 5333 2460 5387 eodem
2506 5332 2649 5386 Luca
2684 5329 2864 5384 Nata].
2907 5328 2967 5383 S.
3010 5325 3211 5381 Felicis
3256 5341 3309 5379 lx
3345 5339 3487 5381 vers.
3520 5324 3633 5379 424

2024 5443 2187 5497 seqq.
2215 5426 2300 5480 Bis
2332 5428 2579 5487 medicus,
2615 5430 2722 5479 etc.
2756 5423 2911 5477 Artus
2944 5418 3259 5484 etnsolidut,
3294 5429 3342 5472 et
3395 5435 3528 5472 nunc
3573 5420 3632 5470 in

2032 5520 2280 5575 utentibus
2311 5520 2463 5588 agris
2495 5548 2562 5558 —-
2601 5516 2902 5587 Composuit
2934 5514 3162 5585 geminos
3189 5512 3307 5565 rita:
3331 5510 3639 5564 medic-mnia

2033 5633 2098 5668 na
2129 5614 2285 5667 libros
2314 5629 2330 5665 :
2365 5629 2460 5681 pro
2488 5628 2593 5681 quo
2622 5611 2950 5665 Murator'tus
2976 5627 2988 5660 :
3016 5607 3240 5661 Terrena
3268 5605 3479 5659 curabat
3502 5604 3627 5671 'ope,

2033 5717 2079 5761 et
2109 5722 2243 5759 nunc
2273 5705 2525 5759 utentibus
2556 5705 2709 5778 (ryris
2734 5731 2807 5743 ——
2826 5700 3129 5772 Composuit
3155 5700 3361 5770 gemino
3389 5698 3506 5751 vita:
3526 5712 3631 5747 tne-

2035 5799 2296 5854 dicamiua
2328 5798 2478 5851 libro.
