3904 6326
127 149 262 233 sua

1387 174 1905 235 PROLEGOMENA
1919 218 1932 232 .

3243 184 3245 187 ’
3326 183 3429 241 510

210 297 336 352 178.
370 294 623 351 Placidus
669 296 1021 361 Lactantius.
1054 298 1168 350 sive
1202 282 1445 351 Lutatius
1490 295 1726 348 scholia-
1756 296 1806 355 Λ
1832 291 2263 346 Christianorum
2300 297 2577 358 poetarum
2607 290 2890 359 exscripsi,
2942 305 3174 362 quorum
3223 292 3275 353 hi
3323 294 3433 355 duo

129 400 254 442 stes
297 389 455 443 Statii
488 389 554 444 ad
587 390 761 444 Theb.
800 391 833 444 l.
880 405 971 443 vm
1002 404 1144 443 vers.
1169 388 1272 442 287
1318 388 1732 453 producitvers.

126 484 243 537 9.00
262 497 420 553 seqq.
454 482 684 550 Sedulii,
720 492 778 537 ut
810 493 936 537 tunc
976 484 1137 538 etiam
1180 482 1247 537 de
1279 481 1589 537 Scholiasta
1630 479 1737 534 Lu-

129 574 259 627 cani
288 573 762 630 dicam.Barthius
796 576 831 630 1.
873 592 927 630 xr
978 576 1205 628 Advors.
1240 589 1360 644 cap.
1389 572 1446 637 2,
1473 572 1579 627 col.
1608 573 1733 637 5M,

130 667 425 730 observat,
455 667 855 737 ab,_Schu|iaste
895 669 1099 722 lloratii
1131 668 1196 721 ad
1236 667 1395 737 epod.
1432 667 1497 722 17
1539 667 1608 719 al.
1646 667 1734 733 15,

130 759 381 815 Horrida
411 772 707 832 tempestas,
739 762 1025 819 Scdulium
1058 763 1288 818 laudari.

213 853 374 925 ιοι
410 853 530 909 179.
568 857 732 909 Asser
778 855 1118 910 Meuevensis
1166 856 1216 909 in
1251 855 1433 909 limine
1470 855 1602 910 Vita:
1624 852 1739 908 ΛΞΙ-

128 945 282 1002 fredi
308 948 449 1018 regis
476 948 690 1013 scrigtSit
714 967 726 1004 :
756 948 936 1004 Getam
953 949 1271 1020 jamdudum
1297 950 1489 1021 pagani
1506 966 1600 1022 pro
1630 950 1736 1002 Deo

128 1038 536 1107 venerabantur,
569 1044 720 1111 cujus
762 1041 1010 1095 Sedulius
1062 1054 1211 1109 poeta
1254 1043 1561 1097 mentionem
1609 1041 1737 1111 facit

128 1130 186 1182 in
216 1128 474 1186 Paschali
502 1133 712 1186 metrico
743 1135 996 1199 carmine,
1036 1135 1211 1188 dicens
1233 1152 1251 1188 :
1283 1131 1409 1188 Cum
1437 1150 1532 1187 sua
1566 1134 1735 1203 genti-

127 1220 237 1289 les,
273 1232 381 1277 etc.
415 1224 612 1278 Eadem
651 1226 764 1279 fere
788 1226 953 1280 verba
999 1225 1192 1295 rupi-tit
1236 1226 1519 1280 Mattlueus
1550 1224 1732 1280 West-

127 1316 592 1369 monasteriensis
642 1316 693 1370 iu
726 1316 870 1372 Flor.
920 1318 1120 1372 llistor.
1158 1318 1224 1372 ad
1270 1334 1398 1373 aun.
1432 1319 1557 1385 758,
1612 1333 1730 1389 pag.

130 1406 268 1477 142,
303 1406 393 1463 ubi
435 1406 586 1463 Getae
638 1420 803 1464 totam
850 1412 1223 1483 genealogiam
1271 1424 1643 1483 reprzcseutat,
1682 1421 1737 1467 et

126 1500 364 1558 Simeou
418 1502 796 1560 Duuelmensis
845 1507 912 1561 de
943 1505 1095 1563 Gest.
1141 1524 1255 1578 reg.
1303 1508 1460 1580 Augl.
1505 1508 1572 1564 ad
1605 1525 1731 1565 ann.

126 1598 279 1665 818,
313 1598 404 1652 ubi
446 1611 660 1670 poetam
714 1602 977 1672 insignem
1010 1590 1164 1659 vocat
1202 1604 1501 1661 Sedulium.
1534 1607 1737 1662 ﬂorifer

126 1704 256 1745 var.
295 1691 421 1747 lect.
452 1693 517 1745 ad
552 1709 691 1748 vers.
722 1694 850 1749 191.
884 1712 921 1758 ι,
957 1696 1259 1751 Ridiculove
1290 1697 1449 1753 Cetw.

204 1781 338 1836 180.
376 1781 624 1838 Usscrius
654 1783 721 1838 de
752 1785 999 1842 Britaun.
1034 1789 1242 1844 Eccles.
1276 1792 1535 1858 primord.
1564 1807 1612 1847 c.
1643 1793 1731 1861 16,

125 1888 201 1926 ex
240 1872 455 1929 Joanne
501 1875 881 1933 Tiumuthensi
930 1880 981 1933 in
1016 1879 1133 1935 Vita
1168 1880 1238 1953 _S.
1294 1882 1573 1949 ttunstani,
1620 1883 1736 1939 lucc

128 1964 305 2021 verba
333 1967 587 2022 cxscrihit
614 1985 627 2021 ;
662 1966 948 2023 Concinens
978 1971 1114 2025 illud
1144 1984 1347 2028 carmen
1377 1976 1646 2045 sapientis,
1676 1992 1736 2029 ac

125 2062 398 2117 senatoris
423 2062 663 2118 Sedulii:
690 2064 969 2120 Cantemus
993 2065 1240 2134 Domino,
1270 2069 1446 2139 sucina,
1472 2078 1736 2124 cantemus

130 2155 407 2207 honorem.
445 2154 643 2211 Versus
669 2167 752 2212 est
797 2160 1001 2227 primus
1030 2161 1216 2230 elegia:
1249 2160 1453 2218 Sedulii
1486 2178 1607 2216 cum
1633 2162 1733 2216 ali-

128 2252 246 2317 quo
274 2248 591 2305 discrimine
616 2266 647 2304 a
684 2250 895 2307 Joanne
927 2254 1301 2309 Tiummhensi
1339 2255 1405 2310 ad
1438 2270 1552 2310 rem
1580 2272 1733 2311 suam

130 2343 605 2400 accommodatus.
632 2345 839 2407 Floruit
863 2347 1268 2404 Tinmutheusis
1294 2351 1495 2405 sacculo
1523 2366 1631 2406 XIV.
1660 2351 1735 2407 Ita

131 2439 309 2493 etiam
342 2437 509 2495 refert
538 2440 894 2495 Osberuus-iu
918 2442 1034 2496 Vita
1064 2443 1120 2497 S.
1152 2444 1414 2509 Dunstani
1442 2461 1490 2500 c.
1516 2446 1571 2511 8,
1595 2446 1735 2514 apud

134 2532 529 2588 Bollaudianos
564 2534 627 2588 19
668 2535 812 2602 Maii,
848 2536 937 2606 qui
983 2539 1187 2591 saeculo
1215 2554 1269 2592 xi
1318 2540 1560 2608 scripsit.
1589 2540 1738 2594 Alius

133 2624 423 2695 antiquior
449 2634 635 2680 auctor
670 2625 734 2679 Β.
774 2627 1059 2700 presbyter,
1078 2646 1297 2695 catenas,
1328 2642 1376 2685 et
1402 2631 1539 2684 testis
1563 2632 1737 2685 ocula-

136 2727 225 2771 tus
254 2718 399 2785 apud
429 2720 649 2773 eosdem
682 2720 1064 2777 Bollandianos
1107 2737 1227 2791 cap.
1265 2729 1294 2777 ti
1345 2724 1505 2793 paulo
1537 2725 1693 2779 aliter
1722 2743 1735 2779 :

147 2808 317 2865 Vidit.
365 2852 377 2865 .
424 2852 438 2866 .
474 2813 729 2882 virgineas
780 2824 975 2868 turmas
1020 2817 1073 2868 in
1104 2817 1261 2869 choro
1306 2819 1511 2887 ggranti
1558 2817 1739 2887 (forte

86 2952 87 2955 η
135 2901 413 2977 gyrantes)
440 2906 689 2977 hymnum
708 2908 845 2963 hunc
871 2919 1033 2981 poeta:
1057 2911 1261 2964 Sedulii
1287 2912 1587 2965 cursitando
1617 2930 1741 2965 can-

136 3009 338 3066 tantes,
377 3001 650 3057 Cantemus
677 3005 804 3057 socii
837 3004 1078 3071 Domino,
1107 3015 1214 3060 etc.
1253 3006 1573 3063 Guilielmns
1604 3008 1733 3062 Mal-

1842 382 2215 446 Prudcntium,
2248 393 2301 435 et
2326 381 2604 438 Sedulium
2630 384 2708 435 sic
2737 384 3051 441 celebrant:

1962 497 2087 565 liuic
2114 511 2302 565 comes
2337 497 2717 565 biecit-oderis,
2736 500 2845 565 hinc
2870 499 3084 551 Sedulus
3106 501 3235 552 alter
3253 504 3428 565 aranti,

1966 560 2230 613 Certabant
2254 561 2414 623 rigido
2432 559 2605 624 glebas
2625 561 2907 619 convellere
2932 569 3108 615 rastro.

1838 666 2201 722 Przrcesserat
2231 666 2466 736 elogiqu
2500 668 2766 721 Aratoris.

1914 762 2035 817 185.
2066 761 2279 816 Gorson
2325 776 2492 814 scrm.
2535 761 2589 823 3,
2625 760 2692 814 de
2740 757 3111 827 Coniceutione
3160 762 3431 833 Deinarte,

1837 854 1953 908 sive
1992 852 2115 921 quis
2170 852 2309 906 alius
2357 850 2425 904 sit
2474 861 2703 905 auctor:
2750 850 2898 910 Tum:
2949 856 3169 909 surrexit
3216 855 3437 925 septima

1838 948 2003 1019 virgo,
2052 945 2249 1001 scilicet
2293 960 2413 998 vera
2464 945 2650 1014 poesis.
2680 944 2749 997 ad
2800 945 2893 998 hoc
2939 944 3129 1000 habere
3154 964 3207 1001 se
3255 947 3434 1010 dicens

1840 1040 2063 1107 poetrias
2108 1040 2425 1092 innumeras.
2476 1037 2615 1091 Nam
2667 1037 2915 1095 Sedulius
2967 1041 3004 1091 l.
3052 1054 3067 1093 ι
3106 1041 3160 1095 in
3191 1038 3431 1101 Carmine

1845 1133 2091 1188 Paschali
2120 1134 2315 1202 poetice
2341 1132 2404 1186 de
2434 1130 2606 1185 Maria
2636 1132 2708 1185 sic
2730 1132 2839 1186 ait:
2875 1130 2957 1186 En
2976 1133 3132 1200 velut,
3163 1142 3271 1190 etc.
3299 1130 3437 1190 Vide

1841 1230 1878 1283 l.
1912 1246 1949 1284 ιι
1979 1244 2120 1283 vers.
2151 1228 2257 1292 28;
2290 1244 2413 1281 nam
2442 1237 2631 1279 auctor
2657 1224 2815 1295 hujus
2843 1227 3110 1283 sermonis
3137 1241 3201 1282 es
3236 1226 3433 1296 primo,

1838 1337 1892 1377 et
1924 1320 2165 1375 secundo
2197 1319 2338 1373 libro
2371 1317 2568 1374 fecisse
2602 1334 2766 1373 unum
2795 1318 3031 1385 videtur,
3066 1328 3122 1373 ut
3150 1318 3242 1375 alii
3272 1319 3437 1382 etiam

1840 1417 2105 1472 fecerunt.

1912 1511 2033 1566 186.
2070 1509 2327 1563 Barthius
2358 1508 2454 1563 lib.
2488 1523 2515 1560 χ
2547 1506 2778 1561 Advers.
2811 1520 2931 1575 cap.
2960 1505 2994 1561 9
3044 1523 3056 1559 :
3110 1504 3256 1560 Inter
3285 1504 3439 1562 Chri-
3484 1496 3489 1499 ’

1837 1605 2032 1659 stianos
2060 1613 2237 1675 poetas
2277 1602 2625 1673 Virgilianam
2652 1599 2869 1671 phrasin
2901 1615 3049 1654 nemo
3082 1600 3247 1669 magis
3275 1599 3442 1653 conti-

1838 1708 1914 1752 ter
1928 1697 2165 1759 servavit,
2188 1694 2359 1765 quoad
2378 1696 2487 1765 ejus
2508 1710 2596 1763 per
2613 1709 2784 1748 rerum
2806 1692 3148 1757 aiienitatem,
3165 1691 3444 1760 sa’culique

1837 1788 2194 1843 alterationem
2215 1786 2329 1856 ﬁeri
2357 1784 2544 1853 potuit,
2563 1799 2718 1851 quam
2741 1782 3011 1843 Sedulius,
3039 1783 3216 1853 optimi
3240 1783 3432 1851 ingenii

1836 1885 1969 1937 inter
1997 1898 2173 1937 eorum
2212 1880 2503 1949 plerosque,
2552 1879 2667 1932 licet
2698 1893 2863 1931 uarvos
2916 1877 3070 1929 etiam
3101 1876 3281 1930 habeat
3325 1892 3430 1931 non

1840 1988 1943 2033 tam
1972 1976 2177 2046 quidem
2206 1988 2347 2036 suos,
2378 1989 2533 2041 quam
2561 1971 2738 2026 sazcnli
2762 1987 2780 2024 :
2821 1970 2959 2041 quod
2992 1970 3090 2039 fuit
3121 1971 3277 2023 etiam
3296 1978 3435 2037 vete-

1839 2084 1953 2142 rum
1984 2066 2264 2138 juu’icium,
2298 2072 2349 2116 ut
2391 2075 2529 2134 patet
2562 2080 2624 2116 ea:
2656 2063 3024 2134 epigrammate
3060 2060 3305 2132 quopiam
3346 2074 3436 2115 tta-

1839 2168 1994 2211 tusto.
2030 2157 2137 2211 Hic
2161 2171 2276 2210 vero
2305 2171 2407 2213 non
2453 2156 2670 2224 phrasin
2712 2163 2933 2219 tantum,
2966 2154 3055 2207 sed
3082 2154 3223 2222 ipsas
3273 2161 3439 2222 poeta:

1844 2250 2102 2323 (Virgilii)
2134 2249 2373 2319 copiosas
2425 2249 2646 2319 ﬁguras,
2693 2258 3010 2318 ornatusque
3057 2246 3299 2316 loquendi
3344 2262 3440 2301 ea:-

1842 2342 2039 2411 primit.

1914 2436 2033 2490 187.
2068 2433 2235 2488 ()laus
2265 2432 2579 2492 Borrichins
2610 2431 2677 2486 de
2707 2431 2861 2492 Poet.
2895 2430 3071 2493 Latin.
3105 2432 3187 2488 sic
3225 2431 3294 2488 de
3329 2431 3427 2487 Se.

1840 2530 1989 2585 dulio
2024 2528 2229 2596 judtcat
2270 2544 2284 2581 :
2319 2523 2493 2585 Dictio
2527 2526 2641 2594 ejus
2672 2524 2876 2593 facilis,
2911 2524 3212 2597 ingeniosa,
3246 2539 3426 2580 nume-

1841 2639 1981 2688 rosa,
2007 2621 2310 2692 perspicua,
2336 2621 2410 2672 sic
2435 2618 2562 2671 satis
2587 2619 2777 2675 munda
2797 2657 2813 2681 ,
2836 2616 2881 2670 si
2908 2616 3136 2687 excipias
3156 2614 3435 2684 prosodica

1841 2715 2079 2785 qnazdam
2106 2712 2317 2777 delicta,
2347 2720 2395 2763 ct
2422 2711 2475 2763 in
2506 2711 2686 2779 primis
2715 2707 3026 2769 Christiania
3052 2708 3255 2777 pietatis
3284 2724 3429 2764 cont-

1842 2809 2155 2863 mendutrix.

1916 2902 2038 2957 188.
2060 2901 2339 2958 Walchius
2364 2900 2567 2955 llistor.
2592 2899 2715 2953 crit.
2742 2896 3006 2967 ling.Lat.
3025 2913 3143 2965 cap.
3174 2897 3261 2963 10,
3282 2913 3336 2951 n.
3365 2897 3426 2952 7:

1848 2998 1954 3051 Nec
1986 2998 2257 3069 indignum
2282 3008 2374 3052 est.
2411 2996 2461 3048 in
2493 2992 2803 3048 Christianis
2846 2990 3034 3046 scholis
3065 3006 3168 3044 non
3199 2991 3431 3060 ignorari

139 3059 541 3149 mesbtiricnsis
560 3095 627 3149 de
646 3095 747 3149 Vit.
769 3098 922 3151 Pont.
947 3059 1102 3167 Angi.
1133 3100 1231 3161 |.t,
1260 3059 1466 3166 p.203:
1493 3059 1736 3167 Illuc/que
1765 3059 1810 3120 Ο
1842 3059 2160 3142 (ιΙινέειίαηῐιε
2186 3087 2542 3167 (ιηῑηπιυὶῑαίεε,
2565 3092 2667 3154 quo
2699 3083 2902 3144 nomine.
2926 3098 3104 3151 pettsa,
3130 3090 3175 3141 et
3199 3091 3432 3150 letttpom

139 3186 493 3243 Sedulianum
542 3187 804 3241 modulato
833 3205 1018 3242 canore
1067 3190 1353 3256 concinere,
1387 3203 1433 3243 et
1474 3200 1735 3262 repetere:

138 3281 420 3340 Cantemus
461 3279 676 3334 Domino
719 3283 895 3347 sociae,
921 3290 1032 3355 (etc.
1069 3283 1157 3337 Sic
1188 3284 1347 3338 etiam
1399 3284 1561 3339 rcfcrt
1607 3283 1737 3339 Gui-

138 3375 361 3428 lia-Imus
392 3372 608 3426 'fhorne
647 3371 854 3427 Chron.
884 3387 932 3427 c.
962 3375 1015 3438 2,
1048 3389 1152 3429 non
1198 3375 1472 3428 norninato
1496 3375 1732 3430 Sedulio.

136 3464 449 3520 Gervasius
500 3465 798 3520 monachus
849 3466 1286 3521 Dorobornensis
1336 3470 1615 3539 Imaginat.
1669 3472 1735 3525 de

141 3557 392 3611 liiscord.
430 3557 572 3612 inter
618 3558 872 3613 meuach.
914 3576 1034 3631 pag.
1091 3561 1266 3617 1526:
1307 3562 1492 3618 Versus
1534 3565 1736 3619 Sedulii

68 3683 77 3687 -
138 3652 395 3721 psallens,
429 3661 476 3704 ct
502 3652 711 3706 dicens:
760 3652 1030 3713 Cantemus
1064 3656 1310 3721 Domino,
1343 3659 1512 3722 socias,
1564 3675 1736 3713 came-

138 3760 257 3798 mus
304 3742 546 3799 honores.
578 3745 687 3800 Alii
738 3748 997 3803 exhibent
1045 3749 1312 3804 honorem.
1368 3754 1731 3809 (Ieleherrima

137 3834 245 3889 fuit
293 3850 354 3890 ea
386 3835 520 3889 visio
558 3836 614 3892 S.
652 3838 911 3894 Duustani
963 3812 1103 3912 api-id
1153 3858 1330 3897 rerum
1388 3845 1731 3914 Auglicarum

137 3937 465 3997 scriptores.

216 4018 339 4075 181.
370 4017 730 4076 Edilwaldus
763 4023 814 4077 in
843 4024 1083 4077 carmine
1110 4026 1176 4079 ad
1205 4024 1553 4081 Winlrithum
1587 4048 1600 4082 :

484 4154 899 4212 Quemadmodum
918 4158 1163 4209 mellitluis

482 4217 822 4267 Heroticorum
850 4224 1071 4271 versibus

486 4278 694 4332 lllustris
712 4282 952 4390 quondam
977 4282 1121 4347 poeta

486 4341 649 4390 Romae
674 4356 729 4390 ur
750 4344 808 4390 )is
831 4345 1058 4390 indigena

483 4341 649 4406 Romae
674 4341 808 4406 urbis
831 4341 1059 4406 indigena

482 4405 601 4466 Styti
623 4405 811 4454 calamo
842 4405 1047 4456 stridulo

485 4466 757 4529 (Zaraxante
779 4470 1041 4529 persedulo

484 4528 645 4578 Sacris
669 4532 838 4579 inserit
864 4534 1112 4583 schedulis

490 4589 803 4654 Doctiloquos
826 4593 1075 4645 Sedulius.

218 4717 373 4796 102
400 4716 492 4772 Sic
524 4712 771 4774 Usserius
799 4721 904 4775 loc.
931 4721 1022 4781 cit.
1055 4721 1301 4777 Sccnndo
1325 4738 1482 4779 versu
1503 4722 1724 4781 fortasse

135 4806 428 4879 legendum
465 4807 827 4876 Hei-uicorum.

211 4900 337 4955 182.
374 4901 449 4955 Ex
503 4902 786 4974 Radulpho
834 4907 1249 4977 l)unstapulensi
1289 4908 1428 4969 idem
1477 4908 1727 4965 Usserius

134 4993 241 5049 hoc
269 4995 560 5051 distichum
594 4998 835 5068 profert:

264 5156 439 5219 Surgit
461 5154 709 5216 Sedulius,
739 5156 1041 5218 veterisque,
1069 5160 1281 5217 novique
1302 5162 1524 5205 tenorem

324 5218 518 5272 Τείως
536 5224 767 5273 concinna
791 5220 1053 5268 sedulitate
1078 5221 1225 5269 cauit.

210 5349 337 5405 185.
371 5344 1161 5416 HonoriusAugustoduuensis
1180 5358 1298 5411 cap.
1326 5344 1356 5396 ’1
1385 5346 1419 5396 l.
1448 5358 1506 5425 in
1535 5342 1722 5396 eadem

131 5444 249 5499 fere
277 5443 349 5498 de
374 5440 598 5497 Sedulio
629 5450 794 5495 verba
828 5440 1042 5510 repetit,
1089 5454 1205 5507 qua:
1238 5454 1298 5491 ex
1330 5437 1534 5492 Isidoro
1562 5452 1724 5506 supra

132 5535 600 5607 deprompsimus.

208 5628 334 5684 181.
370 5626 429 5698 iq
456 5626 764 5698 Prolegom.
794 5626 859 5681 ad
883 5625 1182 5681 iuvencum
1217 5640 1364 5679 num.
1399 5624 1500 5679 104
1542 5621 1724 5692 plures

131 5734 328 5779 versus
374 5692 651 5776 Fiancisci
696 5720 1004 5775 Petrarchm
1058 5719 1233 5787 eclog.
1288 5717 1354 5772 10
1406 5716 1458 5769 in
1507 5712 1718 5769 laudem

1838 3183 1909 3234 i.'a
1954 3181 2192 3234 distribui
2225 3189 2456 3242 possunt,
2490 3194 2552 3231 ne
2578 3175 2822 3229 Aurelius
2871 3172 3189 3229 Prudentius
3226 3173 3290 3226 ab
3322 3172 3429 3227 illis

1838 3276 2181 3335 excludatur,
2240 3282 2286 3325 et
2329 3272 2445 3325 libri
2492 3272 2543 3322 in
2587 3270 2765 3340 primis
2821 3268 3179 3342 καθημερινῶν.
3220 3274 3267 3320 et
3311 3268 3432 3342 περὶ

1837 3370 2115 3441 στεφάνων,
2148 3366 2237 3435 qui
2272 3362 2514 3419 Eccleia:
2552 3362 2729 3418 veteris
2762 3363 2868 3430 fata
2897 3358 3182 3430 explicant,
3226 3358 3279 3411 in
3309 3359 3429 3417 illas

1843 3463 1996 3533 103
2026 3460 2362 3529 recipiantur.
2400 3456 2611 3513 Privata
2644 3455 2859 3512 lectione
2896 3455 3155 3522 cvolyatur
3185 3453 3430 3509 Sedulius

1835 3557 2183 3624 antiquiorum
2226 3554 2471 3614 imitator,
2507 3552 2593 3621 qui
2622 3559 2667 3603 et
2698 3548 2847 3603 verba
2882 3545 3057 3604 Publii
3096 3544 3353 3615 Maronis,
3380 3556 3428 3602 et

1836 3649 2139 3703 contexendi
2164 3649 2463 3700 suavitatem
2490 3660 2520 3696 a
2549 3643 2785 3696 stecttluri
2812 3640 2880 3694 ad
2908 3656 3111 3696 sacrum
3139 3654 3419 3711 argumen-

1835 3757 1938 3799 tum
1967 3752 2071 3804 tant
2102 3744 2248 3804 scite,
2273 3752 2375 3794 tam
2422 3740 2504 3806 pic
2530 3736 2934 3790 accommodavit
2956 3750 2973 3787 .'
2996 3734 3265 3801 indignum
3295 3747 3423 3787 sane

1834 3849 1926 3903 est,
1954 3836 2265 3890 christianos
2297 3840 2474 3901 poetas
2504 3831 2636 3883 adeo
2662 3829 2872 3899 negligi,
2911 3837 2964 3880 ut
3006 3842 3066 3879 ne
3098 3840 3280 3880 nomen
3308 3824 3421 3894 qui.

1834 3933 1952 3986 deut
1981 3930 2244 4002 juventuti
2274 3924 2597 3979 scholasticw
2644 3923 2708 3975 sit
2753 3919 3035 3991 cognitum.
3088 3916 3420 3991 Periculum,

1834 4026 1974 4094 quod
2005 4021 2246 4077 nonnulli
2282 4019 2404 4073 inde
2433 4019 2588 4071 boum
2620 4013 2921 4075 latiuitatis,
2952 4020 3007 4064 et
3040 4008 3277 4078 poetices
3307 4017 3425 4065 stur

1832 4121 1921 4174 diu
1957 4125 2221 4178 metuunt,
2272 4111 2407 4167 satis
2450 4108 2774 4179 depellitur,
2823 4106 2869 4160 si
2909 4109 3228 4174 opportunam
3278 4107 3420 4155 notas

1831 4211 2207 4282 subjiciuntur,
2232 4206 2427 4277 quibus
2456 4217 2583 4258 usus
2614 4200 2943 4270 optimorum
2973 4195 3298 4263 scriptorum
3331 4191 3417 4246 in-

1831 4305 2063 4369 dicetur,
2108 4312 2165 4354 ut
2204 4300 2315 4368 jam
2363 4294 2679 4357 nominatim
2723 4290 2791 4346 de
2847 4288 3085 4359 paelices
3133 4284 3314 4342 studio
3344 4283 3420 4341 ita

1825 4396 2065 4468 juvando
2097 4391 2305 4447 monuit
2331 4386 2597 4444 Cellarius
2628 4388 2680 4439 in
2714 4383 2947 4453 praefat.,
2976 4380 3068 4449 qui
3098 4378 3168 4437 ita
3203 4376 3415 4468 pergit;

1834 4490 2057 4558 Denique
2079 4495 2125 4539 et
2154 4483 2285 4538 illud
2312 4492 2358 4537 te
2376 4481 2587 4543 moneri,
2622 4476 2780 4530 lector
2796 4471 3052 4532 benevole,
3078 4470 3243 4533 velim,
3270 4483 3333 4521 ne
3352 4467 3415 4527 da

1833 4580 2037 4636 Sedulii
2064 4574 2373 4630 carminibus
2416 4588 2480 4626 ea:
2505 4570 2720 4641 cpistola
2756 4570 2865 4638 ejus
2909 4566 2976 4619 ad
3007 4559 3371 4629 Macedoniam
3397 4599 3413 4625 ,

1831 4690 1946 4746 qua:
1973 4672 2189 4744 prie/ira
2217 4678 2313 4734 est,
2342 4676 2389 4721 et
2438 4665 2601 4733 pri...o
2633 4660 2862 4732 aspectui
2893 4657 3160 4728 objicitur,
3182 4651 3415 4724 judices.

1837 4765 2076 4822 Solemne
2109 4762 2251 4815 illius
2278 4759 2371 4814 wvi
2408 4754 2663 4827 plerisque
2707 4761 2780 4806 est
2828 4746 3183 4819 scriptoribus,
3216 4754 3271 4802 ut
3298 4759 3421 4807 sua-

1833 4858 1999 4911 viores
2030 4856 2082 4907 in
2114 4854 2294 4923 ligata,
2318 4865 2469 4920 quam
2496 4848 2548 4901 in
2592 4861 2743 4916 prosa
2775 4845 3006 4900 oratione
3033 4841 3155 4905 sint,
3198 4837 3333 4905 quod
3362 4837 3418 4898 in

1836 4949 2077 5013 Sidonio,
2109 4948 2160 5001 in
2190 4943 2421 4999 Paulino
2451 4939 2681 4998 Nolano.
2723 4936 2919 4995 Alcime
2952 4933 3119 4994 Avito,
3160 4928 3418 4999 Prospero

1832 5046 2140 5117 Aquitanica
2182 5039 2513 5108 manifestum
2560 5042 2651 5089 est.
2684 5030 2901 5085 Causant
2948 5027 2993 5081 si
3036 5023 3246 5096 quieris,
3293 5036 3417 5121 ape:

1830 5140 1982 5191 riam.
2018 5134 2198 5190 Salute
2230 5146 2290 5183 ω·
2319 5128 2519 5199 ingenio
2561 5122 2883 5178 scribebant:
2913 5118 3147 5172 carmina
3174 5128 3275 5175 non
3312 5118 3414 5165 nisi

1832 5249 1893 5286 ea:
1918 5230 2153 5292 lectione,
2183 5241 2241 5277 ac
2268 5221 2551 5276 imitatione
2580 5225 2801 5270 veterum
2832 5213 3246 5280 composuerunt.
3284 5200 3413 5260 Noli

1831 5324 1986 5395 igitur
2012 5319 2217 5381 mirari,
2250 5330 2342 5368 cur
2368 5308 2641 5365 horridula
2668 5302 2882 5377 cpistola
2912 5304 2973 5359 sit
3004 5297 3208 5353 Sedulii
3231 5339 3244 5363 ,
3269 5293 3413 5395 .Pas-

1831 5387 1976 5467 chale
2002 5425 2205 5465 carmen
2234 5408 2306 5459 ita
2330 5402 2565 5475 planum,
2600 5396 2775 5460 molle,
2800 5410 2969 5457 suave,
2999 5399 3048 5447 ut
3077 5389 3143 5452 ad
3171 5387 3408 5453 antiquo,-

1830 5522 1943 5560 ‘unt
1970 5510 2231 5557 boetarum
2272 5497 2498 5558 lttlttlt'ttt,
2529 5502 2573 5546 et
2604 5490 2904 5560 elegantiam
2943 5482 3222 5553 perveniat.
3271 5476 3411 5538 Gtu~

1826 5564 1991 5652 uerus
2020 5598 2069 5647 in
2100 5606 2195 5646 sua
2225 5586 2433 5659 pra-fat.
2475 5586 2731 5643 observat
2779 5578 3135 5635 eruditionem
3194 5569 3402 5635 Sedulii

1827 5706 1889 5747 es
1919 5685 2150 5757 epistola
2184 5683 2251 5741 ad
2297 5676 2663 5743 Macedoniam
2712 5670 2993 5740 conspici:
3041 5671 3190 5731 tenet
3220 5673 3400 5719 autem
