3906 6330
499 172 600 230 5H

1780 169 2064 230 C(ELIUS
2102 170 2457 230 SEDllLlUS.

3684 172 3799 230 5|!

500 306 622 347 cum
655 289 952 347 Mosbemio
1000 291 1236 348 lnstitut.
1271 288 1408 345 llist.
1443 289 1645 346 Christ.
1674 290 1869 361 antiq.,
1907 289 2087 346 erudi-
2115 290 2169 349 Α
2195 288 2436 358 piuscnle
2457 288 2608 344 dicit.
2636 290 2806 345 Suave
2832 287 3173 362 trisyllabum
3205 290 3412 361 posuit,
3446 295 3507 345 ut
3537 289 3796 347 Horatius

501 383 703 442 tionem
735 402 765 439 v
790 385 973 441 saeculi
1010 394 1221 441 tenuem
1250 385 1437 441 fuisse.

576 481 697 536 {89.
736 481 1060 537 Parrhasius
1104 480 1159 535 in
1187 480 1429 535 editione
1474 494 1567 535 sua
1598 478 1825 545 Sedulii,
1864 487 1921 533 et
1960 493 2093 533 non-

502 571 798 641 nullorum,
838 574 1138 627 carminum
1173 572 1452 628 Prudentii
1499 571 1743 641 quaedam
1773 570 1839 627 de
1868 580 2093 640 utroque

497 646 816 729 annotavit;
850 682 969 736 qtne
1001 666 1253 735 quoniam
1281 665 1554 735 plerisque
1586 665 1758 735 poetis
1779 663 2094 720 Christianis

499 761 806 814 communia
840 769 990 827 sunt,
1027 762 1129 815 boe
1160 760 1278 815 loco
1307 775 1413 813 non
1462 760 1825 829 importunum
1847 766 1930 811 est
1959 756 2095 826 adji-

496 864 624 904 cere
648 867 661 902 :
687 868 704 901 ι
734 850 1012 918 Sedulius,
1038 861 1097 906 ut
1126 853 1248 906 hinc
1276 852 1552 922 incipiam,
1583 851 1759 907 verbis
1780 852 1968 917 utitur,
1995 865 2093 905 nec

501 937 689 1010 ﬁguris
720 942 946 1010 poeticis
988 943 1212 997 omnino
1242 944 1585 1011 sublimibus,
1620 959 1717 999 nec
1748 945 1874 998 item
1918 943 2094 998 sordi-

499 1031 605 1099 dis,
643 1034 715 1087 ita
746 1034 980 1089 mediam
1011 1035 1301 1105 quamdam
1333 1036 1693 1092 elocutionem
1724 1039 2091 1103 servantibus,

502 1135 559 1180 ut
592 1127 870 1197 proprium
918 1130 1189 1184 retineant
1235 1130 1449 1185 locum:
1499 1141 1682 1186 exstat
1724 1140 1905 1187 tamen
1948 1134 1998 1186 in
2027 1147 2093 1187 eo

501 1233 841 1290 quorumque
867 1221 1177 1276 divinorum
1207 1223 1466 1277 studium.
1499 1222 1631 1277 Nam
1656 1228 1911 1290 [acturam
1944 1224 2091 1289 dicit,

498 1313 772 1381 factorem,
819 1313 1081 1381 deitatem,
1111 1314 1243 1385 legis
1294 1324 1613 1382 testamenta,
1647 1317 1815 1383 caelos,
1850 1317 2096 1386 quamvis

501 1412 557 1455 et
590 1401 691 1458 hoc
723 1402 1004 1460 Lucretius
1038 1422 1141 1459 non
1170 1406 1433 1461 abstinuit
1460 1425 1473 1461 :
1507 1417 1560 1462 et
1595 1408 1891 1477 ﬁculneam,
1924 1408 2093 1477 quod-

503 1509 609 1563 que
649 1495 971 1551 insolentius
1012 1507 1092 1551 est
1121 1499 1391 1553 duodecim
1435 1500 1600 1553 millia
1645 1498 1871 1570 legiones
1896 1515 1962 1554 ex
2005 1500 2095 1554 illo

501 1586 841 1660 Hieronymi,
864 1588 948 1644 Ea:
964 1590 1101 1645 tribu
1125 1590 1367 1647 Manasse
1387 1591 1658 1647 duodecim
1682 1592 1844 1645 millia
1870 1593 2095 1661 signati:

2193 391 2388 449 suetus,
2412 392 2466 437 et
2492 382 2748 453 Papinius
2770 384 2950 436 suasit.
2983 382 3117 439 lllud
3149 400 3279 439 vero
3311 386 3473 440 nimis
3506 385 3793 455 audacter,

2194 476 2339 546 quod
2370 493 2429 528 us
2455 476 2506 530 in
2537 477 2843 532 aciusativo
2868 477 3059 547 plurali
3091 487 3298 545 quartae
3324 477 3637 532 inﬂexionis
3670 493 3797 532 con-

2196 571 2357 623 traxit
2390 570 2544 641 105
2582 570 2687 623 hoc
2718 584 2903 635 versu,
2940 569 3061 622 Non
3091 570 3244 634 ratio,
3278 570 3580 641 primosque
3604 587 3798 625 necans

2194 665 2412 734 vagitus,
2442 674 2489 717 et
2515 664 2732 718 audens.
2759 664 2913 729 Quod
2945 652 3132 719 autent
3159 664 3208 718 in
3232 666 3485 718 omnibus
3509 666 3789 733 exempla:

2196 755 2366 821 ribus,
2402 767 2453 809 et
2486 755 2536 809 in
2580 757 2781 810 nostris
2824 755 2986 810 etiam
3021 755 3189 826 leges,
3240 755 3501 812 Scribitur
3522 756 3576 810 in
3624 756 3799 810 titulis

2194 865 2381 916 super:
2410 848 2517 902 Ilic
2545 858 2617 903 est
2643 865 2732 903 rex
2756 847 3084 919 Juda'orum,
3118 850 3367 919 equidem
3411 848 3794 919 castigandum

2194 939 2524 1007 censuerim,
2577 940 2833 995 Scribitur
2865 942 2916 992 in
2948 940 3146 994 titulis:
3198 938 3303 994 Hic
3332 950 3407 994 est
3445 957 3537 995 rex
3580 939 3800 994 Jndteo-

2196 1045 2332 1095 rum,
2366 1039 2424 1085 ut
2455 1033 2763 1103 reciprocus
2808 1046 2999 1086 versus
3038 1032 3128 1099 sit,
3155 1040 3209 1087 et
3239 1033 3578 1101 Spondaicus
3617 1034 3800 1087 imita-

2198 1123 2341 1178 tione
2372 1123 2628 1190 Maronis,
2658 1133 2713 1177 et
2743 1125 2992 1189 aliorum,
3020 1139 3087 1178 nc
3120 1138 3303 1191 unam,
3338 1133 3395 1179 et
3422 1126 3648 1180 alteram
3682 1126 3799 1196 syl—

2196 1218 2371 1272 labam
2400 1234 2539 1273 nom
2567 1220 2815 1287 exemplo
2842 1219 3096 1289 corripiat
3127 1219 3179 1274 in
3212 1218 3458 1273 Judwo.»

2269 1309 2390 1365 190.
2431 1327 2448 1361 i
2478 1309 2805 1364 Prudentius
2835 1312 2937 1381 (sic
2970 1311 3142 1380 pergit
3180 1309 3526 1381 Parrhasius)
3572 1310 3795 1367 tametsi

2195 1404 2365 1473 magis
2396 1404 2703 1459 elaboratus
2728 1404 2780 1458 in
2812 1404 2995 1459 verbis
3026 1415 3131 1467 est,
3165 1415 3219 1458 et
3245 1406 3425 1459 minus
3454 1406 3795 1473 licentiosos,

2195 1497 2381 1550 eadem
2408 1507 2586 1551 tamen
2613 1498 2768 1551 venia
2786 1496 3051 1552 carminis
3069 1498 3238 1551 utitur
3261 1498 3312 1550 in
3336 1496 3499 1559 idolo,
3516 1498 3796 1568 paraclito,

2198 1589 2250 1644 in
2280 1606 2390 1660 quo
2431 1601 2757 1645 sectatorem
2808 1590 3015 1660 reperit
3043 1588 3441 1656 Apollinarem.
3480 1589 3620 1656 Quid
3652 1590 3799 1660 quod

502 1681 675 1751 magis
702 1682 893 1738 Latine
919 1683 1264 1749 Prudentius,
1295 1687 1387 1756 qtti
1436 1687 1599 1740 millia
1620 1686 1781 1739 multa
1829 1694 2088 1751 notarum,
2123 1675 2434 1737 Bdativum
2486 1683 2699 1739 relativi
2752 1683 2988 1737 nominis
3038 1684 3123 1736 cui
3167 1682 3494 1754 bisyllabum
3546 1682 3796 1751 protulit,

498 1790 605 1829 non
629 1786 778 1832 notas
801 1781 894 1833 ait.
930 1778 1126 1834 Inserit
1149 1788 1204 1836 et
1223 1780 1538 1850 peregrinas
1566 1781 1775 1851 aliquot
1800 1780 2087 1846 dictiones,

498 1866 593 1921 sed
609 1882 636 1920 a
649 1867 961 1924 cltristianis
974 1872 1284 1943 auctoribus
1291 1871 1400 1942 jam
1418 1882 1630 1942 recepta
1639 1887 1685 1938 s,
1705 1870 2088 1936 Palriarchant,

498 1977 842 2036 synagogam,
866 1966 1173 2034 pharisieos,
1203 1975 1255 2023 et
1285 1981 1382 2036 pro
1408 1967 1695 2022 fortunatis
1719 1966 1907 2020 insulis
1938 1963 2094 2037 104

500 2043 825 2123 paradisum,
850 2056 1157 2127 gehennam,
1181 2058 1325 2130 quod
1357 2059 1661 2113 incendium
1686 2058 1975 2129 signilieat,
1998 2058 2092 2111 de-

498 2147 662 2218 nique
691 2165 977 2219 manseres,
1018 2150 1071 2204 id
1101 2161 1205 2216 est,
1236 2151 1523 2219 adulterio,
1571 2162 1868 2221 stuproqne
1898 2164 2091 2205 concc-

497 2247 640 2307 ptos.
670 2239 726 2295 in
776 2242 1100 2312 quibusdam
1149 2245 1397 2315 sequitur
1441 2244 1767 2314 analogiam,
1809 2258 1929 2299 cum
1976 2244 2089 2298 ait:

497 2331 685 2389 Urbem
711 2336 964 2391 libertatis
988 2354 1159 2406 apem,
1211 2339 1261 2393 id
1292 2347 1397 2405 est,
1432 2339 1742 2406 fecundam,
1796 2338 1939 2408 quod
1970 2341 2091 2406 ejus

492 2428 826 2482 contrarium
869 2429 940 2484 sit
981 2432 1153 2500 inops,
1192 2430 1245 2486 id
1297 2442 1401 2501 est,
1449 2448 1672 2503 egenus.
1724 2434 1779 2487 In
1815 2433 1959 2497 aliis,
1996 2447 2092 2486 ne-

496 2523 666 2590 glecta
720 2526 1094 2593 proportione,
1126 2526 1506 2582 consuetudini
1557 2542 1677 2582 sese
1705 2526 1965 2598 adjungit,
2001 2542 2090 2580 su-

498 2613 700 2681 lnitque
753 2631 784 2671 e
834 2617 1005 2671 media
1039 2618 1194 2687 plebe
1239 2631 1694 2691 pra’suntptorem,
1746 2621 2088 2675 traditorem:

497 2720 601 2776 qua
634 2708 843 2763 ratione
873 2707 1096 2766 Mariam
1144 2727 1264 2765 cum
1297 2722 1522 2767 accentu
1572 2712 1881 2782 permilitum
1918 2728 2089 2767 enun-

500 2799 672 2861 tiavit,
727 2814 849 2854 cum
894 2798 1225 2856 Claudianus
1284 2819 1523 2872 semper,
1556 2814 1610 2859 et
1658 2805 1775 2874 ipse
1822 2818 2085 2858 nonnum-

496 2906 655 2961 quam
704 2894 981 2962 corripiat.
1037 2894 1183 2951 Idem
1239 2898 1623 2968 populationem
1667 2915 1767 2969 pro
1816 2898 2087 2959 incondita

501 2985 848 3040 multitudine
895 3001 1145 3057 usurpat,
1179 2989 1362 3044 Fiebat
1401 2992 1667 3062 papulatio
1695 3009 1940 3064 pra'sens,
1986 2992 2085 3047 etsi

2192 1765 2547 1842 ultimamque
2592 1777 2646 1829 in
2698 1791 2763 1829 eo
2804 1784 3196 1830 consonantem
3246 1778 3410 1830 vertit
3449 1775 3503 1830 in
3542 1776 3797 1831 vocalem

2190 1878 2276 1922 ter
2308 1870 2356 1922 in
2389 1869 2580 1923 eodem
2612 1868 2893 1924 carmine?
2915 1866 3369 1938 Casuraugustant
3395 1870 3683 1922 vocitamus
3710 1885 3797 1921 ur-

2189 1960 2320 2027 bem,
2353 1991 2422 2001 —
2455 1961 2553 2015 lies
2580 1961 2665 2014 cui
2710 1970 2857 2015 tanta
2908 1974 3005 2015 est.
3055 1961 3331 2016 Praeterea
3408 1979 3421 2016 :
3468 1960 3795 2033 Sanguinem

2190 2054 2354 2121 Justi,
2387 2057 2471 2109 cui
2516 2055 2706 2110 Pastor
2744 2054 2923 2110 lueret.
2980 2055 3114 2110 lteut
3165 2056 3325 2123 paulo
3357 2064 3515 2126 post:
3548 2056 3795 2128 Marsque

2199 2146 2460 2213 Vincenti,
2504 2149 2588 2201 cui
2625 2149 2836 2220 sanguis
2881 2148 3003 2202 hinc
3041 2156 3117 2201 est
3147 2163 3166 2201 :
3204 2146 3353 2216 quod
3402 2156 3460 2201 ut
3508 2148 3794 2218 ignoscenc

2191 2238 2341 2303 dum,
2376 2239 2450 2293 ita
2480 2238 2759 2294 ferendum
2784 2255 2893 2293 nou
2918 2247 3001 2294 est
3026 2256 3038 2291 :
3069 2239 3211 2293 sicut
3240 2254 3340 2294 nec
3363 2237 3493 2293 illud
3521 2236 3790 2293 Haloruui

2191 2332 2372 2385 tetrius
2399 2334 2629 2385 omnium
2649 2342 2741 2386 est.
2768 2333 3115 2403 Anapzestum
3138 2346 3377 2402 quoque,
3401 2342 3454 2386 et
3478 2332 3791 2399 proceleus—

2193 2424 2449 2479 maticum
2482 2442 2577 2495 pro
2607 2426 2868 2496 Spondteo
2914 2426 3231 2496 plerumque
3262 2424 3543 2481 substituit
3576 2428 3801 2495 tempo-'

2192 2535 2310 2574 rum
2338 2524 2585 2585 ratione;
2617 2522 2813 2590 quibus
2853 2535 3013 2590 pares
3060 2527 3211 2589 sunt,
3252 2530 3306 2576 et
3348 2522 3699 2578 conveniunt.
3736 2522 3787 2577 ln

2193 2612 2356 2681 Nola,
2405 2615 2559 2682 cujus
2591 2616 2825 2683 priorem
2871 2614 3128 2686 Virgilius
3175 2614 3458 2685 produxit,
3501 2615 3547 2669 si
3598 2631 3785 2670 verum

2192 2710 2399 2765 Gellius
2449 2710 2634 2774 tradit,
2681 2709 2766 2764 hic
2811 2709 3059 2780 corripit,
3088 2707 3310 2781 Jamque
3340 2709 3582 2765 Nolanus
3622 2711 3784 2779 adest,

2190 2804 2318 2860 licet
2350 2804 2602 2858 nonnulli
2650 2801 2994 2858 Ianicolanus
3027 2804 3255 2859 confuso
3302 2806 3544 2859 locorum
3590 2804 3783 2858 ordine

2191 2898 2455 2951 scribant.
2486 2896 2740 2952 Tentavit
2768 2908 2825 2952 et
2852 2895 2970 2965 ipse
2999 2910 3218 2967 quoque
3247 2894 3508 2950 fastiditis
3549 2890 3781 2967 gratiam

2193 2991 2445 3047 reddere.
2470 2991 2603 3045 Nam
2633 2990 2820 3062 volupe
2844 3000 2916 3045 est
2946 3006 3043 3061 pro
3080 2989 3202 3045 libet
3231 2989 3302 3043 ab
3330 2990 3523 3056 Ennio,
3571 2991 3783 3045 Plauto-

493 3078 815 3148 qnibusdatn
849 3082 948 3152 legi
983 3082 1213 3152 placeat,
1248 3056 1432 3139 Flebat
1461 3056 1705 3154 populus.
1727 3056 1933 3158 quoque:
1954 3107 2088 3160 pra:-
2114 3056 2159 3118 Ο
2192 3100 2297 3153 que
2334 3092 2611 3145 mutuatur
2636 3056 3047 3153 ,’ut'ningui.dos
3076 3098 3106 3137 a
3136 3082 3395 3137 Lucretio
3423 3124 3437 3148 ,
3486 3080 3608 3150 qui,
3638 3081 3779 3150 quod

494 3186 630 3225 setis.
683 3171 973 3228 Substituit
1001 3185 1051 3230 et
1086 3174 1443 3231 derivativum
1501 3194 1596 3247 pro
1644 3194 1742 3233 suo
1786 3181 2085 3249 primitivo,

498 3259 796 3332 Memphitis
819 3265 870 3317 in
897 3266 1003 3319 oris
1043 3282 1141 3336 pro
1172 3265 1520 3336 Memphitidi,
1566 3270 1707 3325 unde
1757 3261 2081 3326 deﬂectitur.

496 3353 766 3423 Tibullus,
803 3356 975 3412 Pubes
1004 3360 1222 3414 miratur
1254 3361 1444 3414 Osirim
1470 3393 1541 3402 —
1563 3362 1798 3416 Barbara
1831 3364 2086 3437 Memphi—

491 3454 593 3501 tem
630 3448 873 3520 plangere
901 3450 1049 3504 docta
1092 3452 1283 3508 bovem.
1332 3452 1521 3508 Itidem
1554 3463 1767 3524 tempus
1796 3470 1891 3525 pro
1942 3458 2083 3511 ten't-

491 3552 651 3608 pore,
682 3540 825 3610 quod
872 3557 969 3611 per
993 3557 1053 3597 se
1079 3545 1311 3616 quisque
1351 3543 1508 3600 facile
1536 3546 1929 3615 deprehendet.
1973 3545 2082 3602 Ob-

487 3632 663 3688 soleta
693 3634 938 3705 quaedam
980 3636 1033 3690 in
1080 3653 1235 3692 usum
1269 3650 1505 3710 revocat,
1562 3651 1619 3695 ut
1648 3642 1937 3711 peniculum
1988 3659 2084 3713 pro

490 3729 715 3797 spoitgia
746 3729 1010 3795 Terentii,
1055 3729 1338 3801 Plautique
1386 3735 1727 3803 auctoritate,
1761 3753 1988 3809 prazsepe
2029 3739 2081 3793 in

488 3833 618 3874 casu
650 3819 845 3876 Latino
874 3838 940 3878 ex
968 3824 1185 3894 antiqua
1218 3826 1603 3892 declinatione,
1636 3830 1831 3883 deterta
1853 3830 2079 3897 capillis,

491 3912 634 3981 quod
666 3914 808 3984 apud
839 3916 1071 3972 Ennium
1103 3919 1348 3985 legerat,
1373 3919 1530 3975 Terta
1560 3921 1685 3976 nitet
1706 3924 1871 3994 galea.
1906 3921 2083 3977 Pauca

488 4004 734 4072 quaedam
769 4009 1009 4075 novavit,
1057 4019 1114 4064 ut
1145 4028 1416 4080 pompare,
1445 4013 1588 4082 quod
1629 4015 1985 4084 ampullosius
2015 4016 2080 4070 ad

485 4096 744 4153 invidiam
775 4106 1020 4157 veterum
1056 4114 1332 4172 poetarntn
1370 4107 1622 4172 confixit,
1651 4107 1901 4178 sitnplat;
1930 4107 2083 4172 Quod

484 4190 725 4259 simplex,
756 4194 1019 4263 ftriplicet,
1059 4197 1295 4269 quodque
1340 4208 1411 4253 est
1463 4200 1791 4269 triplicabt'le,
1835 4202 2081 4271 simplet:

488 4285 561 4339 ita
594 4301 829 4358 namque
858 4291 1229 4361 scribendum,
1257 4310 1364 4349 non
1404 4295 1641 4365 simplex.
1673 4294 1719 4349 Α
1749 4296 2081 4364 prtescriptis

485 4379 728 4434 numeris
772 4382 1062 4451 aliquando
1091 4384 1339 4441 discedit.
1366 4386 1497 4441 Nam
1543 4387 1753 4442 videbis
1780 4387 1922 4456 apud
1954 4404 2075 4442 eum

2189 3178 2284 3231 alii
2314 3178 2503 3241 nivem,
2529 3178 2769 3248 ninguem
2800 3186 2957 3231 vocat
2989 3192 3002 3230 :
3031 3174 3164 3230 dicit
3192 3184 3246 3229 et
3274 3174 3436 3245 pultet
3464 3189 3561 3245 pro
3592 3175 3773 3245 pulset,

2188 3279 2243 3323 et
2279 3267 2416 3321 altar
2460 3282 2525 3323 ex
2567 3267 2844 3338 analogia;
2874 3266 3022 3321 Altar
3053 3268 3263 3334 tepescit
3293 3283 3402 3332 ore,
3441 3283 3627 3321 saxum
3658 3284 3777 3338 pec-

2188 3372 2317 3415 tore.
2344 3359 2455 3414 Nec
2484 3360 2786 3430 alienigena
2812 3358 3065 3429 rq’uzedam
3094 3360 3323 3426 restruit,
3362 3358 3616 3425 Messian,
3650 3358 3765 3412 Na-

2185 3469 2453 3519 zarenam,
2478 3450 2699 3519 Lct'itas,
2732 3454 3001 3516 charaxat,
3029 3451 3171 3521 quod
3198 3458 3284 3507 est
3308 3453 3559 3527 χάραξεν,
3591 3452 3642 3506 id
3671 3461 3772 3519 est,

2186 3547 2540 3611 calamorum,
2584 3540 2914 3616 sudiumque
2944 3528 3239 3615 fastigatis,
3290 3556 3451 3616 atque
3493 3546 3775 3600 subtilibus

2184 3640 2406 3711 spiculis
2435 3656 2631 3710 corpus
2662 3641 2856 3709 iuligit,
2889 3640 3035 3711 quod
3058 3654 3232 3709 paena:
3260 3655 3432 3709 genus
3451 3638 3627 3693 adhuc
3658 3640 3773 3694 llis-

2186 3734 2312 3803 pani
2357 3720 2633 3795 retinent;
2666 3742 2922 3804 cryptam,
2955 3731 3265 3803 colymbum,
3309 3731 3361 3785 id
3408 3741 3510 3796 est,
3542 3732 3769 3800 labrum,

2184 3841 2291 3894 quo
2321 3824 2567 3879 deﬂuens
2591 3825 2734 3879 unda
2765 3822 3054 3894 excipitur,
3088 3834 3143 3878 et
3165 3839 3263 3895 pro
3298 3824 3505 3879 tumulo
3526 3823 3772 3880 tumbam.

2184 3918 2292 3973 Nec
2324 3918 2377 3973 in
2409 3919 2787 3973 consectaneis
2814 3916 3172 3986 scriptoribus
3208 3916 3519 3975 lectitandis
3555 3898 3768 3986 operam

2185 4012 2379 4067 lusisse
2407 4012 2575 4066 videri
2606 4012 2777 4066 voluit
2809 4029 2821 4064 :
2853 4014 2994 4066 unde
3020 4011 3307 4081 plerasque
3334 4013 3595 4067 dictiones
3617 4026 3771 4067 sece-

2184 4107 2282 4178 pit,
2314 4105 2601 4174 erclesium,
2632 4103 3015 4175 evangelistam,
3040 4105 3308 4175 factorem,
3331 4107 3629 4176 passionem,
3650 4105 3772 4156 ani-

2181 4198 2383 4263 mabus,
2416 4216 2443 4251 a
2472 4214 2580 4269 quo
2609 4207 3318 4267 veteresrtemperavernnt,
3347 4199 3591 4270 psalmos,
3619 4214 3762 4251 mar-

2182 4301 2341 4361 lyras,
2372 4306 2507 4361 quos
2537 4301 2592 4345 et
2621 4290 2813 4347 Latine
2835 4301 2984 4346 testes
3015 4291 3430 4362 interpretatur,
3458 4302 3514 4346 ut
3539 4291 3766 4363 angelos,

2181 4390 2236 4436 et
2266 4384 2499 4449 nuntios,
2531 4393 2585 4447 et
2615 4384 2743 4447 alia,
2778 4399 2897 4453 quae
2931 4392 3043 4438 tute
3073 4383 3411 4439 obsen‘abis.
3443 4383 3576 4439 Sunt
3598 4389 3645 4437 et
3679 4382 3765 4454 ip-

482 4467 516 4521 h
559 4470 906 4541 aspiratiottis
955 4484 1136 4530 notam
1181 4477 1287 4532 vim
1336 4478 1534 4533 littera:
1579 4478 1892 4546 frequenter
1933 4480 2074 4535 obti-
2102 4446 2155 4507 Β
2179 4476 2291 4530 sius
2322 4490 2415 4531 sua
2434 4476 2679 4546 quaedam
2708 4477 2951 4547 propria,
2976 4479 3254 4542 coluerunt,
3282 4478 3334 4534 id
3362 4489 3469 4543 est,
3494 4477 3761 4542 addicunt,

487 4576 639 4630 nere,
675 4562 927 4619 Ioannem
958 4568 1128 4635 prima
1162 4570 1329 4635 brevi,
1360 4585 1480 4624 cum
1502 4587 1598 4638 per
1626 4594 1666 4625 ω
1694 4582 1934 4643 notetur.
1964 4571 2072 4631 Sed

482 4653 793 4713 defenditur
822 4663 1077 4730 exemplo
1119 4664 1375 4743 Maronis,
1422 4666 1513 4735 qui
1559 4668 1804 4721 eamdem
1837 4666 2070 4721 litteram

483 4746 539 4801 in
580 4766 609 4801 ο
643 4754 892 4819 mutavit,
924 4762 1084 4824 atque
1114 4757 1380 4825 corripuit
1411 4759 1461 4811 in
1497 4757 1970 4831 0rione.’Regulus
1990 4760 2074 4814 di-

478 4842 700 4909 gnitatis
730 4861 927 4900 nomen
953 4848 1092 4916 apud
1126 4851 1377 4905 eumdem
1400 4863 1734 4922 anapaestus,
1766 4864 1858 4910 aut
1881 4856 2075 4911 tribra-

478 4934 614 4988 cltus
644 4950 749 5002 est,
772 4952 892 4992 cum
920 4955 1034 5005 rex,
1063 4957 1090 4993 a
1120 4957 1228 5012 quo
1255 4942 1582 5008 deﬂectitur,
1603 4961 1793 5002 omnes
1822 4948 2072 5016 obliquos

478 5026 761 5097 producat.
794 5031 897 5085 Sed
926 5048 989 5087 ex
1025 5034 1089 5087 iis
1141 5035 1548 5106 intelligendum
1579 5047 1681 5107 est,
1710 5053 1831 5109 quae
1880 5040 2074 5109 primi-

478 5118 575 5173 tivi
612 5135 895 5176 numerum
945 5136 1177 5191 mutant,
1223 5137 1278 5183 et
1328 5144 1490 5199 quem
1538 5130 1816 5200 accipiunt
1873 5132 2077 5200 produ—

480 5221 651 5280 ctum,
686 5216 1040 5282 contrahunt,
1073 5221 1572 5289 utdicax,lucerna,
1596 5224 1821 5288 stabilis,
1854 5234 2077 5280 etcom-

471 5306 739 5376 pluscula.
785 5308 1138 5381 Auapaastum
1182 5329 1402 5383 quoque
1453 5315 1583 5371 fecit
1622 5318 1673 5371 in
1728 5316 1912 5383 Dario,
1946 5333 2069 5373 cum

473 5400 592 5471 ejus
639 5402 815 5458 media
851 5406 1005 5477 longa
1046 5409 1118 5462 sit
1171 5408 1363 5467 Grazca
1411 5412 1765 5484 diphthongo.
1796 5414 2063 5471 Ovidius:

476 5490 642 5562 thue
685 5506 985 5551 necatorum
1030 5500 1203 5555 Da‘ran'
1244 5505 1431 5573 fraude
1476 5508 1708 5574 secundi,
1762 5508 1885 5572 nisi,
1918 5508 2062 5577 quod

465 5598 595 5640 vero
637 5588 863 5657 pronius
909 5591 1161 5647 existimo
1189 5637 1203 5658 ,
1239 5594 1566 5667 bisyllabum
1622 5600 1883 5673 protulit:
1936 5615 2061 5655 nam

466 5680 669 5734 multus
702 5683 756 5737 in
788 5684 1094 5753 hujusmodi
1125 5690 1528 5747 concisionibus
1559 5694 1851 5763 invenitur,
1888 5706 1943 5750 ut
1968 5697 2058 5766 qui

453 5772 769 5842 discipulum
798 5792 894 5846 pro
925 5780 1325 5849 discipulorum,
1358 5788 1559 5856 vestigia
1586 5803 1681 5858 pro
1702 5789 1924 5855 vestigiis
1957 5805 2057 5842 sm-

2178 4567 2246 4621 ab
2274 4584 2411 4636 aere,
2456 4568 2739 4638 interjecta
2793 4570 2949 4641 106
2994 4570 3329 4642 aspiratione
3368 4571 3542 4626 hiatus
3581 4584 3759 4637 causa,

2176 4660 2352 4714 artisis
2399 4675 2495 4728 pro
2540 4663 2731 4715 morbo
2771 4661 3089 4717 articulari:
3139 4662 3357 4717 Nodosa
3400 4671 3589 4735 torquet
3634 4679 3759 4731 quos

2179 4751 2435 4824 podagra,
2467 4763 2513 4806 et
2539 4754 2736 4820 artisis,
2770 4755 2953 4808 anulla
2984 4756 3053 4810 ab
3081 4772 3185 4808 anu
3211 4756 3603 4823 diminutivum,
3637 4772 3759 4828 pro-

2173 4855 2414 4913 sperante
2460 4860 2558 4914 pro
2603 4848 2827 4919 favente,
2877 4836 3211 4919 prosperare,
3260 4848 3484 4915 adesse,
3534 4865 3752 4915 sacrum,

2178 4954 2336 5009 quem
2366 4941 2458 4995 alii
2485 4916 2850 5006 sacer-dtitem,
2891 4940 3157 5008 Vidimus,
3187 4958 3217 4997 o
3243 4940 3437 4998 Christi
3471 4942 3754 4998 Valleriane

2175 5051 2321 5105 sacer
2356 5050 2372 5089 :
2404 5036 2455 5089 in
2488 5049 2595 5105 quo
2632 5036 2850 5090 nomine
2887 5035 3144 5106 liquidam
3173 5035 3504 5106 duplicavit,
3546 5045 3599 5091 ut
3623 5034 3753 5090 stibi

2175 5130 2228 5183 in
2265 5116 2531 5196 Valleriis,
2562 5140 2617 5185 et
2647 5130 2936 5200 relligione.
2958 5128 3178 5185 NeCuon
3208 5147 3415 5185 sacrare
3442 5145 3535 5201 pro
3552 5129 3749 5185 sacrifi-

2173 5235 2298 5275 care
2320 5221 2472 5287 dicit,
2504 5233 2559 5277 et
2585 5232 2896 5292 sacrantem,
2928 5224 3350 5278 sacrificantem.
3383 5221 3504 5277 Esto
3541 5236 3747 5291 quoque

2172 5318 2314 5385 apud
2346 5332 2467 5373 eum
2511 5318 2875 5387 quorumdam
2908 5318 3177 5373 sententia
3222 5317 3465 5386 verbum,
3497 5326 3580 5371 aut
3603 5313 3746 5369 affir-

2174 5410 2355 5465 mandi
2386 5410 2653 5481 particula
2683 5426 2790 5465 non
2821 5420 2926 5475 est,
2974 5410 3068 5465 sed
3117 5409 3375 5466 hortandi
3405 5408 3698 5467 adverbium
3722 5449 3740 5473 ,

2174 5503 2625 5573 nequenumeris,
2646 5519 2822 5575 neque
2844 5502 3093 5573 personis
3110 5504 3413 5559 inserviens
3442 5521 3454 5557 :
3476 5501 3607 5567 Esto,
3626 5516 3743 5570 pre-

2170 5614 2280 5661 cor,
2314 5600 2496 5668 fortes,
2522 5608 2569 5652 et
2598 5598 2783 5653 vincite
2809 5597 2997 5651 viribus
3027 5613 3212 5652 annos.
3255 5596 3380 5662 Nos~
3406 5612 3530 5653 vero
3566 5596 3741 5663 legesl-

2168 5692 2296 5747 dum
2321 5701 2591 5762 putamus,
2628 5691 2767 5746 Este.
2800 5692 3102 5749 Occurrent
3125 5698 3181 5747 et
3204 5691 3385 5760 aliqua
3407 5688 3736 5749 subobscuri.

2166 5785 2359 5855 fornix,
2403 5784 2458 5839 id
2488 5792 2595 5852 est,
2632 5784 2870 5854 lupanar,
2913 5784 3086 5838 solum
3135 5796 3234 5854 pro
3263 5770 3418 5853 pedis
3460 5776 3734 5845 ealcle-

3554 6194 3787 6243 Δ-
