3904 6354
185 326 295 382 515

1544 321 2084 380 PROLEGOMENA.

3360 322 3465 381 514

184 438 396 511 rigente,
418 438 631 494 scilicet
660 436 945 501 homines,
978 451 1114 507 quos
1136 437 1279 493 Deus
1315 450 1383 493 ex
1410 436 1524 491 luto
1552 437 1775 492 ﬁtixisse
1803 437 1857 501 Α
1880 435 2151 493 secundae.
2186 435 2491 506 Aliquando
2534 436 2736 492 intacto
2763 435 3165 492 verbo-codicis
3198 451 3263 491 ex
3306 438 3473 499 colla-

183 529 404 599 dicitur,
452 533 673 603 virginal
714 534 769 587 in
817 532 1104 588 mulierum
1152 532 1479 603 genitalibus
1526 531 1778 599 pellicula

182 624 408 693 pudoris
447 633 654 681 custos.
700 623 851 680 Idem
904 624 1129 681 verbum
1181 626 1428 681 invenies
1465 617 1607 694 apud
1638 621 1782 678 Soli-

182 731 339 770 num.
394 714 707 786 Lancinant,
749 717 1073 773 dilacerant.
1113 718 1242 773 lude
1271 717 1516 774 Graecum
1548 718 1781 771 lancina-

181 817 349 874 tores,
412 807 465 863 id
519 818 625 874 est,
681 809 949 866 laniones.
1000 810 1177 866 Cantis
1222 811 1277 867 in
1326 818 1477 866 recto
1523 810 1779 881 singulari

182 899 345 970 dixit,
377 912 437 956 ut
468 902 527 957 P.
564 901 914 970 Victorwdis,
948 920 1215 959 camurum
1233 919 1330 973 pro
1350 918 1536 967 curvo,
1566 903 1781 974 hyalunt

181 1007 290 1063 pro
320 994 485 1060 vitro,
517 992 708 1048 sudum
740 994 864 1051 coeli
892 998 1268 1052 serenitatem.
1299 995 1590 1067 Vergilium
1622 1010 1781 1073 secu-

180 1091 298 1152 tus,
331 1086 425 1153 ait,
478 1094 533 1141 et
569 1085 843 1151 «diluam,
902 1089 989 1143 cui
1040 1088 1222 1157 templi
1264 1102 1395 1142 cura
1440 1087 1643 1142 credita
1686 1088 1779 1156 sit,

181 1194 332 1233 mera
371 1178 511 1234 calce
556 1177 717 1246 dixit,
750 1179 802 1234 id
826 1190 929 1248 eSt,
963 1179 1109 1234 nudo
1158 1179 1316 1248 pede,
1360 1180 1616 1249 quoniam
1649 1194 1783 1250 pura

181 1270 374 1326 omnia
406 1280 620 1327 veteres
647 1287 787 1325 mera
810 1272 1082 1327 dicebant.
1111 1271 1411 1341 Supersunt
1446 1280 1501 1327 et
1520 1272 1627 1327 alia
1659 1287 1783 1327 sex-

182 1376 367 1431 centa,
396 1380 517 1435 quas
545 1379 650 1417 non
676 1372 760 1418 est
800 1364 955 1435 hujus
982 1365 1271 1435 temporis,
1304 1368 1397 1419 aut
1426 1365 1663 1420 instituti
1695 1383 1785 1421 re-

182 1471 440 1514 censere.
475 1458 608 1514 Nam
654 1467 798 1514 tanta
820 1460 871 1514 in
901 1475 967 1515 eo
997 1447 1176 1514 rerum
1203 1500 1219 1526 ,
1254 1459 1662 1532 verborumque
1691 1473 1785 1515 co-

182 1553 361 1625 gnitio
388 1563 491 1619 est,
524 1563 780 1622 quantam
831 1552 882 1606 in
927 1553 1120 1622 quovis
1165 1552 1276 1606 alio
1325 1553 1465 1622 apud
1520 1567 1619 1607 nos
1662 1566 1783 1608 esse

184 1649 593 1705 contenderim.
617 1667 636 1702 ι

264 1742 388 1797 191.
432 1740 703 1797 Hactenus
734 1741 1058 1803 Parrhasius
1102 1740 1170 1797 de
1218 1741 1477 1804 Sedulio.
1535 1756 1599 1798 ac
1650 1742 1784 1797 Pru-

1882 531 2034 586 tione
2078 530 2308 585 aliorum
2357 530 2607 587 codicum
2650 532 2796 587 varia
2829 532 2992 588 lectio
3037 531 3471 587 inscribebatur:

1880 621 2296 693 Nonnumquam
2320 636 2446 677 suas
2475 634 2754 679 corrector
2784 624 3129 694 conjecturas
3154 624 3470 694 adjiciebat.

1882 713 2052 781 Erant
2072 723 2246 770 autem
2282 726 2421 770 notas
2448 717 2681 787 propria:
2709 718 2776 772 ad
2811 718 3079 787 ejusmodi
3104 717 3474 774 correctiones

1880 806 2038 865 facile
2062 807 2392 879 indicandas,
2414 810 2481 867 ab
2503 810 2705 865 Isidoro
2732 809 2769 865 ι.
2800 827 2817 866 ι
2847 813 3051 883 Etym.,
3074 827 3197 884 cap.
3217 811 3289 869 ΞΟ
3303 827 3472 883 expo-

1883 902 2023 957 sitae.

1915 1042 1926 1049 .
1959 997 2079 1052 193.
2111 998 2340 1053 Codices
2371 996 2441 1053 ita
2469 998 2743 1054 emendati
2774 1014 2895 1053 cum
2934 999 2987 1054 in
3018 1000 3244 1055 aliorum
3277 1013 3474 1055 manus

1883 1087 2221 1147 describendi
2266 1090 2532 1159 venirent,
2557 1106 2701 1162 saepe
2722 1091 3022 1161 accidebat,
3061 1099 3117 1145 ut
3147 1091 3283 1146 alius
3312 1092 3472 1147 aliam

1882 1185 2201 1251 scripturam
2242 1185 2507 1254 arriperet
2556 1204 2571 1240 :
2621 1196 2676 1241 et
2722 1202 2843 1241 cum
2872 1185 2965 1241 alii
2997 1186 3119 1241 novi
3147 1200 3366 1241 errores
3392 1184 3475 1240 sui

1884 1277 2075 1345 cuique
2104 1278 2423 1348 cxscriptori
2464 1279 2796 1347 exciderent,
2828 1295 2889 1335 ea
2919 1290 3041 1335 nata
3071 1289 3154 1335 est
3196 1282 3354 1350 c0pia
3384 1295 3479 1335 va-

1882 1369 2086 1423 riarum
2119 1370 2429 1436 lectionum,
2465 1387 2623 1440 quam
2656 1372 2707 1426 in
2737 1372 2994 1442 operibus
3023 1383 3263 1427 veterum
3293 1372 3476 1441 publi-

1883 1461 2071 1515 candis
2119 1461 2357 1517 editores
2379 1463 2579 1517 -critici
2613 1472 2813 1518 nostra:
2861 1464 3037 1519 aetatis
3068 1464 3244 1519 solent
3274 1478 3476 1535 conge-

1886 1544 2025 1606 iere.
2056 1551 2239 1621 Magna
2277 1535 2492 1622 quoque
2541 1552 2668 1607 mihi
2711 1569 2866 1624 seges
2898 1569 3017 1609 cum
3049 1554 3100 1608 in
3148 1554 3270 1609 aliis
3308 1556 3481 1625 poetis

1885 1644 2197 1699 cliristianis
2220 1645 2461 1709 obvenit,
2502 1646 2659 1716 108
2703 1654 2813 1700 tum
2858 1646 3092 1701 maxime
3126 1648 3176 1701 in
3207 1646 3431 1703 Sedulio
3464 1661 3479 1701 :

1885 1735 2295 1805 fortasse,quod
2327 1736 2725 1792 celeberrimus
2744 1739 2830 1794 hic
2862 1747 3019 1809 poeta
3042 1756 3148 1795 non
3177 1739 3351 1795 solum
3385 1744 3487 1798 As-

184 1833 381 1893 denlio
422 1854 434 1891 :
466 1850 585 1907 qua:
634 1838 849 1892 tametsi
890 1853 996 1892 non
1062 1837 1207 1892 omni
1254 1852 1319 1892 ex
1364 1846 1517 1908 parte
1550 1838 1780 1908 probari
1813 1834 1857 1894 Β
1888 1829 2079 1884 lerium
2114 1829 2379 1884 editorem
2409 1839 2462 1884 et
2486 1839 2852 1887 correctorem
2889 1846 3111 1889 suorum
3143 1830 3483 1903 carminum,

181 1929 413 1999 debent,
440 1941 501 1985 ut
529 1946 593 1985 ex
622 1930 1032 2002 Prolegomenls
1058 1931 1123 1986 ad
1148 1914 1525 1997 Prudentium,
1550 1946 1612 1986 ac
1641 1932 1784 1987 notis

182 2024 446 2092 adhunc,
476 2024 722 2095 aliosque
766 2035 959 2095 poetas
988 2024 1318 2081 christianos
1351 2025 1552 2095 passim
1585 2024 1781 2094 liquet,

181 2126 370 2174 tamen
408 2133 588 2190 operte
619 2119 851 2189 pretium
884 2120 1060 2173 visum
1093 2118 1190 2172 fuit
1225 2116 1612 2182 transcribere,
1640 2125 1701 2171 ut
1732 2118 1784 2171 in

184 2211 361 2267 sacris
396 2212 570 2282 poetis
609 2211 857 2282 legendis
892 2226 1107 2281 tequum
1133 2208 1397 2280 judicium
1428 2208 1557 2265 ferri
1589 2211 1778 2280 possit.

796 2322 1023 2392 CAPUT
1077 2334 1185 2390 vn.

188 2459 271 2517 De
319 2460 555 2515 codicum
609 2477 733 2517 mss.
795 2461 1198 2529 correctoribus,
1255 2471 1302 2516 et
1376 2460 1781 2531 corruptoribus.

260 2542 533 2610 Excursus
573 2556 625 2608 in
679 2554 909 2609 codicem
957 2553 1018 2611 S.
1065 2554 1284 2625 Hilarii,
1334 2556 1423 2625 qui
1471 2557 1526 2609 in
1559 2553 1784 2609 archivio

262 2647 508 2703 Basilica!
547 2646 812 2703 Vaticana
833 2658 1145 2703 asseruntur.

263 2764 389 2820 192.
422 2763 613 2820 Multos
633 2765 763 2819 olim
785 2764 935 2843 viros
960 2763 1167 2830 doctos,
1194 2765 1500 2834 praesertim
1529 2763 1728 2818 saeculo
1755 2778 1786 2818 v

187 2859 492 2921 exstitisse.
525 2857 616 2929 qui
644 2856 865 2914 codices
886 2866 1131 2912 veterum
1162 2859 1487 2927 scriptorum
1525 2856 1784 2912 emcnda-

190 2959 342 3014 rent,
369 2960 424 3005 et
450 2949 864 3022 distinguerent,
891 2949 1044 3021 107
1076 2950 1505 3009 utcorrectiores
1525 2950 1576 3003 in
1609 2950 1787 3004 lucem

190 3039 465 3111 publicam
516 3044 813 3117 venirent,
850 3058 1000 3095 num.
1050 3042 1150 3096 159
1207 3041 1635 3097 demonstratum
1681 3052 1787 3098 est.

191 3129 306 3203 Ipsi
338 3134 496 3187 etiam
529 3134 892 3203 exscriptores
922 3133 1166 3189 codicum
1190 3134 1481 3205 aliquando
1512 3137 1786 3201 conferre,

193 3232 344 3303 quod
373 3222 725 3303 scripserant,
754 3242 809 3286 et
837 3231 903 3285 ad
934 3240 1117 3287 vetera
1148 3231 1477 3310 exemplaria
1500 3232 1789 3285 emendare

1898 3226 2024 3284 tant,
2074 3233 2175 3272 non
2222 3234 2335 3287 qua:
2379 3220 2598 3273 audiunt

193 3323 548 3395 Cogebantur.
580 3322 636 3378 ιη
654 3323 843 3378 codice
866 3322 1126 3377 Vaticano
1150 3323 1369 3391 Regina:
1393 3322 1602 3377 Suecia:
1628 3320 1790 3390 2034,

194 3416 437 3473 chartac.
462 3417 519 3494 in
550 3419 641 3473 fol.
673 3418 1175 3474 exstathronicon
1201 3417 1422 3473 Eusebii
1444 3417 1794 3473 Caesariensis

194 3512 265 3568 ab
294 3512 643 3585 Hieronymo,
689 3524 742 3569 et
786 3513 1056 3584 Prospero
1104 3512 1502 3567 continuatum.
1550 3510 1796 3565 Praemit-

198 3604 334 3659 titur
361 3604 632 3677 Adjuratio
661 3603 931 3673 Prosperi.
970 3605 1167 3676 Adjuro
1219 3612 1304 3668 te,
1353 3604 1660 3673 quicumque
1701 3601 1794 3653 hos

200 3694 538 3765 descripseris
567 3696 723 3750 libros
753 3684 843 3769 per
868 3696 1145 3751 Dominum
1174 3703 1406 3749 nostrum
1444 3692 1621 3747 Iesum
1646 3692 1796 3746 Citri-

198 3798 358 3859 stum,
389 3800 433 3843 et
455 3789 737 3861 gloriosum
767 3792 878 3861 ejus
914 3792 1211 3855 adventum,
1242 3790 1295 3842 in
1329 3805 1427 3860 quo
1468 3789 1629 3841 veniet
1650 3787 1797 3858 judi-

200 3896 325 3935 care
362 3882 499 3936 viuos
536 3892 583 3937 et
630 3894 878 3951 mortuos,
911 3894 963 3938 ut
991 3884 1228 3954 conferas
1257 3882 1396 3952 quod
1425 3880 1716 3951 scripseris,
1748 3890 1796 3933 et

199 3974 437 4028 emendes
472 3974 539 4026 ad
560 3975 875 4043 exemmaria
912 3991 993 4041 ea,
1028 3975 1091 4028 de
1126 3974 1313 4044 quibus
1338 3972 1625 4041 scripseris,
1677 3972 1799 4024 dili-

200 4076 381 4139 genter
411 4077 498 4121 :et
520 4066 616 4121 hoc
635 4068 979 4139 adjurationis
1012 4084 1170 4139 genus
1200 4067 1435 4120 similiter
1460 4065 1795 4131 transrribas,

201 4170 251 4217 et
297 4161 575 4231 transferas
621 4162 671 4215 in
714 4178 832 4217 eum
876 4162 1103 4216 codicem
1129 4202 1142 4226 ,
1189 4177 1337 4231 quem
1390 4159 1793 4229 transcripseris.

203 4254 357 4309 Hanc
401 4254 800 4323 adjurationem
842 4252 1117 4321 Prosperi,
1164 4252 1286 4307 sive
1333 4252 1557 4305 alterius
1596 4252 1795 4319 potius,

204 4345 449 4401 imitatus
472 4355 555 4401 est
594 4345 873 4400 Mattlmus
903 4344 1203 4400 Palmerius
1234 4344 1289 4397 in
1320 4343 1426 4398 line
1454 4342 1800 4412 praelatiunis

204 4440 273 4495 ad
303 4454 459 4494 suum
491 4436 825 4505 Clirnnicnn,
855 4440 997 4509 quod
1030 4438 1268 4493 nondum
1298 4437 1563 4506 integrum
1596 4435 1799 4489 editum

205 4542 313 4597 est,
345 4540 406 4585 ut
435 4532 488 4586 in
514 4530 616 4586 hoc
646 4530 833 4587 eodem
883 4531 1070 4586 codice
1110 4529 1382 4599 reperitur
1419 4546 1431 4581 :
1470 4524 1615 4596 Rogo
1643 4526 1801 4598 igitur

1886 1923 1979 1978 sed
2014 1921 2175 1977 etiam
2210 1924 2608 1979 Abundantium
2639 1925 2958 1981 collatorem
2986 1939 3179 1981 nactus
3220 1927 3405 1983 fuerit.

1958 2014 2081 2071 191.
2112 2014 2525 2072 Correctoribus
2569 2017 2818 2073 codicum
2871 2018 3165 2090 adjungere
3197 2036 3484 2090 possumus

1886 2118 2237 2181 corruptores
2264 2125 2277 2163 :
2306 2126 2429 2165 nam
2460 2126 2609 2181 saepe
2636 2111 2941 2176 eveniebat,
2971 2123 3025 2166 ut
3056 2128 3177 2167 cum
3206 2113 3485 2185 corrigere

1888 2203 2111 2267 vellent,
2144 2213 2580 2273 corrumperent.
2615 2204 2731 2259 Etsi
2763 2206 2909 2259 enim
2959 2204 3195 2261 dubitari
3245 2222 3351 2263 non
3394 2222 3492 2278 po-

1887 2302 2008 2360 test,
2042 2296 2171 2367 quin
2201 2296 2355 2357 multi
2401 2296 2542 2351 mala
2581 2296 2708 2363 llde,
2739 2304 2797 2351 ut
2825 2313 3066 2353 errorem
3100 2314 3257 2353 suum
3286 2304 3489 2358 contir-

1887 2383 2231 2453 marcnt,_aut
2246 2388 2623 2444 auctoritatem
2639 2392 2967 2445 contrariam
2985 2391 3282 2463 diluerent,
3302 2410 3489 2452 exem-

1887 2480 2055 2549 plaria
2102 2485 2233 2535 mss.
2279 2479 2729 2549 adulteraverint,
2779 2491 2960 2537 tamen
3020 2486 3240 2555 saepius,
3288 2496 3348 2541 ut
3388 2503 3489 2560 ego

1888 2582 2041 2642 puto,
2072 2573 2125 2628 id
2154 2574 2379 2644 contigit
2408 2584 2499 2629 aut
2544 2591 2610 2630 ex
2649 2577 2974 2645 ignorantia,
3010 2589 3102 2632 aut
3131 2595 3195 2634 ex
3228 2581 3487 2651 praejudi-

1887 2675 2004 2718 cata
2064 2664 2342 2733 opinione.
2396 2663 2677 2721 Walcbius
2725 2681 2847 2736 cap.
2888 2669 2922 2722 7
2971 2669 3107 2724 Hist.
3168 2669 3304 2725 Crit.
3352 2673 3483 2745 ling.

1889 2757 2064 2813 Latin.
2116 2758 2351 2824 Codices,
2410 2760 2616 2828 inquit,
2658 2759 2824 2814 solent
2867 2764 3129 2834 corrumpi
3170 2763 3233 2817 ab
3277 2762 3483 2823 IPSIS

1890 2849 2061 2905 SUIS
2100 2849 2589 2918 AUCTORIBUS,
2641 2869 2762 2907 cum
2810 2854 3077 2909 aberrante
3123 2872 3281 2910 manu
3335 2860 3489 2928 facile

1889 2938 2037 2993 aliud
2069 2940 2288 2994 scribere
2316 2951 2555 3013 possunt,
2591 2958 2652 2997 ac
2686 2945 2911 2998 sentiunt
2943 2960 3016 2999 :a
3044 2945 3337 3004 SCRIBIS
3360 2993 3373 3015 ,
3400 2950 3491 3020 qui

1891 3048 2160 3103 perperam
2186 3034 2421 3097 audiunt,
2453 3034 2900 3108 orthographiam,
2928 3047 2975 3091 et
3006 3040 3320 3111 antiquiores
3352 3040 3490 3099 litte-

1890 3140 1976 3178 ras
2013 3142 2114 3178 non
2160 3141 2358 3196 semper
2394 3137 2763 3196 assequuntur;
2800 3130 2887 3198 qui
2922 3131 3175 3197 scribunt,
3208 3150 3323 3203 qua:
3348 3136 3490 3207 cogi-

2646 3236 2663 3273 :
2701 3238 2733 3273 a
2772 3219 3163 3289 DICTANTE,
3206 3226 3295 3294 qui
3335 3226 3489 3282 modo

1894 3311 2203 3379 scripturam
2234 3328 2335 3364 non
2356 3312 2617 3383 intelligit,
2650 3313 2803 3367 modo
2845 3316 2955 3369 sine
2987 3317 3297 3371 accuratiori
3325 3320 3489 3373 animi

1896 3402 2172 3455 attentione
2214 3413 2598 3457 monumentum
2638 3404 2779 3475 legit,
2813 3407 2965 3459 modo
3004 3406 3138 3460 male
3166 3410 3490 3479 pronuntiat,

1897 3494 2049 3544 modo
2074 3493 2386 3561 glossemata
2409 3510 2516 3549 ora:
2548 3494 2668 3548 libri
2697 3497 2957 3566 apposita,
2981 3497 3082 3566 ipsi
3114 3500 3347 3553 auctoris
3384 3518 3495 3556 ser-

1898 3584 2036 3637 moni
2088 3584 2367 3655 interponit
2410 3602 2427 3638 :
2466 3603 2497 3639 a
2546 3585 2965 3654 LIBIMRIIS,
3022 3598 3072 3643 et
3122 3587 3491 3660 CRITICIS,

1898 3695 2013 3733 cum
2058 3682 2377 3752 elegantem,
2429 3691 2476 3736 et
2536 3684 2753 3736 nitidam
2813 3684 3162 3751 scripturam,
3206 3688 3494 3743 emendata:

1898 3773 2105 3825 lectioni
2156 3773 2437 3842 praeferunt
2463 3791 2482 3839 ;
2510 3790 2627 3827 cum
2658 3774 2823 3844 oﬂicio
2865 3775 3157 3846 corrigendi
3201 3776 3358 3832 libros
3400 3787 3494 3834 aut

1897 3862 2050 3931 plane
2079 3862 2282 3925 desunt,
2324 3873 2412 3916 aut
2459 3861 2551 3916 illo
2594 3865 2666 3916 ita
2711 3867 3014 3934 funguntur,
3064 3874 3118 3918 ut
3176 3866 3328 3932 plura
3375 3885 3495 3924 cor-

1900 3964 2330 4022 rumpant,quam
2351 3964 2531 4007 sanent
2552 3969 2568 4006 :
2586 3971 2618 4008 a
2650 3952 3097 4019 VETUSTATE,
3121 3973 3239 4027 qua:
3266 3959 3317 4011 in
3348 3960 3495 4016 libris

1899 4046 1953 4097 in
1974 4045 2289 4111 membrana,
2320 4054 2406 4098 aut
2423 4044 2604 4100 charta
2626 4046 2918 4115 descriptis,
2944 4047 3023 4101 vel
3044 4050 3273 4125 piturium
3292 4066 3492 4121 vocum,

1899 4140 1979 4192 vel
2006 4140 2203 4209 aliquot
2224 4138 2515 4194 litterarum
2542 4138 2757 4196 lacunas
2782 4141 2965 4211 efﬁcit.
2990 4140 3125 4197 Cum
3154 4143 3414 4210 librariis,
3442 4154 3499 4203 et

1901 4231 2109 4287 criticis
2133 4225 2222 4287 res
2245 4246 2387 4287 nunc
2415 4230 2545 4287 mihi
2568 4245 2671 4289 est.
2704 4232 2983 4289 lncidebat
3006 4233 3195 4289 horum
3221 4237 3417 4307 aliquis
3442 4240 3493 4295 in

1902 4324 2105 4388 locum,
2147 4339 2306 4393 quem
2340 4340 2445 4379 non
2478 4323 2831 4395 intelligebat,
2866 4334 2959 4380 aut
2985 4328 3292 4396 sententize,
3333 4345 3494 4399 quam

1904 4417 2018 4485 ipse
2038 4430 2221 4471 veram
2246 4416 2525 4483 censebat,
2564 4418 2895 4472 contrarium
2923 4441 2937 4485 ί
2975 4428 3033 4474 et
3067 4436 3188 4476 cum
3218 4420 3381 4477 verba
3414 4423 3499 4477 in-

1906 4518 2043 4563 tacta
2064 4508 2385 4578 relinquere
2411 4509 2659 4578 deberet,
2688 4520 2902 4579 putans,
2932 4526 2994 4566 ea
3023 4528 3127 4567 non
3160 4527 3282 4568 esse
3310 4524 3499 4569 aucto-

206 4625 380 4691 illum,
408 4624 496 4695 qui
525 4622 806 4693 aliquando
845 4624 979 4676 hunc
1000 4598 1188 4676 librum
1211 4618 1534 4683 transcribet,
1578 4627 1635 4670 ut
1670 4616 1792 4670 dili-

1904 4600 2003 4666 ris,
2057 4598 2152 4654 sed
2192 4600 2450 4655 mendose
2499 4616 2528 4654 a
2560 4600 2784 4655 librario
2817 4602 3014 4672 posita,
3061 4603 3297 4667 dolebat,
3340 4615 3501 4676 atque

206 4728 401 4789 genter,
429 4717 605 4771 eodem
633 4726 829 4771 serrato
852 4717 1049 4780 ordine,
1087 4714 1410 4777 transcribat,
1430 4711 1633 4781 etquod
1654 4701 1828 4765 tranf

208 4808 495 4879 scripserit,
527 4811 594 4862 ad
636 4809 948 4881 exemplaria
995 4809 1242 4878 conferat,
1273 4814 1321 4860 et
1359 4804 1611 4858 emendet.
1667 4802 1801 4859 Vide

208 4902 371 4957 etiam
390 4901 718 4973 Ducangium
736 4903 786 4956 in
812 4899 1125 4971 praefatione
1136 4898 1202 4953 ad
1220 4898 1558 4954 Glossarium
1575 4911 1723 4951 num.
1744 4898 1799 4964 6,

208 5003 267 5050 et
313 4992 588 5049 Barthium
628 4994 665 5048 Ι.
708 5009 760 5049 vr
807 4992 1060 5057 Δάνα-9.,
1107 5007 1159 5046 c.
1210 4990 1303 5059 21,
1349 4990 1441 5060 Qui
1480 5005 1545 5044 ex
1592 4990 1801 5060 Aponio

210 5087 424 5161 praefat.
468 5086 841 5143 Commentar.
887 5088 939 5141 in
995 5083 1207 5141 Cantic.
1273 5083 1544 5138 Canticor.
1606 5081 1802 5138 similia

211 5180 377 5236 verba
407 5179 636 5251 profert.
680 5179 785 5235 Sed
818 5194 925 5233 non
955 5192 1083 5242 una,
1117 5166 1421 5245 eademque
1455 5174 1656 5243 ubique
1703 5173 1808 5229 fuit

212 5273 352 5328 ratio
386 5270 714 5328 emendandi
750 5289 762 5325 :
813 5284 935 5325 nam
967 5283 1111 5337 saepe
1150 5267 1313 5321 verba
1354 5263 1576 5319 omnino
1615 5262 1807 5318 erade-

211 5366 434 5431 bantur,
487 5373 545 5419 nt
590 5363 715 5434 quid
749 5361 941 5417 fuiSset
971 5358 1254 5429 scriptum,
1303 5357 1452 5410 nullo
1498 5354 1681 5420 modo,
1720 5353 1807 5409 vel

213 5458 507 5515 difﬁculter
540 5457 768 5528 intelligi
803 5462 990 5526 posset
1023 5473 1036 5508 :
1070 5454 1229 5523 idque
1259 5451 1421 5505 ﬁeliat
1446 5494 1460 5518 ,
1505 5449 1591 5503 ubi
1643 5450 1809 5503 verba

214 5560 309 5606 aut
333 5561 523 5621 aperte
554 5536 742 5605 essent
776 5549 1032 5603 meudOsa
1056 5589 1071 5612 ,
1103 5556 1195 5600 aut
1228 5545 1352 5597 talia
1386 5558 1507 5598 esse
1537 5550 1816 5608 corrector

216 5641 586 5697 exisnintabat.
629 5639 906 5694 Interdum
938 5638 1163 5692 verbum
1209 5633 1591 5704 ciirrigendutn
1639 5632 1816 5687 solum

192 5725 416 5801 ,liueola
444 5733 778 5804 superposita
808 5732 1097 5785 notabatur
1131 5768 1146 5793 ,
1176 5739 1231 5782 ut
1255 5729 1331 5782 ita
1358 5727 1526 5781 lector
1554 5724 1820 5794 intellige-

220 5837 331 5900 ret,
356 5828 549 5885 talsam
587 5841 708 5884 esse
748 5826 1075 5896 scripturam
1128 5820 1321 5893 primae
1364 5833 1587 5889 manus,
1635 5831 1821 5875 veram

1905 4692 2009 4746 alia
2041 4693 2385 4763 subrogabat.
2419 4691 2473 4746 In
2498 4691 2740 4748 Juvenco
2760 4693 3143 4761 animadverti,
3161 4696 3359 4751 multos
3381 4712 3503 4753 ver-

1904 4800 1997 4841 sus
2026 4784 2098 4838 ita
2123 4783 2291 4839 luisse
2315 4784 2669 4852 adulteratos,
2699 4793 2760 4839 ut
2788 4784 3031 4855 Vulgata
3074 4796 3304 4855 nostra),
3336 4805 3499 4860 quam

1906 4879 2023 4949 ipse
2047 4894 2155 4948 pra:
2187 4877 2360 4934 oculis
2388 4877 2590 4934 habere
2620 4894 2743 4934 non-
2779 4880 2973 4949 potuit,
3008 4883 3501 4939 conformarentur.

1905 4971 1962 5026 In
1994 4971 2114 5025 aliis
2145 4972 2371 5026 aliorum
2420 4971 2637 5025 Patrum
2682 4974 2940 5043 operibus
2990 4974 3193 5043 pariter
3219 4973 3359 5030 hanc
3398 4976 3506 5033 sibi

1911 5063 2185 5118 licentiam
2214 5063 2502 5118 sumebant
2554 5065 2826 5130 nonnulli,
2860 5074 2918 5119 ut
2953 5066 3117 5120 verba
3149 5080 3323 5121 sacra:
3360 5065 3508 5123 Scri-

1914 5164 2108 5225 pturae,
2148 5170 2267 5225 quae
2294 5170 2363 5210 ex
2393 5154 2520 5210 Itala
2554 5158 2803 5211 versione
2828 5155 3134 5225 proferunt,
3162 5157 3227 5211 ad
3264 5157 3508 5227 Vulgata:

1914 5255 2117 5301 nostra:
2172 5247 2452 5316 exemplar
2496 5246 2856 5302 reformarent
2897 5266 2910 5300 :
2954 5263 3058 5319 qua
3104 5249 3172 5304 dc
3222 5262 3283 5303 re
3332 5246 3513 5305 Latini

1914 5338 2110 5393 Latinii
2140 5338 2384 5408 querelas
2415 5338 2545 5391 nihil
2578 5342 2771 5393 attinet
2798 5338 3076 5394 rel‘ricare.

1990 5438 2113 5493 195.
2164 5436 2221 5490 1η
2252 5436 2471 5491 Sedulio
2501 5437 2781 5493 innumera
2810 5446 3123 5504 occurrunt,
3162 5454 3283 5509 quae
3316 5439 3509 5497 falsata

1919 5547 2041 5588 esse
2066 5532 2351 5587 manileste
2371 5531 2663 5598 evincitur,
2698 5544 2755 5587 ut
2777 5548 2840 5587 ex
2875 5533 3042 5587 variis
3071 5533 3392 5589 lectionibus
3419 5548 3514 5603 pa-

1923 5632 2018 5692 tet,
2051 5630 2107 5678 et
2132 5622 2426 5692 aliquando
2448 5624 2665 5693 quidem
2699 5623 2856 5694 109
2881 5625 2963 5679 vel
2990 5625 3089 5679 hac
3115 5626 3231 5678 sola
3260 5627 3471 5679 ratione
3495 5664 3511 5692 ,

1922 5718 2062 5788 quod
2085 5732 2292 5782 versus,
2323 5726 2430 5770 uta
2455 5725 2608 5785 poeta
2638 5718 2971 5787 cenipositus
2999 5726 3135 5786 erat,
3168 5716 3344 5771 minus
3366 5724 3518 5773 recto

1925 5810 2200 5867 videretur
2233 5807 2552 5879 procedere,
2579 5819 2633 5865 ut
2666 5810 2704 5865 l.
2738 5825 2813 5881 tv,
2845 5827 2894 5866 ν.
2929 5811 2984 5869 8.
