3906 6350
418 262 523 323 519

1701 260 1983 321 C(ELIUS
2020 258 2385 323 SEDULIUS.

3613 261 3717 320 520

415 387 470 435 et
497 393 619 433 cum
654 376 918 433 Alcninus
945 377 1230 446 epistolam
1260 377 1326 433 ad
1347 378 1525 448 ipsum
1538 377 1804 445 dedisset,
1835 387 1894 433 ut
1935 376 2001 433 ad
2027 376 2085 440 Δ
2109 395 2234 437 nem
2259 381 2309 434 in
2339 376 2528 434 codice
2556 376 2916 434 Germanensi
2946 375 3211 433 accidisse
3243 376 3329 432 vel
3358 376 3520 447 lapsu
3545 376 3717 431 libra-

414 471 611 527 bonam
647 472 853 541 frugem
883 485 942 525 se
972 469 1283 540 reciperet,
1317 471 1529 543 integro
1560 470 1747 527 libello
1778 484 2008 539 reSpon-

411 563 494 619 dit
523 574 575 619 et
610 562 795 633 pejora
824 563 1015 626 etiam,
1043 578 1206 633 quam
1234 575 1417 629 antea,
1445 564 1650 619 docuit.
1681 563 1818 618 Hinc
1845 576 2009 617 occa-

412 657 624 713 sionem
646 656 877 727 sumpsit
898 656 1163 713 Alcuinus
1186 667 1392 728 septem
1410 657 1577 713 libros
1599 657 1864 714 adversus
1892 654 2014 711 feli-

415 763 533 806 cem
563 747 857 804 scribendi.
892 748 1090 804 Missus
1118 752 1280 805 etiam
1301 749 1403 805 luit
1425 749 1748 819 Leidradus,
1783 748 1870 803 vel
1892 747 2013 803 Lai-

414 838 647 906 dradus,
673 852 766 896 aut
788 838 1109 907 Laidracus,
1134 840 1576 914 archiepiscopus
1598 838 2007 913 Lugdunensis,

422 931 719 1004 Urgellam,
751 932 818 986 ad
845 932 1033 989 sedem
1085 933 1257 1004 ipsam
1290 931 1508 1003 Felicis,
1556 942 1614 987 ut
1656 932 1891 988 bunc'ab
1922 946 2013 986 er-

421 1040 547 1081 rore
577 1032 887 1081 revocaret.
923 1025 1077 1081 Felix
1107 1034 1470 1081 commeatum
1515 1040 1544 1080 a
1576 1025 1847 1081 Leidrado
1873 1023 2018 1079 obti-

424 1116 545 1171 nuit
585 1116 822 1171 adeundi
855 1115 1111 1171 Carolum
1153 1116 1430 1189 Magnum,
1462 1117 1705 1187 adeoque
1735 1117 1787 1171 in
1819 1114 2018 1186 Aquis-

421 1211 681 1282 granensi
722 1209 925 1281 palatio
970 1223 1302 1281 congregata
1358 1210 1569 1282 synodo
1598 1211 1864 1265 Alcuinns
1890 1214 2016 1264 cum

416 1302 600 1361 Felice
628 1304 951 1370 decertavit,
993 1319 1228 1374 eumque
1271 1302 1339 1357 ad
1390 1303 1711 1374 ejurandam
1763 1301 2015 1357 bznresim

423 1398 629 1468 adegit,
658 1412 781 1452 cum
837 1397 999 1466 paulo
1055 1405 1181 1450 ante
1223 1396 1410 1450 Romae
1434 1396 1599 1451 etiam
1649 1398 1839 1449 eodem
1875 1407 2018 1447 anno

423 1491 528 1554 7,99
561 1489 791 1546 haeresis
845 1489 1122 1544 Feliciaua
1167 1488 1222 1542 in
1250 1487 1485 1543 concilio
1510 1501 1539 1542 a
1565 1486 1750 1541 Leone
1784 1500 1919 1556 papa
1954 1483 2018 1537 Ill

424 1582 622 1639 fuisset
641 1583 973 1653 proscripta.

495 1675 623 1730 207.
678 1675 865 1730 Exstat
897 1673 1095 1729 Felicis
1137 1673 1190 1727 in
1230 1672 1467 1729 concilio
1496 1670 1921 1742 Aquisgranensi
1952 1668 2019 1724 ab

2113 472 2202 538 rii,
2231 472 2322 542 qui
2353 470 2528 540 primo
2557 469 2781 541 scripsit
2800 463 3072 535 adoratur,
3104 478 3154 524 et
3190 468 3339 524 illico
3363 485 3424 524 se
3446 467 3721 535 correxit,

2112 550 2205 621 aut
2238 565 2546 621 erasionem
2580 564 2901 635 provenisse
2950 562 3083 619 vitio
3137 563 3586 620 membranarum
3613 577 3727 617 non

2113 658 2250 713 satis
2304 657 2645 730 aequabiliter
2684 657 3005 729 politarum,
3040 654 3217 713 tamen
3248 656 3301 712 in
3353 664 3485 712 nota
3509 654 3583 710 ad
3610 654 3724 711 loc.

2112 748 2170 806 S.
2206 748 2395 804 Hilarii
2425 749 2462 804 l.
2498 765 2560 813 ll,
2591 764 2714 820 cap.
2739 748 2830 817 27,
2859 749 2929 803 ita
2951 763 3175 805 sensum
3206 763 3365 804 suum
3388 754 3686 817 aperuerat
3707 762 3755 799 ε·
3808 802 3811 803 ν

2118 841 2284 898 Penes
2312 860 2406 909 nos
2428 851 2500 899 est
2524 842 2655 897 liber
2686 841 3005 899 Corbeiensis
3024 852 3144 897 ante
3171 859 3337 898 annos
3366 840 3477 919 800
3498 844 3727 913 scriptus

2117 945 2399 1006 postremas
2422 935 2577 989 Itasce
2622 934 2853 1006 syllabas
2874 949 3091 991 "non
3113 936 3227 990 loco
3246 934 3431 989 abroso
3460 919 3748 989 exhibens

2117 1024 2237 1081 Etsi
2261 1028 2398 1081 mala
2425 1028 2645 1098 forsitan
2674 1027 2807 1098 ﬁde,
2833 1037 3137 1083 nontamen
3177 1029 3311 1085 male
3342 1031 3629 1101 ascriptum
3652 1037 3729 1083 est

2118 1136 2451 1177 nonnon.
2499 1120 2768 1193 Loquitur
2790 1139 2821 1179 e
2849 1137 2946 1177 sua
2985 1124 3287 1179 sententia.
3490 1135 3495 1139 ‘

2188 1214 2318 1270 209.
2354 1216 2542 1285 Itaque
2582 1215 2759 1271 codex
2808 1214 3227 1283 Germanensis,
3252 1216 3370 1286 qui,
3401 1214 3727 1271 Constantio

2120 1308 2241 1380 ipso
2290 1308 2517 1377 fatente,
2551 1318 2797 1380 tempore
2850 1307 3034 1366 Caroli
3080 1310 3255 1381 Magni
3306 1310 3359 1365 in
3388 1308 3727 1366 bibliotheca

2122 1401 2554 1473 Aquisgranensi
2576 1402 2854 1471 exstabat,
2880 1402 3159 1459 Hincmari
3191 1402 3526 1470 narrationi,
3564 1402 3727 1457 fidem

2121 1497 2397 1552 conciliat.
2431 1496 2537 1551 Sed
2564 1503 2651 1552 est
2687 1504 2743 1553 et
2791 1496 2932 1552 alius
2958 1495 3128 1552 codex
3190 1496 3350 1569 ne
3385 1496 3549 1567 longe
3598 1502 3727 1552 ante

2122 1590 2305 1647 Caroli
2361 1590 2541 1661 Magni
2594 1600 2843 1662 tempora
2902 1590 3187 1660 scriptus,
3249 1588 3586 1645 Veronensis
3642 1587 3727 1642 ni-

2125 1685 2346 1751 mirum,
2368 1683 2423 1739 in
2456 1700 2561 1755 quo
2575 1683 2748 1754 prima
2784 1681 2947 1738 lectio
2969 1682 3117 1738 clare
3148 1689 3231 1737 est
3254 1680 3530 1745 adoratur,
3564 1694 3725 1750 quam

422 1770 741 1839 episcopatu
790 1753 905 1837 ἱειιῆ
945 1764 1183 1835 deposui
1225 1765 1499 1822 οθῑίιοιίοε
1550 1764 1673 1821 ﬁdei
1726 1764 2019 1831 confess“):
2049 1766 2100 1829 Β
2126 1753 2909 1850 aliquisinadoptaturmutare
2930 1776 3122 1831 voluit.
3140 1772 3725 1830 Audiamusblaﬂ'eium

423 1878 529 1933 qua
580 1864 676 1931 ait,
710 1877 770 1917 se
810 1861 875 1915 ad
900 1860 1214 1916 'Ecclesiam
1258 1876 1325 1916 ex
1358 1869 1474 1917 toto
1500 1860 1667 1916 corde
1694 1861 1890 1915 reverti
1920 1876 2023 1913 non

360 1966 373 1979 ’
422 1954 653 2027 qualibet
683 1953 1038 2019 simulatione,
1060 1954 1149 2009 sed
1176 1956 1427 2009 velamine
1448 1953 1720 2026 falsitatis,
1746 1954 1877 2007 sicut
1920 1953 2022 2006 du-

424 2050 571 2117 dum,
614 2048 748 2119 quod
774 2047 911 2102 Deus
941 2050 1057 2113 scit,
1092 2048 1203 2113 sed,
1230 2057 1283 2102 ut
1315 2049 1450 2113 dixi,
1479 2065 1599 2104 vera
1630 2049 1801 2101 cordis
1840 2047 2025 2101 creduo

425 2142 593 2209 litate,
618 2152 666 2196 et
705 2142 807 2197 oris
838 2142 1183 2213 professione.
1212 2142 1377 2212 Atqui
1409 2141 1550 2197 idem
1601 2141 1752 2197 Felix
1807 2141 2023 2211 Lugdu-

429 2249 558 2289 num
591 2235 716 2290 exul
756 2232 961 2289 missus
982 2232 1279 2308 diligenter,
1311 2242 1357 2289 et
1380 2234 1737 2305 fraudulenter
1767 2237 2028 2288 instaura-

428 2331 519 2394 vit,
552 2337 804 2400 quantum
842 2330 977 2383 inse
1026 2329 1147 2399 fuit,
1174 2344 1376 2391 omnem
1426 2330 1730 2401 pravitatem
1773 2329 2028 2399 dogmatis

426 2422 533 2490 sui,
565 2430 624 2476 ut
654 2428 843 2476 narrat
890 2421 1213 2491 Agobardus
1245 2422 1400 2477 initio
1447 2422 1572 2476 libri
1596 2421 1858 2476 adversus
1880 2421 2029 2476 Feli-

428 2531 550 2571 cem
601 2523 725 2586 post
757 2514 917 2585 hujus
948 2516 1157 2571 obitum
1213 2514 1425 2585 scripti.
1454 2513 1807 2571 Constantius
1839 2524 2029 2569 contra

430 2609 790 2666 Germonium
850 2619 1047 2680 urget,
1100 2609 1244 2679 quod
1288 2609 1517 2663 Albinus
1566 2618 1686 2679 post
1736 2608 2030 2664 concilium

432 2705 895 2776 Aquisgranense
929 2703 1138 2759 nullam
1197 2703 1359 2773 ltujus
1402 2703 1644 2758 criminis
1698 2704 2032 2758 mentionem

432 2796 708 2867 iniecerit.
736 2796 1057 2866 Respondet
1101 2794 1453 2861 Germonius,
1502 2797 1757 2874 Albinum
1792 2797 2035 2851 noluisse

432 2901 821 2961 corruptorum
846 2888 1095 2944 codicum
1123 2889 1447 2943 memoriam
1498 2888 1757 2944 refricare
1786 2888 1942 2961 115
1966 2904 2036 2947 ne

434 2984 731 3037 molestum
750 2980 804 3035 id
835 2988 985 3036 esset
1004 2995 1127 3036 cum
1173 2979 1316 3047 aliis,
1350 2990 1461 3035 tum
1492 2980 1682 3045 Felici,
1706 2982 1798 3052 qui
1831 2981 2036 3048 palino-

435 3077 586 3132 diam
618 3074 917 3141 cecinerat,
951 3083 1010 3127 et
1043 3088 1223 3129 mores
1253 3072 1323 3128 ad
1346 3083 1630 3128 externam
1662 3073 1879 3128 virtutis
1905 3088 2029 3144 spe

2124 1873 2338 1946 praefat.
2372 1873 2438 1928 ad
2473 1873 2645 1928 Hilar.
2696 1890 2711 1925 :
2760 1870 2997 1925 Primum
3030 1871 3187 1941 igitur
3217 1885 3310 1939 pro
3336 1877 3600 1938 comperto
3632 1866 3728 1921 Ita-

2128 1968 2328 2036 beatur,
2378 1969 2430 2020 in
2462 1966 2561 2020 hoc
2610 1966 2743 2023 libro
2793 1980 3077 2027 anonarun
3116 1966 3368 2034 scriptum
3402 1979 3530 2029 esse,
3585 1962 3726 2016 nullo

2126 2060 2413 2114 abrasionis
2461 2060 2696 2131 vestigio,
2741 2059 2892 2113 nulla
2920 2058 3386 2129 superinductionis
3412 2056 3723 2128 suspicione,

2130 2160 2181 2205 at
2211 2168 2327 2205 cum
2355 2162 2469 2223 post
2500 2165 2613 2205 eam
2641 2151 2917 2205 dictionem
2946 2168 2976 2204 a
3004 2151 3179 2219 capite
3207 2159 3508 2203 resumatur
3528 2164 3721 2216 versus,

2131 2249 2182 2301 in
2214 2264 2398 2314 vacuo,
2432 2248 2570 2316 quod
2600 2256 2852 2311 remanet,
2875 2249 3068 2315 spatio,
3089 2250 3189 2298 sive
3209 2242 3412 2310 eadem,
3442 2244 3544 2298 sire
3573 2244 3725 2314 paulo

2131 2344 2404 2414 posteriori
2451 2358 2609 2395 manu
2662 2355 2977 2396 ADOPTATUR
3029 2339 3287 2412 adjectum
3335 2337 3513 2408 fuisse.
3550 2335 3722 2389 Priori

2133 2436 2285 2491 verbo
2313 2436 2457 2490 nulla
2485 2435 2695 2505 quidem
2719 2436 2950 2505 irrogata
2979 2441 3049 2488 est
3073 2430 3407 2497 contumelia,
3440 2429 3529 2484 sed
3560 2426 3724 2482 lineo-

2135 2519 2201 2583 lis
2225 2528 2584 2601 superpositis,
2613 2537 2764 2599 atque
2793 2527 2839 2583 R
2866 2528 2920 2579 in
2939 2525 3198 2598 superiori
3227 2522 3459 2594 margine
3481 2521 3724 2591 ascripta,
3768 2594 3774 2603 ι

2135 2623 2400 2677 indicatur
2430 2624 2491 2679 de
2534 2638 2698 2686 more,
2728 2622 2986 2691 adjectum
3032 2619 3309 2673 dictionem
3339 2615 3593 2669 anteriori
3610 2614 3727 2668 sub-

2135 2716 2451 2771 stituendam
2482 2732 2608 2786 esse,
2644 2717 2697 2769 in
2724 2715 2845 2769 aliis
2864 2722 3029 2769 tamen
3060 2711 3318 2767 codicibus
3343 2707 3529 2765 certius
3560 2708 3727 2762 adhuc

2139 2810 2489 2864 testimonium
2511 2823 2888 2875 BEQUIRENDUI
3010 2804 3077 2859 In
3107 2803 3253 2860 verba
3299 2816 3621 2858 ADOPTA'I'UB
3638 2817 3724 2855 ea-

2138 2905 2252 2958 dem
2285 2904 2576 2957 litterarum
2625 2896 2818 2974 ﬁgura,
2845 2900 3215 2971 idemprorsus
3236 2896 3514 2951 atramenti
3542 2894 3681 2948 color
3708 2909 3726 2959 ,-

2138 3005 2192 3050 at
2215 2995 2310 3049 levi
2332 2995 2538 3049 cultello
2576 2994 2740 3065 fuisse
2764 2990 2888 3047 olim
2931 3000 3171 3063 apparet,
3195 2990 3284 3061 qui
3311 2988 3531 3055 litteras,
3560 2994 3608 3041 et
3642 3002 3728 3039 su-

2140 3087 2430 3159 perpositas
2476 3082 2693 3140 lineolae
2736 3082 2992 3137 abducere
3022 3082 3250 3144 tentarit,
3287 3096 3347 3132 ac
3369 3079 3562 3133 delere.
3596 3076 3722 3142 Qua

434 3170 577 3226 ciem
616 3167 848 3239 fingens,
874 3166 1077 3221 multos
1105 3167 1159 3221 in
1200 3166 1283 3220 sui
1317 3165 1733 3221 admirationem
1771 3173 2030 3221 traxerat.
2061 3152 2110 3220 C
2139 3152 2346 3253 auiae,"
2395 3180 2570 3236 omnia
2594 3180 2649 3233 εη
2682 3180 2774 3231 Im
2796 3177 3125 3246 coniugum,
3153 3190 3230 3229 me
3280 3170 3588 3245 ρετιναιιυηι
3620 3186 3639 3225 ς
3666 3170 3727 3223 ιε.

437 3262 547 3321 Sed
573 3272 631 3317 ut
683 3275 785 3332 ego
828 3268 982 3341 puto,
1014 3258 1264 3324 Albinus,
1306 3258 1560 3330 quamvis
1586 3259 1793 3314 nomini
1838 3258 2037 3315 Felicis

435 3356 768 3427 pepercerit,
803 3368 917 3409 rem
950 3362 1131 3407 tamen
1165 3351 1340 3419 ipsam
1370 3368 1475 3405 non
1505 3351 1739 3407 obscure
1765 3350 2038 3423 signiﬁoa-

436 3450 515 3504 vit
541 3448 580 3503 l.
610 3463 649 3502 tt
678 3447 946 3503 adversus
976 3443 1324 3514 Elipandum,
1357 3444 1447 3498 ubi
1477 3444 1544 3499 de
1584 3442 1926 3499 orationibus
1952 3442 2036 3496 of-

436 3542 548 3597 licii
582 3539 785 3611 gotltici
818 3538 1072 3607 loquens,
1104 3538 1182 3592 sic
1206 3535 1371 3591 habet
1398 3553 1411 3589 :
1448 3534 1514 3589 Et
1540 3536 1743 3590 videtur
1770 3552 1803 3588 a
1831 3534 2041 3605 quibus-

438 3634 562 3689 dam
582 3632 970 3705 corruptoribus
1002 3648 1095 3701 pro
1122 3645 1383 3687 ASSUIP‘I‘I
1406 3630 1629 3684 hominis
1656 3644 1904 3684 anorrm
1933 3644 2041 3683 esse

437 3727 736 3798 positum...
768 3722 834 3777 Et
867 3727 1000 3795 forte
1027 3722 1101 3777 ibi
1131 3723 1186 3777 in
1224 3720 1604 3793 antiquioribus
1659 3718 2036 3791 exemplaribus

440 3835 700 3877 usuum
744 3817 974 3871 hominis
1020 3817 1247 3888 positum
1293 3816 1415 3886 fuit,
1464 3815 1555 3869 sed
1602 3823 1903 3883 corruptum
1945 3827 2040 3883 po‘

439 3925 618 3970 stea...
647 3912 779 3967 ldeo
809 3911 974 3982 magis
1001 3909 1367 3965 ws‘timandum
1396 3917 1494 3974 est,
1514 3908 1758 3981 juniores
1788 3905 2039 3977 quoslibet

442 4006 600 4080 hujus
622 4020 765 4061 nova:
790 4002 1117 4074 inﬁdelitatis
1146 4004 1340 4056 catenis
1373 3999 1665 4072 colligatos,
1698 4002 1765 4054 ad
1795 3999 2043 4073 perditio-

442 4116 557 4156 nem
579 4100 663 4155 sui
690 4098 928 4168 ipsorum
958 4095 1098 4149 dicta
1148 4104 1447 4148 sanctorum
1502 4110 1832 4165 corrumpere
1861 4094 2045 4147 docto-

440 4207 579 4256 rum,
604 4199 652 4245 et
694 4204 911 4245 suorum
942 4187 1163 4257 pessima
1203 4185 1491 4256 pertinacia
1548 4185 1812 4239 maculare
1858 4201 2041 4239 nomen

440 4297 781 4360 parentum...
815 4281 885 4337 Et
917 4282 1013 4337 hoc
1038 4297 1102 4335 ea:
1126 4296 1184 4336 eo
1209 4280 1313 4336 veri
1352 4296 1461 4334 esse
1492 4278 1662 4334 simile
1678 4280 1900 4347 videtur,
1920 4282 2043 4351 quia

446 4378 930 4449 probatissimorum
958 4376 1012 4428 in
1044 4372 1236 4428 Christi
1268 4373 1502 4427 Ecclesia
1525 4374 1819 4439 doctorum,
1854 4383 1901 4428 et
1931 4389 2042 4428 om-

443 4470 590 4525 nibus
630 4466 1020 4539 acceptabilium
1050 4464 1335 4519 catltolicas
1365 4466 1647 4521 sententias
1677 4464 1753 4519 vel
1801 4480 2042 4537 perverso

443 4538 777 4632 interpretari
800 4576 975 4627 sensu,
1002 4558 1081 4613 vel
1106 4558 1309 4627 perﬁda
1334 4574 1424 4614 vos
1454 4560 1732 4615 immutare
1758 4561 2040 4616 temeritate
2065 4538 2124 4603 D

444 4657 765 4731 agnovimus,
801 4654 959 4708 veluti
1004 4654 1057 4707 in
1087 4652 1347 4723 aliquibus
1376 4652 1890 4724 probavintus‘locis,
1917 4655 2042 4709 dum

444 4751 514 4806 ad
541 4766 634 4804 nos
662 4764 753 4819 per
782 4745 1011 4803 Felicem
1028 4746 1152 4801 olim
1180 4756 1426 4813 vestrum,
1456 4764 1596 4801 nunc
1615 4756 1787 4802 autem
1806 4758 2042 4803 nostrum

445 4842 873 4908 commilitonem,
898 4839 1153 4911 pluriores
1186 4842 1338 4896 vestri
1365 4842 1555 4897 erroris
1596 4852 1930 4915 pervenerunt
1954 4844 2039 4899 lit-

447 4938 652 4993 terulte.

516 5030 646 5087 208.
666 5029 857 5085 Omnia
885 5042 1015 5099 ergo
1041 5042 1110 5084 eo
1153 5042 1251 5083 nos
1272 5027 1497 5097 ducunt,
1526 5041 1589 5086 ut
1613 5031 1884 5088 Hincmari
1908 5046 2035 5088 nar-

446 5126 719 5184 rationem
749 5139 932 5179 veram
983 5137 1107 5178 esse
1155 5121 1469 5178 credamus.
1491 5124 1740 5181 Profecto
1772 5128 1822 5181 in
1848 5127 2038 5183 codice

448 5218 641 5274 Hilarii
688 5214 1069 5283 Cermanensi,
1100 5216 1192 5284 qui
1238 5223 1397 5270 antea
1424 5215 1526 5271 fuit
1580 5217 1949 5287 Corbeiensis,
1984 5228 2039 5275 et

442 5310 573 5365 olitn
616 5308 794 5363 fuerat
844 5304 1303 5375 Aquisgranensis
1334 5350 1348 5374 ,
1405 5308 1758 5365 Constantius
1815 5311 2035 5382 vestigia

446 5402 812 5473 corruptionis
856 5400 1145 5457 Felicianze
1178 5400 1399 5470 reperit,
1450 5403 1705 5458 nimirum
1760 5404 2037 5475 adoptatur

444 5495 654 5551 inloco
685 5495 877 5550 abrasc
952 5495 1082 5563 quin
1116 5492 1282 5549 etiam
1334 5497 1663 5564 suspicatur,
1719 5496 1864 5551 hunc
1914 5512 2038 5553 esse

444 5590 711 5657 codicem,
761 5602 925 5658 quem
951 5604 976 5639 a
1010 5585 1435 5642 bibliothecario
1479 5588 1693 5657 juniorc
1723 5591 2038 5646 muneribus

440 5696 701 5755 corrupto
750 5684 1111 5751 depravttum
1168 5680 1496 5737 Hincmarus
1547 5687 1920 5754 conqueritur.
1973 5688 2039 5743 Et

443 5776 686 5847 quamvis
729 5774 785 5831 in
812 5771 1080 5831 Viudiciis
1102 5771 1458 5831 Constantius
1482 5772 1743 5848 affirmet,
1776 5778 2035 5837 mutatio-

2137 3277 2296 3347 quido
2324 3276 2569 3347 primum,
2589 3269 2836 3342 nullaque
2869 3269 3187 3323 hwsitatione
3229 3266 3462 3321 exaravit
3484 3262 3727 3318 librarius

2141 3381 2424 3422 ADORA’I'UR
2450 3384 2464 3419 :
2490 3373 2541 3417 at
2569 3364 2672 3418 sive
2717 3362 2780 3416 ab
2811 3362 2945 3434 ipso,
2977 3359 3084 3414 alia
3107 3358 3438 3430 postmodum
3467 3356 3729 3427 exempla-

2140 3458 2220 3512 ria
2244 3458 2569 3529 inspiciente,
2606 3456 2712 3510 sive
2761 3454 2823 3509 ab
2852 3452 2957 3508 alio
2999 3452 3237 3524 quapiam
3267 3464 3580 3506 anor'n'run
3634 3448 3728 3500 ad.

2140 3550 2306 3604 ditum
2325 3559 2421 3614 est,
2451 3557 2496 3601 et
2518 3546 2692 3612 simul,
2728 3556 2779 3600 ut
2825 3560 3109 3601 Aposarun
3131 3551 3529 3615 expungeretur,
3561 3540 3729 3626 moui.

2141 3654 2272 3699 tum.
2302 3642 2443 3698 Alter
2466 3643 2653 3698 exinde
2676 3641 2908 3709 accessit,
2932 3641 3020 3711 qui
3047 3638 3275 3694 secunda
3302 3638 3448 3691 lectio
3478 3652 3579 3689 non
3607 3650 3729 3706 pro-

2142 3738 2401 3805 babatur;
2452 3748 2721 3810 prapterea
2774 3735 2982 3789 verbum
3024 3746 3342 3789 Apor'rtt'run
3393 3739 3607 3784 conatus
3657 3738 3730 3783 est

2142 3831 2370 3901 auferre,
2396 3830 2686 3883 abrasionis
2727 3827 2990 3882 nubeculis
3032 3826 3085 3880 id
3115 3826 3244 3881 satis
3283 3822 3600 3877 testantibus.
3652 3819 3727 3875 Ita

2144 3922 2386 3978 Mall‘eius
2414 3923 2729 3993 prudenter.

2214 4014 2342 4068 210.
2376 4015 2479 4068 Pro
2509 4013 2741 4069 lectione
2786 4012 3064 4085 adoptatur
3093 4010 3230 4065 duos
3260 4017 3472 4066 veteres
3510 4004 3729 4062 codices

2146 4105 2355 4177 profert
2382 4105 2759 4171 Constantius,
2815 4101 3188 4160 Colbertinum
3227 4112 3281 4157 ct
3309 4101 3729 4163 Carnutensern,

2144 4215 2284 4271 quos
2307 4200 2385 4254 ait
2412 4214 2577 4253 annos
2599 4214 2707 4270 pra:
2727 4215 2779 4252 se
2800 4199 2932 4270 ferre
2962 4197 3162 4251 circiter
3184 4195 3343 4262 mille,
3367 4202 3423 4249 et
3460 4190 3732 4262 antiquio-

2120 4295 2234 4345 'rcs
2285 4305 2407 4346 esse
2452 4291 2631 4345 Caroli
2664 4290 2839 4361 Magni
2891 4288 3248 4357 temporibus.
3279 4286 3474 4342 Contra
3502 4282 3731 4339 Cerma-

2146 4385 2269 4440 nius
2313 4386 2667 4440 vehementer
2707 4384 2920 4438 dubitat
2952 4382 3020 4437 de
3067 4390 3213 4435 tanta
3245 4380 3435 4436 borum
3479 4376 3729 4433 codicum

2146 4479 2493 4550 antiquitate,
2541 4489 2600 4534 ut
2630 4488 2783 4535 certo
2812 4476 3026 4534 deliniri
3054 4477 3248 4546 possit,
3274 4491 3371 4532 eos
3408 4484 3527 4531 ante
3550 4472 3731 4528 inere-

2148 4574 2231 4627 sin
2264 4570 2593 4628 Felicianam
2617 4585 2738 4627 esse
2780 4570 3104 4640 descriptos,
3138 4568 3349 4625 etiamsi
3378 4581 3540 4623 annos
3572 4564 3731 4619 circi-

2149 4662 2230 4721 ter
2258 4665 2406 4720 mille
2435 4680 2545 4736 prae
2577 4680 2637 4720 se
2668 4663 2865 4720 ferant.
2898 4663 3086 4733 Neque
3127 4675 3259 4717 sane
3310 4657 3574 4731 ejusmodi
3601 4665 3729 4712 sunt

2148 4760 2393 4816 rationes
2425 4775 2453 4814 a
2485 4758 2809 4813 Constantio
2828 4757 3030 4824 allatre,
3050 4770 3172 4827 qua:
3202 4755 3255 4811 in
3281 4764 3390 4809 tam
3420 4750 3598 4808 fallaci
3643 4749 3728 4821 ju-

2147 4852 2362 4907 dicandi
2398 4851 2611 4906 ratione
2638 4849 2852 4921 probari
2876 4849 3130 4905 debeant.

2216 4946 2348 5001 2H.
2388 4945 2543 5013 Quod
2604 4944 2649 4999 si
2675 4944 2946 5001 editiones
2991 4942 3240 5013 antiquas
3293 4937 3723 5002 consideremus,

2149 5036 2234 5093 lia:
2274 5036 2617 5107 potissimum
2666 5037 2991 5107 scripturam
3019 5036 3270 5089 adoratur
3319 5030 3635 5104 pra-ferunt,
3671 5037 3725 5083 ut

2146 5132 2498 5188 editioBadii
2528 5132 2773 5187 Ascensii
2800 5129 3023 5186 Parisiis
3054 5144 3181 5210 ann.
3214 5126 3376 5192 1510,
3398 5125 3515 5181 dure
3534 5122 3724 5180 editio-

2148 5241 2247 5281 nes
2275 5226 2778 5295 Basileenses,quae
2808 5222 3006 5278 deinde
3037 5228 3345 5297 consecuta:
3376 5228 3518 5281 sunt,
3552 5214 3722 5270 altera

2150 5317 2307 5384 15:23,
2341 5319 2569 5374 Erasmo
2591 5328 2935 5382 recensente,
2966 5316 3137 5370 altera
3161 5313 3322 5378 1555,
3354 5322 3409 5368 et
3428 5309 3593 5366 editio
3618 5307 3719 5362 Lu-

2147 5409 2327 5465 dovici
2360 5411 2547 5478 Minoi,
2576 5424 2737 5482 quam
2760 5410 3015 5475 omnibus,
3046 5421 3161 5477 quce
3184 5414 3325 5472 ante,
3368 5414 3416 5459 et
3448 5410 3557 5477 post
3603 5416 3722 5473 pro-

2142 5503 2302 5571 diere,
2334 5503 2716 5575 castigatiorem
2741 5502 3002 5558 censebat
3046 5498 3417 5555 Constantius.
3452 5495 3571 5550 Haec
3602 5508 3719 5549 rara

2142 5604 2246 5664 est,
2282 5597 2436 5668 117
2464 5611 2623 5666 quam
2669 5609 2790 5650 cum
2842 5592 2953 5662 jam
3006 5590 3329 5659 desperaret
3379 5586 3720 5643 Constantius

2140 5687 2421 5759 detegere,
2442 5690 2495 5744 in
2526 5703 2721 5760 magno
2743 5685 3161 5743 Carmelitarum
3185 5693 3454 5740 conventu
3496 5678 3718 5737 invenit.

2142 5782 2334 5841 Exstat
2360 5783 2525 5842 etiam
2554 5784 2612 5839 in
2639 5780 2885 5854 Collegio
2926 5779 3177 5838 Romano
3203 5778 3285 5838 sic
3316 5776 3615 5849 inscripta:
3647 5771 3714 5832 ο.
