3906 6374
161 354 252 413 5⁵21

1513 348 2049 409 l’ltOLEGOMENA.
3346 374 3411 417 In
3424 372 3449 417 τὶ

3387 414 3451 426 -α

161 470 344 525 Hilarii
398 468 729 524 Pit'lavorum
770 466 1000 539 episcopi
1055 465 1439 521 lucubrationes
1473 466 1596 519 olim
1651 482 1738 535 per
1768 472 1815 528 Α
1846 483 1960 518 cum
1992 465 2127 521 Lud.
2166 468 2337 525 Mirati
2379 473 2564 542 editio,
2598 492 2702 547 qua
2736 476 2919 531 Romtc
2966 479 3035 530 ad
3064 482 3176 551 ejus
3228 488 3459 553 ret-agni-

158 560 272 617 Des.
299 561 575 618 Erasmum
595 563 715 617 Rot.
741 563 884 616 haud
912 561 1251 616 mediocribus
1281 560 1555 615 sudoribus
1573 575 1742 612 emen-

155 658 301 725 datas,
331 676 469 714 nunc
508 660 676 714 denuo
721 659 1121 730 vigilantissima
1166 673 1291 711 cura
1315 656 1383 711 ad
1410 655 1570 725 [idem
1601 653 1745 706 mira:

155 754 461 823 antiquitatis
478 753 855 825 exentplarium
869 752 1168 825 recognitaa.
1186 750 1435 817 Parisiis,
1451 765 1516 805 ex
1529 747 1746 818 officina

153 845 347 901 Carolo:
372 845 619 901 Guillard
657 846 750 901 sub
784 845 912 901 Sole
928 846 1120 900 Aurea.
1142 843 1407 901 Praefatur
1434 840 1747 897 Ludovicus

155 938 378 995 Miratus.
408 939 778 995 Nihilominus
828 938 1179 1011 Constantius
1221 938 1407 1007 plures
1459 934 1594 990 alias
1649 946 1748 1001 pro

152 1046 274 1086 voce
296 1031 578 1103 adoptatur
602 1030 832 1099 profert,
859 1030 1115 1085 videlicet
1143 1028 1352 1083 Martini
1385 1026 1554 1097 Lipsii
1580 1023 1745 1086 15M,

151 1114 1745 1191 Grinei1570,6illmii1572,9arisiense51605,163i.1652.

148 1214 431 1272 Notaverat
456 1231 585 1272 vero
606 1214 985 1281 Constantius,
1004 1213 1059 1269 in
1091 1213 1437 1283 praefatione,
1467 1210 1747 1267 Gillotium

150 1316 344 1366 textum
374 1308 567 1363 Hilarii
597 1307 866 1363 illibatum
919 1305 1230 1377 reliquisse,
1265 1305 1563 1361 editionem
1586 1317 1749 1358 recu~

147 1420 257 1461 sam
296 1419 445 1460 anno
488 1402 625 1461 1570
655 1402 1061 1459 mendosiorem
1106 1400 1274 1473 priori
1318 1415 1481 1465 esse;
1523 1396 1751 1454 editioni

148 1497 432 1554 Parisiensi
458 1497 598 1555 1605
618 1496 817 1554 deinde
839 1496 1084 1567 repetitas
1102 1510 1215 1565 prae
1232 1493 1578 1550 multitudine
1598 1507 1754 1546 men-

147 1591 334 1648 dorum
362 1591 527 1647 facile
556 1587 944 1646 anteferendus
988 1587 1162 1645 videri
1195 1586 1556 1643 Basileenses.
1592 1583 1755 1655 Equi-

148 1685 262 1742 dem
281 1688 335 1743 in
349 1685 580 1743 editioni
604 1682 899 1741 Parisiensi
920 1681 1288 1739 1572611605
1303 1680 1556 1736 mendum
1578 1679 1630 1732 in
1650 1677 1754 1731 hoc

147 1780 263 1852 ipso
280 1780 405 1837 loco
422 1779 643 1835 invenio
666 1796 680 1834 :
706 1776 792 1833 Ita
815 1777 1084 1850 potestatis
1101 1776 1328 1847 dignitas
1344 1790 1446 1827 non
1462 1770 1755 1825 admittitur

148 1873 378 1945 (corrige
412 1874 715 1941 amittitur),
747 1872 872 1925 dum
898 1871 1070 1924 carnis
1093 1866 1361 1922 humilitas
1376 1866 1677 1935 adoptatur.

208 1968 335 2022 212.
379 1966 479 2022 His
527 1975 807 2036 permotus
859 1962 1247 2029 Constantius,
1294 1968 1351 2016 et
1375 1958 1588 2015 duobus
1644 1956 1752 2012 illis

144 2058 424 2116 codicibus
456 2056 778 2114 Corbeiensi
816 2065 873 2112 et
902 2055 1229 2113 Carnutensi
1248 2096 1262 2120 ,
1294 2068 1432 2125 quos
1455 2060 1581 2107 ante
1612 2048 1755 2105 Feli-

144 2166 256 2210 cem
287 2161 551 2208 exaratos
579 2149 956 2217 existimabat,
988 2149 1043 2204 in
1072 2147 1317 2204 editione
1348 2160 1445 2201 sua
1473 2144 1531 2201 S.
1562 2141 1755 2197 llilarii

145 2244 378 2315 praatulit
405 2244 703 2301 lectionem
730 2242 1039 2315 adoptatur.
1076 2240 1194 2297 Etsi
1218 2247 1402 2295 autem
1434 2237 1579 2293 idem
1609 2236 1765 2295 Con-,

144 2338 375 2394 stantius
408 2336 769 2404 indicaverat,
800 2335 1044 2393 codicem
1064 2333 1123 2390 S.
1150 2332 1340 2389 Hilarii
1371 2330 1583 2386 nullum
1615 2329 1754 2383 anti-

142 2433 384 2504 quiorem
405 2438 626 2488 exstare
637 2430 829 2487 codice
846 2428 1087 2485 basilica:
1106 2427 1403 2495 Vaticana},
1418 2435 1474 2481 et
1487 2425 1647 2495 hujus
1660 2437 1753 2479 co-

144 2525 271 2583 dicis
290 2528 479 2583 varias
510 2526 778 2583 lectiones
792 2525 965 2581 Roma
985 2523 1053 2580 ad
1067 2539 1126 2580 se
1151 2525 1348 2580 missas
1370 2522 1486 2580 suis
1512 2521 1650 2577 locis
1671 2521 1754 2576 in-

141 2622 374 2690 serebat,
393 2631 575 2678 tamen
600 2620 829 2677 adhunc
852 2621 1032 2675 locum
1054 2634 1153 2691 pro
1179 2619 1452 2689 scriptura
1467 2619 1752 2689 adoptatur

141 2714 381 2770 codicem
414 2714 659 2769 basilica:
690 2711 969 2767 Vaticana
1000 2727 1068 2767 ne
1098 2711 1403 2768 nominavit
1432 2710 1678 2782 quidem.

205 2808 337 2865 215.
382 2807 740 2878 Germanias,
773 2806 865 2879 qui
895 2822 1006 2864 non
1034 2807 1387 2879 probaverat,
1416 2821 1445 2860 a
1476 2804 1749 2861 Constan-

141 2902 217 2959 tio
268 2904 553 2975 praelatam
606 2904 778 2960 fuisse
830 2904 1159 2977 scripturam
1208 2902 1512 2974 adoptatur.
1566 2909 1752 2957 certus

142 2994 257 3053 ﬁeri
302 2996 503 3065 voluit,
549 3011 804 3068 quaenam
830 2994 996 3053 lectio
1023 3002 1268 3052 exstaret
1298 2994 1350 3048 in
1383 2991 1577 3049 codice
1605 2991 1753 3047 basi-

140 3086 252 3143 lica:
282 3088 586 3158 Vaticanac,
621 3098 787 3160 atque
817 3087 894 3144 ita
922 3087 1134 3159 primus
1163 3087 1283 3158 ipse
1310 3086 1543 3143 edoctus
1570 3101 1601 3141 a
1625 3084 1752 3140 Tel-

142 3180 295 3238 lierio
320 3226 334 3252 ,
370 3183 787 3254 corruptionem
814 3182 935 3255 ejus
961 3181 1172 3239 codicis
1194 3181 1477 3252 evolgavit
1501 3222 1516 3247 ,
1559 3180 1613 3236 in
1643 3193 1751 3250 quo

1848 558 2036 613 tionem
2062 563 2139 615 usi
2164 566 2364 633 fuerant
2390 571 2576 635 fratres
2599 574 2786 639 nostri,
2813 573 2958 625 nobis
2976 574 3194 639 deesset,
3229 578 3458 645 αιίαιυιμιε

1850 667 1966 717 nec,
1987 656 2109 723 quid
2124 658 2175 708 in
2196 673 2255 711 eo
2271 660 2540 732 legeretur,
2558 667 3030 739 constaret.t\’e.;ue
3046 686 3162 723 vero
3195 671 3261 723 ad
3281 669 3459 725 let-tio-

1851 759 1969 797 nem
1996 747 2425 820 conﬁrmandam,
2451 773 2601 825 quam
2630 761 2847 816 aliunde
2874 764 3002 818 satis
3035 776 3229 819 certam
3259 783 3460 838 srmpcr

1852 1024 2111 1092 suspicari
2163 1034 2234 1081 est
2257 1067 2273 1093 ,
2316 1030 2543 1085 codicem
2573 1035 2716 1089 illum
2754 1041 2850 1093 sibi
2890 1044 3061 1111 favere
3091 1060 3258 1111 ratus,
3294 1048 3458 1100 cirum

1852 1115 2226 1184 doctissimum,
2274 1128 2328 1207 ut
2368 1136 2482 1175 eum
2511 1123 2781 1197 diligenter
2810 1130 3099 1202 inspiceret,
3134 1138 3456 1194 sollicitavit.

1924 1212 2053 1269 215.
2095 1214 2280 1285 Itaque
2314 1230 2438 1271 cum
2470 1217 2670 1287 editio,
2715 1238 2840 1292 quas
2872 1228 3049 1283 codici
3083 1232 3321 1287 basilica:
3355 1232 3461 1287 Va-

1856 1304 2057 1362 ticana:
2102 1309 2299 1363 cotlata
2333 1308 2545 1379 fuerat,
2594 1312 2847 1370 exhibeat
2874 1320 3148 1388 adoratur,
3175 1336 3224 1379 et
3256 1325 3460 1381 Bandi-

1856 1399 2001 1467 nius,
2051 1401 2397 1475 Maurinique
2432 1404 2642 1460 variant
2676 1405 2964 1464 lectionem
2998 1413 3062 1466 ad
3104 1415 3245 1470 hunc
3277 1418 3458 1473 locum

1856 1508 1966 1547 non
1994 1497 2381 1565 ascripserint,
2410 1511 2820 1570 consequenter
2853 1505 3147 1562 tenendum
3182 1518 3288 1574 est,
3315 1512 3470 1567 viros.

1856 1584 2171 1655 diligentes,
2201 1591 2394 1659 quales
2421 1588 2780 1650 Constantius
2813 1596 2971 1652 nobis
2995 1597 3278 1671 describit,
3312 1602 3364 1656 in
3396 1620 3462 1659 eo

1857 1676 2047 1734 Codice
2102 1682 2378 1751 reperisse
2437 1685 2701 1756 scriptum
2754 1686 3027 1744 odoratur.
3100 1691 3170 1746 Et
3214 1694 3464 1765 quamvis

1856 1771 2193 1830 adverterint
2224 1776 2465 1834 litteram
2496 1796 2522 1832 r
2551 1779 2604 1835 in
2637 1781 2761 1838 loco
2810 1786 3069 1854 ampliori
3120 1802 3283 1843 eraso
3313 1806 3342 1845 a
3376 1806 3465 1847 se-

1782 1875 1831 1936 Β
1858 1867 2034 1923 cunda
2064 1884 2226 1925 manu
2259 1882 2536 1928 exaratam
2571 1875 2739 1932 fuisse
2766 1886 2980 1945 ,tamen
3004 1880 3056 1935 id
3087 1884 3462 1942 necessarium

1858 1974 1967 2015 non
2012 1961 2287 2019 duxerunt
2334 1981 2600 2035 monere,
2648 1969 2792 2039 quod
2836 1986 3022 2027 veram
3054 1977 3463 2033 eorrectionem

1855 2053 2087 2125 alicujus
2112 2058 2318 2113 erroris
2349 2059 2664 2128 putaverint
2696 2076 2821 2117 esse
2841 2103 2857 2128 ,
2892 2072 2954 2118 ut
2975 2065 3141 2120 multa
3164 2067 3367 2124 suntin
3394 2084 3464 2125 eo

1856 2149 2047 2207 codice
2074 2152 2154 2207 sic
2179 2162 2451 2209 correcta.
2504 2154 2653 2210 Sane
2673 2154 3053 2226 Constantius,
3083 2160 3175 2230 qui
3206 2161 3258 2215 in
3288 2164 3470 2232 primo

1856 2244 2020 2300 etiam
2064 2245 2212 2302 libro
2248 2248 2441 2303 Hilarii
2482 2248 2781 2306 editionem
2808 2250 2978 2305 Mirari
3007 2252 3230 2323 allegat,
3257 2256 3467 2327 aliqua-

1857 2345 2017 2394 tenus
2066 2341 2350 2411 negligens
2394 2342 2572 2398 videri
2623 2353 2834 2413 potest,
2885 2346 3031 2414 quod
3077 2362 3196 2402 eam
3226 2348 3293 2403 ad
3324 2350 3469 2408 hunc

1857 2428 2036 2497 locum
2070 2431 2301 2487 secundi
2334 2432 2459 2489 libri
2486 2436 2782 2491 consulere
2818 2452 2927 2491 non
2957 2440 3254 2495 curaverit.
3323 2441 3466 2507 Quid

1856 2530 2041 2579 autem
2092 2522 2140 2579 si
2185 2526 2588 2584 consuluisset?
2634 2528 2881 2600 Legisset
2930 2531 2982 2585 in
3022 2546 3084 2586 ea
3126 2535 3465 2592 contrarium

1856 2618 1961 2673 sibi
1990 2619 2221 2675 verbum
2254 2621 2527 2692 adoratur,
2564 2631 2620 2679 et
2653 2640 2778 2679 cum
2811 2624 2959 2681 inter
2991 2631 3175 2683 varias
3200 2628 3470 2687 lectiones

1854 2711 2033 2768 Roma
2075 2713 2275 2770 missas
2313 2717 2475 2788 119
2511 2717 2713 2773 nullam
2757 2718 3186 2789 discrepantiam
3226 2720 3292 2776 ad
3323 2722 3469 2782 hunc

1855 2806 2037 2863 locum
2088 2816 2377 2877 notasset,
2408 2811 2743 2869 concludere
2782 2812 3109 2879 debuisset,
3162 2815 3223 2872 in
3272 2816 3467 2876 codice
3518 2820 3521 2823 ’

1855 2898 2102 2956 basilica:
2134 2899 2417 2958 Vaticana:
2447 2900 2556 2973 legi
2581 2894 2860 2957 adoretur.
3286 2881 3301 2891 ’

1924 2994 2054 3052 216.
2097 2994 2204 3051 Sed
2237 2998 2409 3053 multo
2435 3006 2566 3052 ante
2594 2998 2737 3053 idem
2767 2997 2993 3055 verbum
3016 3000 3269 3057 adoratur
3302 3002 3355 3058 in
3398 3018 3467 3061 eo

1852 3086 2044 3145 codice
2090 3085 2408 3169 exstitisse,
2470 3089 2823 3145 manifestum
2889 3100 2975 3147 est
3019 3107 3085 3148 ex
3141 3094 3461 3160 collatione,

1853 3197 2015 3253 quam
2042 3180 2495 3252 diligentissimus
2527 3183 2609 3255 vir
2630 3181 2858 3238 Latinus
2890 3183 3139 3241 Latinius
3169 3196 3466 3242 exsecutus

143 3290 284 3332 nunc
326 3277 531 3348 legitur
569 3277 849 3345 adoratur,
897 3275 995 3333 sed
1023 3284 1209 3344 antea,
1236 3284 1296 3329 ut
1323 3274 1566 3340 videtur,
1602 3274 1824 3349 lege-.C
1855 3286 1959 3332 est.
2002 3276 2235 3333 Exstant
2268 3277 2388 3348 ejus
2429 3277 2596 3333 varia:
2623 3277 2914 3343 lectiones,
2955 3289 3009 3334 et
3036 3280 3471 3337 animadversio-

140 3366 296 3425 batur
324 3369 638 3440 adoptatur.
698 3368 780 3425 Ex
823 3384 933 3440 quo
977 3369 1139 3439 plane
1188 3368 1498 3440 colligitur,
1535 3367 1747 3423 nullum

142 3475 259 3518 esse
284 3462 474 3519 locum
498 3461 822 3535 suspicandi
843 3460 1093 3519 fraudem
1124 3462 1290 3519 ullam
1321 3472 1415 3517 aut
1441 3462 1496 3517 in
1519 3461 1750 3518 Germo-

138 3554 226 3610 nio
248 3596 266 3624 ,
298 3565 396 3612 aut
421 3557 479 3612 in
507 3556 791 3613 Tellierio.
825 3555 998 3612 Nemo
1018 3555 1087 3613 de
1110 3555 1342 3613 lectione
1363 3555 1528 3626 hujus
1544 3553 1750 3611 codicis

140 3651 362 3708 verbum
418 3652 593 3708 ullum
638 3652 695 3708 in
743 3650 846 3709 hac
892 3651 1274 3708 controversia
1325 3648 1575 3719 fecerat,
1622 3664 1746 3705 cum

138 3742 473 3802 Germonius
509 3753 654 3817 part.
690 3760 748 3813 tt,
784 3759 836 3801 c.
867 3743 901 3800 9
930 3746 999 3801 de
1028 3742 1167 3800 Cod.
1196 3753 1441 3813 corrupt.
1486 3742 1745 3813 scripsit:

146 3838 277 3905 Quia
326 3850 504 3895 tamen
541 3841 726 3912 religio
768 3848 842 3896 est
872 3838 999 3895 mihi
1025 3839 1307 3911 quidquam
1334 3838 1745 3910 prazterntittere,

142 3936 276 4004 quod
295 3935 367 3991 ad
382 3937 651 3991 veritatem
663 3934 1031 3991 elucidandam
1041 3936 1277 4007 conferre
1297 3934 1479 4005 possit,
1516 3949 1621 3986 non
1638 3931 1748 3985 dis-

143 4028 399 4083 simulabo
426 4045 560 4097 rem,
590 4045 707 4099 qua:
729 4029 931 4084 videtur
961 4030 1179 4083 latuisse
1206 4026 1534 4093 Constantio,
1568 4041 1749 4097 nempe

140 4120 191 4175 in
206 4139 264 4178 eo
287 4124 473 4179 codice
482 4124 728 4196 primitus
744 4124 999 4191 scriptum
1019 4122 1182 4193 fuisse
1212 4122 1371 4195 118
1388 4135 1743 4177 nonnon:

137 4215 208 4271 ita
234 4220 376 4273 enim
407 4218 585 4291 accepi
612 4218 678 4273 ab
708 4217 1055 4273 eruditissimo
1078 4217 1191 4271 viro
1215 4258 1231 4286 ,
1264 4216 1351 4286 qui
1384 4214 1572 4270 librum
1594 4212 1747 4269 illum

137 4322 324 4386 ragattt
355 4328 476 4369 meo
498 4312 779 4385 diligenter
807 4312 1058 4380 inspexit.

202 4405 331 4463 2M.
378 4410 499 4480 Age
538 4422 704 4476 vero,
752 4405 1001 4478 apertius
1044 4404 1149 4461 hoc
1180 4404 1360 4476 ipsum
1403 4402 1747 4460 demonstre-

138 4514 276 4558 mus.
312 4502 681 4559 Constantius
714 4500 785 4557 ad
813 4516 966 4557 suam
992 4500 1185 4555 llilarii
1213 4497 1516 4556 editionem
1557 4498 1627 4554 de
1656 4511 1751 4554 co-

135 4598 252 4656 dice
303 4598 554 4654 basilica:
614 4596 893 4653 Vaticana:
945 4596 1000 4651 in
1054 4595 1207 4665 [πωῐ.
1262 4611 1317 4649 n.
1356 4594 1394 4648 2
1432 4593 1514 4650 sic
1538 4592 1743 4649 habet:

1855 3389 1957 3429 nes
2000 3371 2056 3429 in
2101 3372 2159 3429 S.
2203 3372 2492 3438 Hilarium,
2522 3373 2786 3429 editionis
2828 3373 3158 3430 Parisiensis
3194 3376 3298 3431 sub
3331 3376 3464 3432 Sole

1854 3483 2025 3524 aureo
2054 3467 2197 3525 1544
2221 3508 2237 3533 ,
2268 3483 2391 3539 quas
2436 3474 2521 3525 est
2564 3453 2736 3523 editio
2771 3466 3031 3523 Ludovici
3062 3468 3263 3535 Miraei,
3293 3470 3348 3525 in
3379 3469 3469 3525 Bi-

1853 3562 2129 3619 bliotheca
2153 3561 2276 3632 ejus
2302 3576 2461 3617 sacra
2495 3571 2551 3618 et
2578 3561 2837 3632 profana,
2869 3576 2994 3633 pag.
3022 3562 3091 3618 58
3113 3578 3273 3635 seqq.
3301 3562 3468 3617 Initio

1854 3656 1973 3713 haec
2000 3666 2085 3713 est
2106 3656 2427 3713 annotatio:
2457 3655 2558 3711 Die
2578 3671 2692 3711 χχιι
2724 3653 2976 3709 Januarii
3002 3655 3163 3721 1561,
3195 3645 3383 3726 collegi
3404 3673 3468 3711 ex

1853 3749 2030 3803 codice
2059 3748 2292 3804 basilica:
2331 3748 2395 3803 δ.
2430 3746 2577 3803 Petri
2608 3748 2757 3802 mira:
2784 3746 3080 3812 vetustatis,
3116 3747 3305 3801 litteris
3335 3765 3466 3818 pene

1852 3842 2160 3916 majusculis
2209 3842 2442 3914 scripto,
2490 3840 2663 3895 varias
2717 3840 2994 3909 lectiones,
3047 3854 3165 3911 qua:
3214 3849 3463 3895 notantur

1851 3945 1974 3990 nota
2003 3935 2071 3990 P.
2096 3932 2176 3989 De
2200 3934 2455 3989 Trinitate
2483 3933 2614 3989 liber
2643 3935 2866 4004 primus,
2897 3941 3002 3988 etc.
3038 3934 3281 3988 Annotat
3305 3949 3467 3990 accu-

1852 4029 2130 4084 ratissime
2180 4027 2427 4083 Latinius
2476 4026 2656 4081 varias
2704 4025 2972 4081 lectiones
3005 4025 3071 4080 ad
3101 4025 3169 4081 12
3193 4026 3364 4081 libros
3394 4026 3465 4082 de

1850 4120 2124 4177 Trinitate
2149 4162 2164 4187 ,
2197 4118 2264 4175 ad
2297 4119 2495 4174 librum
2536 4126 2730 4173 contra
2763 4116 3153 4172 Constantium
3175 4162 3189 4187 ,
3224 4117 3291 4172 ad
3324 4117 3464 4172 duos

1852 4214 2027 4271 libros
2072 4212 2139 4269 ad
2179 4210 2593 4278 Constantium,
2644 4211 2713 4266 ad
2755 4209 2952 4266 librum
2998 4218 3193 4264 contra
3222 4208 3467 4267 Arianos

1852 4307 1941 4365 vel
1986 4307 2319 4363 Auxentium
2338 4324 2354 4374 ',
2406 4305 2473 4360 ad
2503 4303 2794 4375 epistolam
2825 4303 3122 4368 Auxentii,
3164 4302 3228 4357 ad
3263 4302 3462 4357 librum

1853 4401 1923 4457 de
1946 4399 2216 4472 Synodis:
2249 4407 2305 4455 et
2336 4398 2388 4452 in
2424 4397 2529 4453 hoc
2558 4396 2699 4452 libro
2724 4395 2792 4451 ad
2825 4394 2995 4450 verba
3015 4437 3029 4462 ,
3070 4395 3204 4449 Vere
3232 4394 3464 4465 Spiritus

1851 4494 2040 4563 sancti,
2060 4493 2242 4564 hisque
2262 4490 2556 4545 nominibus
2579 4505 2682 4543 non
2711 4489 3042 4560 simpliciter,
3069 4486 3291 4557 subjicit
3313 4486 3462 4543 illico

1855 4590 1961 4645 hoc
2002 4587 2273 4644 monitum
2300 4603 2311 4639 :
2346 4582 2621 4639 Hactenus
2653 4582 2801 4636 habet
2836 4579 3101 4652 exemplar
3133 4580 3363 4635 basilica:
3395 4580 3459 4638 S.

137 4690 334 4747 Nullus
358 4692 656 4747 desiderari
685 4708 835 4762 posse
858 4689 1061 4745 videtur
1090 4689 1376 4760 antiquior,
1402 4704 1560 4759 quam
1588 4686 1747 4759 quiin
1773 4691 1827 4751 D
1858 4682 2023 4749 Petri,
2055 4681 2107 4734 in
2137 4696 2235 4751 quo
2265 4677 2468 4749 aliquot
2500 4674 2895 4747 quinterniones
2918 4672 3124 4728 desunt.

136 4784 345 4839 archiva
392 4783 665 4839 Vaticana
702 4781 950 4837 Ecclesia
978 4791 1295 4837 asservatur.
1316 4820 1329 4836 .
1353 4792 1405 4837 ..'
1439 4780 1547 4836 Sed
1573 4780 1627 4833 in
1654 4795 1751 4833 an-

136 4877 277 4948 tiquo
301 4878 487 4933 codice
520 4893 625 4931 non
654 4874 953 4948 negandum
978 4882 1053 4929 est
1081 4874 1269 4930 menda
1292 4890 1402 4929 esse
1431 4874 1665 4943 antiqua.
1692 4913 1706 4927 .
1734 4913 1747 4926 .

136 4970 269 5026 Eant
311 4972 377 5026 ob
417 4986 527 5025 rem
553 4969 751 5025 codicis
788 4969 948 5044 hujus
977 4970 1275 5041 antiquitati
1304 4968 1437 5023 nihil
1463 4967 1753 5023 inconsulte

135 5064 416 5120 tribuimus
434 5106 451 5131 ,
485 5081 547 5119 ea
575 5073 781 5119 tantum
810 5066 855 5118 ei
892 5080 1135 5137 concessa
1162 5064 1493 5118 veneratione
1512 5104 1526 5128 ,
1568 5072 1623 5115 ut
1652 5062 1755 5115 lec-

134 5161 300 5215 tiones
326 5175 504 5216 rnorts
530 5174 705 5216 ouans
723 5201 737 5225 ,
772 5160 825 5213 in
848 5159 1039 5228 quibus
1066 5176 1099 5213 a
1120 5159 1322 5213 cteteris
1344 5157 1630 5229 discrepat,
1666 5155 1750 5208 di-

136 5252 358 5323 ligenter
388 5264 789 5309 annotaremus.
834 5251 951 5306 llas
982 5270 1014 5306 a
1042 5251 1251 5306 Joanne
1282 5250 1523 5324 Baptista
1551 5249 1753 5305 Bandi-

134 5347 253 5414 nio,
295 5347 574 5403 Vaticana:
612 5347 840 5403 basilica:
861 5346 1149 5410 canonico,
1178 5363 1298 5399 cum
1336 5363 1522 5399 novam
1553 5344 1752 5398 Hilarii

136 5442 424 5497 editionem
451 5452 680 5512 pararet,
698 5442 943 5496 collectas
970 5438 1117 5494 nobis
1150 5439 1534 5508 descripserunt
1565 5440 1753 5509 fratres

137 5537 323 5604 nostri,
343 5536 438 5607 qui
454 5534 639 5591 Roma:
656 5544 948 5601 versantur,
965 5542 1013 5588 et
1034 5531 1289 5588 nonnulla
1304 5549 1464 5601 opera
1485 5549 1575 5605 per
1590 5550 1644 5588 se
1667 5549 1754 5587 ac-

136 5639 315 5683 curate
327 5638 780 5701 recognoscentes,
803 5629 1003 5685 laudati
1022 5627 1274 5683 Canonici
1289 5627 1615 5697 diligentiam
1640 5644 1755 5696 pro-

140 5723 416 5777 baverunt.
452 5722 511 5777 In
540 5724 795 5779 secundis
830 5722 1096 5779 Vindiciis
1124 5721 1265 5776 idem
1296 5719 1653 5774 Constantius
1678 5720 1758 5776 sic

141 5816 313 5874 refert
357 5826 500 5887 part.
536 5832 619 5884 tu,
647 5833 697 5873 c.
732 5819 787 5885 5,
817 5818 887 5874 de
916 5819 1109 5875 eodem
1139 5816 1328 5872 codice
1347 5814 1613 5885 loquens:
1650 5812 1759 5868 Sed

140 5910 204 5968 de
224 5914 344 5969 loco
366 5929 507 5969 nunc
527 5921 861 5968 controverso
890 5930 983 5968 nos
1013 5913 1165 5968 silere
1188 5911 1321 5967 bona
1336 5907 1463 5980 [ides
1484 5904 1756 5979 compulit,

530 6006 804 6067 PATROL.
860 6006 1037 6068 XIX.

1927 4775 2055 4831 217.
2103 4771 2169 4830 Ut
2218 4781 2402 4828 autem
2449 4770 2804 4842 perspicuum
2862 4766 2937 4822 sit
2983 4777 3185 4836 quanta
3215 4781 3359 4823 cura
3413 4776 3469 4822 et

1855 4871 2134 4941 diligentia
2163 4866 2413 4923 Latinius
2436 4866 2490 4920 in
2514 4864 2708 4921 codice
2735 4878 2803 4920 ex
2818 4859 3131 4933 pendendo,
3166 4870 3223 4917 et
3255 4860 3465 4917 Hilario

1854 4962 2210 5029 illustrando,
2243 4968 2497 5017 versatus
2546 4958 2732 5023 fuerit,
2768 4970 2972 5025 paucas
2996 4954 3116 5023 ejus
3135 4970 3257 5009 cum
3288 4956 3471 5009 varias

1858 5060 2126 5116 lectiones
2151 5099 2165 5125 ,
2214 5064 2327 5110 tum
2359 5054 2708 5123 conjecturas
2746 5050 3039 5106 annotabo.
3083 5048 3201 5102 Lib.
3232 5065 3268 5114 ι,
3307 5064 3457 5103 num.

1858 5155 1975 5211 sive
2005 5169 2127 5224 cap.
2165 5152 2191 5206 1
2227 5150 2293 5206 de
2323 5149 2525 5204 Trinit.
2565 5148 2615 5202 iu
2641 5144 2884 5201 editione
2907 5140 3116 5195 Mirmi:
3150 5139 3303 5205 Quod
3333 5142 3465 5197 alte-

1860 5264 1977 5302 rum
2019 5248 2131 5300 sine
2175 5244 2343 5299 altero
2371 5286 2385 5311 ,
2428 5242 2479 5296 in
2524 5239 2714 5296 codice
2749 5234 2987 5290 basilica:
3018 5232 3294 5289 Vaticana:
3322 5235 3463 5305 quod

1863 5343 2012 5401 aliud
2040 5344 2151 5397 sine
2175 5343 2359 5396 altero.
2414 5339 2502 5393 Sic
2534 5336 2663 5406 legit
2702 5331 3057 5388 Constantius
3079 5371 3095 5395 ,
3126 5330 3227 5385 sed
3259 5331 3466 5387 nullam

1862 5437 2293 5508 discrepantiam
2347 5432 2633 5500 scriptura:
2694 5426 2979 5492 observat.
3029 5420 3174 5477 lbid.
3223 5421 3277 5477 in
3330 5424 3467 5479 edit.

1863 5534 1983 5589 Mir.
2012 5551 2025 5585 ε
2056 5529 2259 5602 pabulis
2292 5526 2409 5580 lteta
2440 5520 2782 5592 vagantibus;
2812 5519 2865 5572 in
2895 5515 3022 5572 cod.
3052 5516 3213 5571 basil.
3247 5515 3466 5573 Vatic.:

1865 5625 2055 5697 pabula
2086 5624 2199 5677 lane
2226 5615 2555 5689 vagantibus.
2582 5611 2941 5667 Coostantius
2971 5608 3177 5677 pabulis
3211 5610 3329 5664 la'ta
3352 5628 3471 5665 cra-

1865 5716 2126 5792 gantibtts,
2160 5722 2213 5767 et
2236 5712 2416 5767 solum
2458 5716 2611 5763 notat
2640 5721 2707 5759 ex
2739 5719 2869 5758 mss.
2900 5702 3228 5756 Colbertino
3253 5710 3307 5756 et
3333 5702 3474 5758 Ger-

1868 5809 2113 5867 manensi
2148 5803 2447 5887 vacantibus
2491 5817 2587 5871 pro
2628 5795 2984 5869 eragantibus.
3028 5793 3164 5849 Ibid.
3213 5795 3335 5849 Mir.
3364 5837 3379 5861 ,
3416 5812 3481 5849 ea:

1873 5902 2094 5973 pascuis,
2144 5897 2269 5956 cod.
2317 5898 2434 5953 bas.
2478 5895 2618 5960 Van,
2661 5907 2723 5947 ea:
2764 5900 2942 5961 pastu.
3004 5886 3362 5953 Constantius
3412 5904 3475 5940 ear,

3109 5978 3188 6036 1'1
