3904 6332
442 188 552 247 525

1753 184 2044 248 C(ElilUS
2079 187 2438 248 SEDULlUS.
3669 197 3758 252 521

446 307 682 379 pascuis,
715 317 778 360 ac
809 302 1019 360 nullam
1051 301 1258 358 variam
1297 300 1593 356 lectionem
1626 299 1876 356 ascribit.
1921 302 2056 358 lbid.
2089 326 2143 378 Α
2167 304 2412 373 effertur:
2463 305 2535 358 ita
2577 303 2741 358 etiam
2790 301 3166 372 Constantius,
3197 305 3446 377 subjecta
3476 306 3582 362 hac
3608 318 3756 363 nota:

447 401 575 457 Μὶν.
616 399 1031 454 absolutissimus
1065 397 1179 450 vita:
1207 393 1453 448 humanae
1498 410 1622 448 usus
1653 393 2058 462 existimabitur,

449 497 576 555 cod.
597 496 715 552 bas.
743 493 866 549 Vat.
902 490 1174 544 absolutus
1207 488 1326 543 vita:
1353 487 1599 542 humana:
1626 504 1751 542 usus
1774 488 2059 542 exsisteret.

448 588 809 650 Constantius
838 582 1069 640 omnino
1101 597 1224 637 cum
1258 581 1480 649 Miraao,
1528 580 1624 636 sed
1654 580 2062 652 discrepantem

451 685 786 752 scripturam
811 693 921 732 non
957 674 1181 732 indicat.

469 800 474 806 υ
520 775 648 832 218.
695 772 822 829 llaec
854 769 1077 843 quidem
1120 785 1188 825 ex
1219 782 1449 824 numero
1477 767 1643 824 tlibri
1673 769 1736 836 1,
1765 769 1860 839 qui
1884 768 2063 828 solum

448 870 522 932 32
571 868 806 926 lineolas
858 865 1291 936 complectitur.
1335 862 1676 940 deprompsi.
1767 861 1860 920 Sic
1900 878 2067 935 porro

447 963 625 1037 pergit
656 960 932 1025 Latinius,
967 968 1023 1015 et
1045 973 1168 1028 cap.
1196 974 1233 1013 ιι
1257 956 1510 1030 ejusdem
1539 955 1667 1012 libri
1695 957 1746 1024 1,
1774 972 1875 1027 pro
1896 958 2070 1031 inepte

415 1074 507 1112 ac
553 1055 800 1111 bellnina:
844 1055 983 1118 vitat,
1034 1053 1086 1107 in
1130 1051 1376 1107 editione
1413 1050 1574 1124 120
1608 1049 1782 1106 Mira'i
1819 1049 1956 1106 nihil
2000 1066 2066 1104 ex

447 1149 642 1208 codice
689 1148 808 1204 bas.
859 1146 986 1200 Vat.
1038 1143 1314 1210 ascribit,
1361 1141 1456 1198 sed
1495 1142 1872 1213 conjecturam
1912 1157 2066 1198 suam

445 1244 674 1317 apponit
719 1241 900 1296 inertis
931 1254 1032 1309 pro
1058 1239 1255 1310 inepte.
1287 1235 1651 1293 Constantius
1679 1235 1857 1302 edidit
1879 1235 2071 1308 ineptte

440 1357 504 1398 ac
550 1337 813 1394 belluinae.
859 1334 1000 1391 Eod.
1044 1349 1166 1404 cap.
1210 1332 1335 1390 Mir.
1369 1331 1432 1386 ob
1460 1349 1617 1404 quam
1657 1331 1908 1402 profecto,
1941 1331 2066 1387 cod.

441 1434 564 1493 bas.
595 1433 720 1489 Vat.
752 1431 822 1486 ad
851 1446 1041 1502 quam:
1073 1428 1172 1486 sed
1203 1437 1393 1484 monet
1426 1426 1702 1495 Latinius,
1730 1425 1800 1479 ad
1824 1440 1952 1482 esse
1975 1425 2071 1481 de-

446 1527 743 1586 mendum:
773 1526 854 1582 sic
885 1533 1078 1580 contra
1104 1524 1156 1578 in
1181 1521 1376 1578 codice
1406 1519 1567 1575 deest
1591 1535 1804 1586 manus,
1840 1526 1896 1574 et
1923 1516 2071 1573 Lati-

444 1624 569 1680 nius
607 1629 801 1677 censet
841 1632 970 1675 esse
1012 1614 1353 1671 addendum.
1424 1612 1565 1682 Quid
1616 1612 1831 1684 plural
1867 1611 2066 1684 Viginti

2173 397 2419 453 Scribunl
2439 389 2739 451 constanter
2762 406 2952 454 celeres
2983 399 3102 454 libri
3133 414 3418 456 serenum
3438 399 3520 454 vel
3544 416 3758 459 necs-aa-

2166 507 2294 548 rua.
2337 490 2499 562 Atqui
2565 489 2814 548 Latinius
2859 508 2926 549 ex
2982 495 3110 550 cod.
3142 495 3303 551 basil.
3340 494 3459 550 Vat.
3497 495 3760 566 obsemu,

2171 585 2392 641 Novum
2419 585 2484 640 de
2513 585 2642 640 caelo
2677 584 2851 658 Magis
2875 586 3043 643 stella:
3074 587 3246 642 lumen
3269 589 3525 644 exoritur.
3559 588 3761 646 Mirans

2168 689 2224 737 et
2250 677 2627 750 Constantius,
2661 679 2841 738 Gloria
2871 681 3065 743 deinde
3091 685 3143 738 in
3169 682 3312 740 caelis
3344 681 3460 740 Deo
3488 725 3506 751 ,
3552 695 3600 740 et
3629 702 3760 756 pax;

2169 777 2414 833 Latinius
2440 791 2507 833 ex
2528 776 2654 837 cod.
2680 777 2842 833 basil.
2868 777 3073 846 Vatic.,
3105 777 3293 834 Gloria
3322 779 3375 834 in
3403 779 3621 836 excelsis
3643 777 3759 846 Dec,

2170 873 2359 930 deinde
2389 889 2514 943 pax.
2557 872 2777 930 Miratus
2808 881 2865 930 et
2913 860 3275 936 Constantius
3302 919 3316 943 ,
3364 874 3431 930 Et
3474 884 3592 948 post
3634 876 3762 937 illaut

2169 965 2344 1019 inanis
2378 965 2612 1026 scientia:
2650 981 2760 1020 sute
2790 965 3146 1038 Operationem
3186 981 3476 1034 arcanam,
3533 964 3763 1022 Latinius

2172 1055 2389 1114 excod.
2428 1055 2588 1112 basil.
2629 1057 2829 1122 Vatic.,
2864 1058 3071 1132 Et_post
3091 1059 3189 1119 illa
3217 1059 3391 1118 inanis
3419 1058 3648 1114 scientia:
3668 1076 3763 1114 sua

2173 1164 2365 1204 arcana
2405 1147 2729 1216 operatione.
2793 1148 3015 1206 Miratus
3053 1148 3282 1222 desuper-
3308 1149 3535 1217 veniem,
3556 1148 3673 1206 Lat.
3702 1165 3762 1205 es

2173 1240 2296 1297 cod.
2354 1239 2513 1295 basil.
2572 1239 2752 1296 Vatie.
2806 1244 3218 1315 superveniens:
3266 1242 3348 1304 sie
3400 1243 3567 1299 etiam
3611 1242 3765 1299 edidit

2172 1333 2553 1402 Constantius,
2607 1335 2698 1407 qui
2742 1335 2968 1408 subjicit
3017 1346 3229 1405 notam,
3282 1335 3340 1396 in
3389 1337 3632 1410 vulgatis
3659 1351 3763 1393 esse

2173 1428 2396 1498 desuper
2427 1430 2655 1484 veniens.

2243 1521 2371 1580 22L
2419 1521 2544 1579 lltec
2574 1521 2794 1594 quidem
2841 1524 3024 1582 omnia
3053 1537 3120 1582 eo
3159 1522 3342 1596 capite
3371 1538 3526 1586 xsvn
3551 1522 3669 1579 libri
3701 1538 3763 1580 ia

2174 1612 2388 1675 Latinio
2423 1615 2804 1672 animadversa
2841 1624 2988 1684 sunt,
3037 1631 3215 1688 neque
3253 1633 3284 1673 a
3324 1616 3497 1675 verbo
3540 1633 3766 1689 superre-

444 1732 542 1775 sex
596 1715 791 1770 saltem
841 1709 1222 1768 correctiones
1277 1717 1373 1764 aut
1412 1707 1596 1761 varias
1623 1705 1889 1760 lectiones
1921 1705 2067 1760 Lati-
2101 1723 2148 1782 B
2174 1706 2320 1762 niens
2348 1707 2507 1778 longe
2528 1707 2731 1767 distant
2752 1709 2914 1766 verba
2939 1710 3210 1768 humilitas
3230 1710 3489 1772 adoratur
3517 1711 3570 1767 in
3594 1711 3767 1767 editio-

441 1815 566 1868 nlus
591 1813 944 1886 expresserat
967 1818 1142 1875 usque
1167 1801 1234 1857 ad
1255 1815 1376 1872 cap.
1405 1798 1496 1867 10,
1531 1813 1639 1870 quo
1661 1798 1898 1869 primum
1923 1796 2066 1854 Con-

444 1904 680 1964 stantius
739 1901 989 1958 nominat
1041 1898 1295 1956 codicem
1355 1893 1604 1952 basilicm
1661 1890 1940 1948 Vaticana:
1999 1890 2065 1946 ad

444 1999 614 2056 verba
670 2013 733 2053 ea:
780 2011 1066 2067 corporum
1108 1990 1411 2058 voluntate,
1459 1985 1552 2043 ubi
1583 1995 1766 2049 notat,
1820 1983 2068 2062 Basilica?

453 2090 728 2149 Vaticana:
759 2088 1142 2144 vetustissimus
1169 2084 1331 2139 codex
1359 2099 1476 2136 cum
1503 2078 1764 2154 plerisque
1795 2078 1916 2134 aliis
1941 2095 2063 2136 nisa.

446 2199 799 2245 veLur'rIt're:
846 2197 969 2254 quae
1012 2179 1254 2235 varietas
1295 2181 1481 2232 notata
1530 2173 1699 2229 etiam
1737 2170 1838 2228 fuit
1875 2172 1928 2228 in
1969 2185 2068 2228 sua

445 2279 696 2340 editione
724 2293 752 2332 a
786 2275 1025 2333 Latinio.

520 2373 650 2430 2l9.
696 2373 795 2429 llic
840 2379 1024 2428 tantus
1059 2368 1174 2439 vir,
1224 2376 1446 2437 tamque
1478 2364 1591 2420 acri
1624 2361 1843 2435 ingenio
1873 2359 2073 2430 praedi-

449 2482 560 2536 tus,
588 2469 655 2526 ad
685 2475 850 2538 caput
867 2466 936 2520 27
959 2463 1084 2521 libri
1106 2479 1145 2520 ιι
1167 2462 1235 2519 de
1253 2461 1528 2517 Trinitate
1553 2474 1675 2514 tum
1707 2455 2070 2526 pervenisset,

449 2572 508 2619 et
533 2576 656 2618 eum
694 2562 747 2615 in
781 2573 878 2614 sua
909 2557 1154 2613 editione
1194 2554 1410 2627 legeret
1435 2552 1610 2610 carnis
1642 2539 1909 2606 humilitas
1940 2548 2066 2602 (tth-

446 2667 614 2721 ratur,
643 2666 700 2710 et
729 2653 798 2708 ad
831 2650 1140 2724 marginem
1173 2649 1475 2703 humanitas
1499 2658 1600 2717 pro
1622 2640 1917 2710 humilitas,
1941 2639 2075 2695 nihil

446 2753 695 2816 notavit,
759 2750 1008 2805 retinens
1059 2761 1125 2800 ex
1173 2743 1365 2799 codice
1413 2741 1491 2808 id,
1548 2740 1696 2813 quod
1749 2738 1802 2797 in
1855 2746 2070 2800 textum

445 2852 734 2916 receptum
777 2850 938 2908 erat,
991 2839 1165 2894 carnis
1211 2835 1488 2891 humilitas
1548 2833 1843 2901 adoratur,
1898 2845 2074 2901 neque

2175 1815 2241 1854 ne
2271 1799 2439 1857 Μίνωι
2465 1846 2479 1867 ,
2518 1817 2641 1872 quae
2686 1813 2957 1874 tamquam
2998 1802 3174 1865 codici
3229 1811 3604 1867 consentanea
3642 1802 3770 1861 Lati-

2172 1896 2296 1950 nius
2335 1898 2456 1953 sine
2499 1897 2819 1954 diversitate
2851 1898 3102 1956 lectionis
3139 1900 3430 1973 praeteriit.
3473 1898 3592 1960 Non
3621 1899 3769 1963 'osnit-

2172 1986 2394 2042 tendum
2427 1997 2631 2054 tamen,
2666 1989 2718 2044 in
2745 1990 2988 2046 editione
3026 1991 3196 2049 Miraei
3231 1993 3395 2064 paulo
3439 2000 3569 2048 ante
3608 1991 3703 2063 legi
3730 2000 3768 2046 et

2169 2079 2340 2150 ipsum
2363 2080 2594 2156 Angelus
2626 2083 2892 2151 nuntians,
2929 2099 3031 2156 pro
3047 2085 3531 2158 quoConstantitts
3556 2085 3711 2141 habet
3731 2097 3768 2142 el

2171 2177 2388 2252 angelus
2417 2178 2668 2246 nuntians
2695 2191 2820 2234 cum
2854 2190 3012 2236 nota:
3047 2181 3126 2237 sic
3157 2195 3290 2237 mss.
3312 2222 3327 2248 ,
3357 2181 3413 2242 in
3442 2180 3667 2258 vulgatis
3696 2179 3771 2239 hic

2069 2293 2077 2302 -
2171 2268 2427 2340 adjicitur
2456 2272 2704 2345 idipsum.
2740 2271 2987 2330 Latinius
3021 2288 3154 2330 vero
3189 2288 3302 2333 non
3332 2275 3555 2347 agnovit
3581 2276 3634 2332 in
3661 2272 3765 2331 cod.

2174 2363 2332 2419 basil.
2366 2364 2545 2422 Vatic.
2595 2366 2884 2429 lectionem
2915 2367 3194 2428 diversam
3222 2384 3252 2425 a
3285 2367 3524 2425 lectione
3577 2367 3727 2425 Mirari
3754 2411 3766 2435 ,

2175 2466 2220 2511 et
2244 2458 2414 2530 ipsum
2435 2460 2668 2531 angelus.
2699 2459 2811 2515 Etsi
2859 2470 3043 2516 autem
3069 2461 3411 2523 Bibliotheca
3436 2461 3638 2519 Latinii
3658 2463 3770 2516 satis

2178 2565 2273 2622 per
2304 2568 2364 2607 se
2401 2551 2560 2608 ﬁdem
2590 2552 2772 2610 facere
2807 2555 2991 2620 debet,
3029 2571 3154 2612 eum
3187 2556 3253 2616 ad
3283 2557 3516 2616 verbum
3545 2557 3771 2620 adulatur

2178 2646 2385 2703 nullam
2425 2647 2730 2709 variantem
2775 2648 3066 2711 lectionem
3116 2665 3181 2716 ex
3225 2650 3416 2710 codice
3468 2651 3698 2712 basilica:
3723 2649 3768 2704 S.

2177 2739 2322 2797 Petri
2374 2743 2717 2816 apposuisse,
2769 2753 2951 2810 tamen
2992 2745 3276 2819 exemplar
3324 2747 3502 2817 ipsum
3541 2745 3772 2803 editionis

2175 2833 2365 2902 Minui,
2400 2836 2557 2908 cujus
2587 2836 2816 2909 margini
2848 2838 3179 2908 scripturam
3205 2837 3423 2896 codicis
3453 2837 3660 2907 pralati
3696 2837 3775 2900 ad-

443 2939 620 2996 ullam
651 2953 805 2994 suam
833 2933 1214 3005 conjecturam
1238 2975 1251 2998 ,
1287 2939 1349 2985 ut
1381 2929 1506 2985 aliis
1546 2925 1599 2984 in
1631 2925 1790 3000 locis,
1827 2926 2074 3003 interpo-
2168 2927 2402 3003 jecerat,
2435 2945 2530 3000 per
2559 2929 2796 2998 amicum
2829 2930 3009 3009 ﬁdum
3042 2931 3321 3002 explorari
3365 2936 3554 2991 curavi
3585 2951 3600 2990 :
3631 2949 3659 2989 a
3684 2949 3776 3005 quo

445 3037 582 3090 suit.
624 3033 694 3088 Et
719 3024 1421 3098 animadverterequidem
1454 3023 1656 3099 potuit,
1683 3021 1912 3080 verbum
1943 3018 2073 3076 ado-

2176 3022 2404 3080 edoctus
2437 3040 2579 3092 sum,
2608 3024 2711 3080 hoc
2747 3024 2801 3091 in
2847 3025 2972 3092 loco
3004 3026 3140 3091 nihil
3180 3037 3483 3094 annotasse
3529 3027 3774 3090 Latinium

445 3140 594 3186 ratur
641 3125 941 3199 posteriori
990 3138 1153 3178 manu
1203 3124 1275 3177 ita
1325 3120 1495 3175 fuisse
1541 3129 1824 3174 exaratum
1855 3115 1978 3176 sive
2005 3132 2070 3170 ex
2098 3157 2143 3222 Β
2178 3119 2245 3175 ad
2280 3121 2504 3176 verbum
2552 3121 2826 3177 adorator.
2861 3123 3048 3187 Exstat
3092 3123 3146 3189 id
3186 3124 3473 3194 exemplar
3512 3125 3564 3180 in
3603 3124 3776 3182 biblio-

448 3223 757 3295 atloptatur,
815 3220 936 3274 sive
984 3234 1051 3273 ex
1103 3218 1415 3279 adornatur,
1465 3213 1589 3269 sive
1635 3227 1703 3270 ex
1751 3212 2072 3282 adaptatur:

451 3333 577 3371 nam
632 3316 688 3369 in
741 3315 924 3372 littera
977 3329 1004 3365 ο
1055 3309 1276 3381 aliquod
1315 3309 1480 3366 etiam
1515 3307 1815 3378 vestigium
1849 3316 2077 3386 apparet

453 3407 784 3482 posterioris
839 3423 1034 3462 manus
1098 3417 1153 3460 et
1211 3404 1543 3461 recentioris
1595 3402 1912 3458 atramenti.
1966 3401 2075 3459 Sed

451 3517 803 3575 quocumque
835 3500 1055 3556 tandem
1089 3498 1259 3554 modo
1285 3498 1554 3574 scriptum
1587 3496 1754 3552 fuerit
1788 3494 1920 3551 illud
1956 3512 2075 3550 vcr-

449 3598 579 3654 bum
612 3613 642 3652 a
672 3595 845 3668 prima
883 3610 1070 3658 inanu,
1105 3607 1352 3649 errorem
1387 3592 1686 3646 arbitratus
1708 3598 1794 3645 est
1820 3605 1946 3648 esse
1971 3589 2075 3644 La-

451 3693 618 3747 tinius
652 3690 793 3746 bene
824 3699 1142 3744 correctum
1167 3702 1196 3741 a
1219 3684 1460 3743 secunda
1488 3699 1652 3741 manu
1680 3698 1774 3754 per
1796 3683 2071 3743 aduratur.

445 3788 746 3843 Corrector
770 3785 921 3841 enim
945 3783 1098 3839 nullo
1124 3781 1289 3837 modo
1322 3781 1496 3837 voluit
1527 3780 1811 3846 simulare,
1844 3779 2074 3834 verbum

447 3882 710 3937 adoratur
761 3878 933 3933 fuisse
984 3877 1254 3945 scriptum
1301 3890 1330 3928 a
1371 3872 1547 3942 prima
1583 3888 1778 3928 manu:
1814 3887 1940 3926 natu
1975 3871 2077 3926 etsi

449 3975 632 4031 littera
673 3991 699 4027 r
731 3969 1056 4041 interposita
1102 3968 1488 4040 antiquitatem
1525 3983 1638 4036 prie
1670 3983 1728 4022 se
1759 3964 1887 4031 l'ert,
1923 3975 1981 4022 ut
2011 3981 2078 4021 ex

453 4066 633 4123 forma
681 4064 988 4134 colligitur,
1041 4071 1223 4116 tamen
1270 4060 1595 4130 longissime
1645 4057 1808 4112 distat
1841 4073 1870 4111 a
1900 4055 2075 4114 forma

458 4159 707 4230 ejusdem
750 4159 955 4212 litterte
1006 4172 1034 4208 r
1085 4171 1114 4209 a
1161 4156 1338 4224 prima
1389 4168 1556 4207 manu
1597 4151 1651 4206 in
1683 4151 1876 4206 eodem
1907 4151 2080 4206 verbo

460 4253 734 4312 adoretur.
769 4260 824 4305 et
856 4251 908 4304 in
943 4250 1064 4304 aliis
1094 4247 1409 4318 descripta).
1747 4318 1757 4322 _

533 4345 660 4401 9.20.
703 4344 865 4398 Putet
896 4344 1131 4397 fortasse
1172 4342 1372 4415 aliquis
1400 4387 1413 4408 ,
1454 4340 1729 4396 Latinium
1766 4342 1818 4396 in
1852 4340 1954 4396 hoc
1984 4355 2075 4395 ca-

462 4438 574 4510 pite
606 4452 752 4492 xxvii
783 4436 817 4501 |_.
858 4452 891 4488 ιι
937 4436 1276 4492 recensendo
1329 4437 1694 4503 tlurmitasse,
1749 4446 1842 4490 aut
1895 4438 2078 4490 minus

2180 3215 2336 3271 theca
2365 3215 2602 3286 Capituli
2634 3214 3037 3278 Canonicorum
3071 3218 3501 3281 Viterbiensium
3525 3235 3644 3280 cum
3672 3220 3777 3276 aliis

2178 3306 2353 3372 libris,
2387 3308 2477 3378 qui
2511 3310 2760 3380 ejusdem
2793 3309 2991 3366 Latinii
3027 3310 3270 3381 fuerant,
3297 3321 3355 3379 ei.
3383 3329 3623 3390 quorum
3652 3330 3776 3372 mar-

2177 3405 2285 3475 gini
2317 3406 2513 3462 multas
2538 3407 2954 3471 observationes
2982 3410 3096 3465 sive
3125 3426 3189 3468 ex
3221 3425 3357 3469 mss.
3389 3411 3645 3475 codicum
3664 3412 3775 3475 ﬁde,

2179 3498 2294 3553 sive
2325 3514 2391 3554 ex
2420 3501 2736 3572 conjectura
2779 3504 3148 3575 ascripserat:
3183 3519 3324 3575 quos
3356 3520 3460 3578 ego
3488 3506 3675 3572 etiam,
3707 3505 3780 3559 Vi-

2182 3591 2342 3648 terbii
2370 3593 2499 3648 dum
2546 3609 2766 3659 essem,
2822 3597 3170 3664 perlustravi.
3215 3598 3349 3665 Qun:
3397 3615 3523 3662 cum
3553 3599 3623 3665 ita
3651 3616 3679 3654 a
3708 3614 3780 3655 nte

2181 3685 2511 3758 investigata
2559 3704 2624 3742 ac
2681 3690 2984 3761 perscripta
3027 3691 3300 3761 inissent,
3350 3709 3480 3750 casu
3537 3695 3694 3752 incidi
3736 3695 3779 3748 in

2180 3780 2478 3842 editionem
2509 3783 2698 3839 Hilarii
2733 3784 3097 3846 Parisiensem
3124 3787 3268 3863 apud
3295 3788 3678 3846 Sebastianum
3704 3788 3780 3844 Ni-

2182 3877 2404 3934 vellium
2458 3878 2598 3934 1572
2631 3881 2682 3935 in
2715 3879 3046 3943 bibliOIheca
3079 3882 3301 3956 collegii
3337 3886 3499 3962 123
3532 3885 3777 3948 Romani,

2182 3972 2278 4029 sed
2309 3986 2461 4030 extra
2504 3975 2757 4032 ordinem
2780 3985 2835 4034 et
2865 3977 3042 4032 locum
3067 3993 3226 4033 suum
3252 3980 3578 4035 collocatam
3602 3997 3618 4045 ;
3642 3994 3780 4051 quam

2185 4076 2211 4112 a
2243 4076 2453 4115 stnnmo
2485 4062 2674 4118 critico
2708 4063 2777 4118 Μ.
2806 4065 3045 4120 Antonio
3076 4065 3291 4123 llureto
3322 4082 3446 4131 cum
3479 4069 3679 4124 celebri
3705 4054 3794 4122 eo:

2185 4150 2306 4207 dice
2378 4152 2626 4209 Basilicae
2699 4154 2978 4211 Vaticana:
3053 4157 3471 4215 accuratissime
3550 4160 3776 4215 collatam

2186 4247 2378 4322 fuisse,
2411 4247 2643 4317 adjectis
2671 4249 2900 4321 margini
2932 4250 3271 4307 variantibus
3301 4252 3659 4320 lectionibus,
3699 4253 3777 4309 de-

2189 4332 2475 4412 prehendi.
2494 4341 2678 4398 Codex
2697 4353 2921 4399 vocatur
2951 4343 3012 4399 S.
3031 4342 3198 4410 Petri,
3227 4356 3418 4403 etesse
3438 4348 3773 4419 huncipsum,

2183 4432 2251 4488 de
2279 4449 2389 4506 quo
2417 4443 2498 4489 est
2527 4439 2930 4503 controversia,
2965 4453 3031 4492 ex
3076 4439 3226 4507 loco,
3273 4441 3363 4494 ubi
3413 4441 3598 4512 incipit
3631 4485 3645 4506 ,
3683 4456 3772 4512 quo

458 4534 829 4604 diligentem,
885 4545 1047 4600 quam
1099 4533 1151 4584 in
1208 4531 1365 4596 aliis,
1409 4533 1598 4586 luisse.
1643 4530 1761 4586 Neu
1799 4532 1870 4586 ita
1903 4540 2074 4586 certe.
2112 4573 2158 4634 ι)
2186 4526 2409 4596 desinit,
2444 4541 2496 4584 et
2523 4546 2591 4585 ex
2622 4532 2796 4587 variis
2833 4531 3162 4588 lectionibus
3190 4533 3655 4596 evidentissimum
3683 4547 3767 4592 est.

459 4626 659 4682 Mirare
702 4624 888 4694 potius
935 4618 1277 4676 Constantem
1327 4624 1525 4693 ubique
1569 4624 1812 4679 hominis
1842 4625 2076 4696 diligi-n-

455 4719 611 4775 tiam.
646 4719 863 4772 Mirmus
902 4720 1004 4770 hoc
1032 4716 1082 4767 in
1103 4714 1431 4785 capitelegit
1459 4716 1874 4778 Emmanuelem,
1915 4718 1965 4771 id
1995 4732 2078 4772 est

456 4813 751 4869 Nobiscum
807 4810 1015 4864 Deum:
1051 4825 1175 4863 nam
1216 4811 1268 4862 in
1314 4807 1660 4865 Bibliotheca
1691 4825 1843 4866 sacra
1877 4811 2077 4867 Latinii

458 4907 728 4964 mendose
763 4907 965 4976 legitur
1001 4904 1159 4971 Deus,
1219 4913 1274 4956 ut
1328 4920 1392 4957 ex
1446 4914 1707 4958 tontextu
1755 4917 1804 4960 et
1841 4924 1906 4961 ex
1962 4910 2076 4978 ipsa

449 5003 694 5062 editione
747 5003 915 5056 Minui
963 5009 1134 5070 patet.
1177 4999 1535 5053 Constantius
1573 5013 1706 5053 vero
1739 4999 2070 5067 Emmanuel,

452 5097 506 5154 id
538 5106 644 5163 est,
697 5095 980 5148 Nobiscum
1018 5093 1220 5152 Deum.
1259 5089 1407 5161 quod
1441 5090 1606 5145 etiam
1638 5093 1908 5159 expressit
1941 5093 2072 5147 Mal-

453 5191 614 5248 fcius.
645 5193 712 5246 At
741 5191 987 5246 Latinius
1015 5205 1080 5244 ex
1107 5187 1234 5243 Cod.
1272 5186 1432 5240 basil.
1475 5185 1647 5240 Vatic.
1676 5197 1828 5240 notat
1859 5186 2072 5243 Emma-

449 5284 661 5350 nuchel,
699 5286 854 5359 121
881 5284 932 5337 id
957 5291 1062 5345 est,
1099 5279 1392 5335 Nobiscum
1422 5278 1584 5334 Deus.
1623 5277 1841 5335 Mirarus
1875 5282 2074 5338 ibidem

454 5378 759 5436 Proclainat
799 5380 1013 5451 spiritus
1045 5395 1135 5450 per
1175 5375 1514 5450 pmphetam,
1549 5375 1773 5446 angelus
1805 5378 1947 5430 testis
1974 5387 2070 5432 est.

452 5473 543 5529 Sic
574 5475 741 5528 etiam
778 5471 1138 5526 Constantius
1177 5475 1296 5524 sine
1336 5469 1445 5524 ulla
1480 5468 1851 5537 discrepantia
1883 5469 2072 5524 lcetio-

450 5569 555 5623 nis.
601 5566 850 5623 Latinius
892 5582 1024 5620 vero
1066 5580 1132 5620 ex
1166 5564 1290 5618 cod.
1321 5565 1478 5618 basil.
1514 5562 1721 5628 Vatic.,
1766 5562 2071 5617 Proclamat

454 5661 686 5730 Spiritus
714 5673 921 5723 sanctus
962 5676 1050 5731 per
1079 5660 1417 5731 prophetam,
1462 5659 1693 5731 Angelus
1723 5667 1942 5713 testatus
1974 5670 2067 5713 est.

448 5753 661 5811 Miratus
697 5753 922 5823 ibidem,
968 5752 1176 5808 Novum
1206 5751 1380 5824 Magis
1413 5754 1477 5806 de
1519 5750 1650 5808 caelo
1688 5750 1856 5809 stellw
1895 5753 2069 5810 lumen

2194 4622 2303 4676 Etsi
2334 4633 2514 4678 autem
2545 4626 2699 4680 initio
2726 4629 2915 4696 primm
2953 4627 3159 4699 pagina:
3183 4644 3317 4708 pars
3364 4629 3478 4686 lolii
3518 4631 3578 4686 de
3609 4631 3768 4686 indas.-

2191 4717 2292 4770 tria
2323 4717 2497 4793 recisa
2523 4728 2629 4784 est,
2653 4720 2703 4773 in
2721 4736 2849 4789 qua,
2868 4731 2926 4775 ut
2946 4738 3049 4792 ego
3084 4733 3238 4791 puto,
3275 4723 3681 4794 scriptumerat,
3703 4722 3768 4776 EI-

2187 4811 2331 4865 libris
2356 4809 2551 4866 Murali
2579 4831 2595 4865 :
2640 4811 2780 4867 Bibl.
2813 4813 3010 4869 Secret.
3043 4813 3178 4868 Coll.
3217 4815 3395 4885 llont.,
3429 4828 3486 4873 ut
3512 4821 3562 4872 itt
3584 4820 3767 4874 cu‘lcris

2189 4906 2340 4960 libris
2383 4905 2596 4971 Mureti,
2641 4909 2734 4978 qui
2782 4909 2834 4962 in
2889 4911 3176 4964 secretiori
3229 4911 3554 4967 bibliotheca
3583 4912 3766 4981 collegii

2190 5001 2417 5057 Romani
2454 5011 2833 5072 aSservantur,
2865 5020 3094 5060 cernere
3125 5006 3276 5070 licet,
3304 5017 3487 5064 tamen
3520 5006 3766 5062 character

2187 5094 2514 5150 variantium
2551 5097 2848 5152 lectionum
2898 5099 3120 5153 omnino
3173 5099 3373 5155 Mureti
3417 5111 3527 5167 est,
3570 5110 3621 5153 ul.
3659 5114 3764 5154 cono

2187 5189 2380 5246 fcrenti
2423 5207 2645 5246 manum
2680 5191 2875 5249 Mureti
2923 5196 2972 5247 in
3019 5195 3142 5248 aliis
3184 5195 3338 5249 libris
3371 5196 3532 5250 simili
3576 5194 3761 5250 ntodoa

2187 5286 2396 5341 Mureto
2437 5286 2671 5352 collatis,
2708 5288 2936 5357 aliisque
2970 5290 3088 5359 ejus
3122 5289 3481 5361 antograpbis
3522 5293 3572 5345 in
3601 5288 3762 5344 eadem

2185 5379 2511 5435 bibliotheca
2543 5381 2962 5452 cxsistentibus,
2999 5383 3204 5455 liquido
3236 5384 3465 5454 patebit.
3498 5384 3548 5440 ln
3578 5385 3668 5437 hac
3693 5397 3763 5436 er-

2183 5489 2251 5541 go
2280 5474 2532 5531 editione
2560 5491 2823 5534 cxcusum
2855 5480 3052 5550 legitur
3082 5481 3386 5550 adoptatur,
3422 5494 3578 5552 quem
3605 5476 3664 5532 ad
3691 5475 3756 5530 lo-

2179 5581 2299 5621 Cum
2334 5568 2576 5625 Muretus
2611 5583 2785 5639 notat,
2821 5593 2863 5630 ε.
2895 5591 2939 5628 e.
2969 5578 3168 5645 factum
3199 5584 3274 5632 est
3307 5590 3614 5634 ADORATUR:
3638 5569 3756 5643 quod

2182 5661 2251 5714 ita
2290 5662 2552 5735 intelligo,
2588 5668 2660 5720 sic
2683 5680 2820 5732 erat,
2849 5675 3041 5739 factum
3068 5678 3140 5724 est
3176 5686 3487 5739 auonawn,
3512 5667 3588 5724 vel
3619 5667 3750 5731 scrip

2180 5762 2301 5808 tura
2329 5772 2476 5810 erasa
2521 5761 2717 5830 factum
2759 5771 2836 5817 est
2864 5803 2877 5828 ,
2912 5772 3016 5820 etc.
3052 5761 3215 5823 Certe
3245 5763 3488 5823 Muretus
3524 5759 3752 5817 afﬁrmat,
