3906 6346
201 144 310 207 595

1582 127 2131 198 PROLEGONENA.

3425 153 3533 218 526

195 258 310 329 jam
351 264 484 323 tunc
536 254 740 315 factum
800 251 1050 330 conSpici
1102 251 1374 334 adoretur.
1421 251 1642 314 Similes
1689 251 1827 315 alias
1852 244 1902 308 Δ
1932 246 2119 341 librum
2139 247 2194 304 in
2221 249 2580 314 Constantium
2609 255 2970 330 imperatorem
2991 261 3085 332 fol.
3112 263 3249 329 276:
3284 265 3533 341 Ejusdem

193 342 574 410 correctiones
600 350 827 423 antiqua
871 363 1038 412 manu
1073 331 1244 406 factas
1270 347 1420 406 idem
1449 345 1828 416 Muretus'pb—

194 453 398 511 servat.
429 443 750 516 Optandum
779 455 914 503 sane
942 430 1162 507 luisset,
1191 450 1253 500 ut
1282 441 1467 499 varias
1501 440 1596 498 has
1627 438 1824 498 Mureti

195 538 465 599 lectiones
508 554 636 597 cum
691 537 858 603 notis,
892 550 1027 608 quas
1062 535 1435 604 intermiscet,
1492 549 1606 608 prae
1646 532 1826 590 oculis

198 633 488 691 habuisset
513 631 893 690 Constantius.
928 628 1061 686 Nam
1087 645 1224 703 quas
1255 628 1430 686 Roma
1457 645 1487 686 a
1515 627 1681 698 sociis
1710 629 1824 684 suis

194 728 394 786 missas
431 725 670 797 accepit,
721 723 926 796 oppido
967 739 1110 780 rarae
1160 732 1311 793 sunt,
1359 739 1538 796 neque
1583 723 1716 782 satis
1746 720 1824 779 ad

193 823 478 898 exemplar
507 820 900 891 conformatae:
925 829 980 874 ut
1003 834 1130 875 cum
1153 818 1192 873 l.
1212 834 1290 887 rx,
1318 833 1370 873 c.
1395 817 1486 884 63,
1520 824 1676 874 notat
1707 834 1719 874 :
1754 813 1822 871 In

191 917 319 974 solis
349 915 539 984 Mam,
579 906 627 973 et
653 912 776 968 Bas.
803 911 926 970 Vat.
961 926 1506 993 consunusunrun,
1529 927 1654 969 cum
1703 909 1822 966 Mu-

192 1025 346 1074 retus
374 1011 443 1067 ad
475 1009 640 1073 verba
672 1022 797 1082 cap.
827 1022 914 1065 th
948 1005 1198 1086 ejusdem
1227 1004 1378 1072 libri,
1421 1005 1610 1081 futura
1632 1007 1821 1058 volun-

192 1106 319 1161 tatis
348 1104 649 1179 agitantlos,
681 1113 876 1160 contra
908 1101 1337 1171 animadvertat,
1371 1103 1426 1156 in
1462 1101 1638 1158 veteri
1671 1099 1824 1164 codi-

190 1216 256 1258 ce
277 1199 339 1259 S.
372 1200 523 1260 Petri
547 1199 746 1259 deesse
773 1197 1197 1271 quaterniouem
1225 1210 1398 1267 usque
1420 1195 1489 1254 ad
1512 1195 1682 1271 verba
1708 1210 1826 1255 mea

189 1309 314 1357 sunt
352 1314 475 1372 cap.
514 1297 609 1368 75,
643 1297 920 1362 Praeterea
951 1294 1225 1363 Muretus,
1257 1309 1381 1353 cum
1424 1292 1699 1376 scriptura
1728 1305 1822 1347 co-

188 1391 332 1454 dicis
363 1391 521 1457 initio
551 1391 833 1453 recentior
860 1389 954 1458 sit,
988 1379 1158 1463 prope
1186 1386 1348 1467 linem
1377 1385 1498 1456 libri
1539 1400 1558 1441 ι
1590 1385 1661 1442 de
1701 1381 1823 1440 Tri-

188 1485 388 1554 nitate,
420 1484 489 1546 ad
511 1485 682 1552 verba
712 1483 1020 1551 Natiuitatis
1053 1481 1371 1554 signiﬁcatio
1396 1487 1495 1553 est,
1521 1486 1658 1547 etc.,
1682 1477 1822 1533 hanc

113 1615 115 1617 ι
187 1591 380 1636 notam
405 1578 684 1658 appingit:
713 1575 820 1638 Hic
841 1576 1026 1653 incipit
1050 1576 1268 1651 antiqua
1291 1574 1574 1657 scriptura.
1597 1570 1656 1628 In
1676 1571 1820 1630 libro

1929 339 2000 394 ad
2021 338 2383 400 Constantium
2411 347 2772 422 imperatorem
2793 353 2953 410 libros
2977 355 3106 410 duos
3134 357 3229 428 fol.
3261 338 3364 415 988
3390 378 3407 425 ;
3435 363 3535 417 Ad-

1893 442 1895 444 ’
1927 447 2100 491 versus
2126 438 2440 494 Auxentium
2471 441 2914 502 Mediolanensem
2938 447 3126 503 librum
3155 451 3250 522 fol.
3274 450 3417 518 29b;
3446 452 3534 512 Li—

1928 529 2072 589 brum
2104 532 2169 588 de
2200 532 2428 606 Synodis
2453 548 2634 594 contra
2673 540 2894 598 Arianos
2919 543 3014 616 fol.
3050 544 3175 600 500.
3211 542 3277 600 In
3313 544 3410 604 hoc
3447 565 3534 604 vo-

1928 624 2125 684 lumine
2148 626 2406 686 habentur
2436 625 2568 692 xvttt
2604 634 2734 707 folia
2773 638 2975 696 diverso
3002 640 3301 701 charactere
3331 657 3433 698 non
3461 644 3537 699 ita

1927 719 2143 787 antiquo
2172 722 2388 794 scripta,
2419 734 2463 783 et
2487 735 2602 798 post
2643 729 2823 800 folium
2869 732 2974 788 192
3025 733 3211 792 desunt
3240 732 3371 806 folia
3397 745 3531 793 octo.

1929 809 1997 866 In
2027 813 2130 884 ﬁne
2159 815 2278 870 libri
2312 817 2498 889 desunt
2541 819 2669 890 [alia
2696 821 2785 892 24,
2828 827 2881 886 in
2921 826 3104 900 quibus
3144 836 3256 883 erat
3297 828 3424 892 liber
3468 831 3534 886 de

1931 904 2180 1002 tSynodis.
2248 908 2401 1002 alio
2431 912 2501 970 35
2521 913 2715 983 inserta
2760 917 2917 1002 lu
2945 933 3063 978 sunt
3084 915 3199 985 hate
3223 924 3453 985 carmina
3476 924 3529 981 in

1927 997 2140 1056 laudent
2184 1001 2291 1059 SS.
2328 1002 2505 1069 Mauri
2531 1016 2580 1061 et
2601 1005 2865 1073 Benedicti
2883 997 2901 1065 ἑ
2934 1012 3036 1086 Qui
3067 1016 3296 1078 benedici
3321 1016 3528 1090 cupitis,

1927 1095 2030 1154 huc
2066 1099 2246 1170 festive
2266 1101 2476 1167 currite,
2508 1099 2776 1170 Benedicti
2802 1107 2964 1178 patris
2995 1122 3141 1175 opem
3164 1111 3396 1182 quaerite,
3427 1117 3536 1166 etc.

1930 1189 2265 1256 Describitur
2288 1194 2502 1270 integer
2529 1196 2787 1272 hymnus,
2817 1199 2974 1270 cujus
3002 1201 3130 1264 linis
3158 1213 3278 1262 est:
3313 1204 3430 1275 Quo
3455 1218 3542 1271 te-

1925 1283 2017 1382 qui
2047 1301 2142 1382 nos
2170 1285 2326 1344 donet
2346 1286 2608 1356 Christus.
2637 1288 2782 1353 Casu
2803 1291 2967 1347 incidi
2991 1293 3044 1352 in
3073 1305 3354 1359 auctorem
3375 1295 3537 1382 hujus

1927 1376 2138 1453 hymni.
2172 1383 2417 1450 Joannes
2437 1381 2705 1450 Mezlerus
2735 1384 2804 1441 de
2829 1385 2945 1446 Vir.
2979 1387 3180 1450 illustr.
3217 1376 3539 1453 manastcrii

1927 1472 1988 1530 S.
2017 1473 2156 1532 Galli
2189 1475 2557 1547 Eckerardum
2586 1477 2900 1554 seniorem,
2957 1479 3050 1555 qui
3079 1480 3215 1550 obiit
3235 1496 3382 1553 anno
3409 1481 3541 1552 96,6,

1927 1582 2048 1625 cum
2071 1569 2277 1641 laudat,
2307 1571 2388 1629 sic
2413 1559 2582 1646 relert
2607 1589 2620 1627 :
2652 1572 2877 1647 Scripsit
2905 1576 3195 1646 sequentias
3217 1591 3237 1629 :
3267 1573 3373 1648 Qui
3393 1562 3545 1645 bene-

192 1684 384 1738 autem
410 1651 748 1755 de'Synodis
778 1651 1047 1734 adversus
1085 1669 1346 1742 Arianos,
1371 1651 1439 1726 ad
1468 1667 1634 1751 verba
1659 1711 1674 1737 ,
1707 1683 1820 1724 cer-
1848 1651 1900 1720 Β
1926 1660 2032 1718 dici
2061 1664 2273 1736 cupitis,
2303 1673 2412 1722 etc.
3523 1716 3576 1737 ,γι

189 1780 400 1840 tumque
425 1768 528 1838 ﬁlii
550 1785 665 1833 vere
689 1767 813 1842 filii,
847 1775 982 1838 etc.,
1010 1765 1091 1824 sic
1113 1775 1266 1822 natat
1293 1782 1306 1817 :
1339 1761 1627 1838 Hucusque
1655 1759 1819 1818 coclea:

193 1863 250 1918 S.
287 1861 357 1918 P.
386 1861 515 1923 Htec
547 1859 809 1934 (reliqua)
836 1870 957 1916 sunt
981 1859 1299 1933 conferenda
1327 1873 1445 1914 cum
1472 1856 1647 1924 Vatia.
1673 1856 1821 1913 codi-

191 1956 362 2024 cibus,
388 1964 446 2010 ut
475 1937 668 2014 revera
695 1947 951 2023 contulit,
980 1968 1046 2011 ac
1070 1952 1492 2027 discrepantiam
1515 1949 1817 2009 lectionum

191 2050 358 2109 simili
386 2049 551 2106 modo
579 2065 647 2110 ex
674 2047 795 2105 Vat.
830 2046 958 2105 cod.
979 2046 1221 2121 margini
1250 2044 1470 2117 adjecit.
1539 2052 1551 2070 ‘-

262 2142 393 2199 221
437 2143 560 2198 Alia
581 2140 1032 2214 deindeiquaestio
1044 2137 1276 2197 sﬁborla
1288 2152 1370 2196 εει
1394 2139 1463 2194 de
1487 2137 1814 2213 antiquitate

187 2238 422 2306 codicis,
451 2238 544 2309 qui
569 2238 622 2292 iu
651 2235 896 2294 archivio
920 2235 1164 2294 basilica:
1178 2232 1452 2307 Vaticana:
1472 2243 1810 2300 asservatur.

175 2332 270 2401 _Ac
295 2332 537 2403 primum
569 2331 820 2396 adverto,
847 2338 1098 2388 hortante
1118 2330 1382 2385 satculum
1415 2327 1561 2382 xvad
1594 2326 1813 2384 tabula-

187 2425 385 2481 larium
415 2424 656 2480 basilicae
685 2421 745 2480 S.
778 2422 922 2479 Petri
957 2422 1114 2500 123
1141 2421 1389 2487 codicem
1420 2422 1481 2478 S.
1510 2420 1702 2478 Hilarii
1733 2422 1814 2479 vi-

185 2517 306 2575 deri
339 2517 580 2574 delatum
615 2535 628 2570 :
662 2517 934 2588 siquidem
986 2516 1307 2571 Ambrosius
1342 2513 1772 2573 Camaldulensis
1795 2557 1810 2581 ,

186 2612 282 2682 qui
326 2608 748 2683 diligentissime
788 2608 966 2664 ubivis
990 2609 1210 2664 codices
1242 2620 1476 2681 veteres,
1507 2610 1812 2680 prmsertim

185 2714 515 2762 sanctorum
552 2704 796 2772 Patrum,
835 2704 1223 2778 investigabat,
1258 2704 1448 2760 Roma:
1470 2704 1702 2777 primum
1735 2705 1815 2760 hi-

186 2799 527 2856 bliotheCarn
559 2797 862 2863 Pontiﬁcis,
910 2798 996 2853 dei
1024 2796 1110 2853 ide
1142 2796 1527 2878 bibliothecam
1556 2796 1614 2852 S.
1665 2796 1810 2853 Petri

187 2893 570 2964 perlustravit,
600 2903 658 2950 et
688 2892 756 2948 de
779 2894 884 2948 hac
923 2893 1003 2948 sic
1031 2891 1198 2947 refert
1228 2895 1283 2948 in
1332 2891 1666 2947 Marteniana
1697 2891 1806 2946 col-

187 2987 431 3045 lectione
459 2989 659 3062 Script.
695 2996 831 3044 tom.
861 3003 922 3056 tt,
955 2988 1063 3044 col.
1095 2985 1225 3055 545,
1271 2988 1432 3059 epist.
1467 2988 1533 3043 16
1568 3005 1580 3042 :
1609 2985 1808 3042 Biblio-

1993 1757 2120 1814 224.
2165 1758 2510 1817 Mabillonius
2537 1760 2606 1832 de
2636 1760 2716 1823 Re
2744 1761 2976 1835 diplom.
3020 1762 3231 1844 profert
3267 1764 3430 1833 etiam
3459 1763 3548 1825 in-

1921 1855 2280 1935 scriptionem
2314 1857 2466 1922 anni,
2500 1873 2610 1938 quo
2641 1857 2878 1924 collatus
2907 1869 2994 1915 est
3014 1860 3188 1926 codex
3219 1858 3446 1928 llilarii,
3476 1859 3544 1916 ab

1918 1948 2118 2003 incerto
2144 1948 2374 2026 quodam
2405 1950 2547 2005 libris
2583 1949 2784 2007 Hilarii
2821 1951 2885 2018 de
2922 1951 3183 2016 Trinitate
3226 1952 3451 2036 (melius
3480 1953 3545 2008 li-

1920 2040 2012 2095 bro
2042 2041 2096 2096 in
2125 2039 2492 2098 Constantium
2535 2042 2796 2116 dixisset)
2859 2043 3217 2123 subjunctant.
3291 2046 3547 2117 Advertit

1920 2149 2068 2204 eum,
2094 2135 2184 2208 qui
2211 2137 2524 2209 catalogum
2553 2137 2806 2193 ecclesiae
2828 2137 3106 2208 Vaticana:
3137 2138 3436 2212 ordinavit,
3468 2139 3548 2196 le-

1918 2229 2066 2304 gisse
2098 2227 2339 2295 Contuli,
2368 2238 2475 2286 etc.
2510 2229 2773 2302 Putzalis,
2805 2241 2860 2288 et
2885 2232 3220 2304 explicuisse
3246 2233 3315 2290 de
3344 2233 3548 2311 oppido

1922 2322 2231 2379 Putrazzio.
2261 2324 2383 2397 Ipse
2410 2339 2561 2394 vero,
2597 2325 2850 2406 quamvis
2881 2327 3125 2390 codicem
3156 2343 3267 2396 non
3297 2328 3499 2396 viderit
3526 2369 3545 2395 ,

1919 2432 1988 2473 ex
2018 2416 2197 2473 forma
2223 2417 2606 2478 characterem
2638 2422 2705 2495 ad
2750 2437 2811 2480 se
2856 2425 3176 2486 transmissa
3205 2425 3495 2491 contendit
3524 2455 3571 2494 ,-

1920 2509 2216 2581 legendum
2245 2511 2385 2591 apud
2409 2511 2628 2574 Kasulis
2657 2530 2756 2586 pro
2787 2505 3044 2594 Putzd‘lis,
3069 2529 3123 2588 et
3162 2517 3421 2595 intelligit
3444 2517 3547 2575 Ca-

1921 2605 2096 2660 sulam
2122 2606 2311 2664 urbem
2339 2609 2634 2682 provinciae
2656 2608 2961 2679 Bizacenaz.

1991 2697 2121 2754 225.
2153 2699 2288 2756 Cum
2312 2713 2493 2760 autem
2525 2716 2718 2775 omnes
2747 2705 3172 2761 consentiantin
3196 2721 3340 2761 anno
3371 2721 3542 2779 quat»

1920 2790 2195 2848 todecimo
2237 2794 2400 2864 regis,
2452 2810 2614 2865 quem
2656 2795 2910 2867 plerique
2959 2790 3407 2868 Trasamundum,
3447 2803 3544 2859 alii

1915 2883 2394 2953 Transamundutn,
2422 2885 2474 2942 in
2498 2887 2694 2945 codice
2720 2892 2900 2948 vocari
2923 2890 3224 2963 afﬁrmant,
3243 2909 3353 2964 quo
3371 2895 3542 2952 colla-

1915 2987 2001 3034 tus
2025 2989 2112 3036 est
2137 2978 2332 3048 codex,
2366 2981 2572 3037 nullum
2608 2983 2825 3039 videtur
2853 3000 3147 3062 superesse
3197 2987 3422 3045 dubium
3466 2990 3540 3048 de

190 3083 393 3140 thecam
423 3082 484 3139 S.
517 3061 668 3138 Petri
684 3082 861 3137 videre
891 3082 1052 3149 volui,
1079 3098 1295 3151 sperans
1337 3081 1538 3155 aliquid
1575 3081 1812 3136 inventu-
1839 3061 1886 3131 C
1917 3073 2035 3144 ejus
2066 3083 2230 3130 atate
2258 3075 2408 3131 circa
2449 3092 2650 3133 annum
2680 3077 2786 3134 500
2827 3061 3224 3142 tonstituenda.
3270 3083 3380 3141 Sed
3411 3100 3542 3159 pos-

191 3195 310 3233 rum
362 3178 504 3233 novi.
544 3178 829 3233 Audierant
865 3177 1002 3231 enim
1049 3178 1318 3248 complura
1357 3194 1469 3234 esse
1501 3177 1762 3230 volumina
1794 3193 1812 3231 :

189 3271 280 3325 sed
312 3268 448 3323 nihil
470 3269 680 3324 omnino
708 3271 956 3324 memoria
975 3270 1189 3343 dignum
1213 3269 1405 3323 inveni.
1442 3267 1540 3323 Via:
1563 3285 1731 3339 pauca
1754 3286 1815 3324 ea:

190 3361 344 3417 rebus
374 3363 656 3420 notissimis
686 3361 904 3433 o/fendi,
939 3363 1084 3425 vilia.
1113 3372 1222 3420 etc.
1272 3363 1619 3419 Mabillonius
1641 3363 1708 3419 de
1737 3362 1815 3418 Re

192 3457 453 3528 diplom.,
483 3475 535 3528 p.
556 3458 685 3521 356,
717 3459 770 3513 in
799 3457 1037 3514 secunda
1066 3467 1225 3514 actate
1247 3447 1539 3530 scripturae
1574 3473 1815 3512 romana:

192 3551 291 3616 ait,
327 3551 609 3617 laudatum
632 3551 878 3608 codicem
908 3554 1174 3631 scriptum
1205 3567 1328 3608 esse
1354 3551 1446 3606 sub
1469 3552 1622 3620 ﬁnem
1645 3553 1815 3621 quarti

190 3648 395 3716 surculi,
435 3656 525 3701 aut
568 3647 778 3702 ineunte
815 3647 1043 3720 quinto':
1073 3647 1169 3706 sed
1200 3645 1374 3701 voluit.
1405 3645 1626 3709 dicere;
1661 3654 1720 3701 ut
1748 3661 1812 3699 ex

194 3750 455 3798 contextu
491 3742 616 3822 ipso
636 3742 937 3816 colligitur,
967 3746 1060 3796 sub
1100 3743 1254 3812 ﬁnem
1297 3741 1461 3808 quinti
1488 3741 1685 3806 strculi,
1726 3749 1815 3794 aut

192 3835 406 3890 ineunte
427 3844 804 3906 scutumque
834 3836 905 3888 ita
934 3835 1177 3889 correxit
1224 3835 1273 3888 in
1320 3831 1599 3909 Supplem.
1635 3833 1701 3888 de
1737 3834 1814 3890 lle

193 3929 450 4001 diplom.,
478 3944 533 4001 p.
560 3929 651 3994 '78,
685 3927 777 3985 79.
807 3928 863 3983 ln
895 3926 1000 3982 ﬁne
1033 3925 1164 3983 libri
1201 3928 1254 3981 in
1277 3926 1653 3984 Constantium
1683 3927 1813 3998 legi.

194 4031 283 4077 tur
315 4021 601 4094 inscriptio
629 4021 914 4097 cujusdam
945 4022 1208 4087 studiosi,
1256 4023 1346 4092 qui
1388 4021 1631 4078 codicem
1680 4037 1813 4077 con.

196 4117 319 4171 tulit
345 4130 492 4172 anno
517 4115 585 4172 14
611 4115 974 4172 Trasamundi
1000 4116 1170 4188 regis,
1193 4117 1282 4187 qui
1308 4133 1503 4179 anuus,
1537 4130 1595 4172 ut
1625 4117 1816 4174 obser-

197 4219 289 4266 vat
319 4209 675 4268 Mabillonius
702 4224 770 4266 ex
796 4209 1106 4276 Ilolsteuio,
1138 4209 1400 4265 convenit
1429 4225 1572 4266 anno
1597 4209 1721 4266 510.

264 4305 396 4363 223.
435 4305 489 4358 lu
520 4303 711 4360 codice
737 4303 1112 4359 Alexandrino
1141 4303 1413 4360 Vaticana:
1446 4297 1812 4373 bibliotheca),

196 4412 433 4455 numero
462 4397 620 4464 1598,
652 4395 893 4450 chartae.
927 4397 980 4451 in
1012 4396 1098 4465 8°,
1130 4398 1289 4473 initio
1331 4407 1506 4453 exstat
1538 4400 1813 4468 catalogus

1918 3183 2181 3226 sumusne
2211 3170 2344 3225 certi
2373 3186 2497 3227 esse
2527 3172 2595 3228 de
2644 3174 2873 3229 veritate
2926 3175 3086 3249 hujus
3120 3179 3541 3251 inscriptionis?

1920 3263 2077 3334 Saepe
2107 3263 2424 3335 ltujusmodi
2455 3267 2889 3338 subscriptiones
2929 3281 3021 3326 aut
3051 3273 3118 3328 ab
3146 3272 3350 3345 ignaris
3377 3275 3542 3333 libra.-

1919 3360 2015 3415 riis
2044 3361 2258 3416 additas
2291 3360 2482 3433 luisse,
2518 3373 2613 3418 aut
2647 3363 2774 3419 dolo
2812 3366 2957 3421 malo
3002 3367 3269 3440 invectas,
3319 3381 3377 3428 nt
3419 3386 3543 3444 pre-

1922 3453 2053 3508 tium
2079 3453 2362 3510 codicibus
2389 3466 2752 3530 quaereretur,
2779 3457 2892 3519 dixi
2934 3475 3098 3532 supra
3135 3476 3285 3517 num.
3319 3463 3446 3532 159,
3485 3475 3542 3520 et

1920 3562 2071 3602 num.
2107 3547 2212 3604 160
2238 3551 2595 3620 comprobari
2640 3551 2992 3621 apertissimo
3024 3554 3279 3633 exemplo
3311 3557 3539 3623 alterius

1918 3643 2123 3699 codicis
2175 3644 2423 3714 ejusdem
2473 3644 2713 3702 basilica:
2747 3646 3061 3721 Vaticanae,
3113 3650 3204 3728 qui
3253 3661 3538 3713 correctus

1918 3733 2115 3790 dicitur
2144 3736 2299 3796 initio
2326 3738 2512 3793 smculi
2546 3754 2596 3791 ν.
2635 3739 2978 3797 Mabillonius
3003 3741 3120 3816 ipse
3152 3742 3314 3815 hujus
3341 3746 3416 3799 rei
3441 3761 3538 3802 ex.

1918 3826 2357 3898 perientissimus
2410 3847 2477 3887 ex
2540 3832 2702 3892 simili
2749 3836 3106 3910 supposititia
3168 3837 3540 3911 inscriptione

1917 3923 2178 3995 deceptus
2235 3925 2529 3994 aliquando
2598 3925 2742 3996 fuit,
2805 3937 2860 3984 et
2905 3930 3330 3988 instrumentum
3384 3947 3531 3988 anno

1919 4017 2024 4074 56l
2076 4027 2361 4074 exaratum
2399 4022 2450 4074 in
2501 4020 2739 4077 tabulam
2775 4023 2964 4091 primae
3011 4024 3188 4084 aetatis
3243 4031 3532 4102 SCI‘lpllll‘il!

1918 4128 2159 4168 romanae
2197 4113 2421 4182 retulit,
2473 4124 2672 4185 putans
2709 4129 2833 4172 esse
2875 4126 3266 4174 testamentum
3305 4117 3367 4174 C.
3401 4118 3531 4175 Julii

1918 4205 2185 4273 Caesaris;
2249 4222 2410 4279 quam
2463 4207 2708 4265 fraudem
2740 4210 2974 4279 ipsemet
3020 4226 3150 4267 casu
3200 4221 3392 4287 postea
3434 4214 3533 4270 de-

1922 4301 2080 4355 texit.

1992 4396 2117 4464 226.
2147 4395 2298 4452 llaud
2329 4397 2521 4470 ignoro
2548 4397 2825 4469 equidem,
2860 4399 3117 4456 standum
3158 4415 3282 4458 esse
3318 4417 3417 4478 pro
3438 4418 3532 4460 ve-

193 4489 550 4547 biblimhecae
577 4490 822 4544 basilicae
854 4489 1153 4557 Vaticana}.
1178 4469 1546 4562 conscriptus,
1583 4504 1639 4547 ut
1663 4493 1813 4548 vide-
1839 4464 1896 4531 Ῑ)
1921 4493 2078 4546 ritate
2110 4492 2528 4563 subscriptionis
2554 4535 2568 4560 ,
2610 4494 2711 4550 nisi
2763 4494 2947 4549 adsint
2987 4475 3338 4552 fundamenta
3373 4497 3533 4553 dubi-

196 4593 307 4651 tur,
342 4583 548 4638 saeculo
584 4598 695 4637 xvu
731 4584 976 4638 ineunte.
1006 4583 1098 4639 Sic
1124 4585 1175 4638 in
1209 4584 1310 4639 hoc
1329 4587 1578 4654 catalogo
1601 4586 1811 4642 descri-

196 4677 352 4734 bitur
373 4675 547 4732 codex
580 4675 639 4731 S.
667 4675 853 4731 llilarii
880 4717 894 4742 ,
919 4677 1010 4745 qui
1039 4677 1090 4732 in
1118 4677 1364 4733 archivio
1389 4679 1630 4736 basilicae
1662 4681 1814 4736 Vati-

196 4785 355 4826 cana:
383 4769 704 4837 custoditur,
743 4784 863 4840 pag.
893 4767 928 4822 4
959 4785 1113 4826 versa
1148 4788 1160 4824 :
1193 4771 1256 4828 S.
1291 4771 1490 4826 Hilarii
1519 4774 1647 4830 liber
1677 4776 1814 4830 anti-

199 4864 452 4936 quissimo
482 4861 774 4917 charactere
803 4871 920 4918 ante
961 4865 1102 4920 mille
1129 4875 1178 4920 et
1210 4876 1410 4920 centum
1458 4885 1622 4925 annos
1651 4870 1813 4940 scrip-

132 4942 136 4945 l
200 4968 284 5013 tus
315 4973 332 5011 :
363 4958 492 5030 folio
519 4959 654 5012 enim
679 4958 787 5014 288
807 4967 1110 5014 annotatum
1136 4969 1209 5016 est
1243 4977 1259 5014 :
1287 4959 1496 5018 Contuli
1524 4964 1577 5017 in
1608 4965 1815 5019 nomine

198 5050 416 5107 Domini
440 5052 607 5110 nostri
633 5051 761 5108 Jesu
792 5052 988 5108 Christi
1019 5052 1320 5110 Putrasulis
1341 5058 1648 5113 constitutus
1676 5075 1816 5113 anno

197 5156 391 5219 quarto
425 5147 623 5202 decimo
653 5145 1039 5202 Transamundi
1079 5149 1234 5222 regis.
1266 5151 1346 5206 Ad
1396 5152 1694 5221 marginem
1726 5168 1812 5208 ca-

198 5239 367 5311 talogi
410 5238 575 5311 hujus
624 5239 825 5309 legitur
875 5249 1000 5295 nota
1047 5239 1238 5296 codem
1286 5242 1623 5310 charactere,
1666 5243 1818 5300 Circa

202 5349 399 5386 annum
431 5331 639 5389 Domini
672 5333 798 5401 500,
827 5342 882 5389 et
907 5331 976 5388 ad
1006 5348 1191 5388 vocem
1226 5332 1529 5390 Putrasulis
1554 5335 1657 5391 alia
1688 5348 1815 5393 nota

204 5425 400 5481 eodem
447 5427 788 5492 charactere,
820 5425 988 5482 Locus
1019 5428 1071 5480 in
1101 5426 1281 5497 Africa
1311 5430 1366 5482 in
1397 5430 1665 5499 provincia
1696 5429 1816 5486 Nu-

207 5521 388 5574 midia:
414 5521 552 5576 inter
583 5514 943 5587 Tunclutn,‘ct
972 5537 1141 5575 arcem
1173 5519 1374 5576 Culetw
1397 5563 1411 5588 ,
1466 5524 1618 5578 hodie
1667 5526 1819 5596 vulgo

205 5627 509 5670 auruncum
539 5614 724 5668 dictus.
774 5613 960 5683 Pergit
997 5613 1189 5669 deinde
1229 5613 1524 5682 descriptio
1563 5616 1767 5672 codicis
1803 5635 1817 5671 :

207 5704 450 5766 Continet
480 5718 654 5762 autem
688 5707 841 5762 libros
873 5723 945 5762 xu
974 5707 1038 5761 de
1069 5705 1320 5762 Trinitate
1351 5717 1527 5762 contra
1559 5709 1816 5777 Aricinos;

1917 4587 2086 4642 tandi.
2121 4587 2188 4640 At
2237 4587 2290 4644 in
2337 4604 2396 4644 re
2445 4598 2633 4644 nostra
2681 4589 2972 4646 dubitandi
3015 4591 3214 4647 adsunt
3247 4608 3348 4648 nec
3391 4593 3532 4650 levia

1917 4679 2133 4752 quidem
2165 4679 2542 4738 fundamenta.
2575 4680 2870 4738 Character
2898 4682 3105 4744 codicis
3140 4683 3195 4740 in
3229 4684 3527 4756 specimine

1918 4775 2194 4832 exhibitas
2234 4791 2260 4827 a
2306 4773 2624 4831 Mabillonio
2663 4777 2870 4831 nullum
2920 4792 3029 4848 prae
3059 4793 3119 4832 se
3167 4777 3270 4832 fert
3313 4786 3520 4832 certum

1920 4869 2181 4932 indicium
2201 4880 2362 4926 tantae.
2391 4873 2702 4943 vetustatis,
2727 4879 2786 4926 ut
2809 4871 2875 4927 ad
2903 4872 3163 4927 saeculum
3193 4886 3243 4926 vr
3277 4869 3526 4926 revocari

1922 4967 2095 5037 possit
2130 4985 2142 5022 :
2173 4975 2334 5036 atque
2377 4967 2447 5022 ita
2480 4966 2759 5022 existimat
2785 4981 2891 5022 non
2935 4966 3110 5020 solum
3152 4964 3478 5021 Germonius
3508 5007 3522 5026 .

1921 5060 2016 5116 sed
2041 5062 2204 5116 etiam
2233 5059 2474 5113 Maﬂ'eius
2501 5060 2554 5114 in
2588 5059 2798 5132 praelat.
2830 5056 2896 5110 ad
2923 5055 3219 5118 editionem
3263 5055 3322 5112 S.
3375 5055 3523 5111 llila-
3564 5089 3569 5093 -

1922 5154 2010 5210 rii.
2041 5152 2228 5224 Neque
2248 5152 2411 5208 aliter
2444 5153 2765 5206 mihivisum
2798 5149 3051 5225 e5t125
3071 5147 3319 5203 codicem
3343 5149 3523 5222 ipsum

1923 5246 2254 5318 inspicieuti.
2289 5245 2599 5314 Specimeu,
2633 5242 2776 5313 quod
2798 5243 3027 5309 praebuit
3050 5242 3414 5312 Mabillonius,
3444 5254 3530 5299 at-

1923 5355 2026 5411 que
2072 5356 2135 5395 ex
2169 5338 2482 5394 Mabillonio
2511 5335 2620 5390 duo
2662 5335 2888 5389 Maurini
2931 5342 3184 5389 auctores
3232 5335 3524 5392 Tractatus

1925 5430 2270 5502 Diplomatici
2315 5428 2508 5498 gallice
2566 5437 2696 5481 tom.
2732 5427 2839 5493 lli,
2887 5427 3150 5497 majorem
3198 5437 3521 5486 vetustatem

1926 5541 2037 5598 prae
2061 5540 2121 5580 se
2145 5523 2288 5578 ferre
2312 5522 2546 5587 videtur,
2582 5538 2741 5591 quam
2772 5521 3056 5592 exemplar
3081 5523 3252 5590 ipsum
3287 5523 3530 5598 basilicae

1928 5619 2221 5673 Vaticanis.
2284 5613 2436 5670 Hunc
2475 5615 2620 5670 enim
2662 5615 2908 5670 codicem
2951 5614 3263 5691 intelligunt
3304 5615 3411 5671 duo
3452 5618 3528 5671 illi

1921 5709 2170 5776 Maurini,
2205 5721 2326 5762 Cum
2372 5722 2491 5779 pag.
2519 5706 2624 5763 265
2660 5707 2886 5762 codicem
2931 5724 3025 5761 ms.
3080 5706 3392 5765 Vaticanum
3437 5724 3531 5781 ap-
