3904 6322
417 229 520 283 5‘37

1719 225 2000 282 (LOELIUS
2045 222 2408 283 SEllULlUS.

3633 215 3732 273 εὶς

408 342 629 412 pellant.
658 342 799 398 Sane
829 341 1014 397 Hilarii
1041 350 1217 396 textus
1241 354 1346 395 non
1377 348 1462 396 est
1489 342 1540 396 in
1573 340 1710 395 duas
1737 343 2024 398 columnas
2051 350 2098 407 Λ
2131 355 2347 412 semper
2378 338 2483 393 fuit
2527 334 2670 391 ratio
2701 334 3011 403 dubitandi,
3057 347 3126 388 an
3154 347 3220 389 ex
3249 332 3525 388 sententia
3551 329 3735 386 Hilarii

410 437 638 506 divisus,
667 449 726 494 ut
748 449 871 493 sunt
899 453 1089 492 omnes
1115 436 1354 502 codices,
1386 451 1526 507 quos
1550 445 1699 490 certo
1725 437 1929 492 scimus
1955 439 2021 492 ad

406 546 529 586 eam
561 533 938 602 antiquitatem
979 530 1297 600 pervenire,
1333 538 1388 584 et
1420 538 1550 584 sunt
1588 530 1750 585 etiam
1788 531 1896 582 duo
1943 529 2020 585 illi

413 627 630 681 codices
663 625 1003 680 Veronenscs
1038 624 1247 688 Hilarii,
1290 639 1521 693 quorum
1572 623 1850 694 specimen
1894 621 2024 677 Mai-

405 718 545 778 icius
577 721 627 774 in
658 720 865 788 praefat.
899 719 966 774 ad
989 734 1155 789 opera
1185 719 1243 774 S.
1277 719 1732 775 llilariicxhibet.
1759 717 2018 773 Omnium

403 812 778 867 characternm
825 812 999 866 forma
1027 812 1343 881 sequiorem
1374 820 1588 867 (etatem
1619 810 1830 866 redolet
1857 827 1869 863 :
1902 824 2021 865 ver-

405 907 472 962 ba
495 915 619 976 apto
652 905 940 961 intervallo
973 907 1114 961 inter
1142 921 1203 962 se
1238 915 1490 977 separata
1521 914 1678 972 sunt,
1721 903 1865 975 quod
1897 919 2016 960 cer-

403 1001 673 1056 tissinmrn
703 1012 1087 1072 argumentum
1133 1011 1357 1074 putatur
1385 1013 1444 1058 ut
1474 1002 1692 1060 codices
1723 1018 1832 1057 non
1861 1003 2021 1061 valde

407 1096 612 1164 antiqui
633 1095 1046 1152 existimentur.
1071 1096 1128 1153 Si
1149 1097 1395 1154 codicem
1426 1105 1634 1153 attente
1650 1095 1927 1167 expendas
1948 1095 2014 1152 ad

402 1192 661 1261 regulas,
722 1207 856 1261 quas
904 1192 1279 1248 Trombellius
1334 1192 1402 1248 de
1461 1194 1596 1248 Arte
1643 1191 2014 1262 cognoscendi

405 1293 621 1340 aetatem
654 1285 904 1341 codicum
927 1285 1085 1341 nobis
1114 1285 1360 1354 tradidit,
1395 1285 1512 1341 sine
1534 1285 1641 1340 ulla
1677 1284 2018 1341 lnesitatione

407 1380 656 1450 colliges,
707 1381 954 1437 codicem
983 1381 1188 1437 saeculo
1219 1397 1314 1436 \‘Hl
1345 1391 1439 1437 aut
1473 1396 1528 1436 rx
1559 1394 1682 1436 esse
1728 1381 2014 1450 scriptum.

475 1474 606 1527 227.
643 1474 698 1528 In
731 1474 1138 1544 subscriptione
1180 1474 1298 1544 ipsa
1335 1475 1504 1530 multa
1553 1474 1810 1529 falsitatis
1851 1489 2015 1546 argu-

406 1576 588 1622 menta
619 1569 825 1638 profert
854 1559 1181 1624 Οθιιιιοιιίἰιε
1216 1588 1227 1622 :
1263 1586 1385 1625 nam
1415 1585 1538 1626 cum
1565 1572 1615 1624 in
1647 1570 1753 1625 line
1783 1569 2014 1626 aliorum

404 1663 565 1716 etiam
599 1663 858 1717 librorum
893 1663 1085 1718 Hilarii
1116 1665 1329 1734 legatur
1355 1665 1674 1720 charactere
1703 1665 1835 1719 satis
1864 1665 2014 1721 claro

2128 434 2397 500 adoratur,
2423 446 2492 486 an
2521 429 2826 499 adoptatur,
2862 438 3085 500 prmstet
3114 428 3318 499 legere.
3357 425 3586 480 Etiamsi
3615 441 3738 481 vero

2127 526 2326 595 aliquis
2358 523 2492 579 velit
2536 523 2765 594 lingere,
2818 523 3044 579 verbum
3095 521 3380 593 adoptatur
3436 518 3618 590 aliqua
3671 536 3734 574 ex

2126 631 2280 694 parte
2332 618 2470 676 trahi
2503 634 2670 690 posse
2717 618 2787 674 ad
2832 618 3166 690 probandam
3223 615 3480 672 haeresim
3524 614 3734 681 Felicis,

2129 724 2308 771 tamen
2364 728 2556 771 omnes
2611 714 2966 770 consentiunt
3003 712 3194 769 Hilarii
3248 721 3492 768 mentem
3534 710 3736 782 longis-

2123 811 2259 867 sime
2287 810 2356 866 ab
2378 825 2440 866 ea
2475 810 2670 866 haeresi
2701 809 2928 879 distare,
2960 820 3020 866 ut
3046 824 3113 867 ex
3142 809 3449 866 innumeris
3472 805 3608 863 locis
3625 809 3734 878 ejus

2123 919 2348 976 Operum
2400 915 2549 976 patet
2583 921 2599 961 :
2633 921 2755 976 qua:
2808 919 2938 962 vera
2990 913 3076 961 est
3139 905 3279 960 ratio
3347 897 3734 973 interpretandi

2121 1001 2288 1056 verba
2319 999 2643 1056 obscuriora
2675 1016 2798 1072 qua:
2834 1001 2888 1056 in
2917 999 3164 1062 Patribus
3202 1013 3614 1068 nonnumquam
3643 1012 3734 1053 oc-

2120 1103 2372 1151 currunt.
2405 1094 2705 1166 Propterea
2757 1095 3104 1167 Agobardus,
3136 1095 3254 1167 qui,
3279 1093 3464 1151 Felice
3493 1095 3606 1148 vita
3629 1094 3733 1164 jam

2099 1188 2330 1262 iuncto,
2387 1189 2647 1246 haeresim
2703 1191 3042 1259 Felicianam
3085 1190 3442 1262 impugnavit,
3496 1189 3730 1246 codicem

2121 1283 2312 1339 Hilarii
2344 1293 2560 1352 nactus,
2595 1285 2647 1340 in
2679 1301 2788 1356 quo
2819 1285 3105 1357 legebatur
3135 1285 3441 1357 adoptatur,
3476 1300 3542 1341 ex
3589 1301 3728 1351 prac-

2118 1379 2438 1436 cedentibns
2468 1389 2525 1436 et
2560 1382 3026 1453 consequentibus
3076 1381 3130 1436 id
3180 1380 3410 1448 verbum
3443 1379 3734 1435 declaravit

2118 1491 2219 1546 pro
2243 1477 2545 1530 assumitur.
2577 1475 2800 1532 Crimen
2822 1491 2952 1532 vero
2981 1474 3159 1530 falsati
3183 1473 3398 1531 codicis
3427 1472 3536 1529 nOn
3567 1474 3726 1542 obje-

2120 1568 2216 1638 cit,
2262 1569 2379 1626 sive
2409 1569 2462 1625 id
2487 1569 2847 1642 ignoraverit,
2889 1569 3009 1626 sive
3061 1571 3269 1624 amicos
3312 1566 3551 1635 Felicis,
3603 1581 3731 1638 quos

2120 1662 2301 1718 adhuc
2331 1674 2624 1734 superesse
2653 1662 2924 1734 queritur,
2950 1663 3234 1719 offendere
3276 1661 3545 1718 noluerit.
3578 1661 3732 1718 Certe

406 1751 634 1819 Contuli,
687 1756 770 1809 vel
827 1754 1037 1809 Contuli
1089 1757 1142 1808 in
1195 1757 1406 1810 nomine
1436 1755 1648 1810 Domini
1687 1757 1850 1810 nostri
1885 1755 2013 1811 Iesu
2046 1756 2093 1818 B
2122 1769 2300 1829 neque
2326 1757 2420 1813 illa
2445 1757 2672 1813 crimina
2702 1758 2904 1828 attigit,
2931 1773 3050 1829 quae
3075 1758 3128 1813 in
3148 1757 3384 1814 concilio
3413 1755 3730 1814 Francolor'

403 1843 621 1912 Christi,
652 1847 840 1914 verba,
872 1864 994 1918 qua:
1025 1848 1078 1902 in
1110 1848 1218 1903 ﬁne
1248 1849 1376 1904 libri
1407 1861 1599 1905 contra
1630 1849 2012 1906 Constantium

400 1940 694 2007 adduntur,
719 1942 857 2014 apud
884 1941 1096 1998 Kasttlis
1129 1945 1436 1999 constitutus
1457 1963 1596 2000 anno
1625 1946 2012 2016 quartodecimo

400 2030 748 2089 Trasamundi
790 2038 946 2106 regis,
1007 2035 1260 2092 videntur
1303 2053 1426 2093 esse
1476 2038 1710 2094 diversa:
1739 2037 1930 2094 forma:
1957 2047 2013 2094 et

403 2130 734 2198 posterioris
783 2131 983 2196 anatis,
1020 2142 1076 2186 ut
1105 2141 1334 2202 apparet
1378 2133 1429 2186 in
1465 2133 1778 2202 Specimine
1810 2134 2012 2191 tabqu

402 2221 821 2280 Mabillonianaa.
859 2224 970 2280 Hoc
1002 2225 1178 2295 ipsum
1209 2225 1408 2297 arguit,
1444 2228 1587 2297 quod
1617 2244 1678 2283 ea
1709 2227 1817 2284 alio
1848 2228 2012 2286 modo

400 2317 471 2373 ab
520 2315 639 2372 aliis
672 2317 926 2385 leguntur
967 2329 1020 2373 et
1051 2318 1423 2389 explicantur,
1456 2334 1579 2376 cum
1614 2321 1795 2391 priora
1845 2322 2010 2378 verba

400 2409 826 2480 subscriptionis
877 2412 1019 2466 illico
1048 2412 1115 2467 ab
1147 2413 1403 2469 omnibus
1447 2413 1841 2486 intelligantur.
1869 2417 2011 2483 Quin

403 2509 568 2563 etiam
601 2507 842 2562 Mall‘eius
875 2524 1048 2578 neque
1096 2507 1355 2572 Puteolis,
1417 2518 1476 2564 ut
1513 2509 1645 2578 legit
1673 2510 2005 2581 Holstenins,

399 2615 578 2671 neque
607 2601 753 2669 apud
785 2598 1024 2667 Kasulis,
1061 2612 1120 2655 ut
1151 2602 1275 2671 legit
1307 2601 1677 2672 Mabillonius,
1711 2606 1922 2674 probat,
1956 2615 2012 2662 et

399 2715 498 2771 pro
538 2699 887 2754 Trasamundi
912 2702 997 2756 vel
1029 2700 1420 2757 Transamundi
1449 2701 1592 2757 aliud
1626 2717 1826 2758 nomen
1875 2702 2012 2757 scri-

399 2804 549 2866 ptum
574 2810 697 2852 esse
729 2797 1030 2851 existimat.
1067 2795 1340 2851 Praeterea
1395 2798 1450 2851 in
1479 2796 1579 2850 hac
1609 2796 2009 2866 subscriptione

399 2890 676 2944 nonnullae
717 2889 914 2944 littera:
938 2898 1094 2944 extra
1129 2889 1328 2945 lineam
1363 2889 1654 2958 tamlonge
1677 2895 2003 2955 excurrunt,

398 2993 456 3039 ut
507 2984 640 3040 nibil
693 2985 871 3040 simile
926 2986 978 3040 in
1011 2985 1288 3041 codicibus
1319 2985 1503 3041 saeculi
1538 3000 1591 3039 VI
1623 2993 1719 3040 aut
1747 3000 1818 3039 vn
1849 2999 2006 3054 repe-

396 3076 490 3130 riri
515 3078 702 3134 sciam.
739 3076 885 3132 Nihil
914 3092 1046 3148 ergo
1076 3078 1210 3132 certi
1260 3087 1532 3148 superest,
1591 3093 1657 3133 ex
1716 3093 1823 3150 quo
1870 3088 2005 3135 aetas

2117 1851 2292 1909 diensi
2326 1852 2586 1909 adversus
2620 1852 2862 1909 Felicem
2887 1854 3120 1924 probata
3154 1851 3397 1908 fuerant.

2186 1945 2315 2001 230.
2361 1947 2621 2018 ’l'heologi
2672 1946 2950 2002 scolastici
3009 1947 3216 2018 antiqui
3261 1963 3387 2002 cum
3438 1946 3498 2003 S.
3531 1946 3728 2004 Tltoma

2115 2053 2224 2094 non
2263 2039 2424 2095 aliam
2457 2040 2717 2096 videntur
2759 2025 3051 2096 lectionem
3095 2041 3408 2111 agnovisse,
3443 2041 3546 2098 nisi
3578 2044 3731 2113 adop-

2115 2142 2292 2200 tatur,
2353 2149 2416 2189 ac
2480 2133 2538 2192 S.
2603 2135 2867 2190 Hilarium
2925 2137 3208 2208 improprie
3263 2137 3506 2201 locutum
3571 2137 3729 2193 fuisse

2113 2230 2473 2300 respondent.
2520 2230 2579 2287 S.
2610 2229 2850 2286 Thomas
2891 2241 3031 2301 part.
3065 2247 3147 2297 nt,
3174 2249 3228 2302 q.
3255 2234 3348 2298 85,
3384 2241 3490 2287 art.
3539 2233 3596 2298 4,
3655 2233 3726 2288 sic

2115 2333 2496 2394 argumentum
2543 2325 2836 2394 proponit:
2881 2323 3100 2379 Videtur
3150 2326 3288 2394 quod
3333 2325 3592 2392 Christus,
3657 2341 3727 2380 se-

2114 2419 2342 2473 cundum
2364 2419 2505 2491 quod
2529 2420 2701 2486 homo,
2726 2425 2793 2474 sit
2820 2421 2961 2491 ﬁlius
2985 2418 3082 2475 Dei
3107 2421 3407 2489 adoptivus.
3436 2421 3574 2475 Dicit
3602 2422 3727 2477 enim

2115 2512 2356 2593 Hilarius
2387 2517 2450 2570 de
2475 2513 2683 2570 Christo
2721 2518 2875 2588 127
2905 2517 3117 2593 loquens
3147 2533 3165 2571 :
3201 2515 3482 2573 Potestatis
3510 2518 3724 2589 dignitas

2111 2591 2217 2661 non
2247 2608 2527 2675 amittitur,
2591 2608 2716 2662 dum
2745 2591 2917 2662 carnis
2947 2609 3247 2664 humanitas
3290 2611 3597 2680 adaptatur.
3630 2611 3727 2668 Rc-

2111 2703 2346 2773 spondet
2371 2724 2384 2757 :
2415 2704 2494 2756 Ad
2527 2704 2754 2773 primum
2781 2721 2903 2778 ergo
2942 2705 3243 2772 dicendum,
3270 2707 3411 2776 quod
3438 2706 3571 2760 sicut
3600 2706 3727 2776 ﬁlia-

2119 2799 2192 2851 tio
2218 2816 2320 2853 non
2349 2799 2556 2870 proprie
2586 2800 2819 2853 convenit
2863 2809 3086 2865 naturaz,
3139 2802 3215 2855 ita
3269 2817 3361 2856 nec
3399 2800 3635 2871 adaptio.
3666 2799 3727 2854 Et

2110 2889 2225 2944 ideo
2258 2907 2373 2944 cum
2428 2891 2640 2960 dicitur,
2699 2895 2838 2961 quod
2867 2895 3040 2947 carnis
3089 2891 3398 2947 humanitas
3426 2893 3723 2964 adaptatur,

2108 2984 2397 3055 impropria
2447 2992 2520 3038 est
2578 2984 2789 3052 locutio,
2837 2995 2886 3039 et
2937 2985 3193 3056 accipitur
3236 2985 3307 3039 ibi
3338 2986 3607 3056 adoptatio
3635 3002 3724 3056 pro

2108 3077 2301 3152 unione
2334 3077 2576 3132 ltumante
2604 3087 2805 3132 natura:
2833 3078 2902 3132 ad
2926 3095 3200 3150 personant
3232 3077 3382 3134 Filii.
3437 3079 3514 3135 Ac
3546 3091 3728 3136 notan-

397 3167 603 3224 eodieis
632 3171 832 3225 saeculo
861 3186 911 3224 vr
948 3170 1160 3225 deliniri
1188 3172 1378 3240 possit,
1412 3171 1661 3241 quamvis
1691 3173 1874 3242 negari
1905 3187 2002 3228 ne-
2035 3155 2081 3220 C
2113 3169 2240 3226 dum
2287 3171 2344 3227 S.
2395 3171 2664 3228 Thomam
2713 3174 2914 3244 legisse
2963 3175 3258 3230 humanitas
3285 3216 3300 3241 ,
3345 3175 3443 3230 ubi
3493 3174 3728 3246 plerique

397 3272 561 3331 queat
587 3264 916 3319 venerandae
968 3263 1309 3335 antiquitatis
1339 3279 1466 3320 eum
1512 3279 1656 3332 esse,
1701 3279 1764 3320 ac
1815 3279 2010 3335 magno

403 3353 456 3408 in
489 3356 662 3422 pretio
686 3354 1018 3410 habendttm.

472 3445 601 3501 9.28.
634 3446 809 3501 Erunt
836 3448 1089 3513 fortasse.
1139 3449 1230 3518 qui
1293 3455 1563 3520 quzerant,
1615 3457 1734 3504 utra
1791 3449 2007 3505 tandem

399 3540 563 3597 lectio
592 3543 827 3613 genuina
877 3545 948 3598 sit
997 3544 1210 3612 Hilarii,
1263 3545 1529 3600 humilitas
1579 3546 1906 3616 adaptatur,_
1939 3560 2007 3600 an

401 3635 674 3688 adoratur.
711 3635 952 3690 Malleius
985 3651 1053 3692 ex
1110 3652 1210 3693 suo
1263 3637 1454 3693 codice
1501 3637 1734 3709 colligit,
1795 3637 2008 3692 libenter

400 3731 606 3801 quidem
654 3744 935 3786 ADORATUR
985 3732 1174 3785 lectum
1223 3731 1345 3785 olim
1388 3732 1596 3802 fuisse:
1631 3731 1694 3784 de
1747 3747 1807 3784 ea
1837 3740 2007 3786 tamen

401 3823 617 3878 lectione
644 3826 926 3895 antiquitus
948 3843 1174 3896 quoque,
1202 3836 1249 3879 et
1273 3827 1431 3880 multo
1454 3836 1573 3880 ante
1601 3826 1758 3898 126
1784 3825 2008 3882 Felicem

405 3919 764 3991 Orgelitanttnt
812 3920 1099 3975 dubitatum
1142 3937 1266 3975 esse.
1303 3921 1435 3975 Tam
1467 3920 1642 3976 facilis
1679 3929 1764 3976 est
1789 3935 2008 3992 permu-

403 4012 535 4066 tatio
585 4012 773 4067 harum
805 4028 998 4068 vocum
1034 4014 1084 4067 in
1138 4013 1451 4080 codicibus,
1514 4023 1573 4068 ut
1626 4017 1739 4068 sive
1771 4013 2007 4069 Hilarius

405 4105 686 4174 scripserit
717 4105 987 4166 adoratur.
1041 4108 1156 4161 sive
1184 4106 1488 4176 adoptatur,
1539 4105 1698 4161 valde
1726 4105 2006 4175 probabile

403 4201 476 4253 sit
503 4208 785 4270 utramque
815 4201 1106 4256 lectionem
1134 4200 1298 4257 etiam
1328 4210 1454 4257 ante
1484 4201 1721 4258 Felicem
1752 4202 1806 4256 in
1856 4202 2008 4258 codi-

407 4293 558 4346 tribus
589 4293 883 4350 exstitisse.
940 4293 996 4348 ld
1025 4295 1156 4350 satis
1207 4296 1403 4365 probat
1433 4296 1606 4351 codex
1643 4295 2002 4362 Veronensis,

408 4387 499 4456 qui
528 4401 669 4441 unus
696 4387 814 4442 sine
862 4391 1236 4445 controversia
1277 4401 1519 4461 tempora
1550 4391 1752 4448 Felicis
1781 4401 2004 4448 antece-

407 4479 504 4532 dit.
541 4479 830 4549 Conjicere
860 4497 990 4550 ergo
1013 4497 1321 4551 possumus,
1346 4483 1585 4542 Felicem
1612 4502 1801 4542 revera
1833 4488 1884 4541 in
1912 4487 2010 4542 ali-

2113 3268 2298 3338 legunt
2313 3268 2616 3331 humilitas.

2178 3361 2304 3417 25L
2338 3363 2556 3419 Gabriel
2589 3363 2859 3435 Vasquez,
2886 3364 3170 3435 theologus
3206 3364 3719 3432 acutissimus,cum

2109 3457 2612 3527 animadvertisset,
2645 3459 2696 3513 in
2723 3458 2998 3514 nonnullis
3021 3457 3305 3514 codicibus
3329 3459 3438 3531 legi
3459 3459 3719 3528 adoratur,

2111 3552 2254 3609 hanc
2314 3554 2602 3610 lectionem
2651 3554 2812 3625 longe
2869 3551 3266 3624 praeferendam
3338 3568 3461 3610 esse
3523 3553 3726 3610 censuit

2116 3659 2252 3702 tom.
2289 3649 2332 3716 Ι,
2355 3649 2408 3704 ἰιι
2439 3665 2497 3703 ιιι
2539 3657 2708 3719 part.,
2741 3665 2796 3720 q.
2827 3649 2918 3718 ‘25,
2946 3649 3092 3722 disp.
3118 3651 3209 3716 89,
3240 3666 3361 3721 cap.
3396 3667 3510 3706 xv:
3543 3652 3724 3720 Quam-

2109 3742 2184 3796 vis
2214 3742 2268 3795 in
2318 3742 2576 3813 aliquibus
2630 3743 2896 3798 codicibus
2922 3754 3151 3798 recenter
3177 3745 3382 3799 excusis
3435 3745 3503 3798 sit
3531 3747 3723 3800 verbum

2109 3834 2242 3888 illud
2273 3850 2606 3902 Αοοιδτλτιιιι,
2659 3837 2714 3890 in
2743 3835 2863 3892 aliis
2893 3846 3063 3891 tamen
3090 3837 3281 3909 legitur
3325 3852 3610 3895 manuue
3635 3857 3648 3890 :
3676 3839 3724 3892 in

2108 3943 2209 3997 quo
2237 3927 2393 3997 facile
2421 3929 2587 4000 potuit
2617 3928 2819 3983 incuria
2846 3931 3159 4000 scriptorum
3185 3946 3332 3984 error
3377 3930 3569 4002 aliquis
3607 3933 3722 3985 irre-

2108 4037 2247 4091 pere.
2285 4020 2435 4076 Hanc
2480 4038 2596 4076 vero
2630 4039 2738 4077 esse
2784 4023 3053 4077 lectionem
3083 4040 3402 4094 germanam,
3433 4039 3500 4079 ea:
3539 4024 3721 4092 optimo

2110 4131 2285 4185 sensu,
2309 4132 2457 4186 quem
2485 4116 2655 4171 reddit
2684 4117 2890 4171 verbum
2920 4133 3224 4184 anonx'run,
3274 4119 3404 4172 mihi
3426 4119 3589 4173 habeo
3615 4136 3722 4189 per-

2108 4226 2480 4265 suasum:cum
2509 4219 2677 4265 tamen
2710 4211 2916 4265 verbum
2937 4227 3260 4267 suorrnun
3280 4213 3367 4267 via:
3397 4213 3622 4283 aliquem
3642 4213 3721 4270 bo-

2107 4320 2233 4357 num
2254 4287 2461 4359 sensum
2485 4306 2768 4377 exprimere
2786 4305 2970 4361 valeat.
2984 4305 3254 4362 Iudicium
3266 4308 3487 4380 V’azquii
3503 4311 3721 4380 probam

2107 4394 2413 4454 Cardinalis
2427 4398 2495 4454 de
2514 4399 2745 4469 Lugoﬁde
2763 4399 3029 4456 Incarnat.
3050 4400 3194 4471 disp.
3215 4401 3304 4468 31,
3323 4411 3460 4458 sect.
3484 4403 3597 4471 Let
3614 4402 3716 4459 alii.

2182 4494 2310 4549 252.
2355 4495 2676 4551 Contrarius
2705 4496 3109 4568 quodammodo
3166 4496 3251 4552 his
3297 4506 3384 4554 est
3423 4496 3716 4555 eruditissi-

409 4588 518 4643 quo
566 4573 750 4627 codice
785 4573 1054 4642 reperisse
1090 4577 1385 4644 adoptatur,
1419 4579 1559 4648 quod
1596 4581 1820 4635 verbum
1871 4581 2003 4637 arri-
2033 4557 2088 4618 Ῑ)
2113 4605 2234 4645 mus
2258 4589 2532 4656 Petavius,
2575 4590 2666 4660 qui
2695 4591 2732 4646 Ι,
2766 4607 2852 4652 vn~
2880 4591 2950 4648 de
2979 4591 3276 4660 [near-mu,
3308 4608 3432 4664 cap,
3464 4595 3520 4662 ι,
3553 4603 3711 4666 pum,

410 4666 553 4735 puit,
597 4668 719 4736 quia
759 4681 871 4720 sua:
927 4667 1123 4722 liceresi
1171 4667 1351 4724 favere
1399 4673 1759 4729 existimabat.
1804 4675 2010 4730 Contra

411 4760 674 4815 Alcuinus
706 4759 758 4813 in
795 4759 1001 4814 Hilario
1030 4760 1244 4829 legebat
1281 4763 1547 4831 adoratur,
1595 4767 1735 4835 quod
1788 4784 2008 4825 sensum

411 4868 625 4921 quoque
677 4853 953 4922 postulare
985 4853 1271 4908 censebat.
1332 4857 1399 4908 At
1439 4855 1615 4923 Felix,
1650 4859 1732 4912 vel
1760 4861 1903 4929 quod
1932 4861 2011 4916 illi

409 4955 608 5012 praesto
659 4960 763 5000 non
797 4956 941 5000 esset
969 4945 1161 5010 codex,
1199 4947 1252 5000 in
1285 4962 1390 5016 quo
1441 4949 1644 5017 legerat
1696 4952 2007 5023 adoptatur,

405 5042 491 5095 vel
525 5041 662 5109 quod
702 5042 890 5107 vellet,
912 5059 975 5097 ex
1000 5044 1122 5098 aliis
1144 5045 1446 5110 codicibus,
1479 5045 1530 5099 in
1562 5047 1757 5116 quibus
1791 5050 2006 5120 legeba-

410 5145 493 5188 tur
522 5134 788 5201 adoratur,
837 5136 889 5190 id
922 5139 1144 5191 verbum
1197 5139 1408 5205 abesse,
1467 5149 1520 5192 et
1557 5141 1701 5194 aliud
1733 5143 2006 5214 adoptatur

404 5227 713 5296 subrogari,
738 5227 956 5283 codices
979 5229 1449 5299 Aquisgranenses
1473 5245 1587 5286 cori
1605 5234 1751 5303 umpi
1774 5238 2000 5305 curavit,

405 5328 460 5371 nt
495 5319 814 5376 Hincmarus
847 5330 1096 5376 testatur.

473 5411 596 5466 229.
631 5413 757 5468 Post
785 5414 1037 5469 haeresim
1069 5413 1401 5470 Felicianam
1432 5415 1675 5486 ejusdem
1708 5419 1998 5474 verbimu-

401 5505 530 5558 tatio
553 5506 608 5560 in
635 5506 914 5561 codicibus
944 5507 1161 5574 accidit,
1197 5509 1281 5564 vel
1327 5511 1449 5579 quia
1485 5512 1731 5566 nonnulli
1780 5514 1995 5571 codices

397 5593 648 5666 descripti
701 5614 765 5652 ex
815 5601 1086 5670 corruptis
1117 5616 1146 5654 a
1178 5601 1358 5656 Felice
1411 5605 1773 5672 prarferebant
1822 5608 1989 5680 adop-

390 5691 528 5736 tatur
559 5706 574 5741 :
606 5699 657 5743 et
687 5691 933 5746 catholici
967 5693 1208 5747 nonnulli
1237 5694 1459 5751 verbum
1492 5699 1733 5766 spurium
1778 5702 1828 5757 id
1851 5718 1984 5757 cen-

383 5787 568 5836 sentes
618 5783 666 5838 in
716 5788 962 5840 mtoratur
1022 5788 1433 5849 convertebant.
1489 5789 1584 5847 vel"
1624 5795 1748 5863 quia
1789 5797 1978 5853 eadem

2114 4684 2292 4739 minus
2319 4683 2600 4740 cohaerere
2627 4686 2752 4740 eum
2784 4686 3236 4742 antecedentibus
3256 4687 3533 4754 adoratur,
3564 4702 3710 4758 quam

2114 4778 2418 4848 adoptatur,
2452 4778 2740 4849 minusque
2771 4788 2950 4848 aptam
2977 4778 3280 4834 orationem
3309 4779 3506 4846 videri,
3538 4779 3582 4836 si
3604 4794 3711 4836 ver-

2114 4869 2240 4924 bum
2267 4869 2537 4938 adoratur,
2567 4871 2711 4940 quod
2736 4871 3062 4941 praecedenti
3093 4871 3322 4941 periodo
3347 4874 3580 4942 positum
3607 4875 3708 4930 iue-

2116 4973 2220 5027 rat,
2250 4971 2554 5031 repetatur.
2588 4963 2745 5031 Quod
2777 4973 2959 5019 autem
2992 4963 3175 5031 docet,
3207 4963 3330 5020 sine
3353 4965 3547 5022 idonea
3575 4974 3706 5022 vete-

2112 5069 2230 5108 rum
2281 5055 2532 5110 codicum
2601 5056 2923 5111 auctoritate
2989 5072 3097 5113 non
3164 5072 3287 5114 esse
3345 5057 3702 5128 reponendum

2107 5147 2361 5202 adoratur
2410 5166 2506 5220 pro
2549 5151 2832 5220 adoptatur
2865 5196 2880 5219 ,
2937 5167 3037 5208 nec
3079 5162 3265 5208 temere
3311 5155 3699 5211 assentiendum

2107 5239 2396 5298 Hincmaro
2441 5244 2510 5301 de
2553 5260 2813 5316 germana
2862 5247 3098 5303 lectione
3132 5247 3349 5318 Hilarii,
3381 5249 3435 5305 id
3465 5262 3609 5307 certe
3631 5247 3702 5304 fa-

2104 5332 2205 5387 cile
2237 5336 2449 5391 admitti
2475 5346 2687 5407 potest:
2717 5339 2811 5394 sed
2843 5340 2903 5394 in
2927 5339 3040 5395 hoc-
3059 5339 3228 5395 cardo
3248 5343 3565 5412 quaestionis
3588 5357 3698 5398 ver-

2107 5425 2256 5494 titur,
2279 5430 2382 5484 ntri
2410 5430 2628 5486 lcetioni
2655 5435 2823 5504 magis
2847 5433 3066 5489 faveant
3085 5434 3305 5491 codices
3327 5444 3456 5492 ante
3478 5435 3696 5493 Felicem

2101 5521 2316 5591 scripti,
2351 5535 2403 5578 et
2433 5541 2498 5580 an
2527 5525 2660 5582 ﬁdes
2690 5531 2873 5598 negari
2909 5530 3078 5600 possit
3111 5531 3409 5587 Hincmaro
3438 5530 3576 5588 idem
3597 5529 3696 5586 iac-

2098 5624 2207 5668 tum
2238 5620 2407 5672 semel
2451 5629 2612 5690 atque
2635 5623 2832 5678 iterum
2859 5626 3123 5694 narranti,
3176 5625 3474 5684 accedente
3497 5621 3692 5683 Alcuini

2095 5709 2426 5778 testimonio,
2482 5714 2797 5786 fraudisque
2825 5720 3067 5789 vestigiis
3101 5719 3157 5775 in
3186 5722 3381 5780 codice
3415 5720 3692 5792 Aquisgn-

2090 5803 2246 5858 nensi
2276 5807 2783 5872 perseverantibus.
