3904 6348
183 303 298 358 5;.9

1581 297 2104 358 PROLEGOMENA
2117 343 2130 360 .
3423 309 3530 368 550

246 420 379 476 235.
407 421 653 480 Maﬁ‘eius
681 424 730 479 in
753 421 978 480 Prmfat.
1000 421 1066 478 ad
1089 436 1255 494 Opera
1276 420 1334 478 S.
1361 419 1552 475 llilarii
1578 417 1804 474 verbum
1831 413 1886 476 Α
1913 431 2058 472 mum
2077 432 2256 475 cxxvu
2285 419 2364 477 sic
2396 410 2558 478 habet
2585 439 2598 477 :
2623 421 2818 493 Cuique
2843 439 2875 477 a
2900 420 3061 477 Patre
3091 421 3340 479 Ecclesia?
3366 426 3531 480 luere-

169 516 465 588 adOptatur
491 519 1138 591 prmierendumcenset,
1184 517 1308 587 quia
1347 513 1639 587 elegantia:
1681 526 1805 567 ora-

170 614 336 670 torizn
365 612 419 669 id
451 614 628 685 magis
666 612 938 683 congruit,
967 627 1032 666 ne
1062 610 1204 666 idem
1239 610 1462 666 verbum
1493 614 1800 678 repetatur,

172 716 236 763 ut
268 709 452 764 aiebat
485 709 654 764 etiam
688 706 944 762 Petavius
973 722 987 771 ;
1021 719 1074 760 et
1105 705 1229 776 quia
1265 703 1505 759 Hilarius
1535 716 1602 758 ex
1635 713 1808 771 oppo-

169 803 297 859 sitis
346 803 635 860 miriﬁcum
670 803 876 874 aliquid
903 813 1225 873 aucupatur.
1261 799 1369 857 Sed
1401 799 1630 854 minime
1671 811 1805 852 con-

168 907 313 967 stat,
347 915 414 954 an
467 898 675 954 llilario
727 899 832 953 hoc
880 898 1005 954 loco
1035 911 1169 952 cura
1202 895 1309 950 ulla
1344 893 1506 950 fuerit
1533 893 1602 949 de
1632 907 1802 963 Oppo-

169 993 319 1058 sitis,
353 1009 529 1066 neque
559 993 784 1049 difﬁcile
831 1001 918 1049 est
963 992 1115 1061 plura
1157 991 1325 1045 verba
1355 989 1496 1060 apud
1540 1004 1663 1044 eum
1723 987 1802 1041 sic

171 1088 411 1157 repetita
447 1087 711 1158 reperire.
771 1088 930 1159 128
969 1085 1097 1140 Mihi
1147 1085 1368 1154 quidem
1425 1081 1571 1137 aliud
1620 1081 1802 1153 agenti

169 1179 319 1235 libro
346 1197 382 1247 ι,
416 1197 540 1251 cap.
573 1182 662 1249 55,
695 1180 973 1236 occurrit:
1002 1178 1301 1234 Nativitatis
1342 1179 1655 1250 signiﬁcatio
1699 1185 1797 1243 est,

169 1276 288 1330 sola
319 1277 605 1332 nativitatis
653 1276 910 1348 professio
955 1285 1031 1331 est
1066 1276 1195 1331 :ubi
1247 1292 1363 1330 vero
1405 1274 1681 1329 creatienis
1726 1283 1800 1327 est

169 1387 383 1436 nomen,
415 1372 485 1425 ibi
525 1389 685 1426 causa
735 1371 968 1441 ejusdem
1013 1371 1293 1425 creationis
1348 1369 1579 1425 anterior
1611 1377 1706 1424 est.
1741 1367 1796 1422 ln

165 1467 415 1522 editione
438 1466 658 1538 quidem
688 1465 986 1523 Parisiensi
1015 1466 1306 1536 anni1572
1329 1465 1524 1537 legitur
1547 1465 1798 1535 professio

164 1561 235 1613 sit
272 1577 291 1614 :
337 1559 431 1615 sed
454 1560 631 1616 codex
665 1560 722 1616 S.
771 1559 942 1628 Petri,
969 1559 1062 1631 qui
1086 1560 1153 1614 ab
1183 1559 1286 1614 hoc
1317 1558 1437 1614 loco
1468 1557 1796 1628 scripturam

166 1656 383 1726 profert
409 1659 715 1729 antiquam,
748 1657 969 1714 exhibet
993 1657 1248 1729 professio
1293 1667 1389 1722 est,
1437 1665 1494 1711 ut
1540 1654 1797 1712 observat

163 1749 447 1821 Muretus,
481 1762 644 1824 atque
694 1753 770 1807 ita
832 1751 1186 1809 Constantius
1215 1760 1269 1808 et
1319 1751 1564 1807 Maﬁ'eius
1610 1751 1795 1821 legunt

163 1845 291 1902 sine
327 1846 433 1900 ulla
458 1849 743 1916 scriptum
771 1847 1056 1902 varietate.

237 1939 368 1995 234.
392 1939 532 2007 Quid
566 1950 747 1997 autem
763 1957 865 2014 ego
895 1941 1155 2007 sentiam,
1211 1943 1256 1998 si
1289 1941 1642 2013 aperiendum
1691 1941 1790 2010 sit,

155 2033 433 2104 judicium
457 2033 736 2092 Francisci
772 2037 1002 2105 Suarez,
1063 2053 1172 2111 quo
1203 2055 1369 2096 nemo
1419 2039 1678 2096 solertius
1705 2052 1793 2094 ra-

161 2127 348 2184 tiones
373 2127 500 2186 hinc
531 2129 660 2186 inde
692 2132 1012 2203 expendere
1036 2134 1198 2206 solet,
1234 2133 1466 2192 libenter
1492 2133 1792 2202 amplectar

140 2223 215 2278 in
245 2239 304 2277 ιιι
338 2234 502 2295 part.,
559 2243 613 2297 q.
645 2225 739 2290 ‘25,
771 2227 916 2300 disp.
949 2226 1042 2295 48,
1094 2237 1229 2285 sect.
1262 2227 1297 2283 4
1345 2246 1358 2283 :
1413 2227 1496 2282 Ad
1523 2226 1790 2283 Hilarium

152 2318 440 2387 respondet
467 2317 535 2372 D.
589 2319 835 2391 Thomas,
884 2332 932 2378 et
963 2317 1316 2380 communiter
1345 2314 1679 2387 Scholastici,
1711 2337 1791 2376 nt-

153 2427 387 2468 raoetus
420 2430 630 2470 vocasse
656 2431 996 2474 spernens!
1027 2419 1202 2489 carnis
1246 2419 1474 2491 gratiam
1504 2416 1784 2472 unionis...

151 2507 262 2560 Alii
293 2511 590 2574 coniectant
619 2512 920 2566 mendosam
945 2530 1056 2568 esse
1083 2514 1314 2568 litteram
1343 2511 1564 2581 Hilarii,
1599 2520 1646 2565 et
1701 2511 1787 2564 ubi

149 2601 350 2670 legitur
373 2617 693 2659 ADOPTATUR
716 2603 993 2676 legendum
1013 2623 1122 2661 esse
1139 2622 1498 2662 ΑυοιιΑτυιι...
1532 2604 1624 2660 Sic
1651 2605 1786 2658 enim

150 2696 350 2767 optime
379 2697 598 2766 quadrat
627 2698 806 2752 ratio:
834 2700 1058 2754 ostendit
1084 2700 1245 2767 enim,
1277 2703 1604 2772 majestatem
1634 2696 1805 2755 Chri-.

147 2790 221 2844 sti
250 2806 354 2844 non
410 2807 518 2846 esse
567 2792 896 2847 imminutam
955 2795 1094 2848 inter
1128 2797 1353 2867 vagitus,
1383 2803 1516 2862 etc.,
1545 2794 1784 2864 quande-

147 2883 368 2956 quidem
424 2885 480 2938 in
538 2884 670 2956 ipsis
723 2886 996 2942 adoratur.
1037 2885 1108 2943 Et
1139 2889 1247 2944 haec
1280 2889 1429 2942 lectio
1476 2886 1692 2941 ltabetur
1727 2887 1781 2942 in

146 2979 378 3035 editione
403 2978 688 3037 Parisiensi
733 2985 856 3037 anni
881 2982 1022 3039 1544
1047 2975 1240 3056 (Mirtdi
1265 2983 1366 3039 sub
1392 2983 1520 3040 Sole
1543 2982 1777 3055 Aureo).

145 3073 320 3130 Juxta
348 3093 506 3146 quant
537 3075 809 3134 lectionem
860 3079 952 3133 illa
999 3080 1281 3150 particula,
1312 3078 1440 3134 dum
1465 3080 1646 3134 carnis
1679 3078 1779 3132 hu-

145 3171 360 3228 Inilitas
385 3174 671 3242 adoratur,
723 3191 827 3230 non
858 3185 930 3230 est
957 3177 1242 3230 causaliter
1269 3176 1616 3230 sumenda....
1653 3175 1776 3229 Non

1912 512 2046 568 ditas
2067 531 2156 586 per
2175 516 2509 588 adeptionem
2532 520 2786 591 corporis,
2810 518 2950 591 quod
2971 535 3034 573 ex
3055 519 3251 592 virgine
3279 536 3532 592 prauum-

1908 617 2091 677 pturus
2112 620 2259 677 esset,
2290 612 2599 684 desponsata
2626 616 2709 668 sit.
2739 615 2812 670 Ita
2844 615 2990 670 enim
3021 630 3088 672 ex
3121 630 3253 671 mss.
3290 616 3530 673 restituit

1908 698 2279 769 Constantius,
2312 720 2437 760 cum
2463 708 2514 761 in
2544 709 2757 764 excusis
2791 709 3066 778 legeretur
3091 726 3183 782 per
3204 709 3532 781 adeptionem

1908 798 2160 868 corporis.
2194 797 2510 854 Lectionem
2535 799 2836 858 Constantii
2867 821 2955 873 per
2974 805 3533 875 adeptionentconﬁr—

1908 898 2020 942 mat
2071 906 2175 944 non
2225 891 2400 947 solum
2452 894 2700 950 Mail‘eius
2732 912 2794 953 ex
2839 899 3024 955 codice
3057 899 3379 967 Veronensi,
3430 901 3531 958 sed

1905 982 2068 1036 etiam
2105 983 2349 1040 Muretus
2375 1001 2440 1041 ex
2465 989 2654 1043 codice
2669 989 2950 1059 Vaticano,
2975 1007 3208 1063 quocum
3228 994 3527 1051 editionem

1905 1075 2264 1134 Parisiensem
2298 1079 2428 1135 anni
2459 1081 2602 1137 1572
2625 1082 2690 1138 ad
2723 1099 2788 1139 eo
2819 1086 3074 1142 collatam
3105 1102 3228 1144 esse
3259 1088 3524 1147 diximus.

2503 1174 2734 1232 CAPUT
2775 1176 2911 1233 Vill.

1996 1267 2136 1333 Quid
2164 1268 2218 1321 in
2245 1284 2374 1322 nova
2404 1269 2502 1325 hac
2536 1271 2744 1326 Sedulii
2773 1274 2997 1328 editione
3026 1277 3311 1343 pt'testitum
3338 1279 3425 1333 sit.

1973 1360 2100 1416 257.
2145 1361 2279 1418 Cum
2312 1365 2480 1418 multa
2515 1367 2624 1420 sint
2656 1367 2708 1420 in
2740 1367 2916 1435 poetis
2945 1368 3137 1435 sacris,
3169 1386 3306 1440 quos
3348 1371 3525 1431 adhuc

1901 1458 2174 1522 rccensui,
2206 1458 2522 1528 Prudentio,
2558 1459 2876 1527 Dracontio,
2911 1460 3177 1530 Juvenco,
3213 1467 3525 1521 communia

1899 1563 2021 1604 cum
2053 1547 2298 1616 Sedulio,
2329 1566 2390 1606 ea
2424 1551 2694 1607 interdum
2730 1552 2973 1609 indicare
3019 1563 3249 1625 tantum,
3284 1556 3527 1627 plerum-

1898 1658 2002 1713 que
2032 1644 2256 1699 onmino
2286 1645 2710 1716 praetermittere
2757 1656 3124 1718 opportunum
3171 1649 3352 1704 visum
3404 1649 3529 1710 fuit.

1898 1736 2046 1807 Opus
2084 1739 2268 1810 igitur,
2322 1739 2588 1812 laborque
2621 1741 2926 1814 praecipuus
2957 1743 3120 1813 hujus
3153 1743 3414 1802 editionis
3443 1734 3532 1803 est

1821 1825 1870 1886 B
1899 1849 2084 1889 veram
2117 1835 2441 1905 scripturam
2473 1851 2503 1893 e
2544 1851 2677 1893 mss.
2715 1853 2912 1893 eruere
2945 1849 2999 1894 et
3038 1843 3376 1898 constituere
3415 1861 3427 1897 :
3474 1843 3529 1900 si

1899 1930 2027 2002 quid
2059 1930 2225 1986 variis
2267 1931 2595 1989 lectionibus
2643 1933 2848 1990 addere
2879 1936 3173 2006 oportebit,
3224 1938 3278 1993 id
3311 1938 3519 1998 eisdem

1896 2025 2122 2082 scholiis
2150 2027 2530 2084 (concludetur.
2566 2028 2700 2084 Cum
2730 2029 2876 2086 enim
2905 2031 3134 2087 carmini
3164 2047 3382 2104 prosam
3416 2036 3516 2093 Se-

1895 2118 2030 2178 dulii
2057 2121 2329 2192 subjicere
2359 2122 2724 2192 decreverim,
2758 2125 3146 2182 inconcinnum
3178 2139 3328 2184 esset
3353 2131 3522 2187 variis

1894 2219 2224 2277 lectionibus
2251 2234 2410 2278 nctas
2442 2223 2976 2278 commcntariumve
2999 2223 3358 2296 subjungere,
3378 2241 3523 2298 prac-

1893 2313 2083 2368 sertim
2109 2329 2231 2369 cum
2259 2329 2418 2384 prosa
2451 2315 2566 2384 ipsa
2594 2314 2798 2370 efficiat
2842 2330 2908 2371 ne
2933 2315 3120 2372 multis
3148 2317 3519 2377 natationibus

1892 2421 2032 2477 opus
2062 2407 2152 2463 sit.

1965 2501 2093 2559 258.
2135 2502 2581 2560 Consentaneum
2613 2513 2698 2561 est
2748 2519 2964 2576 prosam
3016 2506 3136 2562 loco
3183 2507 3516 2581 interpreta-

1893 2595 2058 2652 tionis
2087 2596 2248 2652 simul
2280 2613 2404 2654 cum
2438 2600 2682 2656 carmine
2713 2599 2880 2655 edere
2912 2618 2926 2656 :
2961 2615 3029 2657 ex
3055 2616 3162 2672 qua
3193 2617 3302 2658 non
3333 2602 3514 2660 solum

1890 2706 2047 2746 mens
2076 2703 2254 2764 poetae
2299 2693 2502 2748 clarius
2535 2695 2887 2764 perspicitur,
2936 2694 3032 2752 sed
3079 2706 3136 2752 et
3162 2686 3305 2753 'vera
3351 2696 3514 2755 lectio

1886 2787 2192 2857 scepissime
2217 2787 2593 2844 confirmatur.
2621 2790 2837 2846 Utinam
2869 2791 2974 2847 alia
3003 2789 3330 2848 haberemus
3355 2800 3511 2850 vete-

1888 2894 1948 2935 ra
1983 2881 2255 2951 exempla,
2291 2882 2356 2937 ad
2391 2897 2512 2952 qua)
2553 2897 2771 2953 prosam
2821 2884 2994 2954 ipsam
3048 2887 3234 2941 multis
3262 2886 3315 2942 in
3373 2888 3513 2945 locis

1885 2979 2156 3048 castigare
2179 2992 2462 3048 possemus
2490 2981 2502 3033 !
2537 2978 2676 3034 Vere
2705 2981 2853 3035 enim
2885 2983 3255 3052 pronuntiavit
3285 2983 3511 3041 Callan-

1883 3069 2004 3126 dius
2028 3072 2080 3126 in
2112 3073 2342 3129 Dissert.
2374 3074 2440 3128 de
2472 3075 2695 3130 Sedulio
2725 3075 2791 3130 ad
2828 3087 2959 3132 tom.
3014 3094 3066 3133 rx
3099 3078 3363 3135 Biblioth.
3399 3080 3506 3136 Pa-

1883 3175 2027 3222 trum
2054 3185 2066 3222 :
2101 3167 2200 3222 Ubi
2225 3170 2444 3238 primunt
2475 3171 2542 3223 ad
2567 3175 2677 3243 ejus
2707 3173 2723 3242 (
2753 3186 2927 3240 prosze
2952 3172 2970 3243 )
2993 3175 3262 3229 lectionem
3287 3179 3510 3232 accessi-

144 3276 317 3338 petest
347 3283 468 3340 ergo
499 3269 593 3323 illa
620 3238 884 3339 particula
911 3270 1130 3325 reddere
1159 3285 1394 3334 causam,
1423 3265 1512 3323 sed
1541 3271 1770 3340 signant,
1806 3238 1852 3302 (ἶ
1884 3278 2017 3324 mus,
2047 3272 2153 3315 tum
2187 3262 2326 3316 illud
2356 3262 2619 3318 Ciceronis
2651 3281 2824 3319 succut
2841 3266 2948 3320 rit:
2988 3268 3145 3340 130
3185 3268 3264 3326 De
3298 3270 3509 3328 Latinis

143 3370 204 3414 ut
233 3377 413 3415 sensus
433 3362 520 3426 sit,
542 3361 671 3417 dum
700 3361 982 3432 adoratur,
1012 3363 1066 3417 id
1091 3373 1185 3432 est,
1216 3363 1472 3434 siquidem
1494 3363 1769 3417 aderatar.

143 3451 216 3508 Et
249 3453 421 3508 solum
451 3456 614 3511 videri
640 3465 806 3528 potest
839 3457 1028 3512 durum
1057 3459 1110 3512 in
1132 3457 1230 3510 hac
1263 3458 1502 3526 lectione,
1530 3460 1653 3528 quia
1680 3458 1773 3512 illa

142 3551 408 3622 particula
436 3552 488 3604 in
535 3553 796 3606 communi
827 3569 944 3621 usu,
980 3561 1025 3607 et
1081 3551 1273 3607 Latina
1303 3553 1627 3625 preprietete
1668 3569 1773 3605 non

144 3645 351 3698 videtur
379 3645 530 3699 illam
555 3647 990 3720 signiﬁcationem
1015 3647 1204 3702 habere
1226 3665 1244 3702 :
1279 3657 1348 3702 est
1383 3657 1553 3700 tanien
1577 3645 1772 3700 nihilo-

142 3741 318 3794 minus
347 3740 634 3812 probabilis
677 3741 855 3808 lectio,
889 3751 936 3796 et
974 3744 1266 3814 responsio.
1301 3742 1409 3798 Sed
1442 3759 1544 3796 non
1567 3753 1641 3797 est
1663 3743 1769 3796 alia

140 3836 548 3904 contemnenda,
568 3853 728 3907 quant
759 3837 946 3892 habent
971 3838 1282 3893 recentiores
1305 3837 1532 3901 codices,
1558 3854 1772 3907 eamque

141 3945 254 3982 esse
277 3929 545 3998 antiquam
592 3940 640 3984 et
671 3946 992 3986 communem
1042 3941 1247 3986 constat
1278 3948 1340 3986 ex
1374 3931 1440 3984 D.
1495 3929 1695 3985 Thema
1723 3939 1771 3985 et

142 4021 514 4076 Scholasticis.
541 4021 608 4076 Et
635 4034 800 4094 potest
815 4024 1032 4080 reddere
1056 4026 1182 4081 satis
1204 4041 1510 4097 germanum
1537 4042 1765 4080 sensum.

140 4114 309 4170 Docet
334 4118 475 4171 cnim
521 4135 580 4174 co
612 4119 728 4175 loco
760 4119 1003 4174 Hilarius
1030 4165 1043 4189 ,
1111 4119 1266 4175 Verbi
1314 4125 1639 4193 majestatem
1665 4138 1768 4175 non

139 4214 307 4283 fuisse
336 4213 664 4269 imminutam
696 4217 758 4270 ob
790 4219 1199 4289 assumptienem
1246 4230 1438 4273 nostra:
1467 4227 1767 4277 natura...

143 4308 297 4364 Unde
354 4312 640 4376 roncludil,
701 4329 768 4367 ea:
792 4312 1090 4367 humilitate
1129 4315 1302 4368 carnis
1346 4313 1516 4368 Verbo
1540 4317 1765 4384 conjun-

137 4422 256 4474 cur,
306 4425 408 4463 non
450 4410 610 4480 fuisse
643 4408 795 4464 Verbi
819 4411 1174 4482 majestatem,
1201 4421 1247 4465 et
1279 4399 1569 4484 potentiam
1603 4411 1764 4465 amis-

137 4521 269 4557 sam.

209 4597 342 4654 955.
387 4599 553 4654 Addit
580 4599 830 4668 Suarius,
863 4609 918 4656 ut
942 4601 1210 4657 doctrinze
1240 4603 1299 4658 S.
1335 4603 1560 4660 Thomas
1585 4605 1756 4676 magis

135 4689 682 4760 colimre:tt,gratiam
714 4693 930 4748 unionis
949 4694 1128 4748 solere
1152 4694 1429 4751 interdum
1461 4711 1558 4766 per
1581 4706 1759 4752 trans-

135 4784 401 4838 lationem
450 4794 505 4840 et
558 4787 934 4861 n'tctaphoram
989 4788 1341 4858 adeptionem
1407 4791 1640 4847 vocari:
1689 4793 1755 4849 In

132 4896 237 4948 qua
268 4882 595 4950 metaphora,
631 4881 913 4953 subjungit
940 4924 954 4948 ,
987 4882 1040 4936 in
1073 4898 1131 4937 eo
1161 4901 1315 4939 sensu
1343 4895 1553 4956 sumpta
1579 4887 1758 4942 nullus

131 4986 204 5028 est
239 4989 410 5041 error,
443 4975 532 5027 sed
563 4975 712 5030 nobis
739 4976 964 5031 cavenda
993 4985 1091 5044 est,
1126 4989 1234 5033 tum
1259 4981 1404 5049 quia,
1437 4989 1494 5034 ut
1522 4969 1754 5036 ostendi-

131 5084 273 5134 mus,
306 5083 422 5121 vere
451 5079 499 5122 et
527 5070 741 5139 preprie
777 5070 873 5124 illa
921 5087 1022 5125 non
1070 5073 1397 5142 estadeptio,
1435 5083 1544 5128 tum
1601 5075 1755 5130 etiam

129 5163 255 5231 quia
280 5161 584 5235 metaphora
615 5163 708 5219 illa
731 5167 993 5221 rarissime
1022 5175 1097 5221 est
1126 5169 1340 5237 usitata,
1372 5178 1417 5224 et
1442 5178 1608 5242 potest
1646 5188 1755 5226 esse

128 5259 340 5313 occasio
361 5261 574 5316 erroris.
613 5262 772 5334 129
811 5262 942 5329 Quae
973 5263 1193 5333 quidem
1227 5279 1354 5320 vera
1409 5275 1558 5331 sunt,
1609 5267 1653 5322 si
1684 5267 1753 5323 de

129 5353 539 5422 significatione
588 5354 1058 5425 jurispcritorum,
1110 5368 1203 5412 aut
1245 5359 1409 5414 veluti
1445 5359 1752 5431 theologica

126 5446 287 5502 verbi
349 5449 603 5519 adoptare
652 5464 840 5505 sermo
869 5449 939 5505 sit
995 5469 1004 5504 :
1063 5451 1306 5523 alioquin
1358 5453 1501 5522 apud
1533 5463 1750 5511 veteres

127 5540 358 5595 Latinos
393 5541 586 5613 adopto
636 5543 904 5598 interdum
947 5543 1269 5614 simpliciter
1302 5545 1640 5617 signiﬁcabat
1667 5566 1751 5602 as-

126 5647 300 5694 sumo,
348 5630 624 5684 interdum
647 5649 857 5687 assumo
879 5636 931 5686 in
958 5634 1126 5702 ﬁlium
1149 5652 1167 5702 ;
1191 5635 1336 5707 quod
1357 5634 1653 5694 discrimen
1682 5655 1747 5696 ex

125 5733 457 5796 argumento
486 5734 540 5779 et
571 5741 629 5781 re
662 5727 774 5796 ipsa
805 5727 1191 5797 colligebatur.

201 5841 334 5897 236.
379 5839 610 5904 Sanctus
636 5842 854 5913 quidem
886 5844 1142 5912 Hilarius,
1176 5848 1276 5904 etsi
1305 5851 1606 5921 saepissime
1629 5868 1751 5909 ver-

129 5938 264 5993 bum
297 5953 513 5992 assumo
536 5935 635 5993 hac
664 5937 716 5991 in
745 5953 805 5994 re
828 5955 1090 6010 usurpare
1115 5941 1275 6009 solet,
1304 5954 1481 5999 tamen
1511 5945 1575 6000 ad
1607 5947 1748 6016 psal~

1880 3357 1897 3427 (
1925 3356 2083 3410 libris
2105 3355 2124 3427 )
2147 3373 2248 3427 quo
2277 3374 2355 3410 me
2377 3367 2594 3427 certant,
2621 3360 2792 3413 nescio
2812 3377 2829 3414 :
2853 3362 2922 3414 ita
2945 3363 3186 3417 mendose
3205 3373 3248 3416 et
3266 3366 3507 3419 scribun-

1877 3459 1980 3518 tur,
2002 3460 2050 3503 cl
2069 3460 2302 3504 veneunt.
2329 3451 2464 3506 Illud
2484 3451 2644 3507 etiam
2670 3453 3077 3511 incommodum
3110 3457 3331 3528 accidit,
3357 3460 3503 3530 quod

1877 3559 2054 3612 neque
2100 3543 2420 3600 Gallaudius
2469 3548 2756 3618 exemplar
2812 3565 2990 3619 prosae
3041 3566 3069 3604 a
3118 3552 3505 3610 Juretoanno

1879 3639 2021 3692 1585
2050 3637 2257 3693 editum
2291 3639 2463 3694 vidit:
2501 3657 2676 3712 neque
2708 3643 2841 3698 mihi
2875 3645 3009 3700 illud
3055 3648 3294 3703 nancisci
3325 3649 3500 3707 licuit.

1874 3730 2191 3787 Gallandius
2211 3735 2441 3789 contulit
2466 3735 2855 3793 Bibliothecam
2879 3739 3103 3794 Patrum
3130 3742 3499 3800 Parisiensem

1873 3826 2000 3880 anni
2035 3827 2190 3893 1624,
2250 3843 2312 3883 ac
2358 3828 2818 3898 Lugdunensem:
2858 3833 2941 3888 his
2987 3836 3325 3905 antiquiores
3360 3839 3498 3895 alias

1873 3935 1976 3990 ego
2003 3936 2113 3990 pra:
2141 3923 2393 3976 manibus
2415 3922 2601 3989 habui,
2629 3933 2683 3978 ut
2711 3940 2834 3979 mox
2858 3925 3054 3981 dicam.
3081 3928 3333 4001 Suspicio
3361 3933 3498 3989 milii

1875 4024 2002 4071 nata
2031 4029 2136 4083 est,
2175 4031 2418 4086 prosam,
2443 4017 2885 4090 quandoquidem
2921 4037 3040 4077 eam
3077 4023 3302 4079 Scdulio
3331 4025 3495 4097 abju-

1871 4111 2057 4168 dicare
2083 4121 2272 4168 contra
2303 4112 2482 4179 Bedm,
2518 4113 2858 4184 aliorumque
2904 4116 3150 4185 ejusdem
3201 4117 3312 4174 lere
3346 4129 3484 4176 tem-

1875 4207 2023 4276 poris
2062 4207 2437 4262 auctoritatem
2482 4223 2586 4262 non
2617 4207 2762 4275 licet,
2795 4208 2863 4261 ab
2887 4208 3070 4280 aliquo
3102 4211 3492 4282 interpolatam

1874 4315 2020 4368 esse,
2049 4313 2104 4357 et
2131 4302 2182 4356 in
2214 4287 2537 4372 quibusdam
2586 4301 2722 4357 locis
2767 4302 2832 4356 ad
2866 4305 3182 4362 mendosam
3226 4309 3491 4366 carminis

1871 4398 2198 4468 scripturam
2228 4395 2715 4453 accommodatam.
2749 4396 2892 4454 Sane
2921 4415 3044 4454 cum
3080 4417 3238 4470 prosa
3267 4403 3496 4461 liberius

1872 4490 2146 4546 interdum
2180 4501 2460 4561 evagetur,
2492 4506 2676 4545 veram
2699 4492 2958 4547 carminis
2984 4494 3271 4552 lectionem
3300 4513 3330 4553 e
3361 4498 3496 4556 solis

1871 4600 2004 4640 mss.
2037 4585 2447 4656 exemplaribus
2478 4586 2741 4656 colligere
2789 4587 3097 4658 smpissime
3130 4605 3356 4650 necesse
3382 4605 3490 4651 est.

1783 4641 1837 4702 Β
1867 4681 1936 4738 Ut
1959 4690 2140 4736 autem
2171 4682 2223 4736 in
2262 4691 2520 4752 promptu
2551 4683 2623 4738 sit
2650 4683 2944 4754 explicatio
2989 4697 3262 4756 notarum,
3295 4690 3488 4762 quibus

1864 4779 2134 4836 editiones
2163 4787 2382 4834 veteres
2419 4787 2477 4834 et
2501 4777 2722 4834 codices
2752 4794 2883 4836 mss.
2911 4781 2964 4836 in
2988 4780 3212 4841 scholiis
3241 4784 3486 4844 indican~

1864 4884 1970 4943 tur,
2003 4873 2240 4931 indicem
2273 4889 2463 4932 earum
2492 4874 2747 4931 subtexe.

1934 4991 2052 5047 Alb.
2087 4991 2273 5049 Codex
2322 4992 2668 5050 biblimheca:
2697 4993 2963 5049 Albaniae.
3019 4994 3154 5052 Vide
3194 5012 3341 5052 num.
3386 5000 3476 5056 80.

1861 5117 1931 5127 -—
1957 5085 2080 5142 Ald.
2117 5085 2293 5142 Editio
2325 5085 2472 5154 Aldi,
2506 5087 2575 5143 de
2620 5103 2745 5159 qua,
2775 5102 2920 5141 num.
2959 5087 3080 5142 101.
3115 5120 3185 5130 —-
3210 5090 3348 5146 Alm.
3383 5093 3482 5148 Al-

1859 5182 2187 5239 meloveenii
2219 5181 2412 5238 codex.
2443 5181 2579 5237 Vide
2601 5197 2654 5236 n.
2689 5181 2780 5236 8|.
2812 5211 2881 5221 -—
2902 5180 3037 5253 Ang.
3063 5179 3244 5238 Codex
3276 5184 3476 5242 biblio-

1857 5278 2032 5334 thecae
2062 5275 2356 5348 Angelicw,
2391 5289 2538 5329 num.
2575 5274 2660 5327 79.
2689 5303 2760 5313 -—-
2788 5273 2966 5327 Arntz.
3014 5273 3196 5330 Codex
3239 5277 3475 5335 Arntze-

1857 5375 2130 5442 nii,num.
2177 5373 2265 5427 81.
2311 5402 2382 5413 ——
2429 5369 2611 5424 Barth.
2648 5369 2873 5424 Codices
2917 5369 3145 5441 Barthii,
3180 5388 3330 5429 num.
3379 5378 3472 5445 85,

1858 5470 1984 5526 135.
2016 5501 2088 5511 —
2123 5468 2303 5524 Burni.
2356 5466 2500 5522 Petri
2547 5464 2782 5521 Secundi
2817 5465 3112 5522 Burmanni
3147 5470 3384 5538 codices,
3418 5483 3476 5531 et

1855 5565 2208 5635 conjectum,
2261 5580 2313 5616 η.
2365 5559 2453 5614 82.
2487 5589 2551 5598 -—
2604 5556 2755 5613 Cant.
2797 5559 2980 5617 Codex
3035 5561 3471 5638 Cantuariensis,

1858 5679 2008 5717 num.
2039 5663 2126 5718 85.
2162 5675 2278 5729 seq.
2308 5687 2379 5698 —
2413 5657 2577 5728 Capp.
2613 5655 2792 5710 Editio
2823 5657 3145 5728 Cappusoti,
3177 5677 3326 5717 num.
3377 5662 3468 5720 95.

1855 5789 1927 5798 —
1954 5756 2087 5812 Cell.
2121 5753 2303 5808 Editio
2333 5752 2582 5819 Ccllarii,
2611 5768 2736 5806 num
2767 5753 2891 5807 1'26.
2919 5785 2991 5793 —
3018 5753 3147 5809 Cod.
3175 5773 3227 5810 a.
3252 5757 3300 5812 b.
3334 5775 3380 5812 c.
3410 5761 3469 5815 ά.

1849 5869 1893 5906 e.
1947 5850 2198 5920 Quinque
2251 5846 2501 5914 Codices,
2564 5862 2631 5901 ex
2685 5847 2880 5917 quibus
2912 5849 3243 5907 Arntzenius
3289 5854 3471 5910 varias

1853 5945 2112 5999 lectiones
2138 5942 2347 6009 habuit,
2375 5959 2524 5998 num.
2554 5946 2640 5998 8:2.
2666 5974 2738 5984 --
2762 5945 2876 5999 Col.
2901 5943 3080 6000 Editio
3101 5946 3469 6012 Coloniensie.
