3826 6332
71 205 135 258 li‘l
1164 191 1630 250 EPISTOLARUM
1673 192 1867 246 LIliER
1910 196 1969 247 lt.

3104 200 3199 255 IUO

64 326 255 367 notiorem
292 309 752 364 commendationis
794 322 939 371 meae,
991 304 1130 359 inter
1187 304 1527 357 familiarium
1559 302 1607 360 Δ
1637 303 1777 368 ὶμεοδ
1807 322 1982 360 coram
2013 306 2225 359 datores
2269 307 2548 373 bonorum,
2595 312 2779 378 gratiae
2823 311 2988 365 instar
3015 311 3198 367 existi-

65 418 219 459 tuorum
246 403 516 471 pracipuos
536 409 696 468 atque
717 396 1049 452 honorabiles
1071 404 1370 450 censeatur.
1392 392 1537 446 Vale.

582 529 790 583 EPIST.
831 528 938 581 XL.

354 635 651 676 εῖιωλεηοε
683 633 934 673 ηΑνιΑΝο
966 633 1171 671 FRATRI.

115 714 267 779 Ignatio
292 726 397 764 meo
422 710 662 779 gratulor
698 709 834 773 quod
869 718 1046 760 nostra
1088 708 1139 759 in
1173 722 1291 761 eum
1320 706 1539 775 diligen-

67 808 114 855 tia
136 816 202 854 ltto
222 816 381 853 amore
405 800 665 852 vincatur.
693 798 911 851 Factum
936 806 1048 857 est,
1080 794 1219 865 quod
1252 796 1491 847 volebam
1520 811 1533 845 :

60 910 147 947 nam
169 895 413 959 parcerem
446 888 513 942 de
543 889 634 940 illo
663 886 950 942 testimonii
979 887 1278 940 cautionem
1321 884 1534 951 prmtni-

62 999 201 1039 seram.
224 995 354 1049 quam
379 980 573 1033 sentire
592 977 833 1040 cupisti.
879 975 1027 1029 Nune
1067 976 1111 1029 si
1151 988 1252 1043 qua
1296 988 1534 1027 meorum

61 1087 217 1126 actuum
240 1073 355 1125 scire
382 1072 637 1139 postulas,
663 1068 967 1137 explicabit.
1012 1069 1177 1119 Tanta
1218 1067 1290 1119 illi
1323 1074 1404 1119 est
1430 1066 1536 1119 vir-

63 1178 137 1223 tus,
172 1174 213 1214 et
253 1161 503 1227 utriusque
543 1170 782 1213 nostrum
818 1172 883 1211 ex
912 1157 1269 1209 familiaritate
1314 1155 1531 1216 fiducia;

61 1264 99 1305 ul
128 1263 167 1303 rt
205 1251 258 1304 de
297 1266 372 1303 me
412 1249 543 1303 nihil
576 1248 743 1317 pos-it
776 1248 1052 1317 ignorare,
1085 1254 1138 1300 et
1162 1244 1298 1314 apud
1327 1254 1380 1298 te
1406 1244 1534 1297 nihil

59 1340 262 1395 occulere.
287 1339 424 1392 Vale.

559 1405 769 1462 EPIST.
820 1404 952 1459 XLI.

348 1515 644 1555 ωυευυδ
675 1515 935 1554 Ριλνιλκο
965 1514 1171 1552 FRATRI.

110 1592 358 1644 Voluntaria
402 1592 659 1645 beneficia
698 1602 785 1644 tua
840 1590 1021 1659 petito
1061 1606 1091 1643 e
1131 1588 1396 1657 praevenio
1420 1629 1434 1653 ,
1479 1595 1534 1639 ut

56 1702 144 1751 qua:
176 1698 243 1736 tua
268 1693 436 1750 sponte
476 1682 694 1743 tribuis,
747 1696 846 1749 ego
894 1682 1073 1735 videar
1121 1683 1429 1746 impetrare,
1481 1687 1534 1732 et

57 1778 201 1826 lienam
227 1787 400 1827 natura:
424 1784 525 1826 ture
557 1774 607 1825 in
643 1774 867 1841 gratiam
898 1786 1068 1825 meam
1097 1778 1346 1823 transeat.
1381 1770 1529 1820 Nica-

56 1881 191 1930 goram
211 1865 530 1917 claris-imum
555 1864 726 1916 virum
772 1863 966 1916 Siciliae
1011 1861 1238 1913 fascdtus
1272 1858 1530 1918 funcmnt,

58 1958 128 2007 sub
150 1955 399 2008 custodiam
423 1956 612 2009 adesse
638 1954 793 2019 jussi.
840 1952 989 2006 Iquc
1027 1951 1119 2004 tibi
1163 1960 1217 2005 et
1260 1964 1372 2004 suae
1412 1949 1533 2000 vita)

57 2043 285 2112 integritas,
318 2055 369 2097 et
391 2044 572 2095 merita
606 2040 842 2095 fraterna
880 2040 1276 2095 commendant.
1315 2036 1535 2091 Accedit

56 2135 110 2185 ilb
136 2135 186 2186 ad
213 2136 585 2201 pncrngativam
634 2134 870 2199 precatio
913 2146 1027 2185 mea
1057 2148 1072 2187 ;
1106 2130 1194 2199 qui
1244 2129 1344 2184 e’si
1376 2142 1534 2194 sprro

55 2226 245 2294 probitati
265 2227 365 2296 ejus
385 2240 753 2294 rrsponsuram
784 2223 1186 2277 lieneficen'iam
1233 2231 1404 2281 tuam;
1444 2232 1529 2272 se-

54 2312 146 2371 dulo
167 2329 309 2370 tamen
334 2317 560 2385 postulo,
586 2328 642 2368 ut
664 2314 1000 2370 sanctissimo
1035 2313 1213 2381 juveni
1246 2311 1297 2364 in
1336 2309 1532 2365 bonum

55 2408 515 2474 t'ertateah;bitionis
546 2407 775 2461 occasio.
819 2406 964 2459 \‘ale.
1092 2410 1099 2414 “

540 2538 753 2593 EPIST.
796 2506 955 2591 XLII.

325 2644 630 2686 SYIIACIIUS
666 2641 923 2683 FLAVIANO
967 2641 1095 2678 FBAT
1105 2640 1153 2677 BI
1163 2662 1177 2677 .

100 2718 545 2773 Commendaveram
585 2718 679 2772 tibi
717 2716 917 2771 dudum
960 2712 1251 2768 Macedonii
1282 2711 1385 2766 viri
1418 2710 1529 2767 cla-

52 2809 192 2863 tissimi
213 2808 373 2874 ﬁlium,
410 2824 533 2863 eum
577 2807 693 2862 foro
724 2816 813 2861 tuo
838 2821 1032 2859 nomen
1061 2804 1317 2857 dedisset.
1358 2801 1529 2855 Credo

51 2912 135 2951 eam
164 2913 254 2951 rem
286 2915 373 2967 pro
398 2899 578 2953 studio
619 2911 739 2952 tneo
772 2896 951 2964 juveni
990 2893 1372 2947 commodasse.
1423 2889 1527 2944 Sed

52 2988 135 3053 quia
159 2991 423 3054 parentibus
453 2990 588 3043 nihil
618 2990 747 3041 satis
772 2997 885 3052 est,
929 2996 979 3040 et
1015 2984 1276 3039 efﬁi-acior
1307 2984 1524 3053 quibus-
1551 2987 1598 3051 (ζ

52 3074 315 3131 demittetur
335 3079 602 3145 petitionis
630 3077 836 3130 iteratio
862 3092 874 3127 :
910 3083 1120 3142 rogatus
1143 3074 1317 3127 denuo
1349 3084 1527 3141 postu-

53 3166 167 3216 ldum
190 3178 369 3232 retexo,
411 3184 525 3221 non
569 3177 625 3219 ut
665 3181 851 3218 nmam
896 3164 1164 3217 causidico
1204 3161 1526 3216 benevolen-

52 3264 139 3306 tam
160 3270 356 3321 prostes,
396 3258 489 3312 sed
538 3271 587 3310 ut
631 3258 736 3325 jam
778 3256 1020 3309 tributam
1053 3254 1285 3324 digneris
1314 3266 1525 3319 augere.

52 3346 131 3397 lico
149 3358 284 3401 autem
307 3354 516 3403 nomine
539 3364 725 3417 quaeso
749 3359 820 3410 te,
848 3363 912 3401 ne
934 3348 1009 3399 sic
1031 3346 1344 3399 desiderium
1376 3359 1525 3410 repe-

52 3444 272 3491 ttnntase
299 3440 570 3507 cenjicias,
618 3448 863 3506 tanquam
908 3452 989 3489 nte
1030 3436 1176 3504 prius
1217 3435 1525 3501 impetraSse

51 3525 237 3578 diffidant.
258 3526 391 3581 Vale.

516 3596 733 3652 EPIST.
787 3595 961 3648 XLIII.

315 3702 626 3741 εῗὶέὶίςῐῖῗνῖει
670 3706 789 3740 l';.\\
804 3704 921 3740 IANU
963 3700 1173 3740 I‘RATRI.

102 3778 236 3827 Lm
278 3778 546 3844 Sationis,
602 3776 693 3847 qui
738 3777 959 3831 antehae
1005 3773 1300 3829 Calabriam
1351 3774 1521 3838 rexit,

49 3865 152 3913 multi
182 3867 223 3917 in
257 3868 431 3921 bonam
475 3878 687 3937 partem
722 3868 1035 3937 loquuntur;
1082 3880 1247 3933 eaque
1286 3874 1520 3934 prepter,

76 3968 83 4001 ι
113 3956 305 4026 suffragio
342 3972 427 4013 tuo
469 3976 499 4012 a
544 3974 641 4013 me
676 3959 1114 4021 comm‘tteretur,
1146 3964 1383 4010 orarunt.
1435 3956 1527 4008 Est

49 4046 305 4101 Luminita’is
342 4060 394 4101 et
429 4047 845 4103 consuetudinis
873 4057 995 4107 ture,
1028 4046 1147 4098 aliis
1172 4060 1377 4115 quoque
1412 4047 1524 4113 pla-

49 4130 141 4186 citos
159 4150 306 4191 altore
326 4138 555 4207 dignari.
612 4137 753 4205 Ergo
781 4137 825 4189 si
854 4135 982 4189 nihil
1012 4144 1115 4200 est,
1142 4135 1279 4203 quod
1294 4134 1528 4188 ‘resistat

51 4226 290 4283 muluium
333 4230 636 4293 voluntati,
692 4226 878 4289 effice,
926 4242 1021 4281 oro
1070 4238 1154 4289 te,
1196 4236 1267 4280 ut
1311 4226 1525 4282 Sexioni

1644 407 1785 452 mant
1805 439 1818 462 ,
1867 408 1922 451 ut
1964 413 2101 452 nunc
2140 397 2299 452 frater
2329 414 2477 453 meus
2502 398 2744 453 Paconius
2771 400 2991 456 vadatus
3020 402 3197 471 opimo

1642 490 1929 544 testimonii
1959 490 2030 544 tui
2062 505 2279 544 munere
2302 491 2485 544 audire
2507 490 2805 559 properavit
2824 493 2957 560 parti
2982 492 3198 549 honoris

1574 566 1577 567 ⁷
1642 588 1933 632 auctorem.
1986 578 2424 634 Commendarem
2469 581 2559 633 tibi
2602 579 2854 645 Optimum
2902 585 3104 646 civem;
3150 582 3198 638 si

1642 684 1828 738 posses
1870 670 2013 735 parvi
2046 669 2248 732 facere,
2288 684 2444 737 quem
2483 670 2678 723 dudum
2715 672 2870 725 altius
2907 672 3191 741 protulisti.

1637 762 2102 829 Supersedendum
2134 772 2215 816 est
2243 761 2397 830 igitur
2427 762 2509 815 his
2537 762 2743 827 verbis,
2774 780 2892 833 qua:
2920 764 3192 832 suffragari

1639 854 2094 923 p'oficiseentibus
2134 853 2327 908 solent.
2378 852 2558 921 Neque
2600 853 2738 907 enim
2777 870 2907 907 vana
2953 869 3072 923 spes
3113 864 3191 909 est

1637 945 1888 999 validiora
1920 943 2030 997 for'e
2058 944 2196 1011 apud
2226 953 2278 998 te
2307 947 2492 997 merita
2522 946 2815 1012 przcsentis,
2848 960 2967 998 cum
3000 947 3187 999 absen-

1637 1046 1742 1091 tem
1772 1036 1946 1089 favore
1970 1036 2287 1103 respexeris.
2315 1034 2462 1087 Vale.
2551 1076 2560 1087 .

2202 1123 2409 1179 EPIST.
2452 1124 2629 1177 XLVI.

1992 1230 2297 1269 SYMIIACIIL'S
2336 1231 2591 1268 FLAVIANO
2631 1231 2694 1269 Ρη
2709 1231 2839 1268 κτηι.

1706 1306 1905 1361 Ferunt
1934 1306 2241 1370 Socratem,
2278 1307 2323 1359 si
2363 1306 2580 1375 quando
2608 1307 2801 1360 excidit
2837 1305 3052 1374 cupitis,
3099 1314 3189 1359 aut

1634 1396 1935 1460 destinatis,
1970 1396 2021 1450 id
2054 1396 2150 1449 sibi
2179 1396 2335 1459 utile,
2377 1396 2516 1465 quod
2558 1406 2835 1462 evenerat,
2880 1398 3190 1450 aestimasse.

1634 1486 1715 1542 Nil
1747 1487 1917 1540 meriti
1953 1488 2029 1540 sui
2060 1502 2278 1540 securus
2306 1487 2581 1554 interpres,
2615 1501 2675 1538 ea
2704 1486 3034 1553 conjertabat
3070 1500 3192 1541 esse

1636 1576 1853 1629 mel'ora
1883 1590 1996 1643 quae
2024 1590 2179 1628 casus
2206 1574 2385 1637 dabat,
2414 1589 2568 1641 quam
2600 1590 2716 1642 qttze
2745 1575 2952 1628 animus
2979 1582 3191 1641 app~te-

1640 1669 1745 1720 hat.
1778 1667 1981 1734 Sequor
2004 1667 2254 1735 sapientis
2282 1666 2603 1731 exemplum,
2627 1673 2680 1717 et
2700 1664 2754 1717 in
2774 1664 2964 1716 bonum
2989 1673 3189 1731 partem

1638 1757 1810 1821 traho,
1856 1757 1990 1823 quod
2040 1757 2305 1809 Saxonum
2356 1770 2605 1807 numerus
2652 1763 2821 1807 morte
2866 1761 3189 1816 contractus,

1636 1848 1770 1900 intra
1806 1860 2063 1899 summam
2102 1844 2367 1897 tlecretam
2407 1843 2582 1910 populi
2623 1842 2980 1908 voluptatibus
3022 1842 3185 1903 stetit,

1635 1951 1702 1990 ne
1734 1947 1927 1989 nostra:
1956 1934 2195 1995 editioni,
2226 1933 2268 1984 si
2302 1931 2425 1998 quid
2455 1931 2831 1991 redundasset,
2859 1931 3185 1984 abscederet.

1635 2027 1763 2081 Nam
1790 2025 2001 2094 quando
2028 2018 2604 2091 proltibuisset'privata
2634 2020 2869 2074 custodia
2896 2020 3188 2089 desperatae

1634 2118 1807 2185 gentis
1837 2115 2022 2183 impias
2051 2110 2257 2179 manus,
2287 2128 2405 2166 eum
2435 2112 2613 2179 viginti
2645 2126 2830 2165 novem
2861 2111 3050 2164 fractas
3076 2112 3192 2165 sine

1637 2206 1824 2275 laqueo
1855 2207 2033 2258 fauces
2074 2204 2274 2271 primus
2318 2200 2426 2254 ludi
2470 2200 2761 2268 gladiatorii
2804 2198 2917 2254 dies
2957 2201 3191 2254 viderit?

1634 2297 1775 2352 Niltil
1818 2297 1975 2365 igitur
2017 2310 2196 2347 moror
2239 2293 2490 2346 familiam
2539 2292 2795 2359 Spartaco
2843 2291 3185 2357 nequiorem;

1635 2387 1895 2453 velimque
1924 2386 1964 2437 si
1996 2393 2098 2435 tun
2131 2382 2283 2435 facile
2308 2379 2447 2435 fac‘u
2476 2390 2579 2445 est,
2612 2379 2643 2431 II
2663 2394 2747 2431 inc
2779 2380 3186 2432 munificentiam

1636 2476 1904 2545 principis,
1938 2474 2253 2541 Libycarum
2285 2471 2560 2538 largitione
2589 2470 2800 2523 mutari.
2836 2467 2965 2520 Nam
2990 2466 3190 2535 glad:a-

1632 2580 1764 2624 tura!
1804 2572 2020 2623 idoneos
2060 2564 2327 2620 communi
2370 2578 2495 2618 cura
2545 2562 2857 2633 prospiciet;
2904 2575 3023 2627 qua:
3071 2575 3188 2626 pars

1634 2664 1686 2717 in
1730 2672 1981 2730 apparatu
2020 2657 2309 2729 qurestorio
2352 2656 2495 2723 prior
2533 2666 2646 2716 est,
2694 2662 2753 2709 ut
2794 2661 3189 2706 auctoramento

1632 2752 1797 2806 lectos
1842 2751 2029 2817 longus
2069 2762 2198 2801 usus
2239 2746 2497 2799 instituat.
2548 2743 2787 2811 Nostros,
2819 2742 3009 2811 quibus
3038 2757 3189 2796 urso—

1632 2858 1749 2897 rum
1795 2843 1953 2895 lectio
1998 2849 2052 2893 et
2095 2839 2419 2905 comparatio
2457 2837 2565 2903 jam
2610 2836 2809 2903 pridem
2847 2836 3046 2889 credita
3084 2844 3185 2900 est,

1634 2945 1909 3002 perveetos
1951 2932 2016 2985 all
2060 2939 2112 2984 te
2155 2928 2409 2998 temporis
2445 2926 2792 2980 asstimatione
2819 2940 2923 2978 non
2954 2925 3185 2992 ambigo.

1629 3023 1733 3077 Sed
1760 3023 1803 3075 si
1826 3020 2148 3074 cnrsualium
2174 3016 2572 3086 praepositorum
2595 3014 2809 3068 avaritia
2834 3014 3185 3079 retardantur,

1633 3100 1743 3166 erit.
1764 3111 2125 3165 beneficentia:
2156 3118 2255 3161 tute
2283 3121 2479 3168 moras,
2505 3107 2697 3173 quibus
2724 3113 2988 3169 tenentur,
3015 3105 3188 3158 absol-

1632 3216 1776 3256 vere.
1806 3200 1949 3255 Vale.

2180 3266 2389 3322 EPIST.
2432 3265 2636 3320 XLVII.

1994 3372 2296 3412 SYSISIACIIUS
2334 3372 2588 3409 FLAVIANO
2626 3370 2834 3409 FRATRI.

1700 3456 1811 3522 Ope
1850 3451 2003 3506 deum
2053 3449 2283 3502 secunda
2344 3447 2676 3513 navigatione
2728 3454 2775 3487 ρ*
2821 3446 2953 3496 ‘aiﬁl.
3006 3432 3189 3497 uiuere

1630 3544 1695 3598 ad
1718 3544 1977 3597 destinata
2004 3555 2080 3606 pet
2098 3540 2355 3592 venimus.
2387 3546 2674 3605 Appetebat
2699 3533 3033 3589 Commodum
3058 3544 3189 3587 tem-

1633 3636 1830 3705 pestiva
1860 3634 1985 3688 hora
2016 3630 2261 3701 convivii.
2293 3630 2390 3683 Ubi
2422 3643 2611 3681 curare
2635 3641 2854 3691 corpora
2883 3626 3001 3679 cibo
3026 3628 3190 3693 ω’ρί-

1632 3742 1777 3789 tuus;
1811 3724 2033 3779 accurrit
2060 3723 2144 3793 qui
2175 3720 2301 3774 mibl
2325 3718 2577 3772 amabiles
2606 3718 2808 3770 litteras
2851 3715 3190 3778 tuas,simul-

1630 3832 1733 3886 que
1761 3830 1788 3867 a
1821 3824 1872 3869 te
1896 3822 2078 3880 captas
2107 3827 2137 3867 e
2167 3809 2298 3864 mari
2338 3809 2517 3877 copias
2547 3807 2847 3870 exhiberet,
2890 3819 3007 3873 quae
3036 3803 3190 3857 nobis

1631 3909 1743 3962 esui
1773 3920 1891 3959 mox
1922 3903 2088 3957 fuere.
2144 3902 2273 3955 Nam
2321 3900 2473 3953 libuit
2517 3896 2793 3963 indulgere
2820 3895 3002 3962 genio,
3044 3901 3189 3962 post-
3264 3933 3273 3943 .

1629 4012 1786 4065 quam
1836 3994 2111 4063 parvulum
2155 4002 2396 4045 nostrum
2447 3987 2682 4055 periculo
2722 3994 3023 4053 exemptum
3067 3998 3190 4051 spes

1614 4074 1807 4154 ‘optata
1832 4086 2083 4153 respexit.
2118 4082 2290 4136 Ilabcs
2312 4094 2524 4135 omnem
2556 4093 2669 4133 rem
2694 4094 2708 4130 :
2738 4062 2886 4139 cura,
2909 4084 2966 4129 ut
2990 4074 3187 4153 valeas,
3269 4057 3279 4064 ’

1630 4188 1683 4232 ct
1710 4177 1931 4248 patriam
1961 4177 2032 4229 tui
2067 4184 2332 4227 amantem
2358 4169 2748 4238 quamprimum
2777 4166 3008 4230 revisas,
3050 4163 3186 4216 bona

1632 4267 1898 4336 parentis,
1953 4271 2010 4317 ut
2038 4276 2217 4331 spero,
2258 4260 2440 4325 venia,
2480 4258 2566 4313 cui
2594 4272 2715 4312 mox
2744 4263 2956 4326 peracta
2983 4252 3189 4308 lustrali

173 4327 214 4371 te
241 4321 430 4387 prosint
468 4328 526 4375 et
568 4333 697 4373 mea
738 4318 925 4382 verba,
968 4329 1020 4373 et
1053 4330 1175 4373 vota
1215 4320 1521 4396 multorum.
1549 4345 1601 4404 υ
1630 4314 2251 4413 ζίςῖθξῌξιέω-ηᾶαετξξ,
2284 4352 2427 4406 γειιθ⁸

54 4400 153 4457 Isle.

520 4479 747 4535 EPIST.
787 4477 969 4532 XLIV.

319 4587 628 4627 SYIIACHUS
673 4573 929 4624 rLitvtauo
966 4586 1153 4625 rnnnt
1168 4617 1181 4629 .
1412 4624 1419 4635 ,

98 4651 297 4714 Palatinos
321 4663 528 4731 injuria:
561 4676 718 4726 reos,
749 4677 882 4741 quos
920 4663 1110 4717 Brutiis
1148 4663 1408 4718 celsitudo
1440 4672 1525 4715 tua

52 4746 227 4815 νεαιρὶι
248 4753 422 4817 exciri,
465 4754 631 4808 miles
657 4751 729 4806 de
755 4753 1003 4819 praetorio
1028 4752 1238 4810 missus.
1267 4753 1523 4808 exhibuit.

52 4828 229 4892 θείω,
256 4855 394 4896 sacro
432 4844 715 4899 auditorio
750 4843 938 4897 eadem
980 4858 1132 4897 causa
1165 4854 1523 4912 competeret,

52 4918 223 4983 “In
239 4945 391 4997 meus,
411 4947 613 5001 parens
649 4943 853 4996 noster,
876 4933 1155 5000 praefectus
1174 4934 1320 4993 Urbi.
1348 4945 1526 4988 aucto-

52 5008 275 5109 ι’ξωξὶατίι
297 5033 347 5075 et
372 5024 567 5079 fiducia
596 5025 677 5076 tui
696 5062 711 5081 .
750 5037 1005 5091 personas
1034 5022 1128 5075 sibi
1168 5040 1229 5078 ac
1264 5026 1525 5093 negotium

52 5102 273 5166 “limit.
306 5115 450 5183 Quod
494 5131 564 5173 eo
614 5113 838 5177 scribo,
886 5123 947 5168 ut
987 5116 1194 5170 noveris
1238 5118 1525 5184 apparitori

56 5192 382 5265 Imm
404 5211 702 5272 rationem,
732 5206 824 5276 qui
850 5216 905 5261 et
931 5210 1128 5276 parenti
1158 5218 1246 5263 tuo
1269 5210 1448 5275 cessit,
1476 5221 1525 5264 et

57 5278 206 5354 κειται
225 5294 349 5355 Ya‘e.

524 5367 753 5427 EPIST.
795 5364 961 5420 XLV.

300 5473 599 5518 εῑωιΑεΒσε
639 5471 925 5517 ηιγιλκο
962 5473 1163 5513 FBATII.

106 5536 173 5606 Ἦ
198 5544 322 5608 hit
355 5553 615 5612 beneﬂcio
679 5550 975 5622 potiuntur
1014 5551 1232 5617 optatis,
1280 5553 1519 5608 venerari

2173 4462 2382 4519 EPIST.
2424 4460 2645 4516 XLVIII.

1991 4570 2297 4612 sruuacuus
2334 4569 2589 4608 ruvuno
2627 4548 2838 4606 r'nnnt.

1699 4649 1777 4703 Ad
1833 4650 2044 4703 tertium
2088 4662 2255 4700 nonas
2285 4645 2542 4699 Octobres
2582 4642 2757 4717 primo
2784 4643 2915 4695 lucis
2942 4641 3186 4707 respondi

1630 4740 1818 4793 litteris
1848 4740 1949 4793 tuis
1973 4780 1988 4803 ,
2034 4750 2164 4804 quas
2195 4751 2287 4804 pro
2318 4734 2592 4801 interjct-tu
2625 4732 2857 4794 itineris,
2904 4745 3009 4798 quo
3050 4744 3187 4783 nunc

1628 4832 1968 4891 distinemur,
2003 4835 2124 4880 ante
2153 4826 2427 4879 meridiem
2455 4836 2668 4875 sumere
2698 4820 2945 4874 debuisti.
2996 4818 3100 4873 Sed
3129 4828 3185 4873 tit

1626 4922 1818 4987 scripta
1844 4919 1908 4971 ad
1935 4930 2208 4984 vi-Speram
2234 4914 2362 4967 mihi
2388 4913 2590 4967 reddita
2616 4911 2983 4980 prodiderunt,
3009 4925 3182 4964 meum

1626 5012 1879 5073 officium,
1908 5022 2181 5074 meamque
2201 5022 2382 5059 curam
2406 5003 2659 5058 tabellarii
2683 5002 2937 5056 lentitudo
2961 5016 3184 5070 suspeuv

1627 5104 1720 5159 dit.
1768 5102 1877 5170 Ego
1908 5111 2081 5155 tamen
2121 5099 2241 5152 huic
2270 5112 2431 5151 morte
2460 5108 2773 5149 succensere
2808 5108 2911 5146 non
2944 5108 3183 5161 possunt.

1634 5191 1893 5245 Defu'sset
1916 5189 2057 5243 enim
2092 5187 2183 5241 tibi
2212 5200 2370 5240 causa
2398 5200 2424 5239 s
2444 5186 2660 5237 'rmonis
2692 5181 2948 5250 iterandi,
2994 5182 3039 5237 si
3070 5197 3183 5235 ma-

1629 5294 1745 5336 ture
1773 5296 2020 5349 responsa
2050 5290 2225 5334 nostra
2258 5279 2505 5346 legisses;
2545 5291 2663 5345 qua:
2692 5275 2901 5329 confido
2932 5279 3040 5343 jam
3080 5288 3184 5325 tra-

1626 5374 1769 5423 dita:
1817 5372 1915 5425 nisi
1957 5371 2090 5425 forte
2130 5370 2302 5422 denuo
2341 5368 2528 5434 aliquis
2571 5382 2632 5419 ex
2675 5365 2891 5419 urbanis
2929 5362 3178 5418 divitibus

1629 5466 1857 5517 insessor
1908 5464 2107 5515 viarum
2160 5462 2356 5523 scri,ta
2411 5469 2587 5513 nostra
2642 5460 2859 5511 foretur.
2931 5455 3006 5514 Dii
3062 5454 3181 5509 illos

1629 5553 1889 5608 men'ibus
1920 5554 2026 5629 suis
2056 5553 2308 5619 puniant!
2359 5550 2506 5605 Nune
2536 5562 2594 5602 ac
2625 5547 2839 5616 quaesita
2871 5545 3171 5602 redeamus.
