3906 6350
187 282 280 341 543

1256 276 1505 336 OPERIS
1546 270 1934 336 PASCIIALIS
1974 275 2373 337 DEDICATIO.

3371 281 3479 340 546

186 400 344 469 longa:
392 395 762 454 excusationis
810 394 1068 468 ambages
1092 439 1107 465 ,
1160 406 1261 454 nec
1309 400 1489 471 pigeat
1536 407 1589 454 te
1647 406 1770 468 post
1796 406 1849 467 Α
1873 400 2142 467 ordinavi,
2168 409 2358 457 contra
2382 411 2574 456 omnes
2601 396 2827 454 aemulos
2858 404 2966 456 tuac
2995 399 3151 474 157
3174 400 3481 459 defensioni

184 490 300 546 tanti
351 491 578 562 gurgitis
635 505 861 546 emensa
903 489 1218 548 discrimina
1270 492 1448 549 adhuc
1478 490 1767 548 ﬂuctuanti
1869 494 2217 551 commendo.
2257 495 2392 549 llnic
2434 503 2618 550 autem
2654 493 2809 564 operi
2838 496 2908 562 9",
2949 494 3169 551 favente
3219 496 3479 564 Domino,

180 586 368 658 paginae
392 586 736 643 auctoritatis
761 597 868 643 tuae
890 586 1188 644 anchoram
1210 589 1591 646 commodare.
1623 588 1768 658 Qua-

180 687 291 735 tuor
311 695 434 751 ergo
461 680 509 715 ⁹³
541 695 861 737 struantur)!
903 697 1192 741 utvmoamt
1222 684 1473 753 libellos,
1524 701 1662 756 quos
1697 698 1767 740 ex

179 771 404 845 pluribus
433 788 604 845 pauca
641 775 965 846 complexus
989 791 1163 847 usque
1205 776 1274 833 ad
1303 778 1616 849 passionem
1646 819 1661 844 ,
1708 770 1771 833 et

178 867 644 935 resurrectionem,
670 869 1161 943 ascensionemque
1188 870 1406 927 Domini
1439 872 1612 928 nostri
1637 872 1770 927 Jesu

176 957 381 1035 ChriSti,
409 971 643 1035 quatuor
671 966 1138 1037 evangelistarum
1167 966 1215 1002 ³⁸
1245 966 1391 1024 dicta
1419 982 1765 1043 congregans

1870 585 2253 644 PASCHALIS
2283 585 2615 642 CARMINIS
2642 578 2839 644 nomen
2863 588 3121 658 imposui,
3155 589 3280 661 quia
3311 587 3476 646 PAS-

1874 676 2017 735 (ΖΒΑ
2068 689 2315 747 nostrum
2372 679 2680 736 immolatus
2736 690 2821 737 est
2873 681 3127 738 Christus
3177 699 3191 735 :
3244 681 3333 737 cui
3384 679 3484 736 ho-

1874 788 1978 829 nor
2010 773 2080 841 “,
2112 782 2165 829 et
2196 772 2394 843 gloria,
2417 787 2539 828 cum
2570 772 2750 841 Patre,
2783 783 2839 831 et
2865 774 3073 847 Spiritu
3122 784 3349 847 sancto,
3383 789 3482 848 per

1874 869 2062 927 omnia
2086 868 2283 927 saecula
2315 867 2662 925 sucularum.
2697 869 2890 928 Amen.

1647 1101 1969 1160 SCHOLlA.

146 1244 147 1249 π
177 1219 353 1276 ordine
372 1217 498 1274 Vat.
520 1217 577 1282 2,
606 1218 731 1275 cod.
757 1221 846 1287 B.,
876 1218 1029 1287 Ald.,
1062 1218 1187 1277 Vet.
1220 1222 1247 1277 1
1272 1264 1287 1286 ,
1322 1220 1495 1289 Mon.,
1537 1219 1758 1276 scheda:

176 1292 397 1359 Poelm.,
429 1292 712 1362 ﬂuctuanti
746 1294 939 1349 adhuc.
973 1292 1111 1363 Reg.
1137 1294 1191 1359 1,
1226 1293 1341 1353 Οιι.
1377 1295 1429 1360 1,
1462 1309 1585 1349 cum
1622 1309 1761 1348 non-

176 1364 329 1421 nullis
365 1366 527 1419 editis
565 1366 895 1421 commodare
938 1381 957 1420 :
994 1366 1087 1420 alii
1141 1380 1265 1421 cum
1314 1367 1437 1421 Ald.
1466 1412 1480 1435 ,
1513 1366 1635 1421 Vel.
1694 1365 1756 1431 1,

176 1435 284 1493 Vat.
311 1436 368 1503 2,
400 1435 571 1505 Mon.,
610 1437 838 1505 Poelm.,
870 1438 1283 1495 accommodare.

237 1509 321 1564 93.
351 1508 463 1582 Ott.
499 1508 755 1582 LJgitur
800 1510 1115 1566 mirabilium
1157 1512 1454 1565 divinorum
1479 1519 1582 1565 tres
1614 1510 1761 1564 libel-

176 1578 278 1654 los;
304 1581 399 1637 sed
422 1592 525 1636 tres
546 1578 824 1653 appictum
853 1594 938 1639 est
967 1599 1150 1654 supra.
1170 1583 1230 1641 S.
1268 1584 1510 1639 Isidorus
1539 1582 1608 1638 de
1638 1582 1757 1654 Vir.

174 1652 360 1709 illustr.
413 1665 525 1710 tres
556 1651 721 1709 etiam
766 1651 1078 1711 enumerat.
1113 1656 1297 1710 NOslri
1344 1656 1433 1710 alii
1469 1671 1600 1709 mss.
1638 1651 1759 1709 Vat.

173 1722 224 1792 2,
251 1724 381 1799 Reg.
408 1726 475 1799 1,
512 1728 580 1799 2,
610 1728 643 1781 5
673 1746 687 1782 :
724 1726 962 1799 Quatuor
1000 1727 1158 1799 igitur
1194 1726 1517 1781 mirabilium
1560 1727 1762 1780 divino-

172 1811 277 1850 rum
300 1796 522 1853 libellos.
549 1798 688 1869 Reg.
720 1798 755 1853 4
777 1842 793 1867 ,
828 1796 1068 1867 Quatuor
1099 1798 1421 1855 mirabilium
1467 1800 1633 1869 igitur
1682 1799 1765 1852 di-

172 1869 415 1923 uiuorum.
465 1874 717 1935 Quatuor
769 1876 934 1927 etiam
973 1872 1097 1926 COlI.
1145 1870 1345 1927 Almel.
1393 1879 1671 1926 recenset.
1708 1871 1765 1928 In

172 1938 377 2015 schedis
400 1940 607 1996 Poelm.
634 1958 733 2013 pro
757 1952 978 2012 quatuor
998 1941 1349 2000 subSIituitur
1364 1943 1610 2015 quinque.
1633 1942 1765 1997 Edi-

1868 1220 2061 1348 renga.
2096 1220 2213 1277 Non
2247 1218 2391 1277 enim
2420 1231 2708 1292 assequor,
2740 1231 2840 1274 cur
2868 1216 3115 1274 ordinavi
3145 1219 3331 1292 glossa
3361 1236 3493 1280 cen-

1869 1309 1963 1348 sen
2011 1310 2037 1348 a
2062 1296 2153 1348 sit.

1869 1296 2037 1349 senda
2062 1296 2153 1349 sit.

1940 1365 2029 1421 95.
2073 1365 2330 1421 Nonnulli
2358 1364 2511 1433 editi,
2547 1366 2690 1422 Huic
2729 1374 2898 1421 autem
2928 1364 3188 1431 carmini;
3221 1381 3353 1422 vera
3383 1366 3493 1425 lec-

1870 1437 1965 1504 tio,
1997 1441 2163 1507 operi,
2216 1439 2373 1507 cujus
2401 1440 2585 1510 glossa
2618 1440 2672 1494 in
2706 1454 2809 1494 ms.
2856 1438 3069 1494 Bartltii
3114 1447 3251 1505 erat,
3302 1440 3357 1495 It.
3406 1456 3452 1495 e.
3478 1481 3494 1509 ,

1869 1512 2087 1565 carmini
2135 1513 2396 1580 prtesenti.
2454 1511 2718 1568 Sedulius
2763 1527 2872 1566 non
2924 1510 3095 1567 semel
3143 1528 3276 1581 opus
3334 1522 3496 1569 vocat

1869 1598 2027 1656 suum
2056 1599 2300 1656 carmen,
2338 1583 2522 1654 itaque
2551 1585 2646 1639 alii
2677 1584 2996 1656 loquuntur.
3026 1583 3283 1653 Alioquin
3313 1582 3487 1640 Sedu-

1870 1654 1977 1710 lius
2010 1654 2200 1718 Voluit,
2230 1670 2426 1727 nomen
2462 1654 2763 1725 poematis,
2783 1666 2838 1711 ut
2866 1673 2894 1711 a
2921 1670 3083 1727 prosa
3112 1655 3493 1727 distinguitur,

1869 1742 1991 1783 esse
2016 1727 2233 1784 Carmen
2265 1726 2539 1794 Pace/tale,
2576 1745 2774 1784 nomen
2807 1726 2939 1785 vero
2983 1743 3159 1794 prosae
3192 1726 3339 1793 Opus
3379 1727 3491 1782 Pa-

1866 1799 2061 1855 schale.
2109 1800 2289 1855 Nostri
2317 1815 2510 1855 omnes
2542 1816 2672 1856 mss.
2703 1817 2825 1855 cum
2860 1800 3009 1865 Ald.,
3046 1801 3218 1867 Mon.,
3258 1800 3376 1854 Vel.
3412 1803 3487 1868 1.,

1870 1872 2058 1929 sched.
2085 1872 2319 1939 Poelm.,
2348 1873 2550 1943 favente
2575 1873 2822 1939 Domino,
2851 1875 2939 1927 alii
2972 1870 3107 1927 editi
3132 1876 3337 1943 favente
3355 1872 3487 1928 Deo.

1872 1943 2009 1999 Cod.
2038 1945 2097 1999 Β.
2118 1985 2135 2010 ,
2168 1943 2307 1998 Huic
2356 1954 2549 2013 autem,
2592 1947 2791 2016 fat-cute
2822 1943 2953 2007 Deo,
2977 1945 3109 2016 _sine
3152 1945 3325 2016 operi.
3373 1946 3485 2000 Ott.

173 2011 335 2089 tiones
356 2016 562 2081 pariter
589 2011 826 2089 variant,
857 2015 979 2089 alia:
1010 2011 1443 2089 quinquelibros
1473 2011 1761 2085 eithibent,
1796 2028 1846 2089 Β
1877 2016 1928 2081 1,
1963 2031 2086 2073 cum
2116 2015 2243 2071 Ald.
2276 2026 2330 2071 et
2379 2018 2502 2072 aliis
2529 2011 2663 2072 mss.
2698 2016 2925 2089 nostris,
2965 2011 3245 2089 Paschalis
3286 2014 3495 2089 Carmi-

170 2084 281 2157 alire
306 2096 560 2155 quatuor.
592 2085 842 2143 Varietas
873 2087 990 2141 hac
1014 2084 1065 2141 in
1094 2084 1193 2143 hac
1214 2088 1445 2157 epistola
1479 2104 1544 2144 ex
1577 2103 1769 2143 nume-

169 2156 241 2230 ris
269 2157 401 2230 oriri
436 2166 652 2226 potest,
685 2168 744 2214 ut
772 2174 919 2230 sape
949 2158 1147 2215 accidit
1191 2178 1204 2213 :
1239 2156 1292 2214 in
1322 2159 1466 2230 ipsis
1517 2175 1648 2214 vero
1700 2161 1768 2213 li-

168 2227 273 2284 bris
297 2229 693 2286 distribuendis
742 2232 825 2286 vel
853 2227 938 2286 'ex
980 2230 1333 2287 librariorum
1353 2227 1598 2286 'arbitrio
1624 2273 1638 2298 ,
1674 2232 1763 2287 vel

169 2299 393 2375 e_x__ip§a
442 2301 707 2359 varietate
733 2302 789 2357 iu
825 2302 1236 2369 exemplaribus
1278 2303 1444 2374 hujus
1487 2303 1761 2375 epistolae.

171 2369 294 2446 Vide
323 2371 637 2446 P_rolegom.
670 2391 823 2431 num.
847 2376 910 2431 51
942 2389 1097 2446 seqq.

231 2444 319 2500 94.
350 2443 539 2501 Ottob.
573 2448 626 2515 1,
656 2459 885 2519 quatuor
919 2443 1327 2519 Evangeliorunt
1358 2465 1370 2502 :
1396 2447 1474 2503 sic
1504 2447 1639 2515 Reg.
1679 2450 1701 2502 1
1734 2464 1764 2503 a

167 2528 245 2642 Br.
278 2533 376 2587 m.,
407 2532 573 2589 supra
606 2518 1079 2594 evangelistarum,
1123 2520 1271 2589 quod
1320 2520 1506 2575 ceteri
1539 2520 1761 2576 habent.

207 2588 410 2642 leriaue
463 2606 600 2642 mss.
658 2602 715 2642 et
760 2592 933 2642 editi.
986 2607 1310 2642 conareaans
1353 2591 1596 2642 ordinavi
1638 2608 1761 2642 cum

207 2588 410 2663 lerique
440 2606 600 2663 _mss.
658 2602 715 2647 et
736 2588 933 2657 'editi,
986 2588 1310 2663 congregans
1353 2591 1596 2645 ordinavi
1638 2608 1764 2647 cum

166 2658 334 2736 glossa
358 2661 412 2716 in
438 2660 576 2736 Reg.
596 2663 664 2736 72,
696 2663 943 2736 instruxi.
974 2658 1105 2719 Mss:
1132 2658 1340 2736 Puelm.
1370 2705 1385 2729 ,
1433 2680 1766 2736 congregans

167 2733 388 2807 curavi”:
430 2734 556 2807 cod.
589 2735 833 2803 Bartltii,
890 2752 1210 2807 congregans
1250 2734 1498 2789 adunavi.
1538 2733 1765 2792 'Bartliio

164 2818 265 2858 non
317 2803 577 2877 displicet
625 2810 801 2862 curavi
827 2851 842 2876 ,
886 2803 1007 2864 sed'
1043 2803 1222 2878 magis
1278 2807 1456 2877 placet
1499 2808 1765 2875 adultavi;

165 2889 278 2945 quae
294 2893 406 2951 _vux
431 2880 501 2933 ad
535 2880 783 2935 ultimum
814 2881 993 2935 aetatis
1030 2889 1309 2951 argentezc
1339 2889 1554 2949 tempus
1587 2880 1763 2935 refer-

165 2947 639 3025 tur_.'i}urmanuus
676 2953 743 3007 ad
784 2947 1116 3025 Petron._c.'
1157 2951 1228 3025 338
1275 2947 1500 3025 prwlert
1544 2953 1762 3006 curari:

165 3019 276 3075 εεά⁷
304 3020 621 3092 hujusmodi
674 3024 823 3080 vocis
861 3039 992 3079 usus
1029 3019 1367 3094 Wolikensio
1414 3039 1521 3078 non
1567 3025 1765 3094 proba-

168 3098 249 3147 tur
272 3109 285 3146 :
318 3100 408 3164 qui
433 3096 660 3166 conjicit
685 3097 823 3167 quis,
845 3096 928 3152 vel
955 3096 1138 3167 quibus
1160 3110 1223 3148 ex
1251 3093 1583 3161 pluribus....
1617 3094 1761 3149 dicta

166 3179 475 3238 congregare
523 3166 720 3239 curavi,
755 3168 842 3223 vel
869 3166 995 3238 quos
1015 3184 1080 3222 ea:
1100 3167 1411 3239 pluribus...
1446 3166 1587 3220 dicta
1638 3185 1763 3221 cou-

164 3250 373 3360 lqregans
396 3238 674 3296 adornavi.
707 3238 1036 3297 Arntzenius
1069 3238 1246 3308 reiicit
1269 3238 1497 3292 adunavi
1517 3282 1531 3305 ,
1565 3240 1765 3294 nonni—

202 3307 237 3360 il
285 3311 593 3360 urnnendet
641 3312 697 3360 in
729 3314 943 3360 curaui-
992 3311 1089 3360 sed
1132 3326 1254 3360 cum
1287 3307 1529 3360 Cellnrio
1568 3311 1765 3360 rer-init

202 3307 593 3381 ilipropendet
641 3312 697 3368 in
729 3314 907 3367 curavi
931 3356 944 3381 ,
992 3311 1089 3367 scd
1130 3307 1254 3364 eum
1287 3307 1529 3365 Cellario
1568 3311 1765 3381 recipit

167 3378 417 3455 ordinari.
450 3383 581 3440 Haec
628 3385 745 3455 ipsa
782 3378 1056 3455 scriptura
1097 3383 1400 3455 communis
1456 3386 1508 3436 in
1559 3378 1763 3438 nostris

1874 2090 1957 2143 nis
1989 2105 2174 2143 nomen
2205 2089 2454 2158 imposui.
2488 2089 2674 2143 Codex
2723 2087 2934 2155 [ΒΜ-(11η
2977 2085 3258 2142 Paschalis
3283 2086 3488 2142 Carmi-

1873 2161 1954 2214 nis
1982 2177 2170 2215 novum
2198 2177 2383 2214 nomen
2422 2161 2541 2214 ideo
2572 2161 2819 2230 imposui.
2855 2160 3157 2214 Arntzenio
3189 2175 3377 2213 novum
3404 2176 3497 2216 su-

1874 2234 2137 2301 perﬂuum
2172 2231 2409 2297 videtur,
2446 2247 2546 2287 nec
2570 2236 2700 2287 satis
2733 2233 3051 2286 convenire.
3083 2230 3349 2287 Nonnulli
3376 2232 3492 2289 edi-

1829 2292 1844 2310 ’
1874 2292 1934 2373 ti,
1972 2304 2246 2359 Paschalis
2275 2292 2535 2359 Carminis
2563 2306 2679 2359 ideo
2706 2320 2891 2359 nomen
2917 2304 3161 2375 imposui.

1944 2376 2037 2432 96.
2082 2377 2207 2431 Vat.
2256 2378 2313 2447 2,
2367 2376 2607 2448 Regi,
2667 2392 2767 2447 pro
2798 2392 2911 2432 sec.
2946 2378 3098 2443 lect.,
3153 2376 3240 2432 vel
3286 2375 3496 2448 glossa,

1871 2449 2005 2521 Reg.
2040 2449 2097 2513 4,
2129 2447 2279 2513 Ald.,
2314 2450 2394 2501 cui
2416 2460 2489 2521 est
2516 2447 2720 2521 honor;
2748 2448 2837 2502 alii
2876 2463 3009 2503 mss.
3036 2450 3208 2503 nostri
3242 2458 3299 2504 et
3333 2448 3489 2521 editi,

1870 2518 2171 2586 cui'honor,
2198 2523 2317 2576 sine
2345 2531 2443 2574 est.
2476 2520 2611 2592 Reg.
2642 2518 2697 2587 4,
2720 2521 2907 2581 honor,
2933 2521 3209 2592 gloriaque
3237 2537 3358 2592 cum
3379 2520 3491 2577 Pa-

1871 2601 1966 2649 tre.
2003 2592 2115 2649 Ott.
2152 2594 2205 2659 1,
2242 2592 2370 2647 Vat.
2398 2592 2452 2659 2,
2505 2591 2630 2647 Ald.
2679 2609 2800 2646 cum
2834 2591 2957 2647 aliis
2986 2592 3168 2657 editis,
3203 2603 3251 2648 et
3284 2591 3494 2663 Spiritu

1872 2676 2073 2721 sancto.
2100 2664 2236 2736 Reg.
2266 2667 2321 2730 1,
2352 2675 2399 2719 et
2431 2681 2548 2719 cum
2577 2664 2784 2735 Spiritu
2815 2674 2997 2719 sancto
3024 2666 3077 2717 in
3102 2666 3299 2719 alecula
3324 2682 3491 2721 necu-

1872 2737 2066 2792 lorum.
2092 2738 2277 2792 Amen.
2314 2736 2421 2793 Alii
2454 2753 2586 2791 mss.
2620 2748 2675 2792 et
2700 2738 2853 2808 editi,
2886 2747 2933 2792 et
2963 2748 3145 2791 sancto
3176 2736 3409 2808 Spiritu.
3442 2737 3491 2794 Α

1870 2809 2023 2879 Lips.
2078 2811 2277 2865 absunt
2331 2811 2473 2873 hmc,
2533 2826 2648 2863 cum
2692 2807 2875 2874 Patre,
2931 2817 2977 2862 et
3022 2808 3231 2877 Spiritu
3284 2820 3490 2864 sancto.

1870 2882 2015 2938 Idem
2049 2882 2245 2946 codex,
2289 2882 2343 2935 in
2366 2879 2582 2948 stecula,
2619 2898 2724 2935 non
2756 2897 2846 2951 per
2874 2882 3047 2933 omnia
3089 2880 3303 2945 scecula,
3338 2881 3488 2951 quod

1868 2954 1957 3008 alti
1994 2964 2200 3009 tenent.
2236 2953 2563 3007 Arntzenius
2599 2953 2923 3023 ait,ﬂomnia
2964 2952 3138 3006 videri
3172 2952 3487 3023 abundare,

1867 3026 1965 3098 sed
1997 3042 2095 3098 pro
2125 3034 2341 3094 recepta
2370 3022 2820 3098 scriptura'all‘ert
2861 3023 3164 3098 Sgdulium‘
3197 3024 3377 3098 ipsum
3430 3022 3485 3082 in

1868 3096 1978 3151 ﬁne
2000 3095 2253 3167 epistola:
2286 3095 2641 3151 tledicatoritc
2673 3112 2874 3166 prosae,
2906 3095 3263 3158 Prudentium
3292 3097 3485 3165 hymn;

1868 3171 1900 3240 9
1932 3169 2091 3224 Catlt.
2120 3185 2266 3240 vers.
2295 3170 2423 3232 ult.,
2453 3178 2507 3224 et
2534 3169 2668 3240 cod.
2686 3183 2799 3240 ms.
2837 3170 2969 3222 vitae
2991 3172 3049 3223 S.
3072 3169 3293 3223 Odiliaz.
3340 3169 3396 3225 ln
3423 3168 3492 3225 li-

1867 3239 1983 3295 bris
2009 3238 2213 3296 nostris
2242 3240 2508 3309 litnrgicis
2560 3238 2697 3294 nihil
2745 3249 2829 3295 est
2859 3240 3227 3309 lrequentius.
3262 3240 3319 3295 In
3352 3240 3483 3297 Vat.

1867 3313 1902 3366 2
1930 3312 2083 3368 deest
2112 3329 2283 3366 amen.
2318 3312 2453 3383 Reg.
2484 3310 2542 3375 4,
2576 3327 2744 3366 auten.
2779 3309 3011 3379 Explicit
3049 3312 3271 3381 epistola
3301 3312 3482 3369 Sedu-

1870 3384 1927 3438 lii
1962 3385 2030 3438 ad
2064 3384 2453 3438 Macedoniam.
2482 3383 2574 3439 Sic
2603 3383 2719 3439 fere
2749 3383 2925 3439 codex
2972 3395 3129 3440 vetus
3173 3384 3489 3441 Taurinen-

165 3453 406 3509 omnibus
428 3470 564 3512 mss.
599 3443 748 3513 clare
778 3443 1090 3523 exhibetur,
1123 3471 1187 3510 ac
1216 3454 1429 3509 caeteris
1460 3464 1546 3509 est
1568 3454 1755 3525 praele-
1794 3443 1841 3508 C
1873 3458 1971 3524 sis,
2006 3467 2063 3513 ut
2091 3457 2204 3511 dixi
2238 3456 2293 3512 in
2323 3457 2633 3529 Prolegom.
2667 3474 2724 3511 n.
2762 3456 2854 3511 62.

833 3745 1487 3890 limitatio
1564 3792 1767 3929 opt

1878 3742 1978 3894 is
2046 3744 2768 3931 ἧβᾱβίιιᾱιὶβ

1541 3993 1629 4045 AD
1664 3990 1967 4046 MACEDON
1974 3990 2111 4043 lUM.

431 4124 667 4188 Sancto
698 4141 770 4187 ac
811 4120 1163 4187 beatissimo
1189 4123 1367 4205 patri
1400 4119 1779 4187 Macedonio
1810 4121 2174 4204 presbytero
2210 4119 2508 4184 Sedulius
2536 4119 2606 4183 in
2639 4118 2886 4184 Christo
2916 4119 3201 4182 salutem.

1544 4275 1987 4319 Ξ·

233 4416 391 4494 148
414 4416 753 4490 Praecepisti,
785 4417 1088 4476 reverende
1114 4418 1185 4474 mi
1230 4418 1473 4490 domine,
1523 4418 1761 4476 Pascha-

1874 4417 1945 4473 lis
1971 4411 2234 4471 carmiuis
2270 4419 2496 4479 textum,
2553 4410 2697 4483 quod
2754 4408 2936 4467 ofﬁcio
2978 4425 3132 4483 pura:
3178 4410 3490 4468 devotionis

1661 4553 1977 4613 SCHOLIA.

234 4699 292 4754 In
319 4700 470 4770 Opus
500 4697 765 4755 Paschale
796 4705 953 4754 notas
991 4696 1189 4770 edidit,
1240 4695 1333 4766 qui
1372 4694 1595 4770 primus
1645 4709 1765 4770 c_m-

165 4771 309 4828 nium
345 4766 493 4844 t'ypis
525 4770 656 4844 illud
688 4770 947 4844 vulgavit,
990 4768 1319 4844 Franciscus
1362 4766 1629 4844 Jtt__t'_ett_ts._
1659 4766 1769 4823 Re-

165 4858 305 4900 cusaa
330 4836 419 4899 ear
441 4850 573 4898 sunt
603 4843 656 4897 in
698 4836 973 4897 nonnullis
1020 4839 1354 4895 editionibus
1415 4836 1767 4894 Bibliotheca:

166 4915 406 4981 Patrum,
438 4927 493 4971 et
538 4916 838 4984 praesertim
888 4915 941 4969 in
989 4912 1351 4984 Bibliotheca
1386 4909 1765 4966 Gallandiana.

164 4986 278 5043 Non
304 4982 894 5054 viderat'Gallandius
940 4984 1171 5055 primam
1222 4982 1525 5055 editionem
1571 4983 1767 5052 Operis

166 5058 467 5124 Paschalis,
497 5072 621 5129 qua:
648 5072 675 5109 a
696 5056 899 5129 ,Jureto
930 5053 1156 5111 Parisiis
1187 5053 1605 5129 procuratal‘uit
1626 5069 1770 5129 an_no

168 5130 338 5197 1585;
373 5144 432 5184 et
457 5125 585 5185 cum
619 5128 1123 5192 animadvertisset,
1177 5130 1229 5181 in
1273 5125 1632 5182 Bibliotltecis
1673 5126 1774 5181 Pa-

166 5208 325 5269 trum,
360 5201 601 5257 maxime
629 5201 682 5255 in
705 5200 1001 5255 Parisiensi
1047 5199 1176 5254 anni
1209 5198 1371 5262 1644.
1416 5197 1774 5255 Sedulianum

166 5272 265 5331 hoc
289 5289 429 5345 opus
461 5272 623 5329 laedis
656 5272 868 5327 mendis
893 5272 1094 5345 ubique
1125 5283 1359 5337 scatere,
1390 5271 1481 5325 vix
1518 5278 1576 5345 ut
1606 5270 1781 5345 inter-

166 5342 567 5425 dumauctoris
594 5354 827 5425 mentem
861 5343 1075 5425 assequi
1104 5353 1314 5425 posset,
1360 5342 1779 5425 contulit-inter

167 5432 225 5472 se
261 5417 661 5473 Biblimhecam
690 5414 910 5469 Patrum
945 5412 1314 5469 Parisiensem
1358 5413 1487 5466 anui
1524 5412 1686 5481 1644,
1722 5422 1781 5470 et

167 5486 611 5559 Lugdunensem,
647 5495 914 5559 notasque
943 5501 1070 5541 suas
1111 5485 1370 5559 subjecit,
1403 5484 1598 5559 qpibus
1642 5500 1781 5540 non-

169 5554 344 5615 nullos
374 5554 605 5615 errores
623 5554 861 5620 auferre,
895 5559 1184 5627 lumenque
1211 5554 1363 5626 aperi
1388 5554 1587 5613 afferre
1613 5570 1781 5613 cona-

175 5643 256 5687 tus
293 5640 397 5689 est.
448 5630 532 5687 Ne
578 5630 711 5685 mihi
766 5628 984 5699 quidem
1038 5627 1194 5684 licuit
1223 5627 1454 5698 primam
1485 5628 1781 5684 editionem

1876 4692 2097 4750 Parisiis
2132 4687 2313 4755 4624;
2352 4687 2649 4745 editionem
2682 4685 3069 4744 Coloniensem
3127 4687 3289 4755 1618,
3336 4686 3488 4744 Pari-

1874 4767 2113 4821 siensem
2144 4761 2309 4833 1644,
2337 4760 2785 4833 Lugdunensem,
2816 4770 2870 4815 et
2891 4759 3327 4833 Gallandianam.
3357 4760 3486 4820 0m-

1875 4840 2023 4893 nium
2067 4837 2263 4891 harum
2311 4836 2612 4892 editionum
2670 4832 3044 4904 antiquissima
3106 4832 3351 4901 profecto
3404 4839 3490 4887 est

1874 4908 2207 4965 Parisiensis
2250 4908 2378 4962 anni
2438 4906 2603 4970 1589,
2654 4920 2814 4975 quam
2864 4904 3210 4975 potissimum
3265 4917 3488 4975 sequar.

1876 4980 2204 5037 Parisiensis
2231 4981 2361 5034 anni
2398 4978 2536 5033 1624
2587 4974 2847 5033 mendosa
2868 4974 2983 5041 est,
3030 4977 3125 5031 sed
3173 4974 3491 5030 mendosior

1876 5056 2048 5109 altera
2078 5053 2208 5108 anni
2239 5050 2401 5108 1644.
2433 5051 2512 5106 Ex
2559 5052 2701 5103 notis
2738 5058 2918 5102 autem
2955 5047 3125 5103 Jureti
3151 5049 3219 5102 et
3263 5045 3489 5101 Gullan-

1799 5112 1853 5175 D
1880 5126 1956 5181 dii
1984 5125 2119 5180 nihil
2148 5124 2334 5190 omisi,
2367 5121 2512 5192 quod
2546 5121 2611 5175 ad
2643 5119 2744 5175 llos
2774 5120 2943 5192 libros
2973 5117 3489 5192 sedulii_i_llustran7

1882 5199 1981 5253 dos
2010 5200 2287 5264 pertinere
2317 5186 2613 5264 arbitratus
2653 5206 2793 5246 sum.
2844 5186 3487 5264 J‘udiciumrwupkeusii

1881 5269 1949 5324 de
1978 5261 2147 5324 Prosa
2203 5267 2307 5322 hoc
2339 5274 2464 5322 est:
2507 5261 2622 5317 Nec
2672 5262 3077 5320 tamen-Prosit:
3126 5262 3246 5315 huic
3292 5270 3491 5314 tantum
3554 5332 3557 5335 ἢ

1886 5341 2079 5403 tribuo.
2114 5348 2170 5394 ut
2197 5340 2343 5393 illius
2374 5337 2686 5391 auctoritate
2728 5335 3106 5391 emendationes
3151 5348 3287 5386 meas
3332 5348 3495 5400 δωρι-

1884 5428 2102 5467 numero
2132 5411 2357 5482 spongia
2403 5407 2782 5482 damnauerim,
2825 5407 3018 5482 quippe
3044 5420 3201 5475 quam
3241 5404 3493 5482 poematis

1885 5484 2120 5541 sensibus
2146 5474 2250 5537 non
2268 5474 2494 5551 'semper
2515 5480 2642 5534 satis
2665 5488 2843 5535 exacte
2866 5474 3152 5543 adhaerere,
3180 5485 3227 5529 et
3244 5474 3497 5551 aliquant

1898 5556 1965 5611 do
1986 5558 2139 5611 etiam
2164 5544 2425 5621 corruptae
2452 5552 2728 5624 scriptura:
2769 5554 3148 5624 con/armatam
3184 5562 3317 5624 esse,
3343 5544 3498 5624 mihi

1898 5637 2035 5683 certo
2057 5616 2416 5697 persuadeam.
2445 5623 2537 5679 Sic
2557 5616 2727 5679 refert
2746 5616 3071 5697 Arntzenius
3101 5622 3151 5673 in
3174 5616 3500 5697 praefatione

173 5704 364 5776 Operis
392 5702 690 5776 Paschalis
716 5692 1004 5776 consulere
1036 5717 1055 5776 .f
1082 5692 1289 5776 contuli
1316 5710 1497 5776 tamen
1523 5699 1796 5776 editiones
1899 5698 1991 5770 qui
2021 5692 2199 5776 tamen
2231 5696 2442 5776 stat-uit,
2478 5711 2665 5776 pauca
2694 5703 2902 5776 tantuni
2937 5695 2991 5746 in
3013 5694 3125 5763 ipso
3154 5692 3384 5776 carmine
3413 5706 3505 5773 su-

178 5762 542 5833 Bibliothecaa
569 5775 791 5855 Patrum
823 5773 1116 5845 Margarini
1165 5773 1235 5856 de
1263 5773 1313 5826 la
1345 5770 1515 5855 Bigne
1544 5771 1797 5856 .Parisiis
1899 5762 2123 5853 peresse,
2150 5770 2215 5824 de
2241 5762 2432 5854 quibus;
2454 5762 2727 5895 difﬁcilius
2753 5782 2816 5820 ea:
2859 5762 3039 5819 Prosa
3067 5770 3236 5835 posset
3266 5762 3499 5835 deﬁniri,

180 5847 351 5895 1589:
389 5850 710 5895 Auctarium
762 5847 1096 5895 Duemanum
1129 5845 1373 5895 eiusdem
1420 5818 1794 5895 Bibliothecm.
1898 5842 2023 5895 amd
2052 5858 2231 5895 uerum
2251 5851 2339 5895 sit.
2367 5838 2503 5895 Vide
2574 5840 2746 5895 rolett.
2775 5851 2833 5894 n.
2862 5835 2990 5892 258.

180 5818 1116 5916 ἵὲὶὂῖ’λῖιὶῗεὲιῖιὶἰι““ὐιῖὲἒὲἕιῖἱιὶὲἰ’
1129 5818 1794 5917 εἷυέἁὲιιῖ’¹ὗίῐ›ἱίόιῖι’ἑὲἑέζ

1898 5835 2023 5912 ipsa
2052 5835 2339 5898 verumsit.
2367 5835 2746 5909 Vide'Proleg.
2775 5851 2833 5894 n.
2862 5835 2990 5892 238.
