3906 6366
426 191 532 250 5H

1759 159 1764 162 ’
1835 184 2054 260 αωιῑι
2082 187 2360 252 sanum

3652 187 3721 250 N8

426 303 761 376 simpliciter
788 310 1092 364 exsecutus
1121 302 1278 361 vobis
1310 275 1931 376 obtuii'perlegendum,
1990 306 2042 365 in
2071 311 2296 379 Arent.
2331 305 2492 378 Aliud
2520 311 2604 360 est
2635 317 2870 373 namque
2921 310 3139 362 mutare
3165 301 3506 375 composita,
3537 309 3593 360 et
3616 302 3720 362 aliud

417 397 758 456 rhetoricum
784 415 870 456 tne
893 402 908 431 ¹
940 399 1244 455 transferre
1265 413 1596 454 sermonem.
1627 397 1784 469 Quod
1807 400 1827 432 ’
1860 385 2042 457 utrum

420 495 716 566 placuerit,
763 495 887 550 ideo
917 493 1186 566 geminari
1235 493 1498 560 volueris,
1547 509 1614 550 an
1664 493 1810 566 quod
1862 495 2039 552 οπω-

370 591 373 594 ⁴
418 589 587 660 derit,
627 590 785 664 15.9
810 601 868 647 ut
899 593 1077 661 potius
1105 588 1364 655 arbitror,
1415 589 1560 663 stylo
1588 588 1874 648 censueris
1902 590 2042 647 libe-

419 686 566 742 riore
595 684 878 752 describi,
930 683 1032 739 sub
1062 682 1232 739 dubio
1280 682 1472 743 videor
1521 683 1788 746 ﬂuctuare
1814 683 2040 760 judicio.

424 778 646 835 Sanctis
692 786 872 834 tamen
899 776 1243 848 jussionibus
1274 794 1381 835 non
1416 775 1708 848 resiliens,
1740 777 2042 852 injunetarn
2073 775 2075 777 ’

420 869 644 940 suscepi
672 870 1042 940 provinciam,
1096 879 1154 928 et
1207 870 1530 942 procellosis
1561 871 1742 930 adhuc
1770 870 2046 929 imbribus

418 978 699 1021 concussa:
729 967 863 1020 ratis
894 965 1016 1021 vela
1051 965 1326 1022 madentia
1354 967 1621 1022 tumentis
1646 965 1819 1038 pelagi
1850 980 2045 1022 rursus

411 1055 718 1128 fatigationi
771 1057 1021 1116 commisi
1070 1073 1170 1129 per
1231 1073 1489 1116 emensos
1563 1074 1759 1117 cursus
1811 1051 2042 1114 revoluti

413 1149 771 1221 discriminis,
805 1160 860 1209 et
897 1152 1164 1225 Cycladas
1193 1153 1467 1224 ingentes,
1509 1169 1646 1224 quas
1674 1153 2042 1225 praecipitanti

421 1243 719 1303 formidine
749 1247 983 1304 celerius
1013 1258 1142 1306 ante
1173 1248 1520 1314 transieram,
1557 1249 1714 1322 longa
1745 1249 1912 1310 maris
1939 1250 2044 1307 cir-

411 1341 658 1409 cuitione
687 1340 1008 1401 discurrens
1034 1385 1048 1407 ,
1099 1350 1160 1399 ut
1206 1342 1330 1400 illos
1360 1353 1549 1415 portus
1577 1356 1632 1400 et
1664 1343 1847 1406 littora
1871 1384 1888 1412 ,
1921 1359 2044 1416 quin

372 1423 380 1431 ’
411 1435 622 1493 dudum
647 1437 1035 1508 prmtereundo
1062 1429 1672 1511 lustravi,diligentiori
1701 1453 1869 1510 opera
1900 1451 2045 1494 nunc

413 1531 678 1587 viserem.
705 1531 949 1587 Tradita
981 1531 1003 1564 ³
1034 1530 1304 1604 siquidem
1337 1533 1506 1589 multa
1535 1548 1636 1604 pro
1679 1534 1919 1590 metricae
1949 1547 2044 1589 ne-

416 1625 702 1682 cessitatis
748 1625 996 1696 angustia
1043 1626 1214 1698 priori
1261 1628 1658 1684 commentario
1699 1643 2041 1700 nequaquam

2151 401 2445 472 integrare.
2501 397 2638 456 Nam
2682 397 2839 468 plena
2887 396 3140 469 quamvis
3181 397 3358 467 spatia
3387 395 3584 452 divina:
3627 397 3721 470 Irgis

2148 493 2440 562 immensa,
2465 491 2662 563 quibus
2681 491 2827 548 dieta
2847 506 3066 564 semper
3089 490 3446 564 adjiciuntur,
3468 499 3522 545 et
3547 489 3722 562 desunt,

2148 588 2300 644 velut
2325 602 2475 644 mare
2519 587 2811 645 ﬂuviorum
2848 588 3070 667 penitus
3102 588 3447 646 incrementa
3489 600 3594 645 non
3633 601 3721 645 seu-

2151 681 2316 750 tiens,
2347 681 2511 748 nullis
2543 682 2829 751 terminari
2857 682 3114 743 sensibus
3141 689 3368 756 queant,
3399 680 3562 760 nullis
3597 684 3724 760 expli-

2147 776 2260 844 cari
2292 775 2489 848 linguis
2522 775 2764 836 valeant.
2795 774 2888 834 Sic
2917 787 2978 836 et
3001 777 3176 837 nostri
3209 790 3439 849 prorsus
3474 789 3644 847 asese
3666 779 3714 836 li-

2126 871 2273 936 belli
2302 886 2412 932 non
2444 871 2786 942 discrepant.
2818 870 2925 928 Sed
2956 888 3081 944 qua:
3109 870 3401 942 defuerant
3429 869 3631 948 primis,
3652 871 3719 929 ad-

2146 965 2260 1022 dita
2294 979 2419 1022 sunt
2450 967 2726 1034 secundis.
2774 966 2887 1022 Nec
2937 966 3099 1042 15o
3140 966 3382 1038 impares
3425 977 3714 1036 argumento,

2148 1059 2234 1117 vel
2266 1061 2479 1129 ordine,
2515 1061 2610 1117 sed
2640 1063 2784 1135 stylo
2813 1060 3109 1124 videntur,
3151 1070 3208 1116 et
3253 1058 3504 1115 oratione
3536 1059 3721 1116 dissimi.

2149 1154 2250 1210 les.
2301 1152 2590 1211 Proferant
2637 1145 2802 1227 igitur
2842 1168 2964 1217 sua.
3013 1152 3061 1210 si
3101 1153 3194 1226 qui
3239 1166 3469 1224 carpere
3518 1150 3718 1210 nituntur

2149 1248 2349 1306 aliena.
2381 1245 2700 1321 Promptius
2721 1258 2802 1305 est
2832 1246 3093 1304 omnibus
3111 1246 3386 1321 judicare,
3437 1261 3591 1318 quam
3612 1243 3719 1303 face

2148 1360 2230 1412 re,
2259 1355 2315 1402 et
2344 1345 2412 1403 de
2441 1345 2712 1402 castrensi
2740 1344 2760 1380 °
2787 1345 3089 1406 munimine
3120 1344 3362 1418 pericula
3389 1357 3581 1401 securo
3604 1341 3714 1412 vultu

2148 1437 2488 1511 conSpieet-e.
2510 1439 2690 1495 Credo
2711 1447 2919 1500 tamen.
2943 1440 3105 1496 Pater
3132 1439 3375 1512 egregie,
3399 1437 3596 1497 nullum
3612 1439 3712 1506 fere,

2149 1532 2802 1603 quamvis-impudenter,
2851 1533 3172 1603 oblaquium
3205 1533 3250 1603 ’³,
3279 1533 3322 1586 si
3358 1547 3598 1588 meruero
3619 1531 3714 1587 dex-

2152 1633 2294 1680 trum
2325 1625 2347 1658 ⁸
2371 1625 2618 1697 peetoris
2665 1627 2894 1698 adipisci
2941 1621 3228 1698 judicium.
3281 1625 3434 1682 Fare
3465 1625 3712 1698 primum',

420 1724 678 1780 videntur
709 1724 937 1790 inserta,
972 1740 1094 1796 quae
1138 1725 1484 1796 postmodum
1534 1725 1738 1797 linguai
1782 1725 2046 1781 resolutio
2077 1727 2124 1788 Β
2155 1719 2344 1778 ttt'alii
2375 1719 2621 1789 faveant,
2675 1731 2729 1777 et
2774 1720 3018 1781 omnium
3066 1720 3348 1782 mentibus
3391 1720 3634 1782 sententia
3669 1735 3714 1777 se

413 1818 588 1888 magis
627 1825 714 1873 est
743 1827 1015 1875 assecuta.
1067 1818 1388 1876 Dederimus
1419 1817 1545 1875 hinc
1572 1818 2040 1877 obtrectatoribus

413 1912 580 1974 viam,
630 1911 923 1984 dicentque
954 1911 1226 1980 nonnulli,
1277 1911 1439 1970 fidem
1489 1913 1864 1969 translationis
1915 1929 2039 1970 esse

417 2016 764 2076 corruptam,
815 2007 937 2078 quia
986 2015 1137 2064 certa
1191 2008 1445 2065 videlicet
1498 2017 1626 2066 sunt
1663 2007 1718 2066 in
1763 2009 2036 2077 oratione,

415 2116 544 2173 qua:
574 2117 680 2158 non
727 2101 1000 2158 habentur
1045 2101 1099 2156 in
1147 2103 1413 2158 carmine.
1467 2101 1525 2160 Si
1556 2102 1648 2175 qui
1679 2113 1858 2160 tamen
1895 2103 2039 2159 istud

416 2198 701 2269 objiciunt,
749 2196 958 2255 faciunt
990 2214 1074 2254 nae
1101 2197 1523 2268 "intelligendo,
1559 2208 1616 2256 ttt
1661 2197 1792 2256 nihil
1840 2199 2042 2254 intelli-

415 2303 567 2363 gant.
604 2291 738 2352 Nam
772 2292 791 2323 ⁸
823 2291 870 2348 si
914 2291 1208 2349 sreculares
1252 2292 1464 2348 litteras
1493 2294 1752 2357 assecuti,
1783 2300 1874 2348 aut
1902 2291 2042 2348 divi-

418 2387 505 2444 nis
537 2387 867 2442 videbunlur
898 2387 1054 2443 libris
1080 2388 1356 2452 instructi,
1385 2387 1585 2442 debent
1614 2387 1863 2454 exempla
1897 2395 2046 2442 vete-

415 2495 540 2537 rum
573 2476 885 2545 recense’rc,
931 2497 998 2537 ne
1027 2479 1228 2535 similia
1254 2480 1492 2535 lacerare
1518 2489 1785 2538 conentur
1814 2471 2039 2550 injuste.

420 2571 791 2643 Cognoscant,
845 2588 1308 2630 uenatoeeautauu
1358 2571 2043 2642 doctissimumjurislato-

416 2680 532 2720 rem
566 2677 674 2719 tres
706 2666 1089 2723 editiones-sui
1113 2669 1295 2738 operis
1321 2666 1644 2723 confecisse.
1671 2669 2038 2739 Cognoscant.

415 2757 808 2832 peritissimum
843 2759 1048 2813 divina:
1079 2758 1216 2829 legis
1240 2760 1530 2830 Origenem
1565 2761 1739 2815 tribus
1773 2761 2043 2816 nihilomi-

414 2869 518 2908 nus
567 2853 903 2908 editionibus
955 2869 1123 2923 prope
1165 2865 1394 2919 cuncta,
1425 2870 1543 2924 qua?
1574 2854 1850 2923 disseruit,
1887 2865 2039 2923 apta-

414 2948 580 3020 visse.
618 2947 727 3003 Nec
759 2964 950 3004 eorum
983 2950 1251 3018 quispiam
1287 2950 1559 3004 mordacis
1602 2949 1802 3020 linguae
1829 2951 2038 3005 lacera-
2067 2931 2071 2934 ’

418 3053 504 3097 tur
554 3040 778 3112 injuria,
833 3059 955 3096 cuin
1000 3043 1180 3108 potius
1235 3041 1364 3098 inde
1410 3042 1584 3097 laudis
1630 3053 2040 3113 consequantur

2148 1818 2392 1888 probatae
2436 1817 2643 1889 jngiter
2683 1816 3024 1874 auctoritatis
3057 1816 3326 1873 infundat.
3371 1814 3454 1872 Tu
3493 1815 3650 1886 faciet,
3673 1823 3718 1870 ut

2145 1912 2380 1970 delectet
2421 1914 2665 1969 evasisse
2690 1912 3037 1982 discrimina,
3089 1928 3213 1968 eum
3249 1911 3500 1974 serenior
3525 1911 3710 1982 coeperis

2144 2007 2364 2076 aperire
2387 2006 2700 2076 tranquilla.
2738 2004 3002 2078 Navigare
3045 2020 3232 2062 rursus
3264 2007 3314 2060 in
3349 2020 3577 2076 mquore,
3605 2020 3714 2060 nunc

2147 2098 2199 2153 in
2225 2109 2384 2168 portu
2412 2098 2520 2170 jam
2548 2101 2590 2129 ¹⁰
2617 2101 2908 2179 ηίινίεεηιζ
2928 2099 3169 2156 Tandem
3199 2099 3489 2169 aliquando
3515 2105 3622 2168 post
3641 2113 3714 2151 un-

2145 2191 2242 2248 das
2273 2194 2486 2248 caleare
2520 2193 2682 2249 liceat
2704 2238 2716 2262 ,
2773 2209 2873 2249 nos
2907 2194 2946 2225 “
2979 2209 3179 2250 arenas
3231 2193 3505 2264 tetigimus
3546 2201 3715 2246 montes

2085 2288 2101 2305 ‘
2146 2301 2211 2342 ex
2258 2287 2468 2358 pelago.
2517 2287 2828 2357 Tangamus
2870 2298 3083 2343 montes
3133 2303 3199 2343 ex
3231 2301 3394 2350 saxo,
3441 2293 3493 2342 et
3519 2284 3715 2342 inﬁrmos

2146 2381 2303 2451 aquis
2333 2381 2669 2436 irruentibus
2698 2382 2926 2450 gressus
2951 2381 3126 2436 navali
3163 2381 3372 2450 pesitos
3403 2380 3617 2435 statione
3643 2378 3714 2432 tir-

2147 2490 2382 2530 memus.
2413 2475 2629 2531 Priores
2661 2477 2825 2548 igitur
2854 2476 3002 2542 libri,
3035 2477 3161 2547 quia
3195 2491 3358 2531 versu
3389 2475 3567 2545 digesti
3597 2483 3715 2540 sunt,

2148 2586 2350 2626 nomen
2403 2569 2677 2626 Paschalis
2739 2560 3013 2627 Carminis
3057 2581 3408 2641 acceperunt,
3462 2569 3717 2640 Sequentes

2147 2675 2330 2720 autem
2366 2666 2416 2718 in
2450 2679 2609 2734 prosa
2653 2665 2795 2720 nulla
2825 2679 3020 2720 cursus
3055 2665 3314 2722 varietate
3345 2661 3611 2724 conversi,
3635 2660 3716 2720 Pa-

2147 2761 2348 2827 sebalis
2367 2759 2720 2829 designantur
2733 2757 2930 2826 Operis
2944 2756 3212 2812 vocabulo
3226 2755 3531 2830 nuncupati.
3549 2753 3719 2810 Utrant~

2147 2871 2253 2922 que
2303 2869 2433 2908 vero
2483 2853 2765 2908 materiem
2816 2851 2970 2905 vobis
3020 2850 3327 2915 orantibus,
3371 2850 3592 2905 Domino
3619 2847 3720 2904 Iesu

2150 2948 2392 3008 Christo,
2427 2949 2518 3023 qui
2549 2956 2671 3001 vota
2715 2963 2820 3000 non
2848 2956 3066 3002 recusat
3100 2944 3410 3010 humilium,
3446 2945 3485 2976 ¹²
3512 2952 3562 2999 et
3585 2955 3720 3014 ςτεεο

2148 3040 2547 3112 supplicanter,
2581 3051 2634 3095 et
2686 3039 2877 3105 offero,
2913 3041 2999 3093 cui
3033 3041 3243 3105 virtus,
3281 3038 3453 3097 hanor
3483 3047 3532 3093 et
3576 3035 3720 3109 gloria

415 3149 728 3205 augmenta,
783 3136 927 3207 quod
964 3135 1320 3206 proventibus
1362 3135 1634 3191 uberioris
1683 3137 1878 3208 ingenii
1912 3136 2040 3190 dili—
2069 3131 2116 3194 C
2148 3151 2269 3192 cum
2304 3135 2484 3202 Patre,
2516 3143 2571 3191 et
2598 3134 2802 3205 Spiritu
2834 3143 3048 3202 sancto,
3083 3149 3181 3207 per
3208 3133 3389 3190 omnia
3421 3132 3606 3191 saecula
3632 3144 3716 3186 ειε-

413 3229 662 3298 gentiore
696 3238 946 3298 posteros
981 3226 1099 3282 tide'
1132 3227 1422 3284 noscendae
1470 3213 1717 3284 veritatis
1763 3229 2040 3285 instruxe-

492 3391 542 3444 1.
586 3387 905 3444 Gallandius
950 3387 1118 3442 edidit
1161 3405 1237 3442 me
1266 3389 1438 3458 potius
1468 3392 1775 3459 transferre,
1803 3388 2033 3443 fortasse

415 3477 484 3516 ex
513 3460 773 3515 mendosa
810 3461 1038 3514 lectione
1070 3460 1324 3515 editionis
1351 3461 1678 3516 Parisiensis
1704 3461 1830 3516 anni
1868 3459 2030 3523 16M,

417 3550 497 3588 me
549 3534 712 3598 potuit
745 3535 1046 3603 transferre.
1090 3531 1443 3602 Sttperﬂuum
1495 3534 1627 3588 mihi
1666 3534 1887 3588 videtur
1937 3549 2026 3598 po-

419 3608 539 3669 tius,
576 3605 719 3673 quod
751 3604 914 3674 paulo
949 3612 1071 3672 po~t
1093 3604 1354 3672 occurrit,
1385 3617 1438 3659 et
1476 3605 1581 3659 hoc
1611 3605 1728 3660 loco
1759 3604 2032 3660 omittitur

421 3678 473 3732 in
507 3678 724 3730 ca'teris
755 3676 1083 3730 editionibus
1113 3676 1465 3732 Bibliotheca:
1497 3676 1745 3731 Patrum.

488 3748 540 3800 2.
586 3748 805 3801 Clarius
837 3757 973 3811 erat,
1016 3758 1190 3803 utrum
1239 3751 1378 3818 quod
1435 3750 1711 3818 placuerit,
1758 3758 1865 3804 etc.
1923 3746 2029 3802 Sed

417 3820 638 3876 Juretus
671 3821 877 3874 veteris
924 3820 1130 3875 Ctldi(_'i5
1164 3821 1456 3877 lectionem
1505 3822 1750 3882 retinuit,
1797 3822 1920 3892 quia
1955 3821 2032 3872 t'a-

417 3893 634 3947 miliare
665 3904 746 3945 t'Sl
778 3891 903 3946 huic
934 3894 1140 3946 auctori
1185 3909 1374 3947 verum
1422 3903 1474 3947 et
1511 3891 2030 3947 rotunilutnverbn-

349 4011 370 4030 ς
417 3979 535 4019 runt
570 3963 818 4017 ordinem
855 3972 1066 4018 mutare
1100 3982 1109 4016 :
1146 3964 1531 4020 valebatenim
1567 3965 1738 4034 magis
1760 3967 2024 4028 carmine,

416 4052 577 4104 quam
613 4052 793 4102 prosa.
830 4034 1085 4090 Fortasse
1124 4036 1379 4092 Sedulius
1403 4038 1624 4106 scripsit
1673 4036 1824 4100 Quod
1856 4044 2032 4091 utrum

417 4112 553 4176 quod
598 4109 868 4177 placuerit,
908 4117 1013 4161 etc.

489 4180 541 4233 3.
579 4182 669 4234 Sic
717 4179 1031 4234 emendavit
1072 4180 1291 4236 Juretus
1329 4198 1339 4233 :
1389 4181 1443 4234 in
1471 4181 1643 4235 veteri
1677 4179 1861 4235 codice
1890 4190 2025 4243 erat,

418 4248 663 4322 Tarditas
696 4251 950 4322 siquidem
979 4250 1163 4305 multa.

489 4321 541 4374 4.
589 4321 908 4394 Gallandius
956 4338 1078 4378 cum
1125 4325 1348 4394 reliquis
1387 4324 1641 4380 omnibus
1675 4321 2030 4379 Bibliothecis

420 4391 638 4468 _l’atru_nt
672 4392 861 4468 edidit,
896 4396 1094 4468 faciunt
1143 4391 1610 4468 rrec-intelligendo
1645 4413 1663 4451 :
1708 4397 1912 4458 nescio,
1963 4413 2027 4447 an

419 4463 492 4516 ita
524 4463 685 4517 etiam
718 4463 916 4518 habeat
945 4467 1111 4520 editio
1141 4466 1331 4523 Jureti.
1381 4463 1489 4524 Sed
1531 4480 1679 4524 certe
1709 4484 1833 4522 vera
1869 4467 2030 4522 lectio

416 4545 499 4591 est
551 4551 630 4588 na:
674 4550 691 4587 :
737 4536 933 4601 repetit
977 4538 1121 4592 enim
1169 4540 1426 4594 Sedulius
1481 4542 1646 4596 verba
1677 4539 1917 4597 Terentii
1961 4555 2026 4594 ex

416 4607 635 4660 Andria:
689 4608 912 4676 prologo
940 4647 954 4670 ,
1001 4607 1068 4661 ad
1120 4625 1280 4678 quem
1326 4612 1463 4667 redit
1507 4613 1664 4680 infra,
1703 4612 1812 4667 Nec
1855 4614 2024 4684 impa-

419 4695 522 4742 res,
559 4687 664 4731 t‘lC.

490 4751 543 4806 5.
579 4749 653 4804 Ex
683 4749 1025 4808 correctione
1055 4749 1226 4809 Jureti
1260 4751 1398 4807 Nam
1429 4754 1472 4808 si
1508 4770 1526 4809 :
1554 4764 1708 4815 vetus
1737 4755 1906 4813 codex
1933 4754 2028 4811 ba-

418 4821 582 4880 bebat
612 4821 754 4878 Nam
787 4823 940 4878 sicut.

2151 3231 2423 3284 culorum.
2456 3228 2652 3284 Amen.

2211 3388 2265 3444 6.
2303 3387 2356 3442 lu
2390 3405 2441 3443 ν.
2471 3401 2521 3443 c.
2556 3397 2675 3444 erat
2700 3389 2954 3444 munime.
3013 3435 3016 3438 .

2213 3460 2263 3542 7.
2317 3460 2638 3515 Gallandins
2705 3462 3022 3532 suSpicatur
3061 3462 3363 3533 obloquum,
3409 3462 3545 3518 maio
3603 3462 3699 3515 oblo

2176 3549 2338 3586 tuum.

2138 3549 2631 3678 qugfmgallandius
2662 3603 2877 3674 supplet
2905 3605 3151 3661 dextrum
3177 3604 3301 3678 (tui)
3328 3605 3559 3678 pectoris.

2212 3680 2267 3751 id.
2299 3675 2488 3751 Fprte,
2521 3674 2666 3730 Faue
2690 3678 2912 3751 primus.

2211 3748 2298 3804 10.
2333 3749 2512 3804 Locus
2544 3745 2792 3814 mancus,
2838 3759 2897 3805 et
2927 3750 3172 3815 mutilus,
3223 3759 3276 3804 ut
3331 3748 3575 3814 videtur;
3603 3745 3720 3818 quod

2135 3822 2404 3876 asterisco
2434 3831 2676 3875 notatum
2716 3822 2885 3875 voluit
2917 3820 3192 3887 Juretus.,
3282 3828 3290 3831 "

2211 3891 2294 3946 H.
2335 3893 2537 3947 Locum
2574 3893 2895 3948 mendosum
2931 3897 3010 3947 sic
3038 3893 3363 3948 reStituebat
3395 3891 3713 3947 Gallandius;

2139 3963 2370 4018 Tandem
2402 3965 2685 4035 aliquando
2723 3975 2831 4031 post
2874 3966 3040 4019 undas
3080 3965 3282 4019 calcare
3322 3965 3471 4018 licent
3515 3983 3598 4019 nos
3624 3980 3719 4017 att-

2133 4053 2249 4101 nas,
2285 4038 2374 4104 qui
2406 4037 2664 4107 tetigimus
2709 4049 2909 4091 montes
2940 4053 3004 4091 ea:
3030 4037 3231 4108 pelago.
3288 4037 3485 4108 Melius
3511 4048 3626 4103 puto
3650 4036 3713 4088 lc-

2137 4109 2274 4163 viori
2308 4111 2604 4163 mutatione
2655 4110 2854 4161 calcare
2885 4109 3034 4162 liveat
3078 4125 3168 4161 nos
3215 4125 3424 4163 arenas.
3474 4107 3716 4179 Tetigimtu

2138 4183 2332 4251 montes
2362 4196 2424 4234 ex.
2446 4179 2630 4251 pelugo
2661 4196 2676 4231 :
2705 4189 2980 4250 tangamus
3007 4189 3201 4233 montes
3229 4196 3298 4233 ea:
3323 4197 3468 4234 saxo.
3497 4179 3716 4249 Plerique

2137 4250 2264 4306 editi
2299 4252 2545 4306 referunt
2574 4268 2673 4304 nou
2704 4267 2800 4320 pro
2832 4267 2948 4305 nos.

2211 4325 2297 4377 12.
2335 4323 2592 4378 Testatur
2619 4321 2863 4387 Juretus,
2895 4322 3040 4394 clare
3071 4337 3190 4377 esse
3210 4322 3278 4394 in
3315 4338 3366 4376 v.
3397 4339 3445 4377 c.
3480 4330 3523 4376 et
3562 4336 3709 4394 grege,

2135 4397 2278 4464 quod
2305 4405 2482 4450 tuetur
2516 4408 2609 4464 pro
2631 4403 2676 4447 et
2707 4411 2981 4466 congrego.
3018 4393 3073 4449 In
3108 4393 3371 4449 Bibliotlt.
3410 4395 3611 4449 Patrum
3641 4395 3710 4444 in.

2137 4473 2295 4522 venio
2322 4478 2366 4520 et
2399 4483 2522 4536 rogo
2555 4482 2571 4520 :
2597 4466 2726 4521 mihi
2757 4467 2992 4537 placeret
3018 4466 3307 4537 erogotvei
3338 4481 3597 4537 congrege,
3626 4477 3713 4533 quo

2134 4541 2303 4594 verbo
2337 4545 2506 4594 utitur
2537 4538 2588 4592 in
2619 4537 2710 4591 fin.
2747 4538 2913 4607 prior.
2951 4536 3114 4606 epist.
3167 4536 3301 4593 Haec
3331 4536 3464 4592 satis
3495 4541 3711 4598 innunnt,

2136 4629 2241 4666 non
2276 4613 2456 4666 minus
2501 4626 2747 4678 carmen,
2801 4626 2960 4680 quam
3011 4610 3157 4678 Opus
3189 4609 3485 4673 Paschale,
3530 4610 3713 4680 vivente

2138 4684 2384 4751 Sedulio,
2413 4685 2463 4740 in
2498 4683 2766 4754 publicam
2796 4677 2972 4739 lucem
3005 4677 3304 4754 prodiisse,
3333 4680 3475 4754 quod
3507 4680 3638 4739 tenui
3668 4677 3711 4734 in

2141 4755 2476 4829 Prolegom.,
2509 4772 2657 4811 num.
2681 4754 2806 4812 158.
