3906 6344
3016 6 3326 18 η-υι-π--ι-
3355 9 3360 12 -
3423 6 3460 12 -—

208 225 298 283 581
1372 213 1656 274 CARMEN
1701 210 2080 272 PASCHALE.
2123 210 2252 267 LIB.
2297 211 2335 266 l.
2635 211 2638 218 ’
3396 204 3504 261 5(ῖῖ

339 339 516 398 Pande
540 339 839 398 salutarem
870 353 1073 410 paucos
1103 354 1223 411 qua:
1251 337 1405 395 ducit
1430 337 1485 392 in
1519 333 1710 390 urbem

229 435 302 494 80
331 422 574 508 Angusto
601 435 732 490 mihi
763 432 902 488 calle
929 433 1092 500 viam,
1125 435 1386 504 verbique
1413 435 1692 489 lucernam

342 530 412 586 Da
449 529 675 600 pedibus
708 528 889 584 lucere
918 529 1075 596 meis,
1120 538 1178 584 ut
1207 529 1400 584 semita
1446 528 1574 582 vitae

327 623 422 686 Ad
444 625 631 678 caulas
654 637 741 676 me
762 623 910 677 ruris
941 631 1085 693 agat,
1120 639 1223 694 qua
1256 633 1435 678 servat
1465 635 1738 678 amoenum

340 719 532 775 Pastor
561 717 704 772 ovile
742 717 939 783 bonus,
972 733 1075 790 qua
1108 719 1313 775 vellere
1343 720 1577 790 praevius
1605 718 1728 773 albo

335 812 578 884 Virginis
617 826 787 884 agnus
827 813 943 868 ovis
968 854 982 879 ,
1027 827 1270 885 grexque
1310 816 1486 869 omnis
1530 811 1799 868 candidus

1507 905 1718 978 [intrat,

231 1001 296 1056 85
341 998 501 1072 164
527 998 604 1054 Te
634 999 806 1068 duce,
840 997 1081 1055 difﬁcilis
1126 1014 1234 1056 non
1265 1010 1351 1056 est
1392 1001 1500 1068 via,
1545 999 1800 1055 subditur

1523 1094 1724 1169 [omnis

330 1187 580 1258 Imperiis
611 1196 804 1242 natura
838 1187 977 1243 tuis:
1011 1188 1229 1261 rituque
1261 1191 1442 1247 soluto

334 1281 555 1337 Transit
583 1282 638 1336 in
669 1282 930 1338 adversas
956 1283 1112 1354 jussu
1156 1285 1472 1341 dominante
1502 1286 1721 1357 ﬁguras.

329 1373 384 1431 Si
424 1374 626 1446 jubeas
657 1377 852 1435 mediis
882 1388 1097 1451 segetes
1137 1394 1296 1437 arere
1323 1381 1560 1451 pruinis,

1823 336 1876 396 Α

2044 328 2337 384 Messorem
2375 326 2636 398 producet
2672 327 2889 382 hiems:
2924 326 2967 379 si
3007 339 3234 381 currere
3265 334 3504 381 mustum

1935 422 2004 478 90
2045 422 2264 477 Vernali
2299 422 2399 476 sub
2431 421 2548 476 sole
2580 419 2732 486 velis,
2769 417 3098 474 ﬂorentibus
3130 417 3275 472 arvis

2045 516 2310 572 Sordidus
2341 517 2636 585 impressas
2665 513 2900 569 calcabit
2927 513 3133 568 vinitor
3162 526 3321 576 uvas,

2043 612 2360 682 Cunctaque
2389 610 2584 664 divinis
2613 610 2882 680 parebunt
2911 617 3154 678 tempora
3183 605 3366 661 dictis.

2048 706 2252 763 Indicio
2284 714 2370 760 est
2394 703 2613 775 antiqua
2647 703 2800 771 ﬁdes,
2848 713 2903 759 et
2943 718 3078 758 cana
3108 703 3352 774 priorum

2047 802 2232 858 Testis
2282 801 2438 871 origo
2480 807 2694 868 patrum
2721 840 2736 865 ,
2790 797 3060 869 nullisque
3105 797 3371 853 abolenda
3413 807 3514 869 per

3239 891 3440 965 [aevum

1942 998 2012 1055 95
2049 995 2414 1066 Temporibus
2455 999 2712 1049 constant
2739 990 3002 1046 virtutum
3035 989 3185 1058 signa
3219 995 3459 1043 tuarum.

2046 1091 2126 1146 Ex
2159 1089 2356 1155 quibus
2387 1085 2577 1140 audaci
2612 1085 2990 1155 perstringere
3021 1096 3194 1152 pauca
3221 1082 3398 1137 relatu

2053 1184 2210 1258 165
2252 1182 2353 1237 Vix
2375 1177 2572 1234 animis
2596 1177 2881 1234 committo
2911 1174 3072 1240 meis,
3098 1174 3402 1244 silvamque
3431 1184 3519 1243 pa-

3202 1268 3428 1340 [tentem

2050 1373 2388 1447 ingrediens,
2423 1369 2637 1438 aliquos
2667 1364 2813 1420 nitor
2839 1363 3158 1433 contingere
3187 1376 3392 1416 ramos.

1559 1519 1738 1576 OPUS
1777 1514 2167 1577 PASCHALE.

191 1613 428 1686 mystica:
454 1613 922 1672 demonstratione
948 1615 1190 1682 virtutis,
1213 1616 1359 1687 quod
1389 1617 1572 1672 carnis
1594 1615 1794 1672 delicta

190 1722 537 1774 necaverant,
555 1710 658 1766 ﬁda
686 1711 814 1780 ligni
848 1711 1186 1780 protectionc
1214 1712 1493 1776 vallatum,
1513 1727 1609 1782 per
1630 1727 1793 1766 unum

191 1804 348 1857 totius
387 1804 576 1858 mundi
610 1805 873 1873 baptisma
907 1804 1177 1874 pandercs
1213 1805 1544 1861 abluendum

189 1895 314 1948 mibi
346 1895 592 1964 placidus
623 1898 764 1950 viam
793 1938 808 1962 ,
859 1897 1004 1952 illam
1038 1899 1268 1968 supplici
1310 1914 1453 1954 nunc
1482 1900 1797 1980 demonstra

189 1992 456 2059 semitam,
490 2008 616 2063 quae
662 1992 729 2048 ad
773 1993 1025 2048 salutaris
1058 1995 1210 2049 urbis
1254 1998 1454 2051 muenia
1499 2010 1793 2066 paucorum

186 2086 356 2157 dirigit
385 2099 626 2158 angusto
653 2088 792 2143 calle
819 2089 1070 2158 vestigia,
1097 2089 1437 2146 Hierusalem
1481 2092 1692 2146 scilicet
1720 2091 1797 2146 ci-

183 2178 398 2237 vitatem
447 2184 812 2250 Dominicam,
861 2181 1064 2239 Christi
1096 2186 1349 2254 passione
1379 2195 1624 2240 nOslrum
1667 2184 1797 2240 Pas-

184 2275 277 2332 cha
304 2287 630 2348 gestantem,
664 2288 725 2333 ut
749 2294 844 2348 per
877 2279 1014 2334 hanc
1055 2280 1356 2350 corporalis
1386 2280 1572 2350 gratia:
1605 2279 1795 2350 hospi-

186 2372 439 2428 talitatem
466 2371 790 2445 fulgentem,
821 2373 887 2428 ad
913 2374 1064 2428 illam
1089 2374 1350 2443 spiritalis
1372 2374 1562 2444 gloriae
1587 2387 1799 2427 merea-

185 2480 300 2520 mur
327 2465 559 2536 patriam
590 2467 907 2536 pervenire,
932 2476 988 2522 et
1028 2470 1098 2522 sit
1128 2468 1341 2521 lucerna
1372 2475 1397 2503 α
1432 2467 1648 2535 pedibus
1671 2465 1796 2520 meis

185 2559 386 2613 verbum
415 2570 567 2614 tuum
593 2602 608 2625 ,
652 2561 881 2615 Domine
908 2603 923 2625 ,
957 2575 1066 2631 quo
1096 2563 1226 2615 recti
1278 2561 1456 2631 fulgor
1487 2561 1704 2616 itineris
1729 2562 1796 2617 ad

184 2653 271 2708 illa
300 2669 384 2710 me
429 2654 590 2709 ﬂorei
630 2657 895 2727 graminis
943 2657 1058 2711 loca
1090 2655 1378 2727 perducat,
1428 2673 1534 2726 qua
1567 2657 1794 2713 nitidum

185 2749 356 2806 bonus
403 2760 591 2820 pastor
649 2751 796 2807 ovile
845 2760 1180 2816 conservat,
1231 2768 1338 2823 qua
1392 2752 1620 2824 virginis
1676 2755 1796 2808 ovis

183 2856 371 2913 agnum
400 2843 558 2898 nivea
582 2843 836 2900 claritate
856 2844 1205 2914 purissimum
1236 2860 1365 2914 grex
1391 2845 1573 2900 omnis
1612 2847 1795 2916 sequi-

185 2948 265 2993 tur
292 2938 639 2995 candidatus.
672 2939 792 2994 Non
825 2949 914 2996 est
957 2940 1047 2994 via
1093 2939 1356 3007 difficilis,
1403 2941 1448 2995 si
1500 2951 1552 2996 te
1598 2941 1791 2996 ducem

184 3034 420 3102 przebere
451 3022 792 3104 dignaberis.
837 3033 1028 3090 Omnia
1064 3043 1166 3088 tua:
1199 3034 1484 3103 subiacent
1509 3035 1790 3105 potestati.

183 3125 363 3184 Omnis
393 3129 502 3184 tuis
536 3131 782 3199 imperiis
812 3139 1004 3184 natura
1034 3129 1365 3194 succumbit,
1412 3138 1466 3184 ct
1509 3130 1561 3184 in
1601 3128 1796 3185 adver-

183 3238 264 3276 sas
300 3225 516 3291 species
559 3238 622 3279 ac
673 3225 872 3295 ﬁguras
912 3225 1064 3294 jussu
1106 3223 1423 3278 dominante
1467 3225 1787 3294 pertransit.

181 3315 230 3372 Si
257 3317 393 3372 velis
419 3317 746 3386 glacialibus
781 3327 994 3389 segetes
1026 3333 1235 3373 annuas
1278 3319 1480 3374 ﬁavere
1528 3320 1790 3388 tempori-

181 3406 295 3476 bus,
329 3410 604 3479 producit,
653 3410 879 3466 falcibus
907 3410 1102 3482 agilem
1153 3411 1327 3466 hiems
1378 3411 1530 3482 pigra
1578 3427 1789 3468 messo-

181 3517 308 3560 rem.
340 3504 396 3561 Si
428 3505 674 3561 vernalis
711 3505 884 3578 plagrc
926 3513 1173 3577 tempore
1200 3520 1323 3561 cum
1356 3505 1531 3576 prima
1585 3507 1782 3561 ﬁorum

1599 1825 1610 1859 :
1648 1807 1822 1874 illam,

1900 1615 2041 1686 palla
2097 1609 2258 1666 tellus
2303 1605 2566 1676 adoperta
2621 1598 2957 1673 resplendet,
3013 1595 3257 1670 gravidis
3303 1596 3519 1652 vincant

1900 1712 2173 1787 pampinis
2197 1709 2393 1779 jubeas
2414 1702 2686 1777 parturire
2709 1707 2923 1755 musteo
2949 1696 3194 1762 vinitori,
3219 1695 3331 1766 jam
3360 1692 3388 1732 ι)
3419 1707 3524 1750 nec

1901 1809 2196 1883 repudians
2226 1804 2431 1860 viscera
2466 1799 2644 1855 felicis
2689 1811 2813 1851 uva:
2866 1801 3119 1849 nectarea
3147 1833 3163 1856 ,
3198 1789 3522 1847 temulentas

1903 1904 2074 1959 calcis
2100 1910 2250 1971 grata
2279 1894 2624 1968 propulsabit
2654 1889 2874 1959 iniuria.
2903 1885 3351 1956 Cunctorumque
3377 1891 3519 1940 tem-

1903 2015 2098 2073 porum
2129 1997 2276 2052 vices
2308 1992 2536 2049 mutatis
2568 1987 2834 2043 fructibus
2866 1999 2974 2038 non
3007 1991 3243 2038 renuent
3269 1977 3522 2073 Creatori

1900 2070 2128 2154 servire.
2163 2089 2492 2147 Mirabilium
2522 2082 2792 2153 siquidem
2823 2077 3134 2135 divinorum
3164 2088 3302 2130 cana
3334 2070 3526 2144 pandit

1901 2191 2038 2246 ﬁdes
2061 2186 2353 2248 indicium,
2388 2189 2440 2236 et
2485 2178 2706 2247 antiqua
2739 2182 2952 2243 patrum
2987 2171 3142 2226 testis
3179 2169 3337 2240 origo
3381 2165 3524 2237 pris-

1900 2299 2113 2341 corum;
2145 2281 2256 2337 Nec
2285 2275 2553 2334 abolenda
2583 2271 2801 2328 szeculis
2840 2270 3309 2338 mvo'senescente
3340 2275 3530 2344 transf

1900 2378 2038 2434 actis
2088 2371 2418 2430 immortalia
2460 2367 2767 2425 caelestium
2808 2365 3069 2419 virtutum
3118 2362 3272 2433 signa
3321 2359 3520 2432 perdu-

1854 2462 1858 2467 ’
1899 2480 2043 2528 rant.
2075 2470 2154 2524 Ex
2187 2467 2387 2537 quibus
2419 2471 2566 2519 metu
2600 2459 2925 2532 trepidantis
2961 2457 3164 2528 ingenii
3195 2469 3364 2526 pauca
3412 2452 3524 2509 sal-

1901 2574 2012 2621 tem
2042 2561 2231 2617 andaci
2257 2557 2526 2614 relatione
2559 2553 2927 2626 perstringere
2959 2551 3050 2605 vix
3092 2549 3294 2604 nostris
3319 2547 3516 2602 animis

1900 2667 1956 2714 et
2006 2654 2156 2712 cordi
2202 2651 2566 2724 permittimus
2621 2645 2904 2710 imbecilli,
2961 2653 3019 2699 ut
3067 2642 3262 2698 silvam
3302 2655 3516 2712 magna:

1899 2750 2189 2807 densitatis
2221 2746 2560 2817 ingrediens,
2595 2743 2811 2813 aliquos
2840 2739 3018 2795 enitar
3038 2747 3282 2793 extrema
3311 2737 3516 2808 digito-

1897 2861 2018 2901 rum
2049 2843 2362 2899 summitate
2390 2855 2572 2894 ramos
2624 2837 2915 2908 attingere.
2962 2833 3094 2890 Nam
3131 2833 3234 2889 etsi
3276 2832 3517 2887 humano

1895 2941 2110 3011 corpori
2139 2949 2359 2995 centum
2400 2935 2564 2992 simul
2594 2949 2693 2989 ora
2737 2931 3110 3004 suppeditent,
3154 2931 3514 3002 centenisque

1896 3035 2204 3105 linguarum
2239 3031 2482 3086 motibus
2518 3045 2618 3084 vox
2667 3027 2847 3084 ferrea
2875 3028 3123 3082 clamare
3151 3029 3259 3080 n'ou
3307 3033 3510 3091 cesset,

1896 3129 2020 3198 quis
2047 3135 2243 3181 cuncta
2277 3125 2459 3178 valeat
2497 3120 2762 3193 expedire
2789 3165 2803 3188 ,
2852 3134 3082 3189 quorum
3127 3120 3370 3175 numeris
3411 3133 3513 3174 nec

1897 3229 2046 3275 astra
2077 3220 2201 3276 cmli
2231 3218 2578 3283 densissima,
2617 3229 2718 3270 nec
2752 3214 2936 3270 bibula
2969 3213 3133 3268 maris
3177 3228 3342 3268 arena
3372 3227 3510 3268 con-

1897 3315 2129 3370 veniat?
2152 3313 2230 3368 Ex
2260 3328 2370 3385 quo
2401 3312 2455 3367 in
2481 3311 2685 3366 claram
2709 3325 2890 3366 rerum
2915 3309 3109 3380 faciem
3139 3308 3365 3365 confusa
3398 3324 3516 3365 ma-

1897 3413 2087 3477 teries,
2119 3425 2242 3482 quae
2285 3409 2455 3464 chaos
2493 3407 2640 3464 dicta
2666 3415 2772 3475 est,
2807 3405 2986 3462 Verbo
3035 3405 3363 3473 fabricante,
3395 3417 3517 3460 sur-

1895 3508 2057 3563 rexit.

1699 3643 2021 3702 SCHOLIA.

243 3743 329 3799 80.
362 3744 620 3800 Nonnulli
648 3743 851 3813 vulgati
883 3744 1121 3815 Augusto
1149 3759 1168 3797 :
1199 3739 1432 3797 emenda
1461 3740 1697 3810 Angusto
1723 3755 1787 3796 ex

179 3818 351 3873 verbis
378 3819 514 3884 ipsis
549 3817 872 3871 Salvatoris.

244 3889 330 3944 82.
363 3889 492 3944 Ald.
529 3907 633 3959 quo
662 3896 828 3943 servat
859 3905 874 3940 :
910 3887 1001 3940 alii
1028 3903 1150 3957 qua.

242 3962 327 4016 85.
371 3956 560 4016 Ottob'.
589 3965 640 4027 1,
671 3978 772 4031 quo
802 3959 989 4013 vellere
1015 3956 1141 4013 :'sic
1171 3959 1302 4028 Reg.
1339 3959 1361 4013 l
1392 3976 1420 4012 a
1452 3973 1531 4027 pr.
1564 3973 1662 4022 m.,
1690 3956 1784 4012 sed

175 4045 372 4087 correct
387 4051 476 4086 nm
511 4051 637 4103 qua.

241 4105 329 4159 8i.
359 4101 713 4160 Burmannus
739 4103 1066 4174 conjiciebat
1099 4120 1264 4173 agnus
1297 4112 1432 4154 orat.
1469 4101 1602 4173 Reg.
1642 4103 1690 4163 l,
1727 4111 1782 4157 et

175 4177 280 4232 Ott.
308 4185 322 4230 1
348 4196 374 4231 a
411 4196 492 4246 pr.
536 4195 634 4241 ιιι..
663 4193 810 4239 ores,
843 4186 1150 4231 correctum
1188 4191 1282 4238 per
1313 4177 1571 4246 ovisicum
1599 4175 1779 4244 glossa

173 4249 222 4304 iu
259 4250 394 4320 Reg.
415 4245 446 4304 Vl
477 4297 490 4319 ,
533 4250 738 4304 Maria’.
789 4253 991 4304 Eadem
1022 4259 1103 4300 est
1132 4248 1315 4317 glossa
1348 4252 1398 4299 in
1428 4245 1560 4314 Reg.
1590 4249 1644 4320 2,
1690 4264 1781 4320 eae

172 4319 396 4393 denique
429 4325 701 4391 scriptura
730 4323 837 4374 ovis
870 4323 920 4374 in
949 4329 1163 4374 CIBlCl'IS
1193 4335 1349 4381 mss.,
1393 4329 1446 4373 et
1473 4319 1655 4393 editis,
1705 4319 1777 4372 nti

172 4392 326 4448 etiam
379 4397 430 4448 in
483 4396 674 4449 ProSa.
734 4393 841 4448 Sed
872 4395 1102 4446 fortasse
1148 4408 1277 4445 vera
1309 4401 1393 4444 cst
1426 4392 1592 4444 lectio
1639 4407 1778 4454 oves,

171 4483 388 4539 grexque
413 4511 426 4529 ,
464 4468 569 4520 hac
601 4467 980 4520 distinctione:
1013 4463 1241 4534 Virginis
1273 4478 1609 4539 agnus‘oves,
1632 4479 1782 4539 grex:

170 4535 261 4607 que
285 4535 451 4593 omnis
484 4539 741 4593 candidus
768 4541 922 4591 intrat
949 4554 964 4589 :
1024 4551 1145 4589 nam
1184 4552 1316 4588 oves
1346 4537 1396 4587 iu
1441 4535 1651 4603 judicio
1687 4535 1781 4607 Dei

170 4605 470 4666 Statnentnr
529 4628 556 4662 a
623 4621 774 4682 parte
819 4611 1045 4676 dextra,
1085 4620 1140 4660 ut
1174 4607 1311 4661 haedi
1355 4624 1381 4656 a
1413 4608 1656 4682 sinistra.
1722 4605 1779 4660 ln

173 4699 296 4736 mss.
345 4677 762 4751 exeunplat’ibus
804 4697 950 4750 smpe
989 4681 1004 4732 i
1048 4682 1419 4751 occurritpro
1461 4694 1487 4729 e
1518 4677 1778 4746 positum.

172 4753 284 4808 lluc
314 4757 436 4810 facit
462 4750 798 4811 Fortunatus
825 4755 858 4806 I.
889 4769 947 4817 ll,
980 4767 1149 4806 carm.
1187 4753 1219 4805 4
1244 4771 1255 4804 :
1285 4750 1351 4802 In
1380 4765 1530 4802 cruce
1561 4751 1786 4803 restituit

185 4824 398 4902 Virginis
437 4846 610 4901 agnus
644 4844 776 4902 ores.
833 4827 1001 4880 Immo
1029 4825 1245 4902 etiarnsi
1281 4823 1491 4902 legatur
1520 4823 1660 4886 θυῖεν
1693 4838 1787 4902 cf"

170 4893 295 4955 deni.
321 4893 730 4969 inti-rputictio,
762 4915 827 4954 ac
857 4899 1130 4954 sententia
1165 4896 1427 4950 sustineri
1461 4902 1660 4964 potest.
1722 4893 1780 4947 In

169 4969 324 5028 ROm.
355 4977 514 5030 deest
555 4990 654 5040 que
687 4981 809 5039 post
844 4989 988 5042 grex.

234 5046 320 5101 87.
355 5048 528 5111 Meus,
581 5049 921 5098 nominante:
955 5046 1073 5110 lege
1117 5042 1439 5094 dominante.

235 5120 320 5174 88.
354 5121 516 5174 Arere
578 5134 678 5187 pro
735 5130 1148 5175 maturescere,
1210 5126 1266 5168 ut
1319 5123 1524 5166 arentes
1580 5113 1775 5164 arista).

171 5189 376 5245 Pruinis
427 5208 527 5263 pro
549 5190 762 5263 illietne,
801 5200 853 5241 ιιι
882 5189 974 5263 alii
1019 5188 1179 5263 vulgo
1209 5195 1406 5263 poclm.

234 5266 319 5320 89.
357 5257 515 5326 Urit”
544 5262 734 5324 Ronn,
759 5261 1034 5331 producit:
1063 5261 1152 5311 alii
1176 5261 1422 5330 producet
1445 5273 1567 5310 curn
1599 5257 1778 5326 glossa

173 5334 218 5388 in
247 5336 376 5405 Reg.
411 5337 582 5390 dabit.
629 5334 720 5389 Sic
753 5348 937 5402 poSIea
968 5331 1218 5405 calcabit.
1254 5332 1526 5405 parebunt.

233 5408 288 5462 9|
307 5401 585 5463 {Ovidius
613 5423 649 5461 tt
679 5408 805 5461 Met.
832 5407 934 5459 ‘29:
964 5403 1147 5457 Stabat
1173 5411 1217 5456 et
1245 5404 1536 5453 Autumnus
1565 5401 1780 5454 calcatis

167 5482 404 5534 sordidus
432 5484 567 5534 uvis.

232 5554 318 5609 93.
353 5553 466 5608 Ott.
510 5554 567 5617 2,
618 5550 835 5605 Iudicio
873 5560 986 5605 est:
1021 5547 1180 5602 facile
1224 5546 1338 5611 haec
1371 5546 1513 5600 inter
1542 5560 1602 5602 se
1627 5561 1775 5601 com-

232 5705 256 5732 ι
291 5697 365 5750 Ex
398 5694 612 5764 psalmo
641 5707 828 5761 cxvut,
861 5705 1005 5747 vers.
1041 5690 1164 5764 105.

229 5766 256 5806 δ
286 5761 682 5824 Attimadvertit
714 5765 931 5820 Juretus
957 5807 970 5831 ,
1027 5762 1169 5818 male
1213 5775 1335 5816 esse
1375 5761 1425 5813 in
1470 5777 1521 5814 v.
1556 5775 1606 5816 c.
1651 5778 1771 5814 nam

168 5857 252 5896 nec
289 5841 594 5912 repudians.
638 5839 783 5893 Sane
825 5848 934 5892 tota
968 5839 1084 5891 haec
1118 5835 1376 5906 periodus
1404 5833 1634 5889 obscura
1665 5845 1768 5888 cst.

1814 4868 1866 4933 D

1901 3753 2204 3800 mutantur.
2261 3742 2375 3798 Hoc
2417 3743 2540 3799 loco
2585 3741 2792 3798 Indicio
2831 3743 2950 3797 sine
2980 3744 3351 3799 controversia
3381 3747 3517 3801 reti-

1896 3815 2135 3870 nendum
2164 3823 2270 3870 est.
2315 3815 2574 3886 Virgilius
2618 3831 2633 3868 ι
2666 3815 2795 3870 Ain.
2829 3815 2936 3870 296
2973 3815 3110 3869 dixit
3155 3816 3300 3870 Cana
3328 3817 3462 3886 ﬁdes
3487 3834 3508 3872 :

1895 3887 1985 3960 sic,
2007 3905 2137 3940 cana
2157 3889 2308 3960 jura,
2340 3899 2393 3942 et
2416 3887 2619 3960 similia
2655 3903 2752 3957 pro
2794 3888 3014 3954 priscis,
3049 3887 3308 3959 antiquis.

1967 3959 2056 4014 95.
2089 3958 2191 4014 Pro
2215 3969 2451 4014 constant
2483 3958 2697 4015 schedia
2727 3960 2934 4015 Poelm.
2967 3968 3191 4014 exstant.

1969 4031 2059 4086 96.
2101 4031 2444 4087 Burmannus
2490 4048 2587 4100 pro
2639 4031 2811 4085 relatu
2855 4035 3094 4087 malebat
3145 4033 3358 4098 volatu,
3414 4035 3503 4092 vel

1895 4116 2086 4168 meatu,
2143 4106 2265 4173 quia
2325 4106 2673 4174 perstringere
2722 4107 2940 4172 prottrie
2989 4106 3180 4159 avibus
3221 4106 3501 4163 tribuitur.

1893 4175 2026 4243 Qua:
2057 4192 2186 4230 sane
2214 4178 2540 4244 conjiciendi
2574 4177 2712 4230 ratio
2741 4179 2926 4245 inepta
2958 4188 3060 4230 est.
3115 4178 3368 4232 Sedulius
3394 4176 3505 4234 for-

1895 4248 2758 4321 tassegimitaturt,laudiannmde
2783 4249 2940 4316 Rapt.
2975 4249 3129 4304 Pros.
3155 4247 3500 4321 iuit.:Juno-
3549 4280 3556 4285 -

1889 4319 1971 4370 nis
2015 4319 2271 4373 thalamos
2299 4317 2489 4373 audaci
2531 4337 2764 4390 promere
2794 4331 2970 4386 cantu,
3003 4330 3111 4376 etc.
3157 4317 3504 4378 Res‘divinas

1889 4393 2168 4460 explicare
2194 4393 2333 4445 velle
2365 4396 2525 4447 etiam
2553 4393 2755 4447 ethnici
2781 4398 3064 4448 audaciam
3090 4395 3502 4450 exiStimabant.

1962 4466 2052 4518 97.
2096 4464 2242 4518 ldcm
2279 4464 2620 4518 Burmannus
2650 4467 2964 4537 suspicatur
2994 4465 3097 4520 Vix
3113 4466 3212 4519 alis
3235 4467 3499 4522 committo

1889 4537 2034 4597 meis,
2073 4540 2264 4590 eadem
2312 4537 2522 4591 scilicet
2557 4539 2772 4608 ratione
2801 4539 3021 4592 ductus.
3075 4537 3208 4608 Reg.
3243 4541 3296 4602 ιι,
3335 4539 3494 4605 Urb.,

1889 4617 2146 4678 potentem
2203 4623 2299 4676 pro
2328 4618 2607 4678 patentem.
2643 4607 2803 4664 Rom.
2827 4655 2840 4676 ,
2875 4627 2972 4679 pro
3010 4611 3064 4663 d.
3094 4607 3177 4675 s.,
3207 4619 3498 4665 sonantem.

1962 4679 2050 4733 98.
2095 4679 2200 4754 Pro
2222 4679 2428 4750 aliquos
2461 4680 2657 4754 Parrlt.
2692 4699 2886 4754 paucos
2920 4700 2939 4747 ;
2970 4682 3054 4735 vrl
3089 4681 3213 4748 hoc,
3248 4685 3333 4738 vel
3378 4700 3500 4752 par-

1886 4766 1992 4816 cos,
2046 4753 2310 4819 scriptum
2356 4753 2573 4806 videtur
2622 4752 2842 4808 in'cod.
2891 4755 2955 4808 E.
2994 4754 3338 4810 Burmannus
3366 4769 3501 4810 con-

1887 4822 2051 4896 jectat
2080 4825 2310 4896 patulos,
2340 4826 2483 4890 quod
2525 4827 2805 4891 epitheton
2851 4827 3017 4879 ramis
3037 4841 3186 4895 saepe
3217 4827 3493 4881 tribuitur.

1891 4895 2041 4950 Meus
2074 4895 2212 4950 nitor
2242 4914 2452 4964 paucos.
2505 4899 2776 4967 Corippus
2815 4898 3013 4965 Paneg.
3047 4899 3236 4951 Anast.
3291 4899 3410 4951 init.
3443 4898 3498 4953 id
3561 4906 3563 4908 ’

1891 4972 2170 5035 eXpressit
2196 4987 2207 5021 :
2237 4967 2556 5022 Immensum
2584 4971 2767 5023 silvam
2795 4969 3030 5034 laudum,
3062 4972 3138 5022 cir
3183 4973 3348 5042 juste,
3379 4978 3498 5024 tua-

1892 5058 2006 5094 rum
2033 5072 2103 5081 —
2123 5043 2414 5110 Aspiciens,
2449 5047 2610 5094 celsos
2631 5044 2766 5096 nitor
2797 5043 3089 5110 contingere
3134 5057 3329 5107 ramos,
3380 5053 3490 5097 etc.

1891 5112 2224 5168 Adnmbrata
2279 5115 2393 5166 lucc
2428 5129 2493 5166 ex
2541 5113 2831 5174 Theocritg
2873 5113 3184 5166 observavit
3233 5112 3493 5168 Barthius

1893 5186 2002 5239 tde
2027 5185 2199 5240 Laud.
2231 5186 2406 5240 Stilic.
2434 5228 2446 5244 .
2481 5201 2626 5237 vers.
2660 5184 2752 5236 29.
2804 5181 2968 5238 Clare
2999 5184 3277 5239 Sedulium
3311 5185 3496 5240 inuita-

1887 5265 1974 5311 tur
2022 5271 2214 5312 auctor
2260 5269 2415 5311 vetus
2451 5255 2581 5307 Vitae
2627 5255 2685 5310 S.
2736 5254 3055 5317 Theobaldi,
3087 5272 3247 5323 quam
3291 5257 3400 5311 vidi
3433 5259 3488 5312 in

1887 5329 2076 5384 codice
2106 5331 2483 5398 antiquissimo
2517 5326 2634 5379 Vat.
2671 5327 2887 5395 Reginzl-
2912 5326 3075 5382 Suec.
3110 5328 3238 5391 571,
3267 5329 3334 5382 in,
3356 5329 3487 5385 ﬁne:

1890 5400 2088 5454 Testem
2129 5403 2308 5454 invoco
2357 5400 2693 5452 habitatorem
2743 5401 2859 5469 ejus
2918 5398 3173 5470 Spiritum
3223 5413 3486 5469 sanctum,

1886 5475 2062 5526 multa.
2081 5474 2283 5541 coynita
2311 5488 2388 5523 me
2421 5471 2831 5537 prwtermisisse,
2864 5480 2911 5524 et
2939 5475 3002 5524 de
3021 5487 3208 5542 magna
3248 5474 3380 5526 silva
3400 5475 3488 5529 tia:

1886 5561 2078 5613 paucos
2108 5560 2278 5596 ramos
2307 5543 2686 5612 perstrinxisse.

1881 5685 2048 5760 Paulo
2068 5693 2221 5760 ante
2247 5683 2561 5760 invulgatis
2596 5690 2682 5738 est
2711 5681 2882 5755 plaga:
2910 5686 3182 5760 temporis,
3221 5694 3276 5741 et
3325 5688 3488 5760 paulo

1880 5758 2017 5813 infra
2049 5757 2172 5838 ﬁdei
2192 5757 2477 5826 judicium,
2507 5765 2562 5812 et
2589 5771 2717 5811 mox
2762 5763 2917 5811 corde
2946 5759 3308 5828 permittimus.
