3904 6370
391 226 500 283 587

530 342 810 416 Squamea
840 342 979 399 colla
1011 349 1227 397 tumens
1249 382 1264 406 ,
1301 338 1553 395 inimicos
1579 352 1676 394 ore
1701 337 1996 410 chelydros
2026 343 2079 405 Α

387 438 496 496 155
533 438 763 498 Serbuit
786 479 802 504 ,
836 445 891 493 et
919 436 1122 508 proprii
1156 433 1301 490 redit
1332 433 1384 487 in
1413 432 1647 504 virgulta
1672 431 1895 504 rigoris.

602 532 799 587 Pervia
827 529 987 585 divisi
1034 535 1331 599 patuerunt
1358 526 1555 598 caerula
1585 527 1737 598 ponti

532 627 591 682 1n
623 612 905 696 geminuni
932 620 1176 677 revoluta
1216 621 1390 686 latus,
1424 620 1736 691 nudataque
1762 621 1925 677 tellus

528 717 791 784 Cognatis
818 715 1087 785 spoliatur
1117 714 1276 787 aquis
1306 757 1320 780 ,
1369 730 1434 772 ac
1466 714 1622 770 turba
1652 715 1922 787 pedestris

538 810 697 882 17o
742 807 917 863 Intrat
967 808 1024 863 in
1075 807 1321 865 absentis
1367 808 1544 881 pelagi
1575 823 1762 874 mare,
1790 824 1996 880 perque

1416 910 1419 911 '
1638 900 1996 975 [profundum

385 994 493 1053 140
529 994 687 1051 Sicca
724 994 1042 1065 peregrinas
1091 1002 1424 1064 stupuerunt
1454 1008 1728 1049 marmora
1760 994 1994 1064 plantas.

526 1086 760 1144 Mutavit
786 1086 1152 1143 naturavviam
1180 1131 1194 1154 ,
1228 1087 1581 1155 mediumque
1622 1103 1719 1158 per
1738 1103 1925 1157 aequor

526 1178 851 1251 Ingrediens
883 1179 1143 1250 populus,
1173 1179 1308 1235 rude
1326 1180 1438 1251 jam
1460 1180 1726 1251 baptisma
1747 1180 1995 1252 gerebat:

526 1273 627 1329 Cui
648 1273 758 1329 dux
779 1272 1030 1331 Christus
1044 1282 1186 1340 erat;
1212 1274 1415 1330 clamat
1436 1271 1563 1330 n'am
1586 1274 1773 1339 lectio,
1799 1273 1995 1330 Multas

1789 220 2007 279 C(ELII
2038 217 2314 279 SEDULll

3610 214 3717 271 568

2245 333 2365 392 Vox
2408 333 2622 390 Domini
2679 348 2845 407 super
2884 344 3067 395 exstat
3091 349 3291 408 aquas;
3326 347 3435 389 vos
3474 332 3717 404 denique

3305 426 3559 502 [verbum
3588 436 3679 482 est
3700 468 3716 494 ,

2106 527 2211 584 115
2235 523 2474 583 Verbum
2489 522 2741 580 Christus
2760 524 2936 591 adest,
2959 524 3192 597 geminae
3204 524 3295 594 qui
3312 536 3558 579 consona
3577 521 3720 593 legis

2248 620 2597 676 Testamenta
2624 634 2843 689 regens,
2874 631 3121 675 veterem
3151 617 3413 688 patefecit
3430 616 3714 688 abyssum,

2251 716 2405 788 171
2423 711 2491 769 Ut
2518 712 2771 768 doctrina
2786 727 3024 784 sequens
3039 713 3214 783 planis
3236 710 3523 767 incederet
3542 709 3715 763 arvis.

2315 807 2454 877 Quid
2469 806 2726 875 referam,
2742 806 3063 864 innumeras
3076 808 3291 866 caelesti
3308 820 3448 879 pane
3464 813 3722 862 catervas

2246 902 2540 971 Angelicos
2563 900 2867 973 sumpsisse
2888 900 3063 969 cibos,
3098 902 3416 974 nimbisque
3436 897 3664 971 superni

2103 994 2210 1053 150
2250 995 2523 1056 Nectaris.
2556 995 2705 1052 aeria
2735 994 2996 1067 populum
3020 995 3320 1053 dulcedine
3349 1003 3587 1067 pastum,

2244 1091 2301 1147 ln
2333 1091 2530 1157 pluviis
2550 1088 2818 1146 habuisse
2840 1089 3035 1161 dapes,
3066 1099 3126 1146 et
3153 1090 3208 1145 in
3238 1090 3512 1146 imbribus
3528 1085 3723 1143 escas?

2313 1181 2528 1238 Rursus
2559 1182 2613 1237 in
2636 1183 2843 1239 exustis
2868 1182 3067 1240 sitiens
3094 1183 3381 1239 exercitus
3410 1181 3576 1246 arvis,
3611 1242 3618 1247 θ

2245 1275 2361 1345 Qua
2387 1275 2617 1331 nimium
2646 1274 2765 1331 loca
2798 1275 2943 1332 sicca
2970 1275 3086 1343 diu,
3118 1291 3228 1347 qua
3257 1284 3409 1331 terra
3437 1273 3647 1344 negatis

1755 1365 1939 1424 OPUS
1980 1368 2367 1425 PASCHALE.

375 1464 591 1522 brando
624 1464 838 1535 linguas
871 1477 1169 1531 exercens,
1209 1462 1460 1535 geminos
1505 1463 1744 1519 inimicae
1790 1429 1999 1518 frauditi

376 1573 587 1631 angues
633 1558 937 1627 absorbuit,
983 1568 1149 1627 atque
1182 1558 1461 1628 propriam
1507 1556 1728 1630 virgulti
1758 1559 1997 1629 speciem

374 1651 549 1722 rigida
585 1668 776 1707 rursus
800 1652 1105 1706 mutatione
1138 1652 1409 1721 suscepit.

450 1742 560 1797 Per
602 1743 782 1796 media
812 1741 1039 1796 marinis
1067 1740 1325 1797 ﬂuctibus
1358 1741 1629 1812 profunda
1659 1742 1881 1798 latentia
1909 1758 1998 1798 re-
2030 1773 2059 1812 τ

2028 1788 2078 1849 Β

372 1832 577 1890 volutis
599 1834 656 1889 in
680 1833 959 1904 geminum
990 1833 1134 1889 latus
1158 1834 1338 1907 undis,
1373 1844 1429 1891 et
1450 1851 1705 1906 :equorea
1737 1836 1996 1893 divinitus

374 1927 743 1985 aediﬁcatione
791 1929 1118 1999 suspensis,
1171 1929 1443 2000 pedestris
1495 1931 1654 1986 turba
1697 1932 1997 2006 transivit,

2105 1462 2226 1519 tat?
2255 1462 2493 1538 Verbum
2529 1472 2709 1521 autem
2763 1463 3043 1519 Christum
3100 1477 3226 1518 esse
3268 1460 3394 1534 quis
3445 1460 3723 1531 abneget?

2103 1558 2196 1630 qui
2224 1556 2449 1626 veteris,
2480 1572 2542 1613 ac
2572 1558 2699 1613 novi
2724 1556 2976 1613 conditor
3010 1555 3352 1611 Testamenti
3393 1552 3722 1609 immensam

2103 1652 2133 1693 ι)
2162 1655 2351 1725 prima:
2379 1654 2515 1724 legis
2546 1654 2806 1726 abyssum
2829 1666 2929 1708 suo
2959 1649 3219 1720 patefecit
3242 1647 3505 1713 adventu,
3531 1657 3725 1716 quate—

2105 1765 2208 1804 nus
2236 1748 2548 1804 recentiore
2576 1746 2854 1812 doctrina,
2886 1755 3160 1817 tamquam
3193 1744 3426 1799 remotis
3451 1740 3723 1796 undarum

2105 1846 2343 1901 molibus
2375 1845 2603 1911 intimis,
2639 1859 2704 1899 ac
2732 1842 3037 1914 profundis,
3071 1854 3313 1911 sequens
3351 1848 3484 1895 aetas
3532 1837 3603 1893 nil
3630 1851 3726 1908 pe-

2103 1940 2226 1994 ricli
2256 1938 2560 2002 formidans
2588 1954 2686 2009 per
2711 1937 2906 1995 callem
2938 1937 3121 2009 plana:
3143 1935 3423 1992 libertatis
3443 1932 3727 1990 incederet

374 2023 530 2079 stetit
557 2021 797 2091 undique
838 2033 1040 2093 pontus
1080 2032 1140 2079 ut
1170 2037 1393 2094 murus,
1445 2033 1501 2080 et
1529 2026 1745 2097 cognati
1773 2026 2000 2098 gurgitis
2099 2035 2213 2104 jam
2244 2047 2460 2088 secura.

376 2116 613 2187 spoliata
646 2116 920 2174 velamine
953 2117 1121 2173 tellus
1152 2117 1454 2188 permansit
1479 2117 1646 2183 nuda,
1689 2118 1875 2202 donec.
1906 2134 2001 2190 po-

375 2210 543 2279 pulus
567 2211 760 2282 pelago
785 2211 1044 2283 gradiens
1070 2213 1301 2269 absente
1339 2228 1438 2285 per
1476 2214 1722 2285 pelagus,
1755 2213 2001 2286 vestigiis

370 2304 650 2377 hospitam
711 2306 1018 2378 peregrinis
1068 2322 1292 2379 aquosa:
1346 2309 1488 2364 viam
1537 2318 1793 2380 carperet
1838 2310 1996 2366 sicci-
2048 2343 2051 2347 η

377 2400 529 2455 tatis.
582 2400 813 2456 Mutavit
842 2409 1037 2455 natura
1074 2400 1328 2456 semitam
1350 2444 1365 2468 ,
1416 2401 1565 2472 jussa
1592 2402 1873 2472 paululum
1906 2418 1995 2459 re-

372 2491 566 2549 laxare
592 2494 959 2549 constantiam
986 2538 1001 2563 ,
1051 2502 1106 2549 et
1134 2494 1422 2551 innumera
1467 2495 1660 2551 lubrici
1694 2496 1825 2551 salis
1853 2511 2001 2552 cam-

376 2601 481 2656 pos
528 2586 822 2642 multitudo
866 2596 1235 2658 transgressa,
1265 2587 1402 2643 rude
1430 2588 1776 2659 baptismatis
1798 2599 2003 2661 myste-

373 2679 517 2736 rium
549 2679 849 2735 nesciendo
876 2680 1102 2750 gerebat
1127 2721 1141 2746 ,
1175 2695 1298 2751 quae
1330 2696 1426 2751 per
1452 2697 1717 2753 aquarum
1747 2682 1881 2737 freta
1910 2696 2001 2738 sa-

376 2772 579 2840 lubria,
628 2772 770 2829 duce
797 2772 1045 2839 Christo,
1093 2774 1444 2829 transiverat.
1496 2775 1574 2829 lta
1606 2774 1843 2848 denique
1878 2790 2002 2845 pro-

372 2867 541 2941 pheta
571 2868 805 2933 cecinit,
840 2867 929 2922 illa
960 2867 1280 2939 signiﬁcans
1327 2884 1341 2921 :
1397 2865 1516 2921 Vos:
1544 2877 1569 2904 ι
1597 2867 1813 2922 Domini
1844 2885 2002 2940 super

372 2981 539 3039 aqua
577 2964 793 3019 multas.
838 2962 1041 3019 Vocem
1086 2961 1253 3034 igitur
1285 2961 1516 3017 verbum
1545 2960 1655 3017 dici
1684 2962 1808 3034 quis
1841 2962 2002 3017 dubi-

2174 2123 2317 2193 Quid
2342 2121 2590 2194 ejusdem
2620 2113 2801 2193 plebis
2827 2130 3078 2178 catervas
3103 2121 3427 2176 innumeras
3454 2120 3508 2175 in
3540 2118 3728 2175 deser-

2104 2218 2176 2274 tis
2210 2227 2483 2275 terrarum
2526 2215 2744 2287 spatiis,
2768 2224 2823 2271 et
2847 2216 3016 2271 totius
3049 2214 3227 2270 victus
3255 2212 3549 2269 sterilitate
3574 2210 3728 2267 dam-

2108 2314 2270 2377 natis,
2302 2312 2456 2369 cibos
2480 2311 2784 2384 angelicos,
2813 2324 3121 2382 panemque
3144 2308 3395 2365 caelestis
3420 2307 3612 2378 gratia:
3640 2321 3730 2361 re-

2109 2407 2280 2464 feram
2312 2403 2679 2463 consecutas?
2703 2403 2805 2461 Ubi
2828 2411 3121 2460 nectareus
3148 2400 3408 2457 aetherem
3431 2398 3730 2470 maiestatis

2110 2500 2330 2557 nimbus
2356 2500 2601 2555 irrorans
2626 2497 2837 2569 populo
2868 2496 3038 2569 dapes
3061 2511 3129 2552 ex
3148 2495 3378 2569 pluviis,
3399 2504 3457 2550 et
3476 2492 3732 2565 cupiosas

2113 2607 2180 2649 ex
2211 2591 2481 2648 imbribus
2510 2604 2667 2646 escas
2695 2585 2907 2646 etl‘udit.

2182 2686 2291 2741 Per
2340 2684 2646 2756 squalentia
2691 2697 2884 2738 rursus
2941 2680 3205 2737 violentis
3247 2694 3378 2734 arva
3422 2677 3735 2734 fervoribus

2109 2780 2304 2835 sitiens
2334 2778 2601 2834 aestuabat
2631 2776 2931 2842 exercitus,
2961 2789 3066 2845 qua
3099 2772 3360 2828 familiari
3388 2786 3611 2842 semper
3630 2785 3735 2831 aro

2110 2873 2243 2928 dore
2280 2872 2496 2943 negatis
2524 2870 2803 2937 fontibus,
2829 2870 3022 2941 jacens
3066 2875 3214 2923 terra
3244 2865 3539 2936 languebat
3565 2905 3584 2927 ,
3622 2878 3738 2935 qua

2107 2981 2262 3037 spem
2296 2963 2517 3021 bibendi
2541 2964 2769 3035 pariter,
2799 2975 2864 3018 ac
2900 2959 3122 3017 vivendi
3173 2957 3440 3016 deficiens
3469 2971 3736 3030 aquarum

1903 3055 2226 3112 SCHOLIA.

1573 3064 1578 3070 ”
1903 3056 2033 3111 SCll
2212 3097 2226 3112 .
3628 3079 3635 3085 .

446 3155 576 3212 151.
600 3152 888 3225 Virgilius,
914 3148 1124 3217 ttIEn.,
1158 3148 1286 3225 381:
1311 3148 1756 3225 Etcamtlagcolla
1804 3159 2005 3205 tumen-
2032 3056 2355 3219 glirtlrl‘l‘sitatis
2378 3149 2875 3225 increpo,-—U_tnon
2897 3149 3138 3225 adjiciat,
3155 3140 3260 3203 sive
3281 3147 3456 3203 demat
3477 3147 3733 3203 litteram.

381 3240 501 3285 teut.
540 3222 835 3295 Epitltétun
868 3238 1147 3294 squameus
1174 3222 1243 3276 de
1271 3232 1531 3295 serpente
1558 3223 1914 3295 obvinntest.

450 3291 665 3356 135.1n
713 3296 832 3351 Meo
865 3291 1013 3349 clare
1060 3295 1319 3349 men‘dum
1350 3291 1525 3348 reddit
1548 3308 1645 3361 pro
1689 3292 1827 3346 redit
1860 3309 1875 3345 :
1906 3294 2002 3349 ibi.

377 3371 504 3428 dem
532 3369 755 3436 vigoris;
790 3367 1023 3423 fortasse
1051 3366 1250 3436 aliquis
1281 3366 1457 3421 voluit
1480 3365 1669 3419 viroris
1694 3406 1710 3430 ,
1738 3363 1833 3419 sed
1866 3365 2009 3436 riga--

378 3444 457 3499 ris
481 3445 715 3510 probum
741 3450 848 3495 est.
1171 3508 1187 3510 Α
1482 3492 1487 3499 ,

455 3506 584 3571 1⁷56.
610 3512 746 3579 Reg.
782 3520 805 3567 1
829 3553 844 3573 ,
882 3510 961 3565 De
992 3511 1125 3565 mari
1154 3508 1358 3574 Rubro,
1389 3518 1455 3581 et
1471 3506 2002 3581 populojsraeli'ico.

379 3586 495 3644 Ott.
527 3602 565 3640 ι.
593 3585 667 3638 De
686 3585 824 3639 mari
858 3582 1035 3637 Rubro
1062 3624 1076 3645 .
1126 3591 1175 3636 et
1227 3582 1400 3635 turba.
1428 3579 1613 3646 Rom.,
1654 3579 1752 3651 Ubi
1782 3581 2007 3651 papulas

379 3657 552 3714 Israel
583 3659 731 3711 siccis
753 3656 968 3728 pedibus
999 3671 1092 3728 per
1121 3654 1406 3728 mai-eicit,
1457 3652 1606 3706 Meus
1632 3650 1857 3728 ,___Mure
1888 3651 2003 3728 litt-

381 3732 534 3786 brum
573 3730 708 3783 cedit
751 3723 948 3795 populo
984 3723 1106 3781 Dei.
1137 3725 1194 3780 In
1224 3724 1504 3780 Altltelmo
1534 3734 1589 3777 et
1617 3723 1739 3794 aliis
1764 3725 2008 3778 occurrit

379 3802 578 3858 mula
602 3802 793 3868 ponti:
839 3798 1040 3852 similia
1081 3806 1210 3852 sunt
1256 3813 1438 3852 aversa
1479 3805 1773 3850 castrorum
1803 3838 1818 3862 ,
1864 3806 2007 3868 recta

375 3866 634 3930 montium
661 3914 676 3937 ,
710 3874 849 3941 ﬂexa
879 3869 1090 3924 collium
1120 3912 1135 3935 ,
1162 3880 1401 3942 porrecta
1430 3883 1735 3939 camporum
1762 3908 1777 3933 ,
1821 3866 2005 3923 acerba

373 3949 639 4021 ﬂuctuum
657 3988 670 4007 ,
693 3960 922 4021 convexa
951 3943 1166 4021 vallium
1188 3984 1207 4015 ,η
1237 3954 1347 4021 etc.

453 4020 579 4076 138.
605 4020 791 4083 Cant.,
829 4014 1048 4081 Part-11.,
1108 4012 1241 4085 Reg.
1294 4013 1330 4067 ‘2
1359 4055 1373 4079 ,
1406 4012 1440 4068 5
1472 4053 1489 4079 ,
1536 4022 1589 4067 at
1612 4013 1761 4066 turba
1793 4029 1811 4077 ;
1867 4013 2002 4079 alii,

377 4102 442 4145 ac
473 4091 625 4145 turba
653 4107 671 4156 ;
703 4089 837 4159 Reg.
874 4088 927 4155 1,
952 4097 1003 4142 el
1027 4086 1198 4141 turba.

454 4163 579 4220 139.
648 4157 895 4216 Adverte
949 4159 1305 4229 tautologiam
1343 4200 1358 4223 ,
1421 4157 1547 4229 aliis
1598 4157 1765 4211 etiam
1827 4157 2006 4227 poetis

377 4233 702 4290 familiarem
733 4275 747 4299 ,
777 4233 996 4305 pelagus
1022 4274 1034 4289 .
1068 4228 1211 4285 mare
1242 4228 1667 4305 .hprafunduttr,
1719 4238 2003 4305 marmora.

453 4306 580 4362 140.
635 4298 935 4373 Eleganter
972 4315 1168 4372 stupor
1199 4298 1463 4358 tribuitur
1515 4301 1677 4356 mari.
1730 4298 2006 4356 Marmora

382 4391 485 4450 pro
518 4379 653 4450 mari
686 4394 698 4428 :
734 4377 858 4430 vide
894 4377 1156 4450 Dracont.
1188 4392 1244 4450 t,
1275 4374 1403 4429 578.
1543 4447 1552 4450 Α
1691 4442 1719 4450 Α
1866 4398 1871 4401 ι

458 4450 583 4503 141.
619 4449 968 4502 Burtnannus
999 4447 1226 4515 eonjicit
1274 4456 1465 4500 natura
1505 4447 1658 4499 vices.
1683 4442 1887 4501 Omnes
1911 4444 2008 4498 ha-

381 4522 519 4578 bent
544 4522 682 4574 riam
709 4561 724 4585 ,
759 4519 853 4573 sed
888 4519 942 4572 in
972 4520 1084 4573 Ott.
1114 4519 1139 4570 1
1163 4563 1176 4585 ,
1210 4534 1307 4588 pro
1335 4519 1473 4571 uiam
1495 4516 1640 4572 aliud
1670 4516 2006 4589 prinsgvide-

384 4604 476 4649 tur
506 4593 698 4646 fuisse.
1212 4586 1225 4588 ⁷
1671 4586 1687 4589 ⁷
1830 4586 1839 4595 “

464 4664 586 4721 142.
640 4663 804 4724 tiell.,
849 4660 1002 4726 Ald.,
1051 4660 1308 4715 Incedens
1339 4674 1462 4714 cum
1516 4660 1679 4715 codd.
1712 4659 1903 4715 Heins.
1947 4671 2003 4714 et

379 4737 583 4793 Almel.
622 4734 809 4791 Nlhlri
842 4748 1035 4787 omnes
1063 4774 1076 4798 ,
1101 4742 1159 4788 et
1188 4731 1282 4785 alii
1319 4729 1632 4801 Ingrediens
1662 4774 1675 4796 ,
1709 4732 1853 4801 quod
1888 4748 2004 4786 ma-

379 4812 467 4882 gis
496 4809 714 4882 accedit
756 4806 824 4860 ad
883 4807 1129 4882 versiou.
1178 4801 1627 4882 V_ulgat._Exodi
1652 4814 1757 4882 ,_et
1788 4805 2005 4882 _Sednlii

378 4874 631 4953 prosmn.
665 4879 847 4943 Rom.,
908 4877 1041 4931 rude
1085 4877 1379 4947 baptisma;
1421 4874 1539 4943 lege
1596 4877 1721 4928 rude
1752 4886 1758 4891 '
1769 4877 1884 4943 jam
1918 4876 2008 4928 ba-

439 4970 593 5007 tanta.

617 5023 795 5077 Lectio
816 5020 1056 5077 notanda
1106 5018 1514 5089 signiﬁcatione
1539 5018 1771 5089 sumitur
1799 5033 1898 5087 pro
1919 5031 2005 5071 sa-

379 5112 470 5154 era
492 5098 781 5167 Scriptura
806 5136 818 5155 ,
856 5095 940 5147 vel
965 5094 1267 5167 doctrina_,
1287 5090 1551 5167 _uti_apud
1582 5088 2005 5167 Paulinnrnmlle

377 5167 499 5225 Vita
532 5171 589 5225 S.
619 5159 852 5221 ’Μυτιῡηί
886 5181 972 5228 tv,
1006 5164 1106 5219 181
1137 5206 1152 5229 ,
1215 5163 1322 5219 Jttl.
1368 5162 1691 5223 Firttticum,
1724 5174 1829 5214 etc.
1864 5159 2004 5216 Hinc

378 5241 620 5308 lectiones
649 5241 700 5293 in
730 5240 789 5290 of
792 5240 931 5293 liciis
960 5235 1358 5291 ecclesiasticis
1383 5278 1407 5308 ,ν
1435 5234 1794 5308 lectionarius,
1819 5230 2004 5308 lectio-

378 5304 604 5366 narium.
637 5310 915 5366 Orientius
941 5324 1037 5364 sua
1060 5323 1217 5363 sacra
1239 5307 1486 5363 carmina
1517 5316 1673 5360 vocat
1707 5304 2001 5358 lcetioitetn

381 5381 470 5438 bis
500 5385 740 5449 pulchris
772 5381 1021 5436 iatnbicis
1050 5380 1103 5434 in
1127 5380 1197 5433 lin
1305 5378 1457 5446 Quod
1484 5379 1702 5447 siquem
1725 5374 1869 5429 lwdit
1890 5378 2005 5449 spi-

378 5447 550 5509 titulis
592 5454 745 5508 lectio
770 5495 786 5519 ,
812 5482 886 5493 -——
908 5451 973 5506 Ei
1002 5451 1173 5506 lir'ebit
1202 5454 1474 5505 lectionem
1503 5465 1769 5520 spernere,
1788 5466 1862 5486 -—
1880 5447 2002 5502 Non

379 5539 693 5581 commutare
727 5526 962 5579 lectionis
989 5525 1298 5595 formulam,
1333 5550 1402 5563 -—
1432 5523 1666 5593 Anguem
1690 5522 2003 5594 magistrum

454 5652 481 5680 ἰ
505 5642 708 5699 Psalm.
740 5657 930 5704 xxviii.
968 5655 1112 5695 vers.
1146 5640 1201 5695 5.

453 5711 483 5750 δ
515 5714 767 5771 Nonnulli
822 5717 1131 5769 immensum
1168 5728 1185 5766 :
1237 5709 1413 5767 retine
1464 5710 1786 5766 immensam.
1823 5707 1993 5765 Paulo

382 5792 513 5841 ante
545 5788 859 5855 praestiterit
908 5788 1092 5857 legere
1140 5786 1259 5854 quis
1291 5783 1524 5838 dubitet.-
1569 5783 1815 5853 sequitur
1843 5782 1989 5839 enim

2024 3264 2037 3267 -
2112 3223 2490 3292 Reprehendit
2516 3221 2531 3285 ζ
2560 3231 2620 3278 ut
2646 3223 2865 3277 videtur
2890 3264 2905 3285 .
2938 3221 3186 3276 codicum
3215 3234 3595 3289 corruptores.

2188 3297 2311 3351 111.
2342 3296 2568 3352 Scheda:
2617 3294 2855 3359 Poelm.,
2887 3292 3107 3357 Parrh.,
3149 3293 3320 3347 denuo
3367 3307 3467 3362 pro
3493 3292 3739 3361 denique.

2112 3366 2252 3439 Reg.
2284 3370 2337 3434 1,
2370 3369 2403 3423 1
2431 3409 2448 3434 ,
2481 3367 2593 3423 Οιι.
2644 3368 2669 3422 1
2700 3409 2715 3433 ,
2746 3370 2917 3439 ,Ang.,
2946 3367 3144 3439 llum”
3173 3365 3327 3439 lileus
3351 3408 3367 3430 ,
3399 3363 3580 3439 Valgi
3603 3407 3616 3424 .
3650 3364 3692 3439 f2
3721 3408 3737 3429 ,

2112 3432 2334 3501 Part-11.,
2364 3432 2512 3505 Ald.,
2539 3450 2593 3493 et
2616 3432 2866 3511 plerique
2895 3436 3053 3511 editi,
3084 3436 3293 3491 verbum
3318 3446 3396 3492 est
3460 3432 3739 3511 cellarius

2110 3525 2235 3566 cum
2268 3528 2399 3567 mss.
2443 3508 2660 3575 Arntzl,
2713 3508 2938 3575 mmet,
2981 3510 3168 3571 Cant..
3221 3523 3291 3563 ac
3332 3508 3613 3563 nonnullis
3667 3523 3739 3565 ex

2112 3584 2342 3649 nostris,
2366 3584 2577 3638 verbum
2602 3587 2723 3638 sine
2750 3592 2858 3650 est,
2893 3580 2989 3637 sed
3013 3581 3088 3636 ita
3117 3590 3180 3634 ut
3207 3580 3588 3636 subaudiatnr.

2186 3655 2309 3710 115.
2355 3656 2486 3727 Reg.
2518 3657 2552 3711 5
2579 3697 2595 3720 ,
2630 3654 2781 3722 Ald.,
2811 3664 2864 3708 at
2890 3662 2966 3709 est
2992 3668 3091 3725 pro
3112 3654 3280 3707 adest.
3308 3651 3573 3708 Nonnulli
3618 3656 3739 3727 vul-

2108 3728 2393 3800 gati_qttod
2426 3725 2657 3800 proqui.
2744 3798 2774 3800 μ
2856 3797 2895 3800 μ
3014 3797 3030 3800 Α
3105 3796 3131 3800 _
3245 3796 3268 3800 Α
3507 3797 3529 3800 _
3643 3725 3662 3800 ς

2186 3797 2314 3855 146.
2349 3795 2483 3871 Reg.
2517 3795 2574 3869 2;
2606 3799 2659 3866 5,
2691 3797 2985 3871 Alb.,Vat.
3009 3797 3067 3865 2,
3097 3796 3211 3871 ou.
3240 3796 3297 3862 2,
3322 3795 3477 3860 Διά..
3504 3797 3735 3871 Par-riu,

2109 3888 2313 3943 gerens.
2355 3868 2455 3943 Alii
2490 3887 2649 3937 mss.,
2680 3886 2807 3926 cum
2834 3870 3021 3927 multis
3050 3868 3215 3943 editis
3245 3910 3263 3935 ,
3308 3885 3528 3940 regem;
3558 3869 3735 3943 Djeus,

2109 3940 2300 4012 ferens.
2334 3942 2710 4000 Nebrissensis
2738 3944 2900 4013 legit,
2935 3951 2991 3997 et
3015 3941 3276 4010 explicat,
3323 3940 3735 4012 gerens.'Cella-

2109 4021 2225 4069 rius
2261 4026 2318 4070 et
2354 4018 2686 4071 Arntzenius
2724 4016 3018 4071 ediderttnt
3044 4029 3264 4086 regens,
3297 4029 3422 4082 quae
3466 4022 3553 4070 est
3600 4016 3735 4071 scri-

2111 4098 2269 4157 ptura
2298 4090 2630 4155 optimorum
2662 4088 2937 4143 codicum.

2185 4157 2307 4213 147.
2352 4160 2486 4229 Reg.
2520 4161 2571 4221 5.
2609 4160 2872 4214 inc-ederat
2892 4178 2911 4227 ;
2941 4158 3178 4227 corrige,
3209 4158 3500 4212 incederet.

2186 4231 2308 4285 118.
2354 4231 2491 4302 Reg.
2524 4231 2586 4300 1,
2624 4230 2701 4285 De
2730 4248 2943 4302 manna.
2977 4230 3091 4284 Ott.
3130 4230 3189 4296 1,
3229 4229 3330 4285 Ubi
3361 4245 3732 4302 panemgacce-

2109 4314 2293 4373 perunt
2320 4300 2593 4357 caelestem.
2622 4302 2805 4367 Rom.,
2832 4300 2911 4356 De
2940 4318 3132 4356 manna
3162 4303 3363 4356 cmlitus
3387 4301 3533 4357 dato.
3559 4300 3728 4371 Mens,

2110 4372 2351 4445 Populus
2382 4373 2479 4430 Dei
2507 4391 2698 4435 manna
2724 4375 2958 4445 pascitur
2987 4375 3042 4428 in
3072 4373 3295 4428 deserto.

2186 4447 2308 4502 150.
2341 4447 2593 4517 Plerique
2623 4462 2756 4501 mss.
2786 4448 2961 4501 nostri
3013 4446 3180 4508 aeria,
3236 4446 3490 4502 nonnulli
3549 4463 3725 4504 adeo.

2114 4515 2319 4589 Pot-Im.
2359 4519 2424 4572 ad
2477 4515 2677 4589 marg.,
2733 4520 2962 4573 aetherea
3007 4534 3026 4573 :
3075 4517 3169 4572 alii
3224 4517 3361 4574 editi
3403 4526 3461 4574 et
3517 4520 3732 4576 scheme

2033 4577 2084 4636 D
2112 4587 2353 4656 Poelnt.,
2383 4577 2626 4647 (etheria‘:
2663 4577 2676 4586 ⁷
2720 4618 2722 4621 τ

2191 4663 2313 4736 151.
2358 4662 2527 4736 Torn.
2560 4663 2611 4729 1,
2646 4661 2895 4736 Edimb_.,
2944 4660 3012 4717 In
3047 4662 3239 4736 plumis
3276 4679 3382 4732 pro
3414 4661 3484 4718 In
3514 4662 3726 4733 pluviis,

2117 4743 2174 4787 ut
2220 4734 2599 4805 intelligantur
2647 4734 2962 4790 coturnices
2997 4753 3011 4789 :
3049 4734 3111 4791 'et
3144 4736 3217 4789 ita
3249 4737 3348 4791 has
3379 4750 3547 4792 voces
3585 4736 3725 4804 apud

2116 4804 2388 4861 Tibullum
2412 4804 2459 4861 l.
2489 4823 2505 4861 ι
2532 4808 2685 4875 Eleg.
2717 4806 3335 4877 2.vers.79,confnndi
3358 4810 3573 4863 πιουυὶι
3596 4808 3723 4863 Bur-

2118 4892 2372 4933 maunus.
2405 4879 2585 4947 Longe
2615 4880 2794 4933 tamen
2827 4880 3020 4934 melior
3059 4889 3142 4935 est
3180 4881 3495 4936 communis
3534 4880 3714 4938 lectio.

2121 4948 2287 5023 Meus;
2308 4966 2412 5023 no_u
2440 4951 2583 5005 male
2612 4951 2791 5023 dapes,
2824 4951 2880 5004 in
2909 4952 3128 5007 nubibus
3155 4968 3322 5008 escas.

2194 5021 2321 5096 1:32.
2364 5020 2499 5092 Reg.
2537 5025 2585 5088 1,
2621 5020 2701 5077 De
2730 5035 3160 5096 aquaiexipetra
3206 5024 3483 5094 producta.
3524 5023 3638 5080 Ott.
3668 5025 3716 5087 1,

2117 5091 2215 5146 (Ibi
2242 5109 2433 5162 aquam
2456 5091 2527 5169 de
2552 5103 2698 5169 petra
2727 5091 3171 5169 eduxit._Ront.,
3207 5091 3303 5150 'De
3346 5096 3555 5169 Moyse,
3606 5114 3713 5152 cum

2111 5180 2246 5238 aqua
2274 5167 2501 5218 manavit
2541 5167 2604 5221 de
2647 5176 2811 5238 petra.
2843 5197 2914 5209 —-
2942 5166 3053 5223 Pro
3082 5169 3137 5223 in
3167 5171 3363 5223 exustis
3398 5166 3553 5226 Meus
3579 5172 3716 5224 inea-

2110 5234 2310 5289 haustis
2345 5234 2657 5306 perperam.
2860 5251 2865 5257 '

2184 5309 2305 5383 155.
2351 5312 2679 5383 Αριιιῑοεηίυς
2711 5312 2761 5366 in
2813 5311 3210 5381 Miscellaneis,
3238 5328 3382 5383 quae,
3420 5322 3704 5383 postquam

2110 5379 2314 5453 Sedulii
2350 5380 2651 5453 editionem
2676 5398 2797 5438 cum
2820 5388 2967 5441 notis
2991 5379 3270 5440 variorum
3299 5379 3707 5453 procurarent,

2108 5466 2251 5534 anno
2280 5452 2438 5521 1765,
2472 5453 2666 5518 edidit,
2707 5471 2829 5524 cap.
2885 5459 2972 5525 17,
3025 5473 3091 5534 ex
3134 5452 3457 5534 conjectura
3488 5458 3709 5527 corrigit

2108 5529 2232 5593 quia
2262 5534 2400 5579 terra
2430 5541 2526 5594 pro
2557 5544 2659 5598 qua
2684 5537 2824 5583 terra
2849 5545 2869 5584 :
2900 5530 3045 5601 quod
3074 5529 3302 5585 minime
3332 5532 3538 5599 placet.

2110 5637 2227 5762 φῄς
2241 5637 2471 5720 abneget.
2497 5637 2638 5696 Infra
2670 5642 2891 5713 reposui
2908 5642 3162 5715 familiari
3181 5658 3386 5716 semper
3407 5644 3593 5700 ardore
3621 5655 3709 5716 pro

2103 5724 2162 5762 ar
2204 5724 2330 5762 oris.

2139 5724 2330 5763 ταονιδ.
