3906 6350
230 228 256 260 κ

357 341 513 416 Εειιει
535 343 753 414 iacebat
783 343 962 415 aquis,
992 355 1095 414 qua
1123 357 1255 412 spes
1283 341 1466 399 ablata
1497 341 1742 410 bibendi,

227 435 321 496 155
357 437 700 509 Vivendique
730 439 847 501 fuit,
877 438 1089 494 subitas
1117 446 1308 494 arente
1342 437 1566 493 metallo

355 532 542 589 llausit
569 549 759 606 aquas,
797 534 1081 605 sterilique
1110 533 1251 590 latex
1281 533 1350 589 de
1381 549 1518 606 rupe
1539 533 1810 600 cucurrit,

359 629 512 702 172
552 630 616 685 Εῑ
661 630 848 700 jejuna
897 646 1098 686 novum
1161 640 1486 686 vomuerunt
1541 646 1816 686 marmora

1502 723 1739 798 [potum.

353 816 446 873 His
478 818 648 889 igitur
670 818 784 890 jam
817 833 971 875 sacra
1007 818 1182 876 tribus
1209 818 1345 875 dans
1374 834 1604 876 munera
1630 820 1821 887 rebus,

354 910 605 970 Christus
633 923 754 970 erat
781 916 962 986 panis,
995 913 1248 970 Christus
1273 925 1450 985 petra,
1475 914 1730 972 Christus
1763 915 1816 971 in

1529 1008 1738 1082 fundis.

222 1100 318 1158 160
421 1102 701 1174 Angelicis
738 1103 1062 1159 tremefacta
1092 1103 1258 1159 minis
1287 1102 1482 1159 atl'atur
1501 1105 1669 1159 asella

349 1198 634 1255 Sessnrem
671 1215 767 1269 per
785 1199 952 1255 verba
987 1216 1167 1266 suum,
1206 1200 1502 1273 linguaque
1527 1201 1746 1259 rudenti

349 1291 536 1349 Edidit
563 1293 831 1349 humanas
859 1295 1062 1349 animal
1089 1295 1313 1364 pecuale
1341 1297 1614 1368 loquelas.

416 1383 508 1440 Sol
533 1385 688 1441 stetit
709 1385 776 1440 ad
804 1385 1055 1455 Gabaon,
1080 1387 1357 1460 mediique
1379 1390 1671 1447 cacumine
1691 1391 1816 1449 coeli

230 226 324 284 569
1372 222 1656 281 CARMEN
1697 221 2086 281 PASCHALE.
2128 225 2259 282 LIB.
2305 228 2346 284 Ι.

1836 361 1893 422 Δ

2059 344 2204 402 Fixit
2234 349 2583 407 anhelantem
2617 351 2784 408 dilato
2814 366 3048 423 vespere
3074 352 3274 416 lucem,

1922 439 2024 495 163
2063 440 2318 499 lnsolitus
2352 443 2570 502 frenare
2597 446 2764 513 diem,
2800 463 2903 502 nec
2937 447 3066 502 luna
3099 448 3348 503 cucurrit

2071 536 2432 608 1730rdine
2448 539 2599 609 pigra
2611 541 2916 608 suo,donec
2935 541 3322 612 populantibus
3335 543 3526 608 armis,

2064 629 2331 684 Fervidus
2363 631 2635 702 ingentem
2663 635 2875 704 gladius
2903 631 3259 694 consumeret
3290 641 3527 706 hostem,

2063 727 2394 798 Conjuraute
2418 729 2541 798 polo
2569 747 2583 784 :
2611 731 2722 801 jam
2752 744 2877 788 tunc
2903 733 3162 792 famulata
3197 735 3458 791 videbant

2066 823 2259 880 Sidera
2290 833 2601 893 venturum,
2633 827 2916 894 praemisso
2947 831 3192 897 nomine,
3222 831 3430 888 Jesum.

1924 917 2030 976 170
2068 918 2279 973 Heliam
2302 918 2450 974 corvi
2480 918 2752 990 quondam
2786 937 2987 990 pavere
3021 925 3281 991 ministri,

2065 1009 2385 1068 Praebentes
2414 1010 2535 1066 sine
2569 1027 2720 1068 more
2740 1011 2928 1085 dapes,
2961 1015 3182 1088 alesque
3209 1018 3421 1089 rapinis

2066 1103 2333 1173 Deditus,
2391 1112 2553 1176 atque
2607 1105 2768 1162 avido
2821 1090 3076 1166 saturans
3123 1125 3254 1167 cava
3310 1122 3528 1184 guttura

2917 1266 2920 1268 .
3222 1207 3448 1283 [rostro,

2064 1293 2314 1351 Tradidit
2336 1296 2566 1373 illmsam
2590 1297 2795 1368 jejunis
2821 1300 3095 1355 morsibus
3121 1315 3328 1357 escam.

2065 1393 2218 1449 Nunc
2247 1393 2424 1450 bonus
2448 1394 2636 1462 Heliae,
2665 1395 2756 1468 qui
2789 1396 3035 1467 perfidus
3064 1407 3225 1454 antea
3251 1399 3387 1466 Noe,

1588 1516 1770 1574 OPUS
1808 1515 2078 1574 PASCHA
2091 1517 2200 1574 LE.

1588 1516 1770 1574 OPUS
1808 1517 1894 1573 PA
1943 1515 2200 1574 CHALE.

215 1608 395 1656 natura
414 1601 768 1670 subduxerat,
791 1619 916 1660 cum
943 1607 1214 1689 stupentis
1239 1607 1355 1664 saxi
1380 1609 1814 1667 visceribus-tor-
1848 1515 2052 1675 leuna
2091 1615 2205 1670 suis
2229 1589 2448 1685 legibus
2485 1626 2629 1672 mota
2669 1617 2839 1689 pigrae
2882 1617 3137 1673 stationis
3169 1617 3335 1672 limen
3369 1631 3503 1672 exeo
3532 1647 3535 1650 -

215 1695 564 1764 porinclusus
579 1711 926 1767 spumantem
948 1685 1821 1762 subitdlluctuanticauteredun-

211 1788 350 1845 davit
369 1792 418 1844 in
434 1792 674 1857 laticem,
690 1793 1142 1865 sicemquejejnni
1157 1798 1445 1853 marmbris
1460 1814 1612 1855 venae
1628 1811 1754 1870 potu
1767 1819 1813 1856 ιιι

212 1885 417 1941 cunctis
443 1901 712 1942 vomuere
739 1887 1120 1958 multiplicem.
1160 1890 1252 1946 llis
1283 1891 1458 1947 tribus
1489 1909 1619 1964 ergo
1651 1895 1816 1952 rebus

207 1977 313 2048 jam
331 1995 524 2050 magna
541 1981 623 2035 sui
651 1983 909 2037 nuntians
927 1993 1275 2040 sacramenta
1294 1989 1541 2058 mysterii
1563 1987 1814 2047 Christus

209 2082 323 2129 erat
358 2075 412 2128 in
447 2073 672 2145 pelago,
699 2073 953 2132 Christus
992 2079 1043 2132 in
1077 2094 1248 2148 pane,
1287 2079 1538 2137 Christus
1570 2082 1622 2138 in
1656 2098 1810 2140 saxo.

274 2167 479 2231 Asella,
519 2169 630 2223 vile
669 2184 859 2239 pecus,
915 2185 976 2226 ac
1019 2172 1302 2240 stolidum,
1336 2176 1595 2245 angelica:
1628 2185 1813 2246 potes-

209 2262 330 2317 tatis
360 2262 578 2318 visione
609 2265 928 2334 perterrita,
965 2280 1235 2322 sessorem
1265 2269 1446 2322 verbis
1473 2269 1771 2340 alloquitur
1796 2315 1812 2339 ,

205 2371 259 2417 et
285 2363 531 2420 rudentis
560 2367 758 2437 lingua:
788 2367 1000 2423 clamor
1031 2368 1344 2424 inconditus
1372 2368 1624 2426 humanm
1663 2371 1813 2426 vocis

205 2455 450 2519 aﬂatibus
471 2452 798 2531 explicatur.

273 2552 364 2609 Sol
406 2555 457 2608 in
492 2555 673 2610 medio
713 2555 836 2610 coeli
885 2557 1172 2612 cacumine
1224 2557 1448 2625 rapidos
1502 2557 1812 2614 anhelantis

203 2645 429 2702 flamma
454 2663 652 2705 cursus
675 2649 959 2706 infrenans
983 2661 1174 2706 contra
1197 2651 1421 2708 Gabaon
1444 2669 1538 2724 per
1564 2654 1813 2711 insolitas

203 2742 304 2801 diei
332 2761 516 2803 moras
545 2745 715 2803 dilato
743 2762 977 2818 vespere
1005 2747 1181 2807 lucem
1213 2749 1352 2807 ﬁxus
1385 2752 1670 2808 astrinxit.
1702 2751 1811 2808 Nec

1921 1707 2079 1773 dens,
2109 1709 2357 1765 ordinem
2391 1711 2640 1766 consueti
2669 1725 2890 1781 gressus
2911 1711 3176 1774 exercuit,
3215 1709 3389 1764 donec
3419 1708 3538 1778 gla-

1920 1795 2042 1852 dius
2075 1797 2295 1852 victoris
2327 1798 2628 1854 exercitum
2663 1798 2914 1854 hostilem
2959 1797 3198 1852 funditus
3227 1803 3537 1868 amputaret

1895 1893 2163 1953 .cmlestis
2193 1894 2381 1948 auxilii
2415 1895 2814 1965 coniuratione.
2848 1892 3047 1948 Virtuti
3077 1891 3393 1948 famulantia
3435 1891 3532 1945 de-

1921 1987 2082 2060 nique
2113 1986 2372 2042 videbant
2402 1981 2518 2058 ipsa
2542 1989 2650 2058 jam
2681 1985 2885 2050 sidera,
2911 2001 3009 2056 per
3038 1984 3234 2040 similis
3281 1983 3531 2039 vocabuli

1920 2091 2351 2149 sacramentum,
2376 2081 2562 2138 Jesum
2588 2080 2904 2148 Dominum,
2927 2079 3148 2135 nomine
3162 2071 3532 2151 praecedente,

1916 2190 2153 2236 venturu
2163 2195 2210 2232 m
2223 2217 2237 2233 ο

1991 2272 2205 2328 Heliam
2249 2280 2452 2342 prater
2484 2279 2690 2326 natura:
2738 2267 3064 2339 dispositum
3124 2266 3274 2323 corvi
3323 2265 3536 2321 diurnis

1917 2364 2096 2436 epulis
2127 2374 2530 2436 transegerunt,
2563 2365 2787 2434 alesque
2819 2371 2843 2398 ⁸
2873 2361 3089 2417 voracis
3130 2360 3294 2418 rostri
3327 2360 3535 2430 rapaci-

1923 2460 2020 2516 tati
2052 2458 2350 2530 subjectus,
2384 2460 2476 2529 qui
2507 2459 2724 2516 facilem
2749 2458 2988 2529 przedam
3013 2473 3149 2513 cavo
3173 2457 3377 2530 gutturi
3403 2457 3534 2512 sub-

1925 2556 2221 2617 ministrat,
2242 2555 2442 2626 jejunis
2468 2556 2743 2624 morsibus
2761 2570 2942 2612 escam
2964 2553 3248 2610 deferebat
3278 2553 3532 2610 illtnsam.

1923 2654 2076 2712 Nune
2108 2654 2274 2710 Helite
2305 2653 2502 2721 bonus,
2546 2669 2610 2710 ac
2643 2646 2805 2719 fidus,
2846 2653 2939 2726 qui
2967 2652 3082 2709 Noe
3109 2651 3382 2724 quondam
3413 2653 3532 2707 ma-

1921 2751 2028 2817 lus,
2051 2764 2114 2805 ac
2145 2747 2406 2822 perﬁdus,
2441 2749 2495 2804 in
2528 2750 2694 2807 terris
2720 2749 2895 2806 abluit
2923 2749 3160 2822 culpam,
3189 2749 3244 2804 in
3267 2761 3530 2819 aquarum

1717 2843 2012 2903 SCHOIJA
2025 2883 2040 2899 .

271 2937 393 2993 155.
429 2936 669 3003 Metello,
708 2941 762 2991 h.
812 2953 862 2994 e.

201 3007 617 3080 dieituraSilio,
649 3007 923 3070 etStatio,
947 3014 1015 3078 de
1046 3011 1274 3080 gemmis
1304 3027 1332 3064 a
1361 3013 1536 3066 Plinio
1552 3014 1803 3068 .luuiore.

199 3079 570 3155 Nebrisseusis
601 3085 822 3151 exponit
855 3079 1113 3148 lapidem,
1161 3085 1246 3138 vel
1279 3085 1457 3154 potius
1492 3085 1688 3155 lapidis
1711 3101 1805 3142 ve-

201 3169 342 3210 nam.
379 3155 513 3210 V‘ide
544 3154 780 3211 Cerdam
819 3155 956 3210 Adv.
990 3171 1041 3210 c.
1066 3157 1190 3211 101.

274 3227 390 3282 156.
421 3228 780 3282 Taurinensis
803 3227 973 3281 codex
994 3228 1433 3296 antiquissimus.
1457 3229 1604 3282 Ausi:
1622 3247 1803 3299 aquas,

199 3299 457 3371 sterilique
506 3300 648 3353 latex
698 3301 762 3352 de
806 3316 938 3371 rupe
991 3302 1241 3354 manavit.
1274 3299 1332 3355 In
1361 3303 1638 3356 veteribus
1673 3317 1803 3356 mss.

197 3370 478 3443 codicrbus
507 3372 768 3439 aSpiratio
789 3370 932 3439 saepe
957 3371 1323 3440 desideratur,
1347 3389 1493 3443 smpe
1517 3373 1805 3430 redundat:

199 3441 374 3510 itaque
405 3446 556 3498 Ausit
589 3453 672 3499 est
702 3461 797 3512 pro
832 3443 1041 3497 Hausit.
1097 3444 1200 3499 Sed
1256 3441 1506 3505 manauit.
1559 3447 1810 3515 quamvis

197 3529 378 3587 contra
409 3532 645 3572 metrum
677 3519 766 3586 sit,
804 3527 984 3570 tamen
1015 3520 1067 3569 in
1097 3517 1284 3570 multis
1313 3533 1443 3570 mss.
1475 3520 1810 3587 exemplari-

199 3584 293 3659 bus
327 3591 620 3645 retinetur.
672 3584 841 3655 Meus,
878 3587 1043 3658 Aug.,
1090 3587 1243 3652 Alb.,
1300 3588 1439 3659 Reg.
1480 3591 1530 3653 1,
1562 3584 1715 3655 2,11,
1742 3593 1803 3658 Si;

199 3657 304 3714 Ott.
362 3663 415 3726 1,
466 3661 701 3725 Vatt.1,
732 3662 789 3723 ‘2,
823 3657 1005 3733 CantI,
1044 3659 1168 3733 cod.
1226 3660 1328 3726 E.,
1383 3657 1646 3729 manavit,
1699 3679 1808 3733 quo

197 3742 404 3801 spectat
433 3737 628 3789 Arntz.
667 3733 931 3787 manabat.
978 3732 1032 3787 1ιι
1065 3729 1178 3787 Οιι.
1237 3736 1255 3786 1
1313 3749 1475 3799 supra
1531 3729 1804 3801 tamquam

195 3807 370 3875 glossa
422 3819 508 3866 est
564 3806 833 3860 cucurrit:
867 3807 916 3858 in
955 3805 1088 3873 Reg.
1137 3805 1172 3857 2
1225 3804 1406 3872 glossa
1460 3818 1546 3860 est
1598 3806 1804 3875 eduxit,

196 3879 441 3950 cucurrit,
475 3882 665 3950 ﬂuxit;
701 3881 752 3932 in
783 3878 901 3930 Vat.
937 3878 987 3943 1,
1024 3895 1049 3928 a
1083 3893 1194 3931 sec.
1231 3895 1332 3938 un,
1361 3881 1609 3931 cucurrit.
1649 3880 1803 3942 Urb.,

195 3947 300 4004 Ott.
330 3953 386 4014 2,
444 3947 606 4006 Rom.
661 3964 910 4005 recentes
959 3965 1116 4006 mss..
1166 3951 1416 4003 cucurrit.
1459 3950 1585 4005 Ald.
1636 3953 1808 4007 edidit

195 4025 458 4078 manavit:
494 4024 720 4090 Parrh.,
755 4023 951 4086 salivit,
985 4021 1127 4090 quod
1155 4023 1243 4075 vix
1267 4038 1388 4075 eam
1421 4025 1806 4092 grammatices

193 4095 390 4163 regulis
421 4108 600 4162 Stare,
635 4097 688 4149 in
719 4095 938 4150 schedis
993 4096 1201 4148 Poelm.
1263 4096 1585 4150 observatur
1620 4114 1632 4148 :
1681 4112 1804 4150 nam

191 4168 330 4234 salii,
360 4179 416 4242 et
447 4167 592 4223 salui
623 4168 675 4222 in
707 4169 1008 4242 praeterito,
1039 4183 1164 4219 raro
1192 4167 1340 4242 salivi
1367 4168 1589 4222 dicitur.
1636 4167 1807 4223 Pleri-
1863 4239 1866 4242 4

191 4253 291 4309 que
341 4241 475 4296 editi
533 4243 786 4300 cucurrit,
829 4250 884 4293 et
933 4238 1222 4294 Gruncrus
1265 4237 1525 4306 affirmat,
1579 4243 1804 4294 manavit

190 4314 421 4381 glossam
473 4329 622 4370 esse.
678 4313 994 4369 Assentitur
1027 4312 1378 4378 Arntzenius,
1411 4315 1499 4384 qui
1533 4311 1805 4367 similibus

191 4388 458 4453 exemplis
492 4387 678 4451 docet,
714 4394 860 4441 recte
912 4401 1120 4436 currere
1168 4384 1235 4439 de
1285 4399 1424 4454 aqua
1479 4385 1606 4443 dici.
1655 4395 1709 4439 et
1740 4402 1802 4440 ex

190 4459 428 4514 Antonio
461 4460 590 4514 adv.
615 4457 780 4514 Gent.
818 4471 962 4510 vers.
1001 4457 1091 4522 15,
1127 4457 1242 4510 sive
1276 4461 1452 4524 potius
1477 4474 1543 4511 ex
1577 4458 1804 4512 Paulino

190 4542 368 4600 poem.
406 4532 588 4586 ultim.
624 4531 876 4598 producit
910 4531 1086 4582 locum
1118 4530 1353 4582 similem
1391 4549 1402 4582 :
1436 4529 1639 4584 Manna
1669 4533 1754 4584 cui
1781 4549 1806 4584 e

189 4599 333 4666 ctelo,
362 4614 408 4657 et
441 4607 562 4674 fons
585 4603 648 4656 de
674 4621 799 4674 rupe
822 4601 1074 4655 cucurrit.
1098 4599 1210 4653 Non
1239 4600 1532 4656 difﬁculter
1555 4604 1800 4668 credam,

187 4686 368 4728 verum
399 4679 736 4747 scripturam
769 4691 891 4727 esse
922 4674 1148 4747 manavit
1170 4717 1182 4739 ,
1215 4689 1340 4747 cum
1364 4676 1607 4747 primum
1647 4676 1803 4744 hujus

187 4749 336 4800 verbi
364 4745 644 4820 Eugenius
675 4748 974 4801 Toletanus
1004 4745 1254 4810 antistes,
1283 4745 1486 4818 aliique
1517 4748 1801 4802 christiani

188 4830 358 4887 poeta:
380 4821 780 4891 corripuerint.

259 4893 381 4947 157.
421 4890 615 4955 Rom.,
644 4908 909 4957 vomuere;
943 4890 1084 4962 lege,
1117 4901 1437 4946 vomuerunt.

259 4965 382 5020 138.
438 4964 674 5022 Vouckii
705 4966 1018 5035 conjectura
1067 4973 1151 5018 est
1207 4965 1305 5019 His
1342 4965 1542 5037 jugiter
1571 4979 1670 5034 pro
1708 4963 1804 5018 llis

186 5036 362 5105 igitur.
421 5039 531 5095 Sed
582 5043 838 5107 quamvis
892 5053 1080 5091 verum
1128 5038 1219 5101 sit,
1253 5036 1479 5106 primam
1517 5038 1567 5090 in
1593 5039 1743 5107 jugis
1774 5053 1800 5090 a

185 5107 406 5166 Sedulio
443 5113 681 5167 licenter
723 5109 952 5179 corripi,
997 5119 1180 5163 tamen
1216 5111 1320 5164 hoc
1351 5111 1474 5163 loco
1509 5111 1804 5164 innuvaudi

185 5196 344 5236 causa
379 5185 532 5238 nulla
568 5191 674 5238 est.
711 5184 935 5246 Parrh.,
986 5181 1206 5236 schedae
1238 5182 1475 5247 Poelm.,
1515 5181 1613 5234 llis
1645 5182 1806 5252 igitur

186 5269 394 5310 sacrata
425 5259 614 5320 tribus,
649 5257 794 5326 quod
826 5255 1008 5309 minus
1042 5269 1228 5308 verum
1266 5265 1414 5320 puto.

264 5331 390 5385 159.
432 5331 638 5384 Instat
668 5324 754 5383 hic
787 5342 984 5383 versus
1003 5326 1144 5397 apud
1172 5326 1374 5380 [tedam
1399 5326 1467 5382 de
1492 5324 1801 5397 Art.metr.

256 5401 377 5456 160.
407 5402 546 5470 Reg.
575 5403 624 5462 1,
642 5400 754 5455 Ott.
789 5401 847 5455 1:
876 5397 953 5454 De
976 5396 1145 5459 asina,
1165 5414 1281 5466 qum
1299 5397 1475 5470 locuta
1497 5410 1598 5470 est;
1617 5396 1801 5461 Rom.,

185 5472 264 5523 Ad
280 5467 504 5527 Balaam
523 5473 589 5526 de
607 5472 870 5526 locutione
888 5473 1069 5525 asinm.
1089 5471 1256 5530 Meus,
1280 5469 1454 5523 Asella
1467 5470 1535 5522 ad
1557 5467 1803 5522 Balaam.

258 5545 382 5600 161.
417 5547 598 5608 Meus,
630 5545 889 5609 rudendi;
924 5546 1099 5599 retine
1132 5543 1361 5596 rudenti.

257 5617 383 5671 169..
420 5617 594 5672 Edere
619 5616 851 5686 loquelas
870 5615 1092 5680 dicitur,
1120 5623 1178 5668 ut
1201 5615 1349 5668 edere
1380 5630 1554 5686 vocem
1573 5658 1586 5680 ,
1614 5629 1770 5666 sonos
1789 5655 1803 5679 ,

186 5688 489 5744 clamorem.
529 5684 716 5743 Verbo
745 5690 976 5759 pecualis
1008 5703 1139 5744 usus
1169 5687 1336 5743 etiam
1379 5696 1466 5740 est
1509 5684 1806 5741 Venantius

912 2947 1088 3009 petra.
1125 2938 1402 2992 Metallum
1435 2940 1501 2994 de
1533 2955 1806 2995 marmore
1836 2943 1882 3007 ρ
1916 2939 2252 2997 Fortunatus
2281 2955 2319 2994 ιι
2349 2938 2418 2994 de
2444 2938 2680 2995 Martino
2713 2938 2838 2996 146.

1988 3013 2111 3068 165.
2144 3012 2280 3082 Reg.
2313 3014 2364 3076 1,
2409 3011 2524 3067 Ott.
2564 3013 2633 3078 .1,
2691 3009 2765 3066 De
2807 3009 2939 3066 Iesu
2993 3008 3161 3066 Nave.
3215 3011 3401 3080 Rom.,
3449 3011 3530 3069 De

1910 3084 2092 3151 Iosue,
2124 3086 2188 3138 de
2212 3090 2432 3139 statione
2463 3084 2614 3139 solis.

1986 3157 2111 3213 165.
2142 3154 2516 3226 Wopkensius
2540 3155 2854 3226 suspicatur
2884 3153 3183 3219 Invalidus,
3214 3156 3298 3211 vel
3330 3155 3527 3212 Insoli-

1912 3231 2033 3289 dus.
2063 3244 2166 3299 qua
2201 3244 2339 3284 voce
2369 3228 2679 3299 posteriore
2705 3243 2838 3282 usus
2869 3227 3216 3295 esthidius.
3243 3228 3527 3295 interpre-

1915 3310 2059 3356 ιτιιιιι·
2103 3299 2360 3355 [molitus
2401 3303 2626 3366 frenare,
2675 3316 2793 3353 cum
2833 3303 2950 3373 jam
3001 3301 3273 3354 dedicisset
3326 3302 3527 3373 (legam

1915 3373 2275 3441 dedidicisse!)
2306 3375 2536 3445 frenare,
2561 3373 2640 3427 vel
2663 3388 2841 3446 regere
2873 3371 3031 3446 diem.
3075 3373 3270 3428 Melius
3298 3371 3532 3446 A‘rntze-

1916 3446 2040 3501 nius
2069 3444 2346 3516 vulgatam
2397 3447 2688 3500 lectionem
2725 3444 2989 3512 exponit;
3047 3446 3138 3514 qui
3188 3445 3382 3500 ordine
3431 3461 3530 3500 suo

1912 3528 2138 3572 servato
2154 3535 2260 3572 non
2285 3518 2336 3571 in
2367 3519 2589 3582 longius
2619 3528 2840 3581 tempus
2855 3517 2996 3573 diem
3015 3517 3339 3582 protrahere
3361 3517 3528 3571 solet.

1914 3589 2020 3646 Pro
2054 3591 2260 3662 frenare
2287 3591 2438 3645 Meus
2465 3590 2630 3644 habet
2677 3591 2920 3662 retinere
2953 3604 3016 3643 ex
3062 3589 3242 3658 aliqua
3298 3591 3530 3644 fortasse

1911 3661 2119 3733 glosSa.
2171 3661 2503 3716 Arntzenius
2559 3663 2788 3731 frenare,
2847 3661 2923 3714 ιιιὶ
2978 3662 3141 3716 etiam
3193 3662 3526 3714 anhelantem

1913 3736 2156 3788 alludere
2184 3743 2336 3802 putat
2358 3733 2422 3786 ad
2451 3734 2762 3801 οιιίιιίοιιρηι
2791 3741 3059 3795 veterum,
3096 3733 3186 3800 qui
3223 3748 3396 3800 equos
3421 3735 3526 3786 εωΙὶ

1914 3806 2248 3861 tribuebant.
2317 3805 2511 3872 verum
2553 3806 2810 3860 Sedulius
2856 3818 2964 3856 non
3006 3803 3184 3857 solum
3220 3818 3248 3856 a
3295 3803 3526 3864 fabulis.

1913 3879 2006 3933 sed
2041 3879 2204 3933 etiam
2235 3895 2264 3932 a
2289 3879 2605 3932 nominibus
2635 3876 2943 3942 fabularum
2976 3876 3296 3943 longissime
3319 3876 3528 3931 distare

1913 3953 2092 4006 solet:
2128 3960 2183 4004 ct
2215 3959 2393 4017 potest
2423 3952 2595 4019 accipi
2625 3949 2836 4020 frenare
2862 3946 3236 4020 metaphorice
3270 3949 3523 4020 protuli-

1913 4040 2064 4078 nere.
2086 4023 2180 4078 Est
2201 4033 2384 4077 autem
2404 4019 2726 4087 sensus,Sol
2751 4034 2858 4074 non
2878 4021 3075 4073 solitus
3097 4019 3521 4074 retineredicm.

1984 4096 2109 4150 166.
2145 4096 2295 4150 Meus
2331 4095 2514 4161 plena:
2559 4095 2678 4166 lege
2708 4095 2877 4166 pigra.
2914 4090 3034 4145 Vat.
3071 4094 3121 4156 1,
3158 4093 3317 4158 arvis,
3352 4106 3382 4144 a
3409 4107 3520 4146 sec.

1913 4187 1988 4223 ιιι.
2022 4169 2183 4221 armis
2217 4168 2404 4236 probe.
2678 4219 2690 4233 κ
3498 4202 3503 4207 .

1989 4243 2106 4295 167.
2144 4241 2265 4294 Ald.
2299 4238 2556 4293 Fervidus
2589 4239 2639 4292 in
2673 4248 2912 4308 gentem;
2943 4236 3042 4308 nisi
3076 4252 3233 4308 error
3263 4236 3332 4290 sit
3369 4246 3525 4306 typo-

1911 4313 2204 4383 graplticus
2258 4327 2356 4382 pro
2397 4307 2680 4383 ingentem.
2709 4309 2949 4383 Venusto
2992 4307 3268 4383 fervidus
3293 4309 3523 4383 gladius.

1916 4380 2164 4441 Lucanus
2190 4380 2281 4450 vn,
2313 4385 2416 4438 502
2434 4380 2727 4453 {Frigidus
2751 4381 2875 4435 inde
2893 4407 2961 4419 ~-
2987 4380 3104 4434 Stat
3126 4380 3367 4450 gladius:
3393 4382 3525 4434 calet

1909 4457 2031 4511 inde
2058 4473 2245 4510 nocens
2273 4475 2303 4510 a
2334 4455 2586 4525 sangm'ne
2612 4459 2830 4522 ferrum.

1985 4529 2111 4584 168.
2147 4529 2404 4582 Nonnulli
2424 4530 2539 4597 jam
2567 4537 2710 4580 tum:
2761 4525 3010 4597 plerique
3028 4527 3145 4596 jam
3171 4534 3313 4578 ttmc.
3346 4525 3530 4597 Imita-

1910 4611 1998 4656 tur
2027 4601 2394 4654 (Ilaudianum
2426 4595 2512 4653 'de
2545 4615 2600 4654 ιιι
2653 4596 2882 4670 Consul.
2921 4595 3144 4670 llouorii
3177 4612 3242 4670 7v.
3278 4599 3386 4651 98:
3434 4595 3530 4651 Cui

1909 4674 2094 4727 militat
2122 4674 2302 4734 (Bt/ter,
2330 4703 2400 4712 —
2425 4670 2488 4726 Et
2516 4668 2781 4741 coniurati
2809 4670 3024 4721 veniunt
3047 4668 3113 4720 ad
3137 4669 3354 4722 classica
3372 4671 3528 4722 venti.

1913 4747 1976 4800 Et
2001 4748 2068 4799 de
2095 4746 2239 4800 bello
2270 4747 2397 4801 Get.
2434 4759 2580 4799 vers.
2612 4745 2682 4799 49
2711 4761 2724 4798 :
2759 4743 2860 4796 Aut
2896 4742 3230 4809 conjttratum
3259 4742 3529 4810 querimur

1907 4818 2188 4888 splendore
2217 4835 2477 4871 serenum.

1984 4889 2106 4945 109.
2141 4888 2198 4944 1ιι
2243 4889 2376 4959 Reg.
2411 4906 2427 4944 ι
2459 4890 2596 4956 forte
2627 4886 2726 4941 fuit
2769 4889 3044 4956 promisso,
3095 4900 3239 4959 nunc
3270 4895 3362 4959 est
3396 4900 3528 4959 prir-

1909 4964 2088 5017 misso.
2121 4962 2178 5016 ln
2208 4955 2366 5016 lloui.
2396 4963 2546 5017 clare
2571 4955 2846 5032 promisso,
2879 4959 2933 5013 in
2961 4959 3078 5012 Meo
3110 4957 3296 5011 dubie.
3325 4955 3528 5010 Confer

1914 5036 2176 5090 l’rudent.
2214 5036 2405 5102 liymn.
2441 5051 2514 5089 XII
2553 5033 2710 5087 tiatlt.
2743 5049 2890 5086 vers.
2926 5032 3052 5086 175.

1987 5108 2110 5162 1ἷο.
2141 5101 2269 5177 Reg.
2295 5124 2331 5172 ι,
2350 5109 2463 5160 ()tt.
2489 5110 2538 5169 1,
2565 5106 2638 5159 De
2660 5104 2837 5177 H_elia_.
2859 5104 3006 5157 Mens
3029 5101 3232 5177 Helias,
3252 5102 3528 5177 corvomi-

1912 5181 2183 5238 nistrante,
2214 5174 2464 5247 pascitur.
2495 5180 2652 5232 Rom.
2677 5175 2754 5229 De
2784 5175 2959 5239 Helia,
2982 5176 3145 5227 corvis
3173 5174 3524 5247 pascentibus.

1989 5251 2110 5304 171.
2141 5243 2360 5315 Parin,
2396 5251 2611 5305 scheme
2647 5250 2877 5311 Poelm.,
2926 5243 3217 5299 Iteddentes
3252 5259 3345 5312 pro
3379 5243 3526 5297 Prte-

1913 5324 2102 5378 bentes.
2135 5323 2326 5377 Arntz.
2383 5339 2483 5377 ms.
2531 5322 2732 5389 rapina:
2783 5335 2882 5387 pro
2914 5320 3131 5390 rapinis,
3185 5317 3324 5368 haud
3355 5317 3525 5370 inc-le-

1911 5405 2131 5466 gantur:
2154 5413 2277 5448 nam
2299 5397 2441 5464 apud
2462 5406 2646 5460 poetas
2662 5406 2921 5446 numerus
2937 5392 3230 5460 singularis
3252 5390 3526 5442 interdum

1914 5484 2011 5538 pro
2044 5467 2239 5531 plurali
2276 5468 2516 5533 ponitur.

1986 5540 2106 5594 175.
2142 5538 2353 5610 Jejum's
2383 5538 2660 5596 morsibus.
2686 5548 2778 5591 aut
2810 5536 2986 5610 corvi,
3019 5533 3094 5589 ait
3125 5533 3526 5597 Nebrisscnsis,

1913 5613 2160 5682 quamvis
2190 5609 2377 5682 jejuni,
2400 5616 2502 5664 'aut
2534 5611 2700 5665 Helia:
2724 5609 2923 5679 jejuni.

1988 5683 2113 5738 171.
2146 5678 2317 5749 Meus,
2350 5681 2495 5738 Tunc
2528 5678 2735 5737 bonus.
2757 5683 3032 5739 Cellarius
3058 5678 3386 5749 00njiciebat
3417 5687 3534 5730 ante

258 5835 282 5863 ι
311 5825 370 5883 1ιι
403 5836 519 5883 vet.
562 5824 688 5883 cod.
723 5823 822 5880 fuit
850 5825 1074 5900 feracis;
1107 5824 1200 5881 sed
1233 5821 1486 5882 librarius
1531 5824 1647 5893 ipse
1674 5823 1914 5880 correxit
1937 5819 2158 5876 voracis.
