3904 6346
386 258 490 316 575

532 374 675 431 Ecce
703 374 904 431 etenim
935 366 1130 427 sceleri
1158 364 1341 424 scelus
1368 362 1583 421 addidit
1624 361 1709 419 ira
1739 361 1990 430 furentis,
2016 356 2073 421 A

446 444 450 448 Δ
530 467 930 535 Hebraeumque
954 462 1125 519 decus
1148 458 1335 516 Daniel
1361 458 1680 516 decernitur
1705 456 1896 513 insons

380 560 492 617 215
527 560 742 631 Jejunis
772 557 929 613 cibus
957 571 1081 613 esse
1113 555 1264 625 feris,
1293 552 1393 610 sed
1421 551 1602 608 bellua
1628 551 1779 622 justo

527 653 674 708 Mitis
704 650 845 707 facta
876 649 1020 716 viro,
1046 656 1271 705 sanctos
1299 661 1369 703 ne
1395 643 1626 701 laederet
1656 650 1829 712 artus,

525 745 705 816 Coepit
734 760 926 803 amare
956 743 1181 811 famem,
1208 741 1390 799 rabies
1421 739 1629 796 mollita
1657 738 1900 805 furorem

523 838 809 911 Deposuit,
832 837 1106 909 saevisque
1132 835 1186 891 in
1214 834 1465 891 faucibus
1494 833 1572 889 ira
1594 831 1823 904 quievit,

524 936 595 993 Et
624 936 865 993 didicere
894 945 1076 992 truces
1100 916 1342 1006 praedam
1366 947 1590 990 servare
1618 932 1829 987 leones.

609 1030 769 1104 179
788 1028 916 1097 Dic,
943 1026 1036 1085 ubi
1055 1036 1214 1095 sunt,
1239 1035 1459 1094 natura,
1490 1034 1597 1083 tua:
1617 1030 1745 1095 post
1770 1020 1996 1169 taliarle-

1768 1114 1889 1169 lges

1768 1114 1889 1186 [883

526 1215 661 1286 Quis
692 1215 855 1271 toties
880 1213 975 1270 tibi
998 1212 1123 1284 jura
1154 1211 1309 1268 tulit?
1333 1212 1456 1291 quis
1481 1218 1681 1266 tartara
1705 1207 1871 1278 jussit

523 1311 876 1368 Translatum
906 1309 1121 1367 nescire
1145 1308 1346 1376 virum,
1377 1306 1733 1378 sterilemque
1764 1303 1961 1360 marito

525 1402 858 1464 Fecundavit
884 1420 1069 1472 anum,
1099 1418 1311 1460 sacram
1341 1402 1600 1474 praecepit
1623 1401 1691 1456 ad
1717 1414 1870 1457 aram

380 1028 491 1087 220

1771 240 1987 300 C(ELll
2027 237 2305 313 senum

3613 240 3737 298 576

2241 357 2450 429 Sponte
2478 356 2667 414 venire
2697 372 2886 431 pecus,
2913 358 3215 418 muliebres
3244 359 3530 416 transtulit
3566 368 3737 417 artus

2102 450 2210 507 225
2246 449 2305 507 In
2336 451 2629 507 simulacra
2656 452 2823 510 salis:
2853 469 3032 510 ramos
3054 452 3308 511 incendia
3335 469 3535 527 passos

2242 544 2363 602 Non
2391 546 2587 602 ardere
2615 545 2799 603 dedit:
2833 548 3124 620 virgultum
3152 548 3314 603 solvit
3339 549 3392 603 iu
3433 563 3679 619 anguem
3710 565 3730 603 :

2245 639 2348 695 Per
2372 638 2597 711 pelagus
2627 641 2851 697 siccavit
2881 643 3023 699 iter:
3053 642 3307 700 mirabile
3339 643 3543 700 nimbis

2244 734 2437 791 Manna
2465 734 2621 806 pluit,
2654 750 2789 792 saxo
2820 737 3006 793 latices
3037 738 3308 809 produxit
3333 738 3402 795 ab
3434 739 3545 795 imo
3574 757 3590 795 :

2242 828 2665 900 Quadrupedem
2698 826 2797 884 fari
2831 829 2995 901 plano
3022 845 3279 888 sermone
3309 833 3528 903 coegit:

2098 925 2206 982 230
2238 925 2399 1000 180
2421 924 2710 996 Suspensis
2730 926 2946 996 rapidas
2967 927 3262 985 elementis
3280 930 3488 986 distulit
3514 930 3726 989 horas:

2246 1022 2351 1077 Per
2374 1020 2626 1078 volucres
2650 1019 2921 1077 hominem
2946 1023 3093 1094 pasci
3117 1023 3449 1097 deditatque
3470 1027 3731 1084 coruscis

2248 1112 2307 1169 1n
2356 1113 2557 1170 ccelum
2611 1118 2917 1173 transveXit
2961 1117 3118 1189 equis
3153 1135 3169 1173 :
3211 1118 3325 1190 jam
3368 1132 3550 1177 morte
3594 1136 3731 1194 gra-

2828 1218 2836 1229 ‘
3494 1214 3654 1289 [vato

2250 1304 2469 1374 Adjecit
2501 1304 2603 1361 tria
2635 1304 2805 1362 lustra
2832 1307 2993 1365 viro:
3021 1306 3298 1380 praedonis
3329 1309 3385 1366 in
3415 1324 3517 1366 ore

2249 1398 2545 1473 Naufragio
2576 1399 2823 1457 fundavit
2850 1416 3010 1473 opem
3036 1420 3051 1458 :
3085 1402 3352 1476 ﬂagrante
3382 1406 3606 1461 camino

1739 1492 1920 1552 ΟΡυὸ
1958 1490 2237 1551 PASCHA
2249 1492 2359 1549 LE.

382 1595 731 1669 permutavit,
785 1608 948 1665 quem
992 1593 1096 1649 sub
1145 1591 1307 1663 hujus
1356 1589 1729 1647 deformitatis
1777 1571 2001 1660 aspech

380 1689 651 1745 birsutum
699 1688 853 1744 silvis
891 1698 946 1744 et
975 1686 1253 1743 montibus
1299 1697 1510 1756 septem
1569 1682 1832 1740 viderunt
1860 1690 1999 1739 tem-

387 1797 519 1854 pora
546 1791 926 1854 pervagatum.

453 1875 567 1932 Nec
595 1876 776 1932 minus
810 1875 958 1931 Darii
991 1874 1338 1945 postmodum
1371 1870 1678 1945 regnatoris
1705 1869 1833 1926 dum
1865 1884 2007 1941 pra:-

2187 1586 2305 1655 Dic,
2338 1588 2426 1644 ubi
2461 1597 2584 1660 post
2620 1589 2745 1646 talia
2773 1602 2878 1646 tute
2901 1602 3031 1648 sunt
3050 1593 3220 1666 leges,
3238 1597 3493 1668 pertinax
3515 1613 3549 1655 o
3569 1610 3735 1657 natu.

2111 1697 2195 1751 ra,
2218 1683 2340 1755 quis
2372 1685 2532 1739 toties
2563 1685 2660 1741 tibi
2688 1687 2816 1757 jura
2841 1687 3156 1745 subtraxit?
3182 1691 3308 1761 quis
3340 1700 3369 1729 ει
3396 1696 3731 1760 translatum

2107 1779 2321 1833 nescire
2365 1777 2540 1833 virum
2573 1779 2734 1849 jussit
2780 1779 3075 1846 infernum,
3109 1784 3287 1839 sterili
3326 1788 3488 1843 matri
3538 1786 3734 1844 fecun-

2110 1870 2235 1927 dam
2268 1873 2520 1941 prtestitit
2547 1885 2910 1943 senectutem,
2941 1876 3009 1931 ad
3040 1890 3191 1933 aram
3225 1888 3426 1951 sponte
3456 1884 3734 1949 compulit

377 1958 603 2027 tcritam'
626 1970 784 2027 furor
815 1971 1059 2027 imitatur
1081 1970 1373 2036 insaniam,
1404 1968 1616 2035 Daniel,
1648 1966 2007 2022 Hebrmorum
2031 2044 2071 2052 __
2104 1969 2298 2052 .vcnire
2329 1970 2617 2041 pecudem‘,
2649 1972 2975 2042 muliebrem
2999 1975 3234 2048 effigiem
3261 1976 3315 2032 in
3346 1977 3482 2034 satis
3506 1978 3733 2035 simula-

377 2066 549 2124 decus
585 2066 1010 2137 amplissimum,
1045 2082 1171 2122 cum
1202 2064 1335 2122 feris
1359 2062 1570 2135 jejunio
1600 2062 1895 2118 stimulatis
1916 2062 2000 2116 in-
2031 2044 2075 2104 Β
2103 2044 2255 2119 crum
2271 2068 2561 2137 convertit,
2587 2069 3061 2127 ramosincendiis
3080 2082 3509 2129 mstuantesvnon
3530 2073 3733 2141 ardere

373 2162 637 2228 cluditur,
666 2169 721 2217 et
740 2162 1011 2233 simplicis
1040 2162 1242 2217 anima:
1266 2175 1468 2232 corpus
1486 2158 1770 2215 innoxium
1795 2155 1999 2214 suavius

375 2256 683 2312 vorandum
726 2255 1003 2312 morsibus
1039 2254 1367 2328 deputatur;
1409 2253 1595 2310 bellua
1629 2262 1809 2309 tamen
1857 2248 2003 2306 facta

375 2348 523 2406 mitis
570 2358 629 2406 et
664 2349 903 2420 placida,
928 2365 997 2407 ne
1018 2359 1241 2406 sanctos
1266 2358 1414 2406 artus
1440 2348 1632 2404 insano
1662 2330 2003 2403 dentelace-

375 2452 525 2500 raret
552 2446 837 2512 esuriens,
868 2444 1042 2514 cmpit
1071 2458 1258 2500 amare
1294 2442 1407 2514 jam
1449 2443 1670 2518 famem,
1713 2441 2001 2511 vultusque

380 2535 643 2593 terribilis
674 2536 856 2593 rabies
886 2536 1097 2599 mollita
1137 2535 1466 2593 submittens
1489 2577 1505 2602 ,
1537 2544 1702 2606 atque
1746 2534 1801 2590 in
1829 2533 2000 2589 saevis

377 2629 623 2688 faucibus
650 2631 728 2687 ira
755 2630 1013 2687 blandior
1034 2629 1458 2703 conquiescens,
1489 2627 1742 2701 genuina:
1768 2626 2001 2682 feritatis

373 2724 731 2785 immemores
760 2726 1002 2799 prtedam
1033 2740 1257 2783 servare
1289 2724 1475 2781 docuit
1502 2734 1631 2780 tunc
1662 2723 1871 2779 leones.

2107 2162 2456 2232 monstravit,
2501 2163 2792 2235 virgultum
2831 2165 3069 2222 solvitin
3091 2167 3405 2234 colubrum,
3441 2183 3541 2240 per
3564 2169 3737 2225 mari-

2106 2269 2205 2309 nos
2228 2254 2425 2311 fluctus
2456 2256 2743 2327 pedestres
2772 2259 3029 2330 patefecit
3075 2261 3326 2318 incessus
3350 2303 3366 2329 ,
3409 2262 3729 2333 pluentibus

2102 2348 2302 2405 nimbis
2332 2359 2647 2407 nectareum
2679 2368 2877 2408 manna
2902 2353 3122 2410 diﬂ'udit
3146 2397 3161 2422 ,
3195 2371 3263 2412 ex
3295 2357 3582 2411 arentibus
3606 2358 3728 2413 saxi

2102 2442 2408 2499 visceribus
2439 2444 2613 2500 undas
2651 2444 2815 2515 ejecit
2839 2491 2855 2515 ,
2887 2462 2981 2502 ora
3029 2454 3201 2503 mutae
3226 2448 3602 2520 quadrupedis
3632 2447 3731 2504 bu-

2103 2552 2261 2593 mana
2291 2537 2389 2593 fari
2416 2539 2580 2595 verba
2625 2541 2895 2610 permisit,
2928 2542 3201 2598 elementa
3244 2541 3445 2598 deﬁxis
3474 2545 3727 2600 cursibus

2102 2631 2263 2702 longa
2303 2634 2542 2692 statione
2569 2636 2897 2719 suspendit,
2940 2637 3225 2719 volucrum
3258 2638 3583 2696 ministeriis
3624 2639 3727 2696 bo—

2101 2728 2301 2785 minem
2328 2730 2495 2801 pavit,
2528 2739 2585 2787 et
2612 2729 2667 2787 in
2699 2731 2899 2788 caelum
2927 2718 3142 2790 eorusci
3168 2734 3450 2806 equitatus
3469 2749 3577 2791 axe
3598 2749 3726 2807 per-

1886 2841 2210 2901 SCIIOLIA.

348 2966 579 3040 Aglossa.
625 2964 734 3023 Sed
768 2964 911 3019 cum‘
933 2978 1137 3040 omnes
1163 2962 1340 3040 nostri
1373 2974 1505 3016 mss.
1537 2974 1680 3040 .cum
1713 2957 1990 3040 plerisque

371 3032 533 3096 Bditis
559 3045 785 3094 teneant
806 3041 1106 3109 furuerunt,
1125 3035 1179 3091 id
1211 3032 1718 3109 praestatretincre,
1741 3032 1990 3109 quamvis

372 3111 622 3168 nonnulli
651 3102 995 3182 grammatici
1030 3102 1603 3182 negentpratteritum
1632 3107 1833 3182 a_[uro.
1854 3102 1986 3157 Nam
2030 3168 2035 3172 δ

370 3183 516 3239 favet
545 3176 737 3255 Prosa,
767 3193 823 3239 et
853 3176 1587 3255 pra-teritumfuruiServio
1617 3176 1915 3255 tribuitur,
1934 3185 1990 3231 et

370 3255 552 3312 Plinio
581 3248 747 3312 etiam
773 3248 1162 3310 ab‘Hardnino.
1186 3248 1443 3319 Ostendit
1463 3261 1731 3317 praeterea
1760 3248 1989 3303 Arntzc-

371 3330 518 3397 nius,
552 3329 786 3402 furorem
815 3328 1069 3401 graviori
1099 3327 1195 3402 ira:
1220 3324 1414 3402 tribui,
1444 3320 1990 3402 adeoquenfernerunt

373 3389 685 3471 posse'esse
705 3389 947 3472 glossam
972 3398 1237 3472 praeteriti
1259 3397 1560 3472 furuerunt.
1594 3389 1650 3472 l_n
1672 3389 1870 3472 Darius
1894 3409 1991 3472 an-

372 3464 644 3550 tiquiores
672 3464 903 3550 pijimam
943 3464 1331 3550 ethsecundam
1366 3467 1744 3550 producebant
1772 3484 1784 3519 :
1818 3464 1993 3521 Sedu-

370 3540 505 3611 lius,
551 3540 833 3615 Sidonius,
866 3554 924 3602 et
962 3544 1080 3605 alii.
1114 3554 1405 3615 utramque
1423 3540 1758 3615 corripiun_t;
1792 3554 1989 3615 quant-

370 3609 536 3690 quam
565 3609 870 3690 inuSedulio
893 3616 1189 3690 synaeresis
1220 3613 1339 3690 ﬁeri
1364 3609 1808 3690 potesttautlegi
1832 3609 1984 3690 _I)ari,

441 3688 569 3745 2l5.
615 3688 713 3745 Hic.
748 3683 943 3745 versus
969 3687 1101 3743 Ecce
1131 3687 1291 3744 deest
1315 3687 1367 3740 in
1396 3683 1535 3757 Vat.
1559 3684 1613 3747 2,
1640 3684 1791 3757 Alb.,
1816 3683 1984 3757 Ang.,

370 3759 507 3832 Reg.
536 3759 591 3827 4,
628 3763 685 3832 5,
714 3760 874 3824 Urb..
910 3761 1052 3825 Meo,
1087 3759 1276 3827 Rom.,
1316 3756 1471 3832 rAld.,
1510 3755 1735 3832 Parrb.)
1773 3755 1985 3828 Arius,

368 3827 549 3905 Lips,
590 3827 694 3891 nis.
735 3833 965 3902 Heinsii,
996 3833 1154 3889 Cant.
1188 3831 1420 3888 Additus
1459 3838 1542 3905 est
1572 3831 1641 3905 in_
1674 3827 1797 3885 Vat.
1840 3831 1864 3886 1
1902 3827 1987 3890 re-

367 3901 603 3962 centiori
628 3922 815 3973 manu,
844 3918 900 3962 et
929 3901 982 3962 in
1014 3906 1127 3962 Ott.
1168 3905 1193 3960 l
1225 3906 1504 3975 ascriptus
1529 3903 1584 3958 in
1613 3901 1721 3957 line
1753 3904 1983 3972 paginae,

367 3988 424 4033 et
448 3981 499 4033 in
529 3978 665 4049 Reg.
690 3979 727 4034 2
753 3979 819 4035 ad
845 3981 1172 4049 marginem.
1203 3976 1261 4032 ln
1297 3977 1429 4044 Reg.
1463 3977 1488 4031 l
1517 3976 1665 4049 prius
1687 3987 1773 4031 est
1794 3992 1989 4036 versus

371 4049 525 4113 Ecce.
556 4047 669 4107 tuin
706 4051 820 4108 Nec
848 4047 1052 4107 minus:
1074 4049 1170 4115 Sed
1200 4052 1415 4118 signum
1441 4047 1784 4118 trajectinnis
1806 4049 1984 4108 adest.

369 4123 515 4179 idem
545 4123 681 4192 Reg.
714 4125 881 4181 liabet
904 4122 1037 4179 Ecce
1064 4121 1274 4189 etenimZ
1304 4121 1402 4178 sed
1423 4135 1522 4191 pro
1551 4122 1738 4175 ctenim
1757 4122 1987 4180 fortasse

366 4193 472 4251 fuit
499 4195 673 4251 aliud.
709 4199 823 4253 Ott.
866 4197 923 4261 2,
972 4196 1146 4252 codex
1183 4194 1246 4259 E,
1280 4206 1334 4250 et
1364 4193 1505 4249 alius
1535 4207 1642 4248 ms.
1674 4196 1818 4263 apud
1851 4194 1987 4250 Bur-

370 4282 658 4339 manuum,
694 4268 826 4327 Ecce
861 4268 1035 4335 aliud,
1081 4268 1229 4340 quod
1272 4269 1621 4340 Burmannus
1665 4278 1854 4323 monet
1888 4272 1987 4323 de-

368 4336 649 4414 sumptutn
676 4358 743 4414 es
794 4342 1020 4414 Virgilio
1058 4336 1257 4398 tt'IEn.
1299 4337 1437 4395 Ecce
1462 4336 1611 4393 aliud
1643 4341 1834 4411 majus.
1877 4342 1983 4397 Alii

371 4412 639 4468 exhibent
674 4413 803 4470 Ecce
824 4412 1031 4471 etenim.

440 4483 571 4539 2l9.
612 4484 669 4541 ln
695 4492 937 4546 carmine
965 4487 1184 4558 vulgato
1206 4485 1484 4558 Aldhelm.
1522 4485 1593 4543 de
1614 4484 1870 4557 Virginit.
1906 4488 1985 4543 in-

370 4559 577 4629 seritur
611 4558 697 4612 hic
731 4573 949 4625 versus,
987 4569 1043 4615 et
1075 4559 1274 4629 legitur
1303 4557 1583 4615 Edidit-ere
1609 4575 1628 4615 :
1658 4561 1753 4613 sed
1790 4560 1844 4615 in
1879 4576 1981 4616 ms.

372 4627 561 4703 inveni
594 4629 664 4683 Et
704 4630 956 4687 didicere.
1008 4627 1387 4688 Nebrissensis
1420 4647 1489 4690 ex
1537 4629 1770 4687 Martiali
1804 4649 1842 4697 ι,
1890 4650 1977 4703 ep.

372 4700 499 4769 105,
536 4702 605 4759 de
640 4702 800 4759 leone
850 4715 903 4759 et
950 4706 1139 4773 lepore
1169 4703 1382 4773 profert
1415 4722 1428 4758 :
1464 4703 1532 4760 Et
1558 4704 1794 4759 securior
1820 4714 1895 4761 est
1925 4700 1977 4760 in

367 4788 460 4827 ore
485 4778 687 4845 prwda.
723 4776 868 4832 Idem
896 4777 1166 4834 Martialis
1191 4792 1232 4843 ι,
1260 4791 1350 4848 cp.
1382 4776 1437 4844 7,
1468 4778 1542 4832 ait
1575 4794 1587 4830 :
1630 4773 1795 4832 Tutus
1819 4788 1867 4831 et
1900 4779 1983 4832 in-

362 4849 503 4921 genti
528 4848 667 4921 ludit
688 4850 741 4903 in
768 4866 856 4904 ore
874 4850 1044 4921 lepus.

439 4919 569 4993 2:20.
606 4920 741 4990 Reg.
777 4924 828 4990 1,
856 4919 1254 4993 Recapitulatio
1278 4920 1511 4977 omnium
1552 4921 1830 4976 ultionum.
1865 4921 1979 4983 Ott.

365 4989 419 5056 ι,
453 4989 835 5067 Recapitulatio
861 4989 1089 5052 omnium
1109 4996 1502 5052 miraculorum.
1528 4994 1715 5058 Rom.,
1743 4993 1981 5050 Interro-

362 5065 505 5140 gatio
534 5065 718 5123 contra
746 5078 1010 5126 naturam.
1047 5069 1231 5134 Meus,
1286 5067 1542 5140 Epilogus
1582 5067 1972 5137 prwdictorum.

364 5135 569 5210 ᾼΪεξιυιζ
606 5141 753 5196 clare
800 5143 1043 5200 imitatur
1084 5135 1369 5199 Sedulium
1406 5135 1529 5201 lfl.
1564 5135 1707 5195 vers.
1744 5140 1870 5210 890,
1903 5143 1977 5197 al.

361 5207 471 5284 825
493 5227 509 5284 7:
542 5208 669 5280 Dic,
701 5215 789 5270 ubi
818 5227 958 5274 sunt.
985 5218 1280 5279 mundana,
1311 5225 1435 5277 tute.
1465 5213 1741 5284 sapientia,
1778 5207 1952 5284 leg—es?

434 5282 562 5339 22L
600 5286 743 5343 Editi
774 5288 904 5357 Quis
924 5292 1106 5355 toties,
1159 5291 1241 5346 vel
1291 5291 1498 5346 totiens.
1551 5286 1683 5343 Cod.
1729 5282 1801 5343 Ε.
1830 5282 1979 5345 Ἰξιιηι

364 5351 497 5439 Reg.
540 5360 563 5413 ‘l
608 5376 637 5415 a
658 5378 748 5439 pr.
780 5351 1017 5439 m_._,_Qui
1044 5351 1215 5439 toties.
1250 5363 1309 5418 in
1340 5363 1488 5418 toties
1530 5371 1586 5418 et
1624 5361 1810 5439 totiens
1842 5376 1976 5439 mss.

354 5433 521 5509 etiam
554 5435 792 5509 variant.
813 5436 992 5499 Editi.
1013 5437 1101 5509 qui
1130 5446 1369 5492 tartara:
1392 5452 1424 5493 e
1447 5450 1592 5509 mss.
1614 5435 1822 5491 nostris
1842 5433 1976 5509 _Vol.

355 5498 382 5553 1
406 5515 543 5579 aApr.
572 5522 672 5572 nt.,
698 5508 831 5579 Reg.
852 5509 910 5573 4,
938 5498 1107 5575 Mens,
1128 5512 1243 5579 quis
1265 5519 1501 5565 tartara:
1522 5507 1617 5565 alii
1642 5523 1767 5564 cum
1790 5506 1977 5565 editis.

423 5573 552 5632 222.
590 5573 1077 5655 Posset'sterilique
1096 5573 1307 5639 marito.
1340 5582 1633 5650 Cellarius,
1659 5592 1715 5639 et
1742 5581 1976 5636 Arntze-

349 5655 471 5715 nius
522 5669 722 5717 tartara
772 5662 1210 5733 interpretantur
1255 5661 1327 5718 de
1370 5659 1659 5732 sepulcro,
1709 5659 1796 5716 vel
1828 5666 1971 5714 statu

351 5742 715 5791 mortuorum.
737 5734 849 5793 Sed
876 5750 977 5792 cur
1006 5749 1117 5792 non
1144 5734 1213 5792 de
1240 5735 1434 5793 inferis
1456 5735 1705 5801 sedibus,
1736 5733 1804 5789 ad
1834 5745 1970 5804 quas

424 5858 447 5885 ο
478 5848 581 5904 Alii
614 5849 740 5917 Qui,
771 5850 861 5907 alii
889 5849 1044 5918 Quis.

2100 2960 2334 3017 animam
2361 2959 2563 3019 Christi
2586 2963 2939 3022 descendisse
2959 2966 3258 3029 credimus.
3282 2978 3343 3023 ut
3362 2969 3573 3025 animas
3593 2984 3723 3026 san-

2097 3040 2311 3108 ctorum
2342 3042 2556 3104 patrum
2589 3036 2890 3093 liberaret?
2917 3038 3069 3103 Scio,
3096 3038 3209 3108 hoc
3241 3042 3417 3108 ipsum
3448 3043 3519 3096 ab
3550 3044 3720 3100 luere-

2100 3105 2221 3182 ticis
2254 3108 2780 3182 nonnullispegari:
2815 3111 2909 3166 sed
2942 3126 3042 3168 eos
3062 3105 3283 3182 egregie
3309 3114 3537 3169 revincit
3561 3115 3722 3175 Peta—

2100 3177 2225 3249 vius
2255 3179 2291 3232 Ι.
2320 3182 2416 3236 xm
2446 3180 2514 3235 de
2539 3177 2753 3237 Inearn.
2780 3197 2830 3238 c.
2863 3182 2950 3239 15.
2980 3177 3119 3238 νὴίὲ
3143 3183 3177 3237 Ι.
3199 3177 3257 3249 v,
3294 3201 3443 3242 vers.
3475 3186 3599 3242 428.

2019 3279 2066 3346 ρ
2167 3248 2295 3305 223.
2330 3255 2440 3307 Oti.
2469 3253 2525 3320 2,
2556 3270 2717 3307 anum
2745 3254 2957 3318 Saram.
2990 3257 3256 3329 praecepit.
3300 3257 3359 3313 lu
3413 3258 3535 3314 aliis
3579 3275 3714 3317 mss.

2098 3320 2289 3378 Saram
2313 3334 2397 3378 est
2425 3326 2605 3378 alossa
2636 3342 2799 3378 sunra
2824 3345 3004 3378 anum-

2142 3338 2289 3398 arant
2313 3334 2397 3398 est
2425 3326 2605 3394 glossa
2636 3342 2800 3398 supra
2824 3326 3004 3384 anum.

2330 3393 2677 3472 ﬁurmannus
2702 3393 2875 3466 putat.
2901 3401 3425 3472 interpttngeudnm,
3447 3404 3719 3460 mirabile!

2096 3466 2305 3523 nimbis.
2329 3467 2531 3526 Verum
2556 3487 2661 3526 non
2681 3473 2897 3529 videtur
2916 3466 3288 3545 intefjectioni
3314 3466 3572 3532 Inclusus
3592 3492 3718 3535 esse

2094 3550 2279 3610 aptus.

2135 3610 2297 3697 .2283.
2572 3615 2697 3672 Vat.
2718 3616 2789 3697 2_,‘
2802 3630 2991 3697 contra
3018 3630 3251 3697 metrum
3271 3620 3441 3697 pluit.
3455 3623 3545 3690 qui
3565 3639 3714 3679 saxo.

2092 3682 2183 3739 Sic
2213 3685 2383 3762 edidit
2414 3682 2628 3762 Aldus,
2670 3682 2771 3760 qui
2811 3694 3133 3762 plerumque
3166 3682 3282 3748 ‘his'
3314 3682 3530 3749 duobus
3578 3711 3710 3751 mss.

2092 3758 2390 3839 consentit.
2425 3758 2862 3839 Plerique—tussi,
2897 3776 2951 3822 et
2977 3766 3143 3829 editi,
3174 3765 3340 3839 pluit,
3377 3783 3506 3820 saxo
3539 3768 3716 3822 latices

2093 3831 2450 3906 produxitab
2496 3831 2623 3887 imo.
2671 3834 2848 3891 Minus
2890 3839 3028 3894 bene
3074 3831 3289 3895 Poelm.
3327 3831 3618 3906 producit,
3662 3851 3716 3895 et

2092 3899 2283 3980 Parrh.
2317 3905 2379 3959 ab
2400 3922 2524 3959 uno.
2557 3906 2886 3966 Arntzenius
2914 3911 3300 3979 suspicabatur
3327 3899 3391 3964 ab
3419 3912 3546 3977 icto,
3577 3899 3713 3980 'qnia

2091 3976 2304 4032 scilicet
2350 3993 2668 4046 percussum
2714 3991 2800 4035 est
2847 3976 3080 4037 saxum:
3126 3983 3222 4038 sed
3260 3999 3325 4037 ex
3372 3998 3475 4035 ms.
3530 3976 3711 4038 Arius.

2091 4050 2379 4127 rescripsit
2410 4051 2544 4127 saxi
2590 4052 2769 4127 latices
2807 4057 3059 4127 produxit
3097 4054 3161 4108 ab
3195 4055 3323 4117 imo,
3354 4064 3409 4108 ut
3441 4054 3545 4109 hoc
3578 4054 3714 4109 libro

2090 4132 2239 4175 vers.
2273 4121 2379 4197 502
2404 4121 2828 4197 imaprofundi',
2863 4140 2917 4181 et
2961 4128 3525 4197 similia.'pr:esertim
3575 4127 3712 4197 apud

2091 4202 2302 4269 poetas.
2348 4194 2404 4249 In
2454 4194 2737 4250 Addendis
2776 4211 2956 4253 tamen
2984 4194 3232 4269 agnovit:
3264 4197 3525 4269 frequens
3552 4194 3712 4254 etiam

2090 4266 2395 4343 esseiinum
2416 4283 2622 4343 saxum,
2646 4269 2806 4322 imum
2833 4266 3154 4337 pulmonem,
3179 4272 3343 4325 imum
3367 4266 3709 4343 profundunt.

2090 4335 2342 4403 lntellige
2377 4339 2492 4409 quis
2527 4340 2661 4408 pluit
2694 4359 2908 4399 manna.
3142 4335 3147 4337 ⁷
3367 4335 3376 4341 ’
3444 4368 3447 4371 π

2158 4410 2292 4465 229.
2309 4411 2513 4467 Omnes
2536 4412 2703 4468 nostri
2728 4416 2990 4471 tredecim
3016 4430 3148 4471 mss.
3174 4430 3297 4470 cum
3321 4414 3542 4480 Parrb.,
3566 4414 3709 4477 ΑΜ..

2086 4490 2144 4536 et
2174 4482 2596 4560 codd._Heiusii,
2632 4486 2806 4560 Lips..
2858 4491 3075 4554 Arntz.,
3118 4488 3310 4555 Cant.,
3357 4489 3564 4560 plano:
3607 4504 3709 4543 non

2091 4557 2247 4624 pauci
2285 4556 2449 4620 editi,
2500 4560 2669 4626 pleno.
2724 4559 2956 4617 Scbedaa
3006 4562 3213 4616 Poelm.
3268 4571 3325 4614 et
3357 4556 3708 4614 'Arn‘tzenins

2091 4630 2390 4695 probarunt
2422 4630 2599 4704 plano,
2624 4632 2778 4701 cujus
2805 4634 2984 4704 glossa
3008 4642 3094 4688 est
3120 4634 3174 4688 in
3203 4631 3384 4704 Rng
3411 4632 3707 4698 articulate,

2088 4711 2247 4766 recto,
2280 4704 2359 4757 vel
2382 4714 2525 4769 apto.
2560 4702 2903 4761 Bnrtnannus
2927 4704 3244 4775 praeferebat
3272 4703 3448 4775 pleno.
3480 4715 3542 4758 ut
3560 4706 3710 4775 plma

2090 4788 2209 4850 uoce
2240 4775 2379 4843 apud
2408 4774 2697 4850 Virgilium
2749 4778 2844 4850 lib.
2879 4794 2894 4832 I
2932 4774 3140 4850 'GeOrg.
3173 4791 3320 4832 vers.
3369 4775 3524 4849 5|8._
3548 4774 3710 4832 Addit

2089 4844 2369 4901 Lucanum
2406 4849 2443 4902 l.
2477 4844 2549 4914 vi,
2578 4864 2722 4903 vers.
2748 4849 2875 4905 622.

2160 4917 2288 4994 2150.
2312 4919 2564 4994 Nonnulli
2584 4920 2737 4987 editi,
2764 4922 3084 4993 Suspensus:
3101 4922 3222 4994 lege
3246 4922 3553 4991 Suspensis.
3576 4921 3703 4992 Reg.

2088 4988 2144 5116 ἓξ
2174 4990 2343 5116 ῗίεὶςιε,
2378 4992 2632 5047 abstulit:
2670 4994 2721 5048 in
2752 4988 2885 5067 Reg.
2913 4996 2948 5051 4
2978 4988 3275 5051 recentiori
3308 4988 3477 5051 manu
3511 4988 3705 5052 factum

2128 5080 2170 5116 ts
2199 5081 2229 5116 tt
2257 5074 2315 5116 tt.

2128 5073 2315 5119 tsiultl.

2159 5135 2288 5211 231.
2323 5135 2457 5211 Reg.
2491 5137 2547 5199 5,
2566 5136 2684 5211 Ott.
2714 5137 2770 5201 2,
2805 5139 2974 5207 Meus,
3009 5141 3155 5207 Alb.,
3206 5139 3312 5195 Per
3352 5142 3706 5211 volucremque

2085 5205 2369 5283 (remittent.
2398 5208 2525 5283 AYat.
2558 5209 2613 5277 2,
2648 5212 2795 5281 Ald.,
2833 5211 2937 5266 Per
2955 5205 3317 5283 volucremque
3344 5205 3707 5277 hominem,“

2088 5278 2207 5353 _Vat.
2242 5282 2279 5336 ‘2
2306 5281 2459 5337 addit
2489 5297 2730 5338 errorem
2766 5278 2897 5352 pisci
2921 5300 3020 5352 pro
3047 5286 3209 5353 pasci.
3230 5278 3359 5341 'Alii
3405 5302 3540 5339 mss.
3583 5300 3701 5339 cum

2087 5350 2305 5427 Parrh.,
2340 5365 2393 5409 et
2416 5354 2688 5423 plerisque
2710 5350 2872 5411 editis
2902 5350 3007 5411 Per
3026 5350 3260 5412 uolucres
3281 5357 3549 5412 hominem
3565 5357 3704 5427 pasci

2083 5425 2423 5520 deficitque
2452 5430 2700 5483 coruscis.
2727 5428 2889 5520 pri},
2917 5428 3103 5520 Bouh,
3127 5430 3302 5520 dedit;
3326 5428 3421 5520 iltl‘e
3452 5425 3698 5520 coruscis.

2153 5501 2286 5557 252.
2319 5500 2576 5557 Fortasse
2605 5517 2671 5556 ex
2703 5502 2897 5558 Ovidio
2926 5518 3000 5567 tv,
3035 5501 3161 5556 Met.
3200 5502 3327 5559 H5.
3363 5500 3564 5556 Oculos
3589 5504 3702 5573 jam

2084 5585 2245 5630 morte
2285 5583 2546 5646 gravatos,
2580 5574 2673 5630 ubi
2699 5574 2947 5631 nonnulli
2979 5574 3188 5632 habent
3214 5576 3404 5631 minus
3433 5574 3577 5639 bene
3592 5576 3701 5644 jam

2083 5659 2460 5799 ἠἓῃέῗεῧτῂη
2484 5720 2761 5794 Naufraga
2782 5737 2799 5776 :
2824 5721 2904 5777 sic
2926 5718 3037 5777 Ott.
3064 5720 3092 5777 ι
3119 5735 3149 5776 a
3174 5734 3257 5792 pr.
3288 5735 3363 5777 m.
3380 5766 3394 5789 ,
3420 5717 3520 5775 sed
3542 5729 3698 5789 Supra
