3904 6370
239 296 346 352 593

1407 303 1683 361 canum
1714 282 2098 364 PASCHALE.
2139 311 2268 367 un.
2312 313 2377 368 ιι.

3415 319 3516 375 596

1255 430 3496 461 ______________________—_____

1350 565 1690 650 LIBER
1763 555 2406 656 SECUNDUS.

383 916 537 988 197
568 912 858 985 Expulerat
889 912 1305 985 primogenitum
1338 913 1675 968 saevissimus
1723 929 1823 969 an-
1853 916 1904 977 A
1966 915 2035 971 10
2073 914 2248 987 Cmpit
2276 919 2447 990 origo,
2483 921 2647 992 peril,
2699 920 3018 994 clademque
3062 941 3092 980 a
3127 927 3334 983 semine
3364 942 3514 983 sum-

1616 1003 1758 1077 [guis

373 1096 660 1168 Florigera
691 1096 760 1154 de
792 1096 922 1153 sede
951 1097 1160 1162 virum,
1189 1095 1483 1167 blandique
1514 1089 1724 1166 saporis

374 1189 654 1247 llleeebris
674 1189 884 1245 lctbum
916 1191 1116 1245 misero
1142 1201 1353 1260 p0tarat
1384 1205 1644 1245 amarum.

374 1284 489 1340 Nec
519 1285 666 1339 solus
697 1285 942 1340 meritam
975 1293 1338 1354 praesumptor
1367 1295 1612 1338 senserat
1641 1284 1775 1339 iram

294 1376 332 1432 5
374 1377 587 1432 Mortali
615 1379 715 1433 sub
745 1379 860 1449 lege
885 1377 1097 1447 jacens,
1124 1376 1218 1432 sed
1244 1391 1467 1447 prorsus
1497 1377 1565 1431 ab
1598 1377 1716 1447 ipso

374 1469 680 1525 Humanum
711 1471 872 1526 simul
899 1484 1062 1526 omne
1086 1484 1279 1541 genus.
1313 1468 1465 1524 Heu!
1500 1471 1660 1526 noxia
1690 1485 1820 1524 con-
1886 1485 1892 1491 ·

1605 1562 1743 1635 nux.

377 1663 538 1736 198
565 1662 736 1719 Noxia
767 1670 824 1718 tu
853 1663 1056 1734 conjux
1090 1661 1286 1732 magis,
1342 1676 1411 1716 an
1444 1661 1607 1716 draco
1652 1660 1816 1731 peril-

1455 1753 1579 1827 [dus
1610 1754 1744 1808 ille?

368 1847 613 1903 Perﬁdus
644 1806 735 1903 ille
766 1847 953 1912 draco,
1005 1847 1098 1923 sed
1131 1857 1184 1902 tu
1213 1863 1429 1919 quoque
1680 1806 1813 1902 con-

1601 1939 1739 2014 [jttx.

370 2034 513 2092 Proh
535 2034 695 2091 dolor
720 2036 732 2090 ε
768 2035 958 2092 aeterni
986 2033 1202 2092 fuerant
1231 2035 1359 2092 duo.
1384 2035 1645 2092 Crescere
1666 2043 1813 2105 post-

1552 2127 1735 2200 [quam

2069 1100 2212 1169 Quid
2264 1118 2550 1160 numerosa
2590 1107 2735 1173 dies,
2794 1108 2920 1178 quid
2964 1119 3206 1180 tempore
3255 1019 3514 1181 p[:r:|l:rat

2078 1219 2088 1266 ς
2522 1211 2565 1254 ;-’
3324 1202 3440 1276 [illo

2073 1288 2306 1344 Cernere
2344 1279 2646 1360 nongentos
2677 1293 2812 1350 ultra
2842 1294 3071 1350 feliciter
3101 1311 3291 1365 annos,

2071 1380 2497 1455 Progeniemque
2543 1401 2732 1442 senum
2772 1387 3034 1444 decim‘am
3064 1400 3314 1460 spectare
3343 1405 3516 1461 nepo-

3269 1485 3430 1556 itum,

2067 1567 2297 1640 Jamque
2319 1585 2474 1626 suum
2503 1573 2716 1630 nescire
2741 1590 2942 1646 genus,
2977 1591 3096 1632 cum
3127 1579 3267 1633 victa
3314 1594 3508 1650 supre-

3305 1674 3437 1746 [mis

1963 1755 2027 1810 15
2065 1753 2347 1822 Cursibus,
2381 1767 2644 1813 extrema:
2676 1775 2794 1816 sors
2837 1763 3199 1834 irreparabilis
3229 1764 3398 1832 harae,

2066 1848 2194 1902 Sera
2228 1849 2376 1912 licet,
2397 1859 2622 1905 ventura
2652 1851 2815 1921 foret,
2851 1854 3176 1926 longumque
3211 1873 3307 1927 per
3331 1874 3505 1913 aevum

2065 1940 2182 1995 Vita
2216 1940 2396 1996 brevis
2421 1943 2494 1996 nil
2523 1958 2643 1998 esse
2672 1943 2764 1998 diu
2791 1960 2912 2000 cum
2944 1947 3049 2003 fine
3077 1947 3329 2004 doleret?

2061 2032 2170 2086 Nec
2199 2032 2452 2088 reducem
2506 2049 2630 2104 spes
2681 2035 2849 2092 ferret
2878 2052 3058 2108 opem,
3115 2039 3382 2110 primique
3409 2055 3494 2095 se-

3160 2131 3430 2201 [pulcrum

1544 2289 1719 2347 OPUS
1758 2286 2137 2346 PASCHALE.

287 2410 592 2479 Expulerat
630 2425 859 2482 serpens
908 2412 1000 2468 ille
1053 2411 1415 2483 nequissimus
1455 2410 1524 2465 de
1563 2408 1801 2480 paradisi
1837 2413 1881 2472 Β
1909 2423 2164 2464 crescere
2191 2408 2358 2476 empit
2385 2411 2561 2480 origo,
2591 2420 2718 2465 tunc
2744 2411 2923 2478 periit,
2957 2393 3277 2482 clademque
3308 2423 3503 2495 partu-

203 2506 348 2562 sede
379 2506 627 2577 llorigera
674 2507 1092 2578 primogenitum
1125 2506 1333 2562 dolosis
1371 2505 1580 2560 artibus
1605 2504 1805 2569 virum,

203 2611 260 2657 et
311 2601 591 2656 illecebris
641 2601 822 2655 blandi
878 2600 1089 2668 saporis
1144 2582 1520 2654 absconditam
1574 2606 1804 2651 mortem

201 2694 419 2764 gustari
467 2694 672 2749 fecerat
702 2709 823 2748 mox
870 2708 1132 2748 amaram.
1164 2691 1273 2748 Nec
1306 2690 1692 2761 indignationis
1719 2689 1806 2744 di-

200 2787 351 2841 vium
364 2786 690 2840 sententiam
711 2785 862 2841 solus
882 2787 1136 2855 praecepti
1156 2793 1454 2844 temerator
1467 2784 1592 2838 vita:
1608 2783 1806 2837 damno

202 2887 544 2947 susceperat,
591 2877 684 2933 sed
718 2877 787 2932 ab
835 2878 953 2949 ipso
983 2876 1210 2932 veniens
1254 2876 1488 2930 humana
1523 2874 1808 2944 progenies

202 2971 388 3043 longe
429 2974 620 3028 mortis
659 2973 836 3028 fuerat
872 2972 1174 3028 conditioni
1215 2971 1598 3027 succumbens.
1653 2970 1802 3024 Heu!

201 3065 410 3135 coiijux
443 3067 703 3134 crudelis,
730 3076 785 3121 et
812 3067 1007 3122 noxia!
1044 3067 1124 3120 An
1158 3065 1253 3120 ille
1283 3068 1452 3135 magis
1486 3065 1649 3119 draco
1679 3080 1802 3134 per-

201 3154 354 3212 fidus
379 3159 686 3215 homicida?
708 3158 814 3215 Sed
838 3171 891 3214 tu
916 3159 1114 3228 conjux
1133 3171 1350 3227 quoque
1373 3156 1604 3210 crudelis
1619 3156 1798 3209 noxia.

200 3255 360 3312 Proh
400 3255 586 3313 dolor!
627 3254 735 3310 duo
782 3262 986 3310 tantum
1028 3252 1241 3308 fuerant
1269 3252 1475 3307 mterni.
1513 3250 1799 3319 Postquam

1916 2503 2058 2559 riens
2104 2521 2134 2559 a
2163 2506 2370 2560 semine
2411 2505 2734 2560 detrimenta
2763 2505 3025 2571 suscepit.
3059 2505 3197 2573 Quid
3231 2507 3322 2560 illa
3365 2516 3502 2562 tem-

1915 2607 2121 2668 pestate
2149 2613 2433 2652 numerosa
2464 2598 2600 2661 dies,
2631 2613 2694 2652 ac
2741 2597 3055 2667 multiplex?
3085 2599 3212 2669 quid
3252 2599 3498 2655 felicibus

1915 2693 2040 2746 vitae
2072 2693 2259 2761 spatiis
2288 2699 2586 2761 nongentos
2609 2691 2866 2762 proderat
2887 2706 3060 2746 annos
3085 2693 3369 2759 excedere,
3403 2710 3500 2748 nc-

1915 2794 2208 2854 potumque
2251 2783 2456 2837 decima
2495 2795 2817 2837 senescente
2847 2784 3121 2852 progenie,
3165 2784 3247 2837 sui
3278 2786 3498 2854 generis

1915 2887 2193 2932 externum
2222 2877 2536 2947 sanguinem
2557 2876 2666 2945 jam
2695 2876 2902 2941 videre,
2935 2891 3056 2930 cum
3088 2884 3226 2930 sors”
3251 2876 3499 2931 humanm

1911 2969 2236 3025 conditionis
2289 2979 2537 3023 extrema
2594 2968 2959 3037 irreparabilis
3022 2969 3169 3022 horae
3228 2970 3499 3038 supremis

1909 3063 2158 3116 cursibus
2190 3071 2470 3129 occupata,
2503 3060 2629 3114 licet
2677 3075 2885 3126 serum,
2933 3075 3272 3129 nequaquam
3316 3071 3490 3116 tamen

1886 3154 2206 3212 declinaret
2249 3154 2550 3216 interitum,
2583 3152 2909 3222 longamque
2955 3162 3259 3222 temporum
3294 3169 3388 3221 per
3416 3171 3491 3208 tc-

1908 3257 2069 3303 tatem
2099 3249 2220 3302 vitm,
2255 3256 2277 3282 η
2325 3247 2566 3301 existens
2598 3246 2813 3321 brevis,
2849 3247 2978 3299 nihil
3025 3260 3147 3301 esse
3183 3245 3446 3302 diutinum
3475 3291 3489 3316 ,

1692 3387 1771 3444 SC
1781 3387 2002 3444 HOLlA.

278 3512 337 3568 1.
360 3511 492 3580 Reg.
516 3510 573 3575 2,
599 3510 794 3582 Incipit
813 3510 938 3564 liber
962 3526 978 3565 ι
1001 3511 1065 3566 de
1083 3514 1382 3579 expulsione
1410 3507 1713 3583 prolaplasti
1733 3529 1796 3566 ea:
1824 3513 1868 3573 ι]
1899 3520 2197 3582 gustaturus
2215 3509 2791 3581 amaram—Tempore.
2812 3511 2963 3578 Quod
2987 3513 3031 3566 si
3058 3513 3236 3568 minus
3257 3515 3494 3570 arrident

199 3584 502 3655 paradiso:
532 3583 652 3655 V_at.
680 3584 754 3655 2,_
793 3583 996 3655 Sedulii
1039 3585 1319 3655 presbyteri
1350 3584 1478 3637 liber
1521 3585 1792 3637 secundus.

201 3655 366 3711 Meus
396 3697 410 3716 ,
467 3653 670 3708 Sedulii
722 3653 784 3707 de
832 3653 1050 3707 historia
1105 3653 1316 3709 Domini
1371 3655 1498 3708 liber
1545 3657 1797 3708 secundus

197 3727 392 3786 incipit
428 3724 662 3789 feliciter.
694 3725 790 3778 Ms.
835 3724 949 3779 Nic.
1013 3726 1213 3780 Hcinsii
1237 3769 1250 3787 ,
1291 3727 1442 3780 Liber
1469 3729 1663 3794 primus
1694 3727 1795 3781 Sc-

197 3797 353 3870 duli
375 3795 449 3849 De
479 3813 606 3849 noro
649 3796 992 3870 Testamento.
1021 3798 1176 3851 Cant.
1227 3797 1379 3870 Liber
1400 3803 1596 3870 primus
1627 3800 1679 3850 in
1706 3815 1800 3851 no-

197 3885 263 3923 vo
311 3868 659 3923 Testamento.
694 3869 806 3922 Ott.
834 3868 888 3933 2,
943 3867 1018 3922 De
1046 3887 1174 3922 novo
1204 3866 1548 3923 Testaineuto.
1582 3873 1690 3922 Arn
1722 3886 1794 3932 z.,

197 3940 404 4007 Incipit
436 3939 561 3992 liber
583 3941 854 3993 secundus.
893 3939 1004 3994 Ott.
1034 3947 1084 4003 1,
1113 3958 1215 4008 pro
1237 3942 1396 3994 titulo
1420 3941 1576 4009 primi
1606 3941 1798 4008 capitis

199 4010 290 4066 De
323 4012 489 4064 Adam
540 4012 684 4064 dicit.
720 4010 904 4073 R~m.,
962 4009 1112 4077 Quod
1149 4013 1313 4066 Adam
1362 4013 1688 4080 fuitejectus
1737 4013 1798 4065 de

241 4083 480 4136 aradiso.
531 4081 688 4145 υι·1).,
751 4082 823 4135 De
852 4083 999 4149 ιαριιι
1049 4085 1350 4155 protoplasti
1383 4101 1470 4152 per
1500 4086 1794 4136 draconem.

262 4155 312 4208 ic
340 4157 542 4224 primus
579 4168 770 4208 versus
793 4195 806 4215 ,
841 4165 893 4208 et
923 4171 1016 4208 sex
1051 4155 1139 4208 ;ιΙιὶ
1170 4166 1460 4224 sequentes
1493 4155 1798 4217 producun-

195 4236 296 4279 tur
335 4227 384 4277 iu
416 4222 745 4279 Cullecnoue
775 4226 1079 4294 Pisaurensi
1113 4222 1393 4294 poetarum
1414 4271 1427 4291 ,
1465 4236 1596 4279 tom.
1626 4225 1711 4289 Vl,
1742 4241 1792 4291 p.

203 4295 345 4362 282,
378 4295 521 4350 inter
552 4293 798 4349 carmina'
821 4296 1028 4349 minora
1066 4293 1394 4350 incertorum
1424 4306 1700 4358 auctorum
1732 4311 1798 4349 ex

192 4367 460 4421 Tractatu
493 4367 839 4434 diplomatico
867 4367 1254 4434 Mitirinoriiiii,
1284 4381 1415 4421 tom.
1449 4367 1537 4424 lll.
1565 4378 1702 4436 part.
1738 4383 1792 4431 ll,

195 4448 346 4492 sect.
371 4438 430 4501 4,
463 4453 581 4505 cap.
613 4438 795 4500 2,art.
839 4440 888 4495 il.
929 4439 1214 4507 lgnorabat
1261 4439 1470 4494 scilicet
1524 4438 1800 4493 Collector

202 4509 580 4564 Pisaurensis.
610 4509 821 4566 Sedulii
847 4524 938 4563 vos
967 4526 1106 4564 esse.
1366 4510 1370 4514 ’

215 4590 218 4592 ’
274 4581 618 4642 2.,Nonnnlli
669 4581 890 4649 vulgati,
940 4579 1271 4646 blandisque;
1318 4597 1448 4636 mss.
1472 4591 1525 4634 et
1555 4575 1840 4648 plerique‘

193 4651 372 4714 edidi,
389 4651 905 4722 blandique,f:ivente
919 4668 1097 4722 prosa.
1118 4653 1322 4706 Poelm.
1340 4668 1459 4706 cum
1479 4653 1795 4720 quihusdam

192 4723 364 4777 editis
391 4726 621 4794 soporis:
652 4723 739 4775 alii
766 4723 894 4776 editi
919 4740 1040 4776 cum
1070 4725 1339 4792 plerisque
1365 4739 1495 4776 mss.
1531 4734 1585 4777 et
1617 4739 1793 4790 prosa,

191 4799 406 4865 saporis
426 4835 440 4857 ,
485 4794 636 4865 cujus
673 4795 818 4848 vcrlii
848 4795 1026 4863 glossa
1065 4796 1115 4847 in
1144 4794 1326 4865 Βρεμι
1353 4802 1437 4848 est
1467 4795 1604 4847 illius
1637 4799 1791 4863 pomi.

276 4866 330 4920 ὅ.
368 4864 557 4918 Parrh.
591 4866 708 4918 lwto
740 4867 924 4918 misero
946 4881 964 4918 :
990 4867 1172 4919 emteri
1196 4864 1388 4919 lethum
1411 4867 1618 4918 misero.
1655 4866 1784 4933 lleg.

193 4939 255 5000 1,
290 4952 382 5002 pro
411 4935 467 4990 d.
500 4953 528 4989 ιιι
559 4980 572 5001 ,
618 4937 702 4990 vel
734 4937 1098 5000 correctione,-
1159 4936 1302 4989 Vatt.
1338 4937 1388 5000 1,
1425 4937 1476 4997 2,
1502 4937 1690 4988 Ottoh.
1725 4937 1786 5002 2,

193 5007 361 5079 Uriu,
418 5008 568 5068 Ald.,
611 5006 791 5070 Rom.,
825 5007 974 5073 Alli.,
1008 5008 1137 5076 lleg.
1163 5008 1227 5079 β,
1267 5019 1318 5060 et
1348 5012 1482 5079 Aug.
1510 5018 1786 5074 portarat.

192 5078 338 5146 Reg.
401 5079 456 5142 2,
488 5095 520 5149 ξι
547 5095 630 5146 pr.
664 5098 759 5142 ll|.,
796 5090 848 5131 ut
880 5081 1109 5141 videtur,
1162 5077 1294 5149 Reg.
1339 5081 1394 5137 4.
1425 5077 1681 5144 l‘oelmq
1735 5092 1789 5135 et

193 5149 320 5213 alii,
355 5148 611 5220 portabat.
670 5151 1103 5218 Mett-,portarit.
1158 5148 1290 5220 Reg.
1351 5149 1408 5212 2,
1461 5165 1487 5201 a
1542 5166 1651 5202 sec.
1687 5169 1796 5217 m.,.

196 5221 378 5276 Parrh
412 5265 424 5280 ,
459 5232 512 5273 i-t
543 5222 772 5276 lut'IaSsc
798 5222 929 5291 lleg.
965 5225 1014 5284 l,
1041 5237 1067 5273 a
1101 5237 1181 5288 pr.
1210 5239 1305 5286 m.,
1335 5221 1561 5287 potabat.
1586 5221 1692 5274 Ott.
1727 5223 1780 5284 l,

192 5293 270 5346 ad
307 5307 476 5358 marg.
532 5294 762 5361 potabat,
796 5292 847 5345 in
899 5303 1153 5345 contextu
1188 5302 1394 5358 portat,
1447 5292 1538 5344 sed
1571 5293 1784 5346 videtur

196 5363 374 5418 fuiSsc
400 5364 667 5428 deportat:
706 5365 805 5415 hoc
843 5364 1014 5426 ipsum
1039 5364 1274 5429 deportat
1327 5372 1410 5417 est
1439 5363 1648 5418 diversa
1682 5365 1780 5417 alia

193 5435 368 5490 lectio
400 5436 450 5486 in
491 5433 619 5503 Reg.
652 5437 698 5487 1.
729 5433 974 5489 Genuina
1024 5436 1184 5488 lectio
1218 5437 1343 5488 mihi
1380 5436 1592 5488 videtur
1639 5446 1789 5504 pota-

194 5516 307 5567 ται,
340 5508 588 5572 quamvis
618 5509 920 5572 exemplum
956 5523 1060 5560 non
1111 5507 1377 5559 inveniam
1406 5507 1562 5574 hujus
1585 5507 1793 5575 signiﬁ-

191 5576 642 5631 catiOnisaCIivm
674 5588 853 5646 potare
879 5576 1038 5630 alicui
1065 5594 1274 5641 aquam.
1303 5578 1499 5641 rinam,
1535 5587 1588 5631 et
1623 5588 1790 5631 meta-

194 5649 428 5717 plinrice
453 5648 645 5719 fetuum
680 5665 776 5715 pro
803 5649 1064 5702 exhibere
1095 5649 1407 5716 potandum.
1439 5659 1530 5701 aut
1569 5657 1791 5719 gustan-

190 5721 354 5775 dum.
375 5719 486 5773 lluc
507 5718 630 5773 facit
647 5721 682 5773 Ι.
709 5736 781 5788 tv,
805 5735 942 5773 vers.
970 5720 1097 5788 18ορ
1120 5719 1320 5791 Quippe
1344 5737 1510 5773 necem
1524 5737 1682 5791 parvo
1695 5724 1780 5773 de-

1815 4906 1868 4965 ῑ)

1901 3593 2129 3660 poterat.
2148 3592 2536 3660 cearteportarat
2559 3583 2715 3660 longe
2739 3583 2926 3636 melius
2949 3596 3034 3638 est
3053 3600 3211 3654 quam
3229 3587 3485 3656 portabat.

1971 3655 2022 3707 4.
2056 3653 2168 3708 Ott.
2196 3653 2251 3715 2,
2280 3653 2600 3722 sumpserat:
2637 3654 2752 3707 leae
2775 3666 3024 3707 senserat.

1971 3726 2023 3778 7.
2056 3723 2824 3798 Parthi.ginterpungitiNoxia
2856 3735 2905 3777 tu
2953 3723 3176 3798 conjux,
3210 3731 3371 3797 magis
3420 3748 3486 3781 an

1901 3798 2060 3849 draco
2105 3796 2333 3864 perﬁdus
2363 3797 2487 3849 ille?
2519 3795 2572 3847 lu
2607 3796 2850 3859 Virgilio,
2884 3795 3053 3864 queui
3083 3795 3336 3852 Sedulius
3368 3803 3484 3853 imi-

1902 3877 2065 3924 tatur.
2094 3870 2296 3938 pariter
2318 3867 2572 3932 distingui
2600 3870 2817 3932 poterit,
2850 3868 3086 3922 Crudelis
3117 3880 3298 3932 mater,
3322 3875 3484 3938 maqia

1900 3956 1967 3992 an
2016 3957 2141 4010 puer
2170 3934 2437 4009 improbus
2486 3939 2613 3992 ille?
2644 3939 2888 4007 Plerique
2909 3955 3118 3995 comma
3158 3951 3275 4009 post
3323 3934 3486 4012 mauis

1901 4021 2200 4079 apponunt.

1975 4083 2061 4136 l2.
2095 4082 2235 4154 Reg.
2267 4083 2300 4135 4
2331 4081 2610 4154 mendose,
2651 4079 2867 4135 Cernere
2895 4100 2996 4136 non
3029 4084 3226 4154 genitor
3251 4086 3406 4138 ultra.

1975 4155 2060 4208 15.
2100 4153 2262 4216 Εάειί,
2306 4170 2425 4206 cum
2460 4152 2730 4219 plerisque
2763 4168 2923 4212 mss.,
2947 4152 3144 4208 senum.
3179 4157 3287 4208 Ott.
3318 4157 3364 4219 1,
3405 4174 3484 4208 se-

1903 4241 2025 4290 nes,
2075 4225 2215 4289 quod
2269 4223 2524 4291 explicui
2582 4233 2763 4289 posset
2792 4240 2815 4296 7:
2849 4225 2985 4288 Ouid
3019 4226 3304 4294 proderat,
3337 4228 3480 4296 quod

1863 4291 1872 4311 ‘
1902 4309 2060 4349 senes
2093 4304 2400 4361 spectarent
2435 4298 2743 4363 progeniem
2772 4291 3034 4349 decimam
3066 4291 3477 4364 nepotitiii,'etr.

1901 4365 2243 4419 Burmaunns
2267 4365 2575 4433 conjecerat
2602 4382 2790 4425 senem,
2835 4368 3054 4434 eadem,
3106 4369 3320 4437 opinor,
3352 4384 3480 4424 seti-

1905 4439 2088 4490 tentia.
2119 4437 2330 4506 Optima
2362 4451 2590 4504 quaeque
2620 4437 2949 4502 exemplaria
2990 4448 3241 4500 spectare,
3286 4455 3479 4505 nempe

1903 4509 2108 4580 videre.
2143 4509 2197 4560 In
2231 4508 2506 4560 nonnullis
2546 4509 2772 4580 vulgatis
2821 4525 2939 4560 cum
2972 4512 3134 4580 Ang.,
3166 4522 3476 4578 exspectare,

1903 4581 2043 4647 quod
2076 4579 2386 4648 frequenter
2418 4594 2444 4629 a
2481 4579 2715 4632 librariis
2746 4584 3028 4634 confusum
3061 4579 3182 4634 eum
3206 4594 3436 4640 spectare
3461 4600 3478 4635 :

1901 4651 2190 4719 aliquando
2220 4661 2398 4722 tainen
2423 4661 2658 4722 (περίεις)
2691 4667 2784 4714 pro
2810 4663 3006 4722 specto,
3036 4653 3117 4705 vel
3148 4662 3353 4722 aspecto
3385 4670 3478 4722 pn-

1904 4723 2072 4775 nitur.
2097 4722 2230 4775 Vide
2259 4722 2295 4774 Ι.
2325 4738 2336 4774 ι
2378 4721 2651 4774 Dt'accuntii
2687 4723 2810 4776 556.

1895 4800 1903 4806 ’
1978 4794 2061 4847 14.
2096 4793 2310 4851 Parrh..
2339 4803 2605 4855 convicta;
2639 4793 2917 4861 legendum
2942 4811 3056 4845 eum
3082 4795 3232 4846 victa.
3259 4793 3477 4847 Nebris-

1903 4866 2081 4919 sensis
2123 4863 2496 4932 interpretatio
2525 4873 2635 4918 cst:
2686 4880 2800 4932 qua?
2850 4866 3479 4920 multitudineannorum

1898 4937 2106 4989 laudent
2126 4939 2360 4992 vincitur.

1971 5008 2056 5062 15.
2115 5009 2244 5077 Reg.
2274 5008 2330 5066 4,
2383 5007 2744 5074 inseparabilis
2769 5006 2930 5070 Ιιονω,
2991 5007 3079 5073 qui
3111 5021 3266 5060 error
3293 5017 3477 5064 contra

1895 5091 2130 5132 metrum
2161 5089 2216 5132 et
2251 5093 2468 5132 sensum
2512 5077 2635 5130 inde
2668 5079 2857 5141 oritur,
2890 5079 3031 5143 quod
3063 5077 3114 5129 in
3139 5078 3322 5131 multis
3347 5095 3476 5134 mss.

1892 5151 2146 5203 scribitur
2199 5149 2579 5218 inreparabilis.
2609 5147 2860 5215 Virgilius
2906 5148 2998 5201 lib.
3036 5165 3086 5213 ς,
3145 5164 3301 5202 versu
3343 5150 3477 5204 467:

1891 5221 2006 5276 Stat
2029 5239 2122 5274 sua
2146 5224 2326 5291 cuique
2339 5222 2466 5282 dies,
2484 5221 2644 5283 breve,
2665 5231 2710 5271 et
2731 5218 3069 5282 irreparabile
3085 5221 3481 5291 tempus—Unt-

1890 5294 2038 5346 nibua
2067 5303 2140 5345 est
2163 5295 2296 5346 ritca.

1977 5365 2064 5418 17.
2103 5364 2235 5429 Reg.
2268 5365 2319 5427 1,
2352 5360 2524 5414 Vatie.
2553 5360 2608 5422 2,
2643 5361 2792 5425 Ald.,
2817 5363 2945 5432 nihil
2969 5378 3115 5415 esse:
3138 5364 3382 5432 plerique
3405 5366 3482 5418 nil

1900 5452 2028 5497 esse,
2083 5435 2222 5491 quod
2259 5433 2482 5501 perinde
2520 5442 2619 5486 est.
2654 5432 2840 5494 Tuon,
2883 5431 2999 5484 Vita
3029 5431 3186 5487 brevis
3216 5433 3347 5485 nihil
3372 5452 3480 5490 esse

1900 5506 1989 5557 diu
2015 5522 2127 5557 cum
2163 5505 2263 5573 ﬁne
2296 5505 2509 5557 doloris.
2543 5504 2668 5556 Mss.
2700 5505 2868 5558 nosu'i
2898 5519 3020 5557 cum
3069 5505 3335 5574 plerisque
3365 5507 3480 5559 edi-

1898 5577 1967 5628 tis
1991 5593 2104 5629 cum
2130 5577 2231 5646 ﬁne
2251 5577 2465 5630 doleret.
2494 5574 2650 5628 Fabr.
2675 5585 2730 5628 et
2758 5575 3002 5630 nonnulli
3029 5574 3118 5628 alii
3146 5578 3364 5645 vulgati,
3385 5579 3476 5630 do-

1895 5657 2047 5713 ceret,
2082 5657 2415 5718 repugnante
2439 5659 2619 5714 prosa.
2827 5670 2831 5676 -

275 5843 300 5872 ι
323 5832 664 5896 Gallandius,
697 5834 866 5889 vita...
900 5850 1012 5887 cum
1035 5835 1394 5898 clauderetur;
1423 5837 1544 5901 alii,
1579 5838 1759 5891 rita’...
1785 5838 1874 5908 qui
1893 5839 2237 5892 clauderetur.
