3826 6366
536 595 628 647 I95

530 702 701 757 brevis
749 702 884 754 inter
940 713 1032 753 vos
1082 711 1205 752 usus
1260 706 1312 749 et
1346 695 1585 748 festinata
1622 692 1877 746 discessio
1926 700 2077 751 neget
2112 691 2158 744 A

534 790 721 859 insmm
749 799 955 857 tempus
982 787 1231 842 examini.
1261 784 1407 837 Vale.

1124 873 1331 939 EPIST.
1364 871 1545 925 LXVI.

894 978 1193 1018 εῑωιιςιιυε
1220 976 1473 1015 ῖιλνιλδιο
1498 974 1685 1012 FRATRI

602 1056 656 1110 Si
682 1054 925 1107 amicitia:
950 1036 1161 1121 semper
1189 1051 1321 1104 ratio
1356 1051 1593 1116 deposc't
1614 1087 1629 1110 ,
1662 1061 1755 1100 cur
1786 1055 1967 1099 mutua
2000 1059 2091 1095 ne-

533 1147 670 1215 goda
721 1146 935 1199 alterius
970 1145 1217 1211 juventus
1275 1139 1499 1202 olliuiis,
1547 1148 1743 1205 quanto
1798 1135 2091 1203 impensior

534 1235 845 1289 utilitatibus
871 1235 1279 1303 propinquorum
1306 1244 1432 1283 cura
1463 1228 1707 1289 debetur,
1738 1239 1959 1292 quorum
1991 1238 2089 1275 no-

535 1328 613 1382 bis
636 1328 771 1380 bona
801 1334 854 1378 et
876 1324 1095 1378 adversa
1120 1320 1419 1377 communia
1448 1320 1608 1372 sunt?
1629 1317 1761 1382 Quid
1785 1314 1922 1382 quod
1951 1330 2004 1364 sa
2029 1328 2090 1380 pe

536 1417 740 1471 benitas
779 1428 951 1468 causa;
980 1413 1309 1474 cohortatur,
1342 1419 1399 1461 ut
1428 1408 1569 1475 quod
1600 1408 1857 1458 debemus
1886 1402 2088 1470 generi,

536 1509 828 1559 tribuamus
848 1502 1136 1571 promptius
1160 1498 1425 1567 :equitati?
1445 1499 1570 1561 Qua:
1587 1512 1668 1547 me
1688 1508 1789 1545 non
1811 1492 1981 1544 minus
2000 1503 2092 1557 pro

537 1594 648 1658 illo,
676 1608 830 1661 quam
856 1590 1182 1645 necessitudo
1208 1586 1513 1651 commovit,
1536 1594 1592 1637 ut
1622 1584 1734 1652 ipse
1762 1582 1919 1667 etiam
1949 1595 2094 1633 coni-

536 1702 685 1755 perto
734 1702 797 1741 ex
850 1685 1099 1738 relatione
1150 1680 1375 1735 Vtetoris
1408 1678 1710 1745 spectabilis
1749 1675 1845 1727 viri
1887 1674 2099 1739 negot‘o

537 1777 811 1844 iudicabis.
838 1774 963 1827 Nam
980 1786 1086 1840 quo
1110 1786 1195 1824 res
1221 1770 1395 1822 notior
1420 1768 1589 1830 lieret,
1621 1764 1841 1833 publica:
1861 1762 2097 1830 epistolae

541 1865 703 1917 nia'ui
751 1864 989 1929 exempla
1032 1862 1235 1927 sociare
1258 1898 1271 1922 ,
1324 1872 1389 1911 ne
1418 1856 1541 1925 quid
1584 1854 1773 1908 fiducia
1798 1853 1974 1919 dicere
2008 1865 2099 1918 per

538 1953 759 2023 gratiam
804 1953 1087 2021 iudicarer.
1117 1949 1286 2013 Nunc,
1315 1949 1356 2000 si
1388 1948 1479 2001 tibi
1524 1946 1767 1998 voluntas
1793 1958 1908 1996 mea
1947 1941 2093 1996 cordi

1656 583 1715 646 ρ.
1765 576 2101 635 sunmus
2141 573 2566 631 srititicuus.
3654 534 3763 645 ,σηῖ

2748 687 2952 741 EI‘IST.
2980 687 3181 741 LXXII.

2659 792 2961 830 SVIISIACIIUS
2986 791 3258 832 FLAVIANO.

2263 887 2351 938 Vir
2384 888 2707 941 clarissimus
2750 888 3047 942 Honoratus
3090 889 3403 959 cumprimis
3449 887 3581 941 mihi
3630 890 3751 944 vita-

2193 976 2587 1045 honestatisque
2611 980 2955 1047 complacitus
2976 988 3075 1031 est.
3102 978 3546 1047 Credojndiciutn
3572 994 3741 1033 meum

2193 1065 2283 1119 tibi
2327 1068 2658 1134 asiiernabile
2688 1084 2790 1122 non
2822 1069 3014 1122 videri.
3064 1070 3115 1121 Id
3145 1071 3187 1123 si
3216 1072 3285 1123 ita
3316 1080 3396 1124 est
3417 1110 3431 1132 ,
3463 1086 3639 1139 neque
3669 1062 3763 1125 utc'

2191 1157 2371 1223 opinio
2412 1157 2600 1213 fruSIra
2647 1160 2717 1213 tui
2747 1160 2922 1226 habet,
2950 1160 3178 1215 futurum
3208 1178 3351 1230 reor,
3376 1172 3429 1216 ut
3449 1178 3514 1216 ex
3546 1177 3744 1228 prmro-

2193 1250 2363 1315 gativa
2396 1249 2546 1303 istius
2584 1252 2865 1304 testimonii
2906 1252 2969 1304 ad
3020 1252 3429 1307 familiaritatem
3482 1252 3747 1321 praeclarae

2195 1338 2550 1390 ttuatiintitalis
2593 1348 2694 1391 tute
2715 1379 2729 1403 ,
2754 1341 2903 1408 quasi
2956 1341 3044 1393 tibi
3077 1341 3237 1396 etiam
3268 1342 3457 1397 sedqu
3484 1340 3773 1410 spectatus!

2194 1427 2429 1479 accedat.
2464 1426 2611 1481 Vale.
3772 1420 3773 1423 η

3761 506 3763 645 γ

3761 674 3765 819 l

3764 840 3767 949 l

2739 1514 2949 1571 EPIST.
2981 1518 3207 1572 LXXIII.

2669 1621 2966 1661 SYIUIACI-IUS
2998 1623 3268 1663 FLAVIAXO.

2268 1693 2501 1747 Delectat
2537 1709 2629 1748 ens
2674 1696 2975 1764 frequenter
3012 1697 3158 1750 alfari
3186 1739 3200 1762 ,
3245 1713 3471 1766 quorum
3518 1699 3750 1754 animum

2200 1784 2300 1837 tnei
2330 1795 2590 1839 amantem
2616 1788 2943 1841 documentis
2975 1790 3143 1842 habeo
3167 1789 3589 1855 eninprobatum.
3615 1792 3753 1857 Cape

2200 1873 2354 1941 igitur
2383 1874 2583 1927 litteras
2624 1890 2790 1940 tnea~,
2830 1892 2959 1942 quas
2987 1872 3123 1930 ideo‘
3150 1879 3373 1932 libenter
3400 1878 3607 1943 emitto,
3638 1882 3750 1947 quia

2203 1965 2473 2031 religionis
2519 1974 2621 2017 tua:
2664 1967 2893 2021 vicissim
2952 1982 3137 2034 pascor
3184 1969 3446 2035 alloquiis.
3495 1969 3628 2035 Quae
3677 1982 3753 2021 res

538 2054 649 2109 est,
703 2054 891 2111 precata
940 2041 1061 2095 huic
1105 2039 1379 2109 quaestioni
1430 2046 1689 2090 maturant
1720 2036 2055 2088 securitatem
2081 2069 2097 2094 ,
2130 2027 2172 2084 Β
2202 2027 2392 2113 acui,“
2439 2070 2534 2107 ηυε
2582 2055 2740 2107 debet
2787 2056 2851 2108 ad
2890 2027 3063 2109 officia
3109 2027 3467 2124 promptiora,
3506 2027 3636 2111 cum
3668 2057 3755 2109 tibi

545 2148 697 2193 quam
730 2130 1041 2200 projustitia
1068 2131 1224 2183 etiam
1254 2141 1337 2180 me
1365 2126 1555 2179 silente
1579 2124 1838 2178 defeta'es.

1096 2216 1308 2271 EPIST.
1339 2215 1543 2269 LXVII.

898 2320 1203 2362 SYIIACHUS
1234 2320 1452 2359 FLAVIAN
1462 2320 1495 2359 ο
1524 2318 1736 2357 FRATRI.

613 2385 776 2459 Parva
822 2406 905 2451 est
950 2394 1344 2450 commendatio
1392 2396 1709 2461 scriptorum
1755 2405 2025 2454 meorum,
2056 2404 2102 2444 ει

543 2488 821 2543 Leontium
855 2486 1163 2539 familiarem
1206 2485 1460 2539 innocens
1501 2483 1603 2536 vita
1628 2484 1782 2535 bonis
1807 2483 2103 2549 quibusque

540 2580 811 2632 conciliat.
840 2576 947 2631 Suo
977 2577 1133 2645 igitur
1164 2575 1413 2643 praeditus
1446 2576 1663 2638 merito,
1713 2568 2101 2640 astipulationis

542 2668 863 2722 adminicula
894 2680 999 2719 non
1029 2666 1278 2732 requirit;
1307 2674 1369 2717 et.
1385 2676 1559 2717 tamen
1588 2666 1853 2715 abstinere
1879 2676 1980 2715 non
2012 2662 2103 2714 de-

544 2760 644 2814 heo
675 2760 759 2813 tali
792 2772 984 2827 genere
1014 2756 1329 2819 litterarum,
1382 2756 1545 2823 magis
1578 2762 1633 2805 ut
1672 2752 1920 2805 amicitia:
1950 2753 2105 2803 satis-

544 2852 763 2915 faciam,
810 2863 963 2917 quam
992 2846 1039 2900 ei
1085 2847 1281 2916 aliquid
1323 2847 1437 2914 opis
1464 2843 1752 2898 conferam.
1792 2842 1868 2895 Tu
1900 2852 2101 2894 tantum

542 2953 637 3007 pro
661 2937 985 3006 dignaioue,
1014 2950 1116 3004 qua
1146 2935 1320 2987 clarus
1346 2948 1422 2996 es,
1457 2932 1611 2985 facito
1641 2932 1845 2983 noverit
1882 2932 2101 2998 gratiam

544 3032 621 3081 sui
660 3042 778 3080 meo
806 3039 1013 3095 quoque
1044 3026 1255 3079 nomine
1284 3039 1401 3078 esse
1432 3023 1765 3091 geminatam.
1800 3019 1949 3074 Vale.

1099 3115 1308 3169 EPIST.
1339 3112 1563 3166 LXVIII.

900 3222 996 3259 ςγδι
1007 3221 1209 3259 ἎῑΛῦΙιυΰ
1241 3218 1494 3257 ι’ωνιλδο
1531 3221 1549 3254 f
1562 3218 1739 3256 BATRI.

584 3299 589 3306 '
614 3296 836 3351 Brevem
866 3310 1082 3350 necesse
1108 3304 1188 3349 est
1209 3308 1329 3348 esse
1350 3307 1669 3355 sermonem,
1695 3292 1781 3359 qui
1802 3291 2102 3358 properami

545 3395 760 3454 repente
807 3386 1173 3439 commitLtur.
1206 3383 1379 3447 Quare
1432 3393 1485 3434 et
1527 3382 1701 3433 ol‘licio
1750 3382 1878 3432 satis
1924 3390 2004 3433 est
2050 3392 2097 3433 et
2135 3362 2178 3420 Ο

548 3477 791 3531 brevitati
851 3474 1101 3543 temporis
1132 3474 1408 3538 congruit,
1440 3482 1494 3523 ut
1523 3474 1661 3523 circa
1683 3480 1743 3523 -te
1773 3470 1963 3523 salutat
1985 3471 2100 3521 ouis

548 3568 749 3621 honore
792 3566 1098 3634 perfungar.
1156 3562 1581 3615 Vicissitudinem
1642 3575 1766 3613 vero
1814 3558 2100 3626 efﬂagitare

549 3674 649 3712 non
703 3656 902 3721 debeo,
946 3669 1102 3722 quam
1148 3652 1273 3705 milii
1332 3652 1560 3705 arbitror
1614 3665 1641 3701 a
1695 3651 1807 3702 viro
1854 3650 2101 3701 amicitiae

550 3743 950 3798 servantissime
992 3742 1151 3796 etiam
1182 3741 1295 3793 sine
1337 3739 1699 3793 admonitione
1744 3737 2098 3792 referendam.

552 3833 693 3887 Vale.

1110 3897 1321 3951 EPIST.
1353 3896 1537 3950 LXIX.

1024 4000 1325 4041 SYMIIACIIUS
1354 4002 1627 4041 FLAVIANO.

618 4080 685 4136 Ut
709 4080 866 4134 silere
894 4093 994 4132 non
1026 4066 1238 4146 possunt
1264 4118 1279 4142 ,
1330 4079 1535 4145 quoues
1575 4076 1767 4147 slylum
1800 4078 1980 4131 invitat
2009 4093 2100 4131 oc-

548 4171 721 4232 casio;
773 4170 841 4220 ita
882 4167 925 4219 si
973 4168 1111 4219 desit
1149 4181 1304 4218 causa
1357 4167 1608 4235 longioris
1638 4168 1873 4233 alloquii,
1908 4169 2100 4221 seriem

551 4250 753 4328 pagina:
793 4257 995 4325 stringo
1034 4255 1366 4323 compendio.
1402 4255 1611 4323 Loquax
1643 4256 1783 4308 enim
1813 4260 1960 4323 copia
2002 4267 2101 4320 est,

549 4367 664 4419 qua:
710 4350 763 4401 in
796 4364 851 4400 re
877 4350 1065 4401 usitata
1087 4357 1241 4414 atque
1268 4346 1488 4400 solemni
1520 4348 1801 4401 verborum
1848 4348 2107 4400 redundat

552 4439 750 4492 eluvie.
780 4437 922 4490 Ilave
951 4438 1105 4505 igitur
1132 4436 1273 4499 dico,
1302 4445 1356 4488 et
1376 4438 1601 4489 vicissim
1626 4446 1769 4502 peto,
1802 4447 1854 4515 ut
1880 4453 1960 4495 me
1984 4452 2105 4499 pro-

550 4543 823 4597 sperorum
850 4539 1056 4579 tuorum
1088 4524 1281 4577 indicio
1307 4524 1625 4577 munereris.
1656 4524 1803 4578 Vale.

1132 4633 1342 4688 EPiST.
1367 4634 1525 4687 LXX.

916 4740 1216 4777 SVMMACIIUS
1243 4738 1500 4777 FLAVIANO
1521 4740 1730 4778 FRATRI.

621 4814 971 4869 Humanitatis
998 4814 1213 4865 interest
1240 4814 1753 4867 commendationem
1784 4815 1993 4869 deferre
2016 4833 2061 4883 ρ’
2084 4847 2112 4860 -

552 4907 837 4959 scentibus.
874 4904 927 4956 ln
972 4902 1205 4956 Zenobio
1248 4912 1421 4955 autem
1465 4903 1579 4955 talis
1606 4902 1763 4955 nfticii
1792 4919 1948 4978 causa
1983 4922 2107 4971 pro-

553 4996 763 5063 pensior
794 5002 905 5057 est,
935 5007 1054 5044 cum
1086 4994 1154 5045 sit
1193 4992 1460 5045 familiaris
1489 5007 1664 5056 meus,
1692 5006 1848 5062 atque
1869 4996 2001 5048 adeo
2033 4997 2108 5051 illi

553 5084 802 5136 debeatur
828 5081 998 5149 potius
1020 5096 1176 5147 quam
1207 5090 1485 5147 praestetur
1513 5082 1742 5135 aII’eCIio.
1776 5085 1906 5137 Ilinc
1931 5098 2109 5151 patio-

554 5175 742 5226 ciniuni
768 5173 839 5223 tui
866 5172 1018 5238 cupio
1045 5170 1340 5237 provenire.
1370 5172 1498 5223 Nam
1518 5173 1741 5239 primum
1774 5186 1871 5236 est,
1902 5188 1954 5227 ut
1986 5194 2105 5232 nico

553 5262 799 5329 suﬂragin
833 5261 1078 5327 diligatur
1110 5276 1123 5323 ;
1167 5260 1453 5313 secundum
1482 5262 1614 5328 erit,
1652 5278 1701 5315 υι
1724 5266 1802 5337 sui
1833 5266 2106 5321 honestate

552 5356 896 5420 cntuplaceat.
927 5352 1071 5406 Vale.

928 5439 937 5445 ’
1114 5439 1322 5493 EPIST.
1358 5440 1541 5493 LXXI.

1017 5546 1320 5599 εῖδιιιιιειιυ»
1354 5549 1620 5586 PLAVHNO.

622 5621 996 5684 Considerans,
1018 5622 1141 5697 quid
1162 5622 1285 5674 ntihi
1309 5625 1504 5697 amoris
1532 5622 2105 5693 dignerisimpendnre,

556 5712 779 5764 arbitror
805 5696 1027 5779 (Syriaco
1053 5696 1342 5765 domestico
1365 5729 1481 5766 meo
1513 5715 1605 5768 has
1638 5716 1838 5769 litteras
1862 5717 2103 5782 profutu-

560 5816 666 5866 ηε,
700 5798 886 5867 quibth
928 5814 1105 5868 quaeso
1148 5812 1204 5854 ut
1238 5804 1662 5859 commoditatem
1694 5805 1809 5873 ejus
1854 5819 2098 5875 prompto

561 5889 639 5938 ἣν
676 5907 730 5942 re
760 5893 1026 5957 respicias.
1064 5890 1206 5945 Vale.

2204 2147 2325 2199 hinc
2380 2146 2642 2200 commodi
2692 2144 2889 2200 fenoris
2955 2147 3149 2217 largior
3196 2163 3351 2203 usura
3410 2149 3755 2217 reSpondeat.

2205 2234 2350 2290 Vale.

2739 2305 2946 2360 EPIST.
2984 2306 3214 2361 LXXIV.

2665 2410 2964 2449 SXIIIACIIL'S
3006 2410 3276 2449 PLAVIANO.

2274 2481 2671 2537 Valentinianus
2694 2494 2956 2549 protector
2981 2485 3172 2535 dudum
3201 2485 3493 2551 patrocinio
3515 2485 3758 2539 culminis

2204 2574 2274 2627 tui
2299 2590 2394 2642 per
2422 2588 2504 2627 me
2536 2574 2756 2627 traditus
2784 2589 2940 2641 a'que
2961 2574 3293 2638 commissus,
3327 2575 3638 2627 domesticis
3669 2590 3755 2627 oc-

2202 2666 2572 2732 cupationibus
2614 2666 2866 2717 attinetur
2900 2681 2914 2717 :
2947 2675 3103 2732 atque
3154 2666 3271 2716 ideo
3320 2679 3644 2731 magnopere
3676 2678 3759 2730 po-

2206 2757 2373 2821 poscit
2416 2756 2483 2806 ob
2505 2756 2748 2807 eumdem
2778 2756 2872 2807 sibi
2902 2755 3113 2822 aliquod
3140 2755 3403 2821 negotium
3441 2770 3534 2821 per
3572 2756 3760 2807 subur-

2206 2845 2367 2896 banas
2422 2840 2716 2910 provincias
2764 2845 3053 2913 inipetraii.
3108 2848 3281 2909 Quare
3331 2846 3495 2899 decus
3523 2856 3758 2898 nostrum

2205 2932 2447 2986 familiari
2497 2949 2615 2986 meo
2644 2932 2999 2987 desideratum
3034 2934 3478 2987 tnunua'exclude
3504 2974 3518 2997 ,
3548 2944 3643 2985 aut
3670 2935 3758 2985 im-

2209 3034 2355 3089 petra
2395 3034 2774 3085 commeatum,
2812 3038 2917 3090 quo
2954 3023 3117 3090 possit
3166 3036 3195 3073 a
3239 3022 3457 3075 militari
3505 3033 3630 3075 nota
3670 3021 3761 3073 διώ

2209 3119 2304 3167 hac
2326 3114 2693 3183 impetratione
2720 3115 2953 3168 defendi.
2988 3114 3129 3168 Vale.

2769 3245 2974 3300 EI’IST.
2996 3245 3203 3299 LXXV.

2682 3352 2987 3391 εῖωωωιυε
3010 3350 3281 3393 ηινιΑΝο.

2271 3451 2401 3503 Cum
2431 3453 2480 3505 in
2509 3452 2709 3519 judicio
2734 3452 3060 3519 prinfecmra:
3078 3448 3277 3504 famosa
3299 3465 3456 3505 causa
3483 3451 3758 3517 penderet,

2205 3542 2488 3604 Discutius,
2521 3543 2609 3609 qui
2656 3543 2779 3595 furti
2819 3542 3080 3595 detulerat
3120 3542 3418 3599 actionem.
3462 3542 3765 3608 multosque

2204 3634 2367 3685 nostri
2398 3634 2596 3685 ordinis
2652 3633 2792 3684 viros
2820 3633 3186 3685 criminatione
3237 3633 3646 3699 perstrinxerat,
3679 3646 3765 3684 oc-

2203 3724 2340 3774 culte
2369 3736 2486 3774 cum
2517 3725 2619 3775 reis
2650 3723 2775 3775 inita
2809 3723 3065 3789 pactione,
3102 3737 3204 3774 non
3248 3722 3362 3775 sine
3390 3722 3765 3791 disceptatoris

2206 3813 2396 3865 .nvidia
2424 3812 2846 3866 elusitexamen.
2874 3811 2950 3863 Ad
2982 3811 3134 3877 hujus
3159 3812 3618 3877 investigationem
3646 3812 3768 3863 mis-

2202 3917 2289 3955 sus
2324 3904 2674 3969 apparitor,si
2705 3904 3138 3969 praetorianorum
3170 3898 3548 3952 adminiculum
3577 3901 3764 3953 sortis-

2205 4003 2323 4051 tur.
2377 3993 2656 4059 proclivior
2701 3991 2919 4044 facu‘tas
2966 3988 3266 4043 retrahendi
3295 3990 3622 4042 accusatoris
3650 4003 3767 4042 eve-

2206 4082 2331 4133 niet.
2361 4080 2583 4134 Interest
2612 4080 2830 4148 publica:
2860 4077 3173 4145 disciplina',
3206 4077 3469 4145 simulque
3490 4077 3557 4130 ad
3573 4076 3765 4129 famam

2205 4170 2435 4236 pertinet
2480 4169 2797 4236 cognitoris,
2838 4176 2894 4219 ut
2928 4182 3047 4221 eum
3085 4180 3293 4218 summo
3329 4165 3504 4220 studio
3548 4167 3767 4235 conqui-

2206 4260 2363 4311 simm
2406 4257 2584 4311 reduci
2622 4262 2673 4311 in
2702 4258 2954 4325 judicium
2991 4255 3089 4309 sub
3117 4258 3335 4309 custode
3359 4259 3671 4325 praecipias,
3704 4272 3767 4310 ne

2208 4348 2566 4402 innocentiam
2598 4358 2897 4403 senatorum
2945 4348 3173 4405 obnoxia
3206 4349 3509 4404 rumoribus
3533 4348 3766 4416 suSpicio

2207 4437 2496 4493 decoloret.
2534 4440 2674 4492 Vale.

2751 4532 2962 4587 EPIST.
2997 4532 3227 4586 LXXVI.

2677 4640 2982 4679 SVIHACHUS
3020 4640 3299 4679 FLAVIANO.

2136 4700 2188 4760 θ
2285 4735 2448 4789 Αιηοι·
2492 4745 2611 4788 tuus
2665 4737 2714 4787 in
2749 4736 3029 4788 Domitium
3066 4745 3221 4789 notus
3251 4744 3304 4788 et
3334 4734 3544 4788 validus
3571 4734 3768 4788 ademit

2217 4828 2341 4880 mihi
2365 4827 2762 4881 comniendandi
2786 4830 2902 4895 ejus
2924 4826 3165 4880 laborem
3186 4841 3307 4893 :pro
3329 4842 3432 4891 quo
3450 4828 3766 4879 boetantnm

2216 4919 2411 4973 dixisse
2439 4920 2719 4981 sull'ecerit,
2748 4920 2872 4971 mihi
2902 4932 3109 4985 quoque
3138 4918 3382 4971 eumdem
3412 4918 3579 4985 pri-ea
3608 4918 3765 4969 faint-

2216 5008 2439 5059 Iiaritate
2464 5008 2725 5075 conjungi.
2757 5008 2883 5072 Qure
2915 5023 2999 5060 res
3030 5007 3102 5059 illi
3124 5007 3508 5060 incrementum
3537 5008 3767 5073 palmei-

2217 5097 2285 5149 nii
2320 5098 2423 5161 tui,
2472 5106 2529 5149 ut
2573 5112 2751 5165 spero,
2786 5099 3056 5166 praestabit
3086 5117 3097 5149 ;
3132 5096 3541 5163 probabiliorem
3568 5099 3767 5165 quippe

2211 5200 2328 5237 eum
2355 5185 2445 5237 tibi
2476 5184 2631 5240 faciet
2658 5188 2951 5239 communis
3000 5185 3289 5238 similitudo
3314 5184 3516 5251 judieii.
3560 5184 3763 5237 Interea

2209 5292 2303 5327 nos
2352 5277 2484 5327 ursis
2512 5291 2651 5342 saepe
2697 5278 2999 5344 promissis,
3033 5286 3084 5330 et
3114 5276 3201 5330 diu
3242 5276 3495 5343 speratis,
3523 5277 3622 5330 sub
3652 5278 3766 5344 ipso

2210 5364 2431 5417 articqu
2457 5367 2686 5419 muneris
2709 5367 3016 5432 indigemus.
3048 5366 3141 5418 Vix
3171 5366 3308 5418 enim
3343 5379 3537 5431 paucos
3557 5369 3767 5419 catulos

2213 5462 2503 5505 maceratus
2525 5454 2693 5507 inedia
2716 5463 2769 5506 ct
2797 5456 2969 5507 labore
2993 5456 3328 5522 suscipimus.
3352 5454 3415 5505 Et
3434 5454 3500 5506 de
3522 5454 3767 5507 leonibus

2216 5542 2348 5592 fama
2379 5539 2625 5593 conticuit
2656 5561 2666 5593 :
2702 5559 2923 5610 quorum
2948 5546 3203 5596 adventus
3236 5554 3410 5611 posset
3437 5545 3676 5612 efficere,
3708 5554 3765 5599 ut

2216 5644 2451 5681 ursorum
2510 5631 2769 5683 delectum
2827 5634 3132 5695 congressio
3188 5633 3376 5701 Libyca
3427 5644 3761 5702 repensaret.

2216 5718 2430 5772 Unciam
2480 5721 2628 5787 panis
2675 5722 2929 5773 itialitiose
2970 5732 3022 5775 et
3052 5731 3251 5776 temere
3281 5724 3572 5778 restitutam
3601 5740 3766 5791 spon-

2215 5818 2362 5861 tanea
2406 5810 2647 5865 voluntas
2694 5812 2865 5880 pepuli
2898 5814 3098 5882 redegit
3137 5814 3186 5865 in
3224 5815 3371 5883 copia
3402 5815 3761 5871 conditorum.

2214 5899 2341 5951 Tuta
2383 5901 2531 5968 igitur
2562 5906 2734 5958 omnia
2777 5916 3136 5968 atqnesecura
3185 5915 3339 5971 sunt,
3385 5920 3499 5973 qua:
3525 5907 3759 5958 animum
