3904 6346
188 224 307 283 597

1458 436 1476 508 [
1499 446 1715 492 creator

349 533 611 589 Nascendi
642 531 743 588 sub
771 532 890 602 lege
916 530 1051 595 fuit;
1080 538 1261 600 stupet
1281 529 1478 585 innuba
1510 540 1699 585 tensos

193 626 275 683 ιθ
350 626 513 695 Virgo
532 626 705 690 sinus,
733 622 1037 694 gaudetque
1057 636 1214 677 suum
1236 622 1474 691 paritura
1498 630 1800 692 parentem.

346 718 355 724 ’
416 719 644 789 Jamque
666 732 858 772 novem
878 716 1068 786 lapsis,
1091 713 1288 770 decimi
1310 713 1378 769 de
1400 713 1586 770 limine
1600 714 1805 771 mensis

351 812 613 881 Fulgebat
639 818 848 863 sacrata
879 807 1014 873 dies,
1042 823 1163 861 cum
1197 806 1423 877 Virgine
1446 806 1549 864 feta

346 903 677 960 Promissum
701 901 993 971 complevit
1012 914 1147 970 opus
1168 898 1400 955 Verbum
1425 913 1554 955 caro
1578 897 1801 965 factum,

351 997 407 1052 In
450 995 605 1050 nobis
636 994 881 1049 habitare
910 994 1141 1059 volens;
1177 1002 1286 1046 tum
1327 992 1590 1046 maximus
1620 991 1801 1047 Infans

201 1094 280 1149 ‘5
354 1092 672 1147 lutemerata
705 1090 786 1143 sui
818 1076 1152 1144 conservans
1180 1087 1386 1142 viscera
1417 1086 1625 1155 templi,

354 1186 585 1240 lllzesum
620 1182 868 1238 vacuavit
898 1182 1022 1245 iter,
1058 1196 1155 1249 pro
1182 1180 1392 1250 virgine
1422 1180 1575 1235 testis

350 1268 540 1333 Partus
571 1275 744 1339 adest,
775 1276 954 1329 clausa
986 1273 1316 1345 ingrediens,
1348 1279 1402 1326 et
1430 1270 1612 1326 clausa
1645 1270 1809 1327 relin-

1495 1365 1735 1438 [queus.

351 1463 650 1539 20201132
665 1476 803 1518 nova
821 1462 909 1516 lux
937 1459 1295 1529 mundo,qua:
1316 1467 1428 1515 toto
1440 1458 1613 1530 gratia
1632 1457 1808 1513 coelo!

1340 222 1625 282 CARMEN
1663 222 2051 282 PASCHALE.
2090 227 2223 284 LIB.
2271 229 2334 285 ll.

332 343 500 418 '20!
545 341 828 399 Siderenm
886 354 1007 397 mox
1060 340 1247 413 implet
1286 356 1456 409 onus,
1505 357 1795 412 rerumque
1826 344 1867 404 Α

3414 234 3519 289 598

2040 343 2169 409 Quis
2196 344 2297 399 fuit
2325 344 2417 400 ille
2443 345 2608 413 nitor,
2641 345 2825 401 Marias
2860 364 2981 403 cum
3015 346 3272 404 Christus
3300 349 3368 405 ab
3394 350 3519 403 alvo

1911 434 1981 491 50
2054 435 2326 492 Processit
2358 439 2653 507 Splendore
2685 440 2871 495 novo?
2902 441 3063 496 Velut
3090 441 3204 513 ipse
3232 442 3431 498 decoro

2055 531 2299 599 Sponsus
2322 545 2491 585 ovans
2520 531 2778 599 thalamo,
2805 532 2975 587 forma
3001 535 3280 604 speciosus
3303 551 3516 593 ammna

2056 622 2174 678 Pra:
2202 624 2341 679 natis
2368 624 2669 690 hominum,
2701 626 2853 697 cujus
2886 628 3132 684 radiante
3160 627 3331 700 figura

2060 713 2313 768 Blandinr
2341 716 2393 769 in
2426 716 2583 770 labiis
2610 715 2801 772 dill‘usa
2825 731 2905 773 est
2936 719 3109 789 gratia
3141 722 3405 789 pulchris.

2053 807 2099 862 Ο
2126 807 2298 863 facilis
2329 808 2538 878 pietas!
2574 825 2640 864 ne
2670 824 2767 865 nos
2794 812 2992 867 servile
3027 821 3238 868 teneret
3440 807 3444 813 ’

1910 900 1981 955 55
2052 900 2283 956 Peccato
2312 901 2621 957 dominante
2642 902 2854 974 jngum,
2885 905 3105 959 servilia
3133 921 3379 961 summus

2050 993 2285 1050 Membra
2341 994 2461 1049 tulit
2512 995 2801 1063 Dominus,
2858 998 3128 1069 primique
3176 1002 3244 1055 ab
3306 1000 3519 1071 origine

3210 1092 3229 1165 [
3257 1094 3443 1150 mundi

2053 1177 2242 1233 Omnia
2274 1179 2363 1250 qui
2392 1180 2624 1250 propriis
2655 1182 2822 1237 vestit
2852 1184 3125 1239 nascentia
3156 1184 3337 1252 donis,

2054 1270 2214 1342 203
2253 1268 2469 1325 Obsitus
2500 1272 2708 1342 exiguis
2741 1272 2924 1327 habuit
2952 1275 3230 1330 velamina
3273 1279 3473 1348 pannis
3505 1300 3516 1332 :

2060 1365 2337 1434 Quemque
2364 1365 2649 1433 procellosi
2675 1382 2783 1422 non
2814 1368 3029 1423 mobilis
3061 1370 3201 1425 unda
3228 1373 3515 1441 profundi,

1950 1454 2020 1511 60
2058 1454 2350 1511 Terrarum
2376 1472 2484 1510 non
2508 1472 2671 1512 omne
2700 1459 2899 1527 solum,
2936 1462 3288 1533 spatiosaque
3316 1464 3409 1520 lati

1561 1550 1738 1607 OPUS
1777 1547 2163 1606 PASCHALE.

200 1652 325 1720 lege
354 1648 588 1711 delituit,
622 1664 740 1719 quzc
784 1655 975 1701 cuncta
1004 1660 1104 1701 suo
1131 1645 1281 1701 nasci
1332 1655 1461 1699 nutu
1508 1644 1795 1699 concessit.
1832 1644 1880 1705 B
1915 1649 1969 1696 et
2013 1650 2342 1709 conceptus,
2394 1651 2447 1695 et
2492 1651 2707 1698 creatus
2750 1654 2852 1699 est.
2886 1646 3022 1715 Quae
3065 1663 3217 1705 novae
3258 1651 3392 1708 lueis
3427 1652 3515 1708 illa

200 1742 513 1798 Tumebant
562 1741 785 1812 virginis
831 1741 1003 1805 sinus,
1057 1746 1112 1793 et
1149 1738 1540 1793 fecunditatem
1578 1752 1801 1791 suorum

201 1822 479 1893 viscerum
503 1849 700 1906 corpus
726 1834 1023 1888 mirabatur
1052 1833 1337 1885 intactum.
1360 1830 1578 1889 Grande
1602 1829 1803 1883 mundo

200 1927 514 1999 Spondebat
543 1928 809 1982 auxilium
842 1925 1057 1980 feminei
1095 1934 1283 1993 partus
1312 1925 1429 1977 sine
1457 1922 1571 1976 viro
1604 1932 1806 1993 myste—

201 2024 372 2087 rium,
402 2036 520 2091 quac
555 2010 755 2081 hullins
789 2018 1013 2073 maculre
1047 2032 1203 2072 naevo
1250 2017 1479 2081 fuscata,
1525 2025 1677 2069 tenso
1710 2031 1806 2068 nu-

201 2116 474 2173 triebatur
504 2125 693 2169 ventre
736 2112 1054 2183 prcccordia,
1108 2110 1372 2181 genitoris
1409 2111 1639 2180 genitris
1682 2124 1804 2163 mox

182 2204 417 2279 _fuiura.

278 2300 465 2357 Nonus
504 2300 709 2355 interea
742 2282 942 2353 mensis
971 2296 1281 2363 effluxerat,
1316 2307 1368 2351 et
1400 2294 1596 2351 decimi
1624 2294 1805 2348 lumen

202 2394 520 2451 immortale
558 2393 821 2457 radiabat,
860 2390 1054 2445 claruit
1094 2390 1204 2447 fetu
1247 2390 1494 2457 virgineo
1546 2386 1809 2457 spiritalis

201 2487 394 2559 grati-.e
424 2486 706 2551 manifesta
743 2484 1055 2554 promissio,
1079 2493 1133 2538 et
1157 2493 1181 2521 α
1212 2482 1437 2537 Verbum
1468 2498 1590 2534 caro
1612 2482 1808 2551 factum

201 2591 302 2649 est,
339 2590 385 2633 et
412 2576 663 2633 habitavit
690 2566 740 2631 in
776 2576 1012 2641 nobis,id
1042 2584 1143 2639 est,
1178 2575 1444 2631 habitavit
1478 2574 1530 2627 in
1564 2574 1804 2638 homine,

202 2673 365 2744 cujus
395 2688 452 2726 se
484 2672 733 2743 dignatus
760 2681 845 2726 est
867 2686 1031 2726 carne
1054 2671 1258 2725 vestiri.
1292 2669 1470 2724 Infans
1499 2684 1716 2737 parvus,
1745 2683 1810 2724 ac

202 2766 505 2827 maximus,
540 2766 798 2820 membris
828 2767 1036 2821 scilicet
1070 2765 1319 2835 exiguus,
1351 2763 1553 2817 deitate
1585 2761 1807 2831 praecel-

200 2875 323 2923 sus.
356 2875 452 2930 per
484 2859 772 2927 hOSpllﬂllS
805 2860 989 2930 templi
1018 2859 1284 2913 sinceram
1315 2855 1556 2912 deﬂuens
1588 2856 1808 2910 castita-

203 2964 338 3021 tem,
378 2968 486 3009 non
521 2942 883 3023 Iresiteorpns
924 2952 1257 3015 abscedens,
1314 2950 1403 3021 qui
1436 2965 1543 3004 non
1595 2950 1810 3011 Luserat

1917 1741 2044 1787 tunc
2073 1734 2293 1787 claritas
2324 1735 2507 1789 mundi
2542 1738 2708 1790 totius
2737 1751 2863 1792 oras
2907 1739 3181 1808 implevit!
3228 1758 3349 1813 quae
3376 1744 3518 1799 coelo

1920 1824 2134 1880 laetitia!
2169 1826 2289 1895 quis
2317 1826 2405 1881 ille
2438 1828 2583 1882 nitor
2629 1828 2851 1895 effulsit,
2883 1846 3007 1886 cmn
3049 1833 3303 1889 Christus
3334 1837 3517 1905 splen-

1917 1919 2050 1974 dore
2078 1920 2315 1985 sidereo,
2347 1920 2481 1975 velut
2508 1939 2729 1992 sponsus
2757 1926 3043 1995 procedens
3073 1928 3137 1980 de
3168 1928 3395 1982 tim/amo
3424 1946 3518 1985 sua

1874 2012 1879 2015 ⁷
1918 2009 2095 2083 (Psal.
2128 2029 2277 2079 mu,
2311 2015 2391 2084 ti),
2424 2015 2603 2069 Mariae
2630 2019 2901 2084 processit
2925 2034 2990 2073 ex
3022 2022 3209 2075 utero!
3246 2020 3413 2091 Cujus
3443 2024 3515 2077 ita

1919 2104 2128 2174 species
2173 2105 2356 2161 divina
2384 2105 2672 2163 videbatur
2699 2108 2727 2146 ιι
2754 2112 3103 2180 prmminere,
3140 2126 3198 2167 ut
3227 2114 3517 2169 Davidiens

1919 2196 2095 2266 ipsum
2130 2197 2366 2265 psalmus
2392 2197 2466 2252 ita
2498 2201 2808 2268 pronuntiet
2851 2219 2863 2254 :
2905 2204 3184 2273 Speciosus
3216 2214 3385 2276 [arma
3413 2223 3522 2279 pra:

1919 2288 2045 2354 ﬁliis
2090 2290 2381 2344 hominum.
2426 2290 2631 2357 Di/fitstt
2678 2301 2752 2345 est
2780 2294 2950 2364 gratia
2978 2297 3031 2349 iu
3072 2297 3223 2352 labiis
3255 2300 3377 2365 tuis,
3410 2310 3514 2354 etc.

1920 2379 2111 2450 (Psal.
2144 2398 2288 2449 XLIV,
2320 2384 2351 2435 ὅ
2450 2383 2596 2438 Bene
2629 2401 2737 2456 pra:
2777 2386 2901 2454 ﬁltis
2931 2388 3197 2441 hominum
3228 2393 3519 2459 speciosum

1918 2472 2185 2540 definivit,
2217 2475 2339 2543 quia
2366 2476 2485 2530 licet
2517 2477 2768 2531 Ιιυιιιιηιω
2794 2480 3101 2548 susceperit
3124 2482 3517 2538 incarnationis

1920 2564 2171 2636 effigiem,
2209 2567 2489 2639 liliumque
2534 2554 2773 2625 hominis
2805 2571 2859 2625 in
2892 2575 3204 2644 evangelica
3253 2577 3517 2646 prmdica—

1922 2658 2068 2713 tione
2117 2673 2263 2728 saepe
2313 2660 2541 2731 dixerit,
2594 2676 2875 2732 peccatum
2910 2680 3009 2720 nos
3044 2674 3221 2720 tamen
3256 2670 3519 2739 originale

1921 2752 2241 2823 fmdaverat,
2274 2757 2417 2824 quod
2450 2758 2562 2827 ipse
2593 2772 2699 2811 non
2733 2759 2953 2827 habuit,
2985 2760 3075 2830 qui
3105 2776 3216 2815 suae
3247 2778 3347 2817 nos
3377 2764 3516 2819 nati-

1920 2854 2103 2907 vitatis
2149 2854 2386 2923 puritate
2428 2854 2727 2909 mundavit.
2774 2855 2817 2909 Ο
2857 2857 3029 2925 pietas
3060 2856 3326 2923 clemens,
3356 2868 3409 2912 et
3444 2858 3520 2913 fa-

1921 2946 2135 3000 cilisiad
2165 2947 2427 3001 salutem!
2466 2962 2528 3000 ne
2564 2962 2661 3001 nos
2693 2948 2879 3016 iugum
2924 2948 3199 3003 diuturnae
3248 2961 3519 3018 premeret

202 3064 333 3104 cum
360 3049 623 3105 venisset.
662 3047 801 3103 Vere
830 3048 1025 3102 divinae
1056 3046 1420 3117 generationis
1449 3031 1531 3100 est
1578 3046 1681 3100 hoc
1721 3060 1808 3101 se—
1836 3043 1880 3106 C
1921 3040 2205 3095 servitutis
2252 3055 2350 3111 pro
2404 3042 2723 3096 conditione
2779 3043 3020 3111 peccati,
3056 3043 3317 3098 Dominus
3374 3044 3519 3099 servi

201 3150 453 3208 cretum,
488 3129 642 3196 testis
671 3141 898 3211 virginis
945 3147 1129 3210 partus
1170 3138 1499 3207 ostenditur,
1528 3139 1640 3217 qui
1690 3153 1801 3193 ma-

204 3235 361 3291 terni‘
397 3235 622 3305 pudoris
672 3245 890 3303 custos,
929 3234 1203 3305 ingressus
1234 3233 1429 3287 clausis
1476 3232 1801 3298 visceribus,

1899 3135 2162 3209 membra
2214 3136 2475 3206 suscepit.
2511 3134 2810 3191 Audiamus
2848 3152 3036 3192 vocem
3086 3137 3239 3191 Pauli
3288 3138 3522 3193 dicentis

1920 3227 2172 3298 Apostoli
2209 3245 2222 3283 :
2278 3228 2629 3298 Semetipsum
2662 3230 2965 3295 exinauivit,
3028 3238 3073 3282 et
3116 3229 3339 3299 formam
3386 3231 3520 3284 servi

1695 3322 2012 3380 SCHOLIA.

275 3440 370 3498 58.
417 3439 603 3495 Parrb.
629 3440 900 3510 complevit
928 3454 1025 3509 pro
1051 3455 1172 3494 nica:
1211 3438 1411 3509 implet,
1453 3437 1807 3508 improbanti-

202 3511 311 3567 bus
339 3512 554 3570 schedis
589 3512 792 3568 Poelm.

279 3582 371 3639 '59.
411 3581 543 3653 Reg.
570 3581 620 3651 l,
654 3576 946 3647 Nascendo,
974 3582 1351 3653 posteriorim.
1380 3580 1665 3653 Nascendi.
1686 3579 1809 3634 Cel-

203 3655 380 3709 larins
402 3651 521 3709 cum
545 3655 662 3708 solo
683 3670 783 3709 ms.
806 3653 1006 3708 Heinsii
1030 3652 1229 3725 plenas.
1250 3652 1528 3725 Grnnerns
1557 3663 1610 3707 et
1641 3651 1807 3706 Arat-

204 3726 398 3781 zenius
427 3740 751 3797 revocarunt
781 3734 981 3797 tensos,
1016 3723 1158 3797 quod
1188 3724 1309 3797 cod.
1335 3723 1557 3797 Taurin.
1599 3731 1806 3797 clunes-

205 3766 1171 3867 2;.“23:.gestagesta.“it“,
1189 3766 1285 3853 at".
1296 3766 1808 3863 'eét";ié}£2>s."uiii-

204 3883 317 3939 que
340 3867 553 3939 phrasis
576 3869 785 3936 poetica
816 3866 913 3923 est.
948 3866 1109 3939 Prosa
1141 3881 1239 3939 pro
1270 3876 1434 3922 tensos
1463 3867 1609 3921 facit.

280 3934 370 3994 ισ.
412 3934 736 4009 Conjectura
785 3938 1075 4009 Burmanni
1136 3934 1430 4000 claudilque
1480 3953 1646 3991 suum.
1697 3934 1810 4005 Ego

206 4018 426 4073 contra,
452 4011 494 4063 si
519 4006 846 4065 invenissem
874 4006 1187 4079 claudique,
1213 4009 1566 4079 conjecissem
1591 4012 1805 4078 gaudet.

204 4098 351 4153 que:
382 4081 516 4153 adeo
548 4080 789 4153 hoepra:
823 4082 913 4153 illo
937 4079 1129 4153 placet.

283 4153 375 4223 4i.
417 4150 575 4207 Rom.
612 4150 818 4205 Natalis
842 4148 1068 4205 Domini.
1100 4150 1304 4208 Poelm.
1334 4150 1383 4207 E
1400 4148 1620 4223 Yirgine
1641 4150 1809 4223 nasci-
1836 4155 1891 4217 Ι)

206 4234 301 4277 tur
344 4222 595 4277 Christus.
625 4252 696 4264 --
724 4224 1047 4278 Arntzeuius
1091 4232 1259 4287 notat,
1314 4224 1366 4277 in
1397 4219 1519 4276 Vell
1554 4222 1605 4287 1,
1640 4219 1807 4286 Μοη.,

208 4298 414 4374 frustra
438 4308 562 4374 esse
588 4295 776 4357 decem,
811 4295 903 4348 sed
934 4310 1038 4347 non
1069 4293 1392 4374 distinguit...
1412 4308 1477 4346 an
1507 4293 1680 4374 decem
1712 4306 1811 4374 po-

206 4368 376 4420 situm
409 4364 477 4419 sit
506 4379 605 4432 pro
634 4379 835 4429 novem,
869 4377 935 4417 an
970 4381 1066 4433 pro
1096 4364 1301 4419 decimi.
1348 4362 1681 4420 Utrumlibet
1712 4362 1812 4417 itu-

209 4436 432 4507 prnbari
463 4436 642 4491 debet.
676 4434 823 4507 ldem
857 4435 1180 4491 Arntzenins
1206 4450 1325 4491 cum
1355 4435 1571 4491 schedis
1604 4434 1808 4507 [:oelm.

206 4502 277 4562 de
330 4507 558 4561 lumine:
614 4509 685 4560 ita
732 4505 891 4562 etiam
933 4507 1039 4561 Ott.
1072 4506 1107 4560 Ξ
1153 4521 1342 4562 recens
1370 4507 1560 4561 codex.
1614 4502 1809 4559 Cameri

186 4577 388 4635 ‘nOstri
418 4592 537 4630 eum
574 4577 783 4644 Parrb.,
820 4578 964 4643 Ald.,
995 4578 1229 4642 Edimb.,
1263 4591 1363 4631 ms.
1391 4578 1605 4639 Arntz.,
1639 4577 1702 4628 de
1741 4578 1808 4628 li-

208 4651 375 4704 mine.
420 4648 474 4701 lu
506 4661 675 4719 prosa,
707 4647 909 4719 pariter
940 4650 1119 4704 malim
1164 4649 1315 4703 limen
1358 4654 1457 4717 'pro
1486 4645 1808 4719 lmncn._Nc-

206 4716 518 4775 brissensis'
540 4716 771 4787 explicat
802 4717 869 4771 In
896 4720 1169 4786 principio,
1199 4730 1254 4773 et
1278 4727 1450 4785 notat,
1475 4716 1808 4787 praepositio-

212 4807 341 4847 nem
376 4806 473 4859 pro
505 4790 881 4859 prmpositione
910 4790 1180 4853 adhiberi,
1215 4805 1405 4859 nempe
1432 4790 1493 4842 de
1526 4790 1721 4857 proin.

292 4862 380 4917 45.
404 4862 513 4915 Ott.
546 4862 595 4928 1,
623 4860 804 4926 dubie,
829 4859 1047 4915 Verbum
1068 4878 1186 4915 caro
1208 4862 1398 4932 factum
1430 4870 1500 4915 est
1527 4880 1539 4913 :
1570 4861 1641 4915 ita
1673 4860 1817 4932 clare

213 4934 357 5003 Reg.
390 4933 440 4997 5,
468 4943 517 4987 et
554 4932 739 4986 Aldus.
772 4930 1384 5003 Tune‘diStingnendum
1411 4934 1513 4986 erit
1534 4933 1651 4986 sic:
1684 4930 1818 5003 Pro—

215 5000 434 5059 missum
458 5003 878 5075 complevitopus
913 5000 1156 5074 Verbum,
1180 5019 1300 5056 caro
1322 5005 1516 5073 {actum
1548 5011 1622 5057 est
1652 5033 1713 5041 —
1754 5001 1818 5055 In

215 5076 371 5131 nobis
392 5074 625 5129 habitare
654 5074 847 5129 volens.

294 5146 385 5201 47.
426 5145 607 5217 Ottob.
638 5148 693 5207 (2,
724 5147 952 5201 clausam
978 5146 1288 5217 ingrediens,
1322 5145 1648 5214 clausamque
1668 5146 1825 5217 relin-

213 5233 423 5287 quens:
448 5210 781 5287 quodetiam
814 5210 1120 5273 Burmanno
1150 5219 1200 5270 in
1235 5210 1469 5274 mentem
1498 5210 1667 5272 venit.
1715 5216 1825 5272 Sed

220 5289 395 5357 proba
426 5298 510 5343 est
541 5290 699 5344 lectio
724 5290 1023 5344 communis
1055 5304 1175 5343 cum
1200 5292 1376 5357 glossa
1404 5289 1650 5345 codicum
1678 5287 1823 5341 clau-

215 5376 284 5415 sa
314 5391 374 5401 -—
420 5361 631 5414 viscera.
687 5360 742 5415 ln
785 5364 920 5429 Aug.
971 5360 1183 5415 videtur
1210 5362 1439 5413 clausam
1486 5360 1822 5429 ingrediens:

217 5439 413 5505 postea
445 5432 590 5486 clare
628 5440 675 5486 et
704 5430 882 5485 clausa
926 5432 1234 5503 relinquens.
1273 5433 1383 5485 lloc
1420 5432 1627 5485 clarum
1673 5430 1828 5485 testi-

302 5536 328 5562 λ
368 5526 741 5592 loanniseap.
780 5526 832 5589 1,
861 5541 1004 5581 vers.
1040 5525 1126 5579 M.
1162 5526 1467 5589 Ratbertus,
1493 5524 1602 5593 qui,
1632 5532 1691 5593 ut.
1717 5523 1828 5578 dixi

222 5598 442 5666 Proleg.
494 5614 548 5651 η.
605 5597 727 5658 168,
763 5595 1041 5651 Sedulium
1075 5598 1276 5661 laudat,
1311 5598 1389 5651 sic
1418 5592 1585 5665 legit:
1635 5592 1826 5665 Infans

222 5685 448 5737 namque
496 5684 753 5737 parvus...
799 5669 1033 5738 exiguus,
1082 5668 1172 5720 sed
1219 5669 1472 5720 deitate...
1531 5666 1826 5733 abscedens,

223 5740 367 5810 quod
414 5755 585 5793 non...
620 5740 963 5809 generationis
1007 5739 1193 5794 hoc...
1246 5738 1518 5792 visceribus
1558 5746 1829 5806 conceptus

1910 3435 2151 3491 monium
2174 3437 2507 3493 intemerata:
2524 3437 2843 3509 virginitatis
2870 3438 3115 3507 Deiparre
3154 3449 3279 3496 ante
3303 3450 3516 3509 partum

1909 3509 2083 3633 cassii},
2110 3515 2267 3633 υἷι-ιιι
2314 3510 2536 3578 protulit
2565 3525 2628 3564 ex
2678 3524 2839 3580 prosa
2871 3509 3188 3576 Ratbertus,
3224 3521 3283 3567 ut
3310 3511 3423 3568 dixi
3458 3531 3515 3569 n.

1988 3612 1989 3615 η
2091 3596 2149 3633 ro
2178 3595 2259 3633 ea.

1986 3584 2013 3632 8
2047 3584 2259 3646 Proleg.

1980 3652 2069 3705 48.
2114 3653 2170 3705 lu
2204 3652 2336 3721 Reg.
2366 3654 2389 3706 1
2417 3654 2626 3709 videtur
2650 3652 2817 3708 fuisse
2847 3664 2903 3706 ut
2932 3654 2981 3705 in
3015 3653 3155 3715 aliis,
3190 3655 3389 3723 gratia:
3421 3657 3519 3711 sed

1912 3722 2075 3775 etiam
2097 3732 2253 3795 vetus
2279 3740 2467 3778 manus
2497 3726 2717 3789 scripsit
2743 3725 2935 3795 gaudia
2962 3744 2974 3777 :
2998 3723 3142 3792 quod
3170 3722 3301 3780 sane
3326 3725 3519 3795 displi-

1914 3807 2039 3864 cere
2070 3808 2174 3847 non
2205 3794 2387 3859 debet,
2421 3806 2474 3849 et
2502 3811 2529 3847 a
2567 3812 2725 3864 prosa
2748 3794 3048 3849 indicatur.

1983 3863 2074 3919 50.
2123 3866 2241 3919 Vat.
2278 3868 2297 3919 l
2334 3883 2361 3919 a
2396 3882 2476 3935 pr.
2515 3863 2609 3933 m.,
2667 3867 2846 3928 Cant.,
2898 3865 3066 3919 Toru.
3117 3867 3172 3928 2.
3218 3867 3418 3923 decore.
3458 3870 3515 3924 lu

1918 3934 2036 4009 Vat.
2069 3936 2092 3989 1
2125 3935 2324 3991 factum
2353 3934 2539 3996 decoro
2580 3953 2700 3991 enm
2738 3937 2857 3993 aliis
2896 3938 3100 4009 nostris
3132 3952 3289 4005 mss.,
3321 3949 3374 3993 et
3405 3941 3521 4009 ple-

1912 4007 2325 4081 risqneuettitis,
2383 4010 2755 4081 probantibus
2785 4007 3003 4081 schedis
3050 4006 3254 4063 Poelm.
3305 4006 3518 4081 Vul'gati

1912 4078 2157 4150 nonnulli
2188 4080 2394 4145 decora,
2430 4080 2571 4150 quod
2606 4078 2818 4150 annua
2849 4079 3050 4149 placet.

1986 4150 2075 4202 51.
2106 4148 2234 4205 Urb.
2269 4144 2387 4203 θυαε
2415 4144 2574 4219 :lege
2602 4144 2796 4205 orans:
2844 4144 2868 4175 ⁷
2902 4180 2903 4183 η

1992 4220 2081 4273 52.
2126 4221 2267 4293 Reg.
2305 4223 2357 4286 1,
2394 4222 2515 4277 Prw
2560 4222 2687 4291 ﬁliis
2716 4236 2879 4288 supra
2928 4221 3140 4293 diversa
3188 4223 3382 4290 lectio,
3441 4227 3525 4281 vel

1915 4295 2208 4354 correctio,
2246 4293 2365 4347 Pra:
2390 4296 2544 4358 uatis,
2580 4294 2721 4362 quod
2753 4293 2997 4361 plerique
3025 4292 3118 4345 alii
3151 4306 3284 4348 mss.
3314 4306 3367 4349 et
3394 4296 3525 4351 editi

1918 4374 2326 4435 repraesentant.
2360 4364 2418 4419 lu
2454 4365 2563 4420 Ott.
2610 4365 2635 4417 l
2674 4379 2839 4435 supra
2870 4364 3005 4417 natis
3032 4363 3198 4418 veluti
3230 4366 3407 4435 glossa
3442 4378 3524 4422 est

1915 4430 2060 4501 filiis.
2091 4433 2147 4487 lu
2175 4436 2262 4490 ed.
2296 4436 2442 4503 Lips.
2473 4435 2674 4505 prodiit
2703 4434 2827 4490 Pri:
2855 4435 3021 4505 ﬁliis;
3064 4430 3361 4493 contractis
3392 4439 3523 4497 dua.

1918 4510 2016 4556 hus
2043 4506 2266 4575 syllabis
2291 4510 2341 4559 in
2380 4522 2561 4561 uuam.

1987 4575 2076 4629 53.
2119 4577 2310 4631 Parrh.
2346 4576 2413 4630 In
2444 4578 2627 4632 labris.

1984 4647 2071 4699 55.
2114 4647 2273 4714 Urb.,
2297 4648 2409 4703 Ott.
2437 4650 2498 4714 2,
2522 4665 2643 4704 cum
2670 4648 2889 4716 Parrb.,
2915 4650 3220 4705 damnante:
3241 4650 3331 4705 alii
3353 4650 3534 4717 doni“,

1914 4726 2088 4771 nanle.
2810 4760 2813 4763 ,
2914 4743 2920 4748 ι

2120 4789 2242 4863 _Vat.
2266 4791 2331 4863 1,
2358 4792 2649 4863 primaque.
2890 4862 2893 4863 ν
3618 4844 3625 4863 χ

1992 4861 2085 4938 δηξ.
2109 4860 2237 4938 0tt._
2258 4862 2307 4925 1,
2344 4861 2583 4938 Obvisis;
2612 4862 3061 4938 supra,A0bsitus.
3095 4863 3308 4920 Obslt‘us
3336 4867 3522 4938 pannis

1924 4948 1989 4989 ex
2018 4931 2314 5007 Terentio;
2346 4934 2511 5003 quod,
2538 4935 2639 4990 etsi
2671 4931 2825 4990 multi
2846 4936 3122 5005 accipiunt
3153 4952 3250 5007 pro
3273 4931 3530 5001 svl'ualido

1926 5004 2143 5074 pannis,
2176 5007 2395 5074 proprie
2420 5014 2603 5061 tamen
2630 5006 2821 5060 obsitus
2846 5013 2930 5060 est
2962 5004 3168 5070 tectus,
3189 5007 3486 5069 involutus.

2002 5074 2089 5129 59.
2132 5075 2386 5131 Nonnulli
2425 5078 2578 5146 editi,
2622 5077 2785 5141 Quem
2830 5078 3103 5146 procellasi
3126 5118 3143 5145 ,
3185 5082 3523 5149 repugnante

1932 5154 2127 5201 metro.

2004 5216 2095 5272 60.
2132 5215 2319 5299 Cant.,
2352 5220 2518 5299 Torn.
2549 5218 2606 5287 2,
2632 5219 2687 5284 ἷι,
2719 5220 3082 5299 speciosaque:
3113 5221 3285 5299 magis
3300 5228 3529 5299 sentem-

1935 5292 2023 5343 tiae
2052 5290 2303 5361 congruit
2332 5294 2677 5363 spatiosaque.
2723 5290 3006 5362 Frequens
3048 5300 3131 5347 est
3172 5290 3401 5349 mutatio
3430 5292 3523 5347 ha-

1934 5376 2057 5414 rum
2084 5375 2296 5416 νοωω.
2675 5402 2685 5410 ~

1936 5534 2029 5592 est,
2059 5538 2105 5581 et
2134 5538 2352 5584 creatus.
3502 5548 3511 5563 ’ν

2004 5590 2290 5723 ιᾊίλνείηὶ
2346 5601 2649 5658 editionum
2692 5601 2949 5671 adjicitur
2993 5600 3205 5657 diversa
3262 5590 3547 5673 scriptura.

2004 5687 2063 5723 aut
2091 5686 2192 5723 ενε.

1933 5686 2192 5738 paenitere.
