  <div class='ocr_page' id='page_1' title='image "/cluster/home/n/w/nwhite01/storage/ocr_20150623/18-19/uva.x000826554/1091.png"; bbox 0 0 3904 6336; ppageno 0'>
   <div class='ocr_carea' id='block_1_1' title="bbox 384 147 487 203">
    <p class='ocr_par' dir='ltr' id='par_1_1' title="bbox 384 147 487 203">
     <span class='ocr_line' id='line_1_1' title="bbox 384 147 487 203; baseline 0.01 -1"><span class='ocrx_word' id='word_1_1' title='bbox 384 147 487 203; x_wconf 67' lang='grc' dir='ltr'><strong>ΐι99</strong></span> 
     </span>
    </p>
   </div>
   <div class='ocr_carea' id='block_1_2' title="bbox 532 358 1865 432">
    <p class='ocr_par' dir='ltr' id='par_1_2' title="bbox 532 358 1865 432">
     <span class='ocr_line' id='line_1_2' title="bbox 532 358 1865 432; baseline 0.001 -18"><span class='ocrx_word' id='word_1_2' title='bbox 532 360 752 424; x_wconf 76' lang='lat' dir='ltr'><strong>Mansit,</strong></span> <span class='ocrx_word' id='word_1_3' title='bbox 776 370 827 415; x_wconf 87' lang='lat' dir='ltr'><strong>et</strong></span> <span class='ocrx_word' id='word_1_4' title='bbox 857 368 1089 431; x_wconf 87' lang='lat' dir='ltr'><strong>angusto</strong></span> <span class='ocrx_word' id='word_1_5' title='bbox 1115 358 1265 421; x_wconf 22' lang='lat' dir='ltr'><strong>Deus,</strong></span> <span class='ocrx_word' id='word_1_6' title='bbox 1285 360 1337 414; x_wconf 89' lang='lat' dir='ltr'><strong>in</strong></span> <span class='ocrx_word' id='word_1_7' title='bbox 1367 360 1612 432; x_wconf 77' lang='lat' dir='ltr'><strong>prtesepe</strong></span> <span class='ocrx_word' id='word_1_8' title='bbox 1642 362 1865 431; x_wconf 86' lang='lat' dir='ltr'><strong>quievit.</strong></span> 
     </span>
    </p>
   </div>
   <div class='ocr_carea' id='block_1_3' title="bbox 606 440 1985 523">
    <p class='ocr_par' dir='ltr' id='par_1_3' title="bbox 606 440 1985 523">
     <span class='ocr_line' id='line_1_3' title="bbox 606 440 1985 523; baseline 0 -15"><span class='ocrx_word' id='word_1_9' title='bbox 606 451 787 514; x_wconf 88' lang='lat' dir='ltr'><strong>Salve,</strong></span> <span class='ocrx_word' id='word_1_10' title='bbox 819 461 1003 505; x_wconf 86' lang='lat' dir='ltr'><strong>sancta</strong></span> <span class='ocrx_word' id='word_1_11' title='bbox 1031 465 1250 517; x_wconf 85' lang='lat' dir='ltr'><strong>parens,</strong></span> <span class='ocrx_word' id='word_1_12' title='bbox 1281 452 1442 506; x_wconf 78' lang='lat' dir='ltr'><strong>enixa</strong></span> <span class='ocrx_word' id='word_1_13' title='bbox 1470 440 1736 521; x_wconf 86' lang='lat' dir='ltr'><strong>puerpera</strong></span> <span class='ocrx_word' id='word_1_14' title='bbox 1758 452 1985 523; x_wconf 80' lang='lat' dir='ltr'><strong>Regem,</strong></span> 
     </span>
    </p>
   </div>
   <div class='ocr_carea' id='block_1_4' title="bbox 502 533 1991 616">
    <p class='ocr_par' dir='ltr' id='par_1_4' title="bbox 502 533 1991 616">
     <span class='ocr_line' id='line_1_4' title="bbox 502 533 1991 616; baseline 0.005 -21"><span class='ocrx_word' id='word_1_15' title='bbox 502 533 635 613; x_wconf 58' lang='lat' dir='ltr'><strong>&#39;Qui</strong></span> <span class='ocrx_word' id='word_1_16' title='bbox 668 544 864 599; x_wconf 71' lang='lat' dir='ltr'><strong>malum</strong></span> <span class='ocrx_word' id='word_1_17' title='bbox 887 586 901 610; x_wconf 93' lang='lat'><strong>,</strong></span> <span class='ocrx_word' id='word_1_18' title='bbox 939 552 1254 613; x_wconf 84' lang='lat' dir='ltr'><strong>terramque</strong></span> <span class='ocrx_word' id='word_1_19' title='bbox 1285 554 1429 599; x_wconf 91' lang='lat' dir='ltr'><strong>tenet</strong></span> <span class='ocrx_word' id='word_1_20' title='bbox 1457 560 1555 615; x_wconf 90' lang='lat' dir='ltr'><strong>per</strong></span> <span class='ocrx_word' id='word_1_21' title='bbox 1577 546 1805 611; x_wconf 71' lang='lat' dir='ltr'><strong>smcula,</strong></span> <span class='ocrx_word' id='word_1_22' title='bbox 1834 545 1991 616; x_wconf 84' lang='lat' dir='ltr'><strong>cujus</strong></span> 
     </span>
    </p>
   </div>
   <div class='ocr_carea' id='block_1_5' title="bbox 427 637 1832 710">
    <p class='ocr_par' dir='ltr' id='par_1_5' title="bbox 427 637 1832 710">
     <span class='ocr_line' id='line_1_5' title="bbox 427 637 1832 710; baseline 0.001 -19"><span class='ocrx_word' id='word_1_23' title='bbox 427 637 497 693; x_wconf 75' lang='lat'><strong>65</strong></span> <span class='ocrx_word' id='word_1_24' title='bbox 538 638 765 700; x_wconf 84' lang='lat' dir='ltr'><strong>Numen.</strong></span> <span class='ocrx_word' id='word_1_25' title='bbox 789 646 845 692; x_wconf 92' lang='lat' dir='ltr'><strong>et</strong></span> <span class='ocrx_word' id='word_1_26' title='bbox 875 646 1082 692; x_wconf 66' lang='lat' dir='ltr'><strong>interno</strong></span> <span class='ocrx_word' id='word_1_27' title='bbox 1105 637 1477 704; x_wconf 82' lang='lat' dir='ltr'><strong>complectens</strong></span> <span class='ocrx_word' id='word_1_28' title='bbox 1499 637 1677 693; x_wconf 84' lang='lat' dir='ltr'><strong>omnia</strong></span> <span class='ocrx_word' id='word_1_29' title='bbox 1696 654 1832 710; x_wconf 81' lang='lat' dir='ltr'><strong>gyro</strong></span> 
     </span>
    </p>
   </div>
   <div class='ocr_carea' id='block_1_6' title="bbox 530 729 1872 801">
    <p class='ocr_par' dir='ltr' id='par_1_6' title="bbox 530 729 1872 801">
     <span class='ocr_line' id='line_1_6' title="bbox 530 729 1872 801; baseline 0.001 -17"><span class='ocrx_word' id='word_1_30' title='bbox 530 730 826 800; x_wconf 74' lang='lat' dir='ltr'><strong>Imperium</strong></span> <span class='ocrx_word' id='word_1_31' title='bbox 855 731 971 784; x_wconf 86' lang='lat' dir='ltr'><strong>sine</strong></span> <span class='ocrx_word' id='word_1_32' title='bbox 994 729 1100 785; x_wconf 86' lang='lat' dir='ltr'><strong>line</strong></span> <span class='ocrx_word' id='word_1_33' title='bbox 1126 743 1331 795; x_wconf 88' lang='lat' dir='ltr'><strong>manet;</strong></span> <span class='ocrx_word' id='word_1_34' title='bbox 1357 746 1476 801; x_wconf 74' lang='lat' dir='ltr'><strong>mne</strong></span> <span class='ocrx_word' id='word_1_35' title='bbox 1500 739 1688 786; x_wconf 87' lang='lat' dir='ltr'><strong>ventre</strong></span> <span class='ocrx_word' id='word_1_36' title='bbox 1712 731 1872 786; x_wconf 81' lang='lat' dir='ltr'><strong>beato</strong></span> 
     </span>
    </p>
   </div>
   <div class='ocr_carea' id='block_1_7' title="bbox 535 820 1917 892">
    <p class='ocr_par' dir='ltr' id='par_1_7' title="bbox 535 820 1917 892">
     <span class='ocr_line' id='line_1_7' title="bbox 535 820 1917 892; baseline 0.001 -14"><span class='ocrx_word' id='word_1_37' title='bbox 535 822 744 878; x_wconf 87' lang='lat' dir='ltr'><strong>Gaudia</strong></span> <span class='ocrx_word' id='word_1_38' title='bbox 768 822 954 876; x_wconf 78' lang='lat' dir='ltr'><strong>matris</strong></span> <span class='ocrx_word' id='word_1_39' title='bbox 978 820 1186 877; x_wconf 78' lang='lat' dir='ltr'><strong>habens</strong></span> <span class='ocrx_word' id='word_1_40' title='bbox 1202 837 1324 877; x_wconf 87' lang='lat' dir='ltr'><strong>cum</strong></span> <span class='ocrx_word' id='word_1_41' title='bbox 1345 822 1663 892; x_wconf 72' lang='lat' dir='ltr'><strong>virginitatis</strong></span> <span class='ocrx_word' id='word_1_42' title='bbox 1692 825 1917 891; x_wconf 78' lang='lat' dir='ltr'><strong>lianore,</strong></span> 
     </span>
    </p>
   </div>
   <div class='ocr_carea' id='block_1_8' title="bbox 1760 149 2285 210">
    <p class='ocr_par' dir='ltr' id='par_1_8' title="bbox 1760 149 2285 210">
     <span class='ocr_line' id='line_1_8' title="bbox 1760 149 2285 210; baseline -0.004 -2"><span class='ocrx_word' id='word_1_43' title='bbox 1760 149 1976 209; x_wconf 71' lang='lat' dir='ltr'><strong>C(ELII</strong></span> <span class='ocrx_word' id='word_1_44' title='bbox 2012 151 2285 210; x_wconf 74' lang='lat' dir='ltr'><strong>SEDULH</strong></span> 
     </span>
    </p>
   </div>
   <div class='ocr_carea' id='block_1_9' title="bbox 530 265 2077 342">
    <p class='ocr_par' dir='ltr' id='par_1_9' title="bbox 530 265 2077 342">
     <span class='ocr_line' id='line_1_9' title="bbox 530 265 2077 342; baseline 0.005 -23"><span class='ocrx_word' id='word_1_45' title='bbox 530 265 648 320; x_wconf 80' lang='lat' dir='ltr'><strong>Non</strong></span> <span class='ocrx_word' id='word_1_46' title='bbox 682 267 830 337; x_wconf 86' lang='lat' dir='ltr'><strong>capit</strong></span> <span class='ocrx_word' id='word_1_47' title='bbox 857 266 978 320; x_wconf 86' lang='lat' dir='ltr'><strong>aula</strong></span> <span class='ocrx_word' id='word_1_48' title='bbox 1013 266 1143 335; x_wconf 91' lang='lat' dir='ltr'><strong>poli,</strong></span> <span class='ocrx_word' id='word_1_49' title='bbox 1177 266 1371 335; x_wconf 84' lang='lat' dir='ltr'><strong>puerili</strong></span> <span class='ocrx_word' id='word_1_50' title='bbox 1404 266 1457 322; x_wconf 90' lang='lat' dir='ltr'><strong>iu</strong></span> <span class='ocrx_word' id='word_1_51' title='bbox 1489 282 1721 339; x_wconf 88' lang='lat' dir='ltr'><strong>corpore</strong></span> <span class='ocrx_word' id='word_1_52' title='bbox 1742 268 1934 339; x_wconf 88' lang='lat' dir='ltr'><strong>plenus</strong></span> <span class='ocrx_word' id='word_1_53' title='bbox 2015 277 2077 342; x_wconf 51' lang='grc' dir='ltr'><strong>Α,</strong></span> 
     </span>
    </p>
   </div>
   <div class='ocr_carea' id='block_1_10' title="bbox 3587 154 3691 210">
    <p class='ocr_par' dir='ltr' id='par_1_10' title="bbox 3587 154 3691 210">
     <span class='ocr_line' id='line_1_10' title="bbox 3587 154 3691 210; baseline 0 -3"><span class='ocrx_word' id='word_1_54' title='bbox 3587 154 3691 210; x_wconf 74' lang='lat'><strong>600</strong></span> 
     </span>
    </p>
   </div>
   <div class='ocr_carea' id='block_1_11' title="bbox 2232 268 3691 341">
    <p class='ocr_par' dir='ltr' id='par_1_11' title="bbox 2232 268 3691 341">
     <span class='ocr_line' id='line_1_11' title="bbox 2232 268 3691 341; baseline 0.004 -18"><span class='ocrx_word' id='word_1_55' title='bbox 2232 268 2395 341; x_wconf 65' lang='grc'><strong>204</strong></span> <span class='ocrx_word' id='word_1_56' title='bbox 2418 268 2527 326; x_wconf 83' lang='lat' dir='ltr'><strong>Nec</strong></span> <span class='ocrx_word' id='word_1_57' title='bbox 2558 270 2786 340; x_wconf 82' lang='lat' dir='ltr'><strong>primam</strong></span> <span class='ocrx_word' id='word_1_58' title='bbox 2809 270 3049 327; x_wconf 87' lang='lat' dir='ltr'><strong>similem</strong></span> <span class='ocrx_word' id='word_1_59' title='bbox 3074 270 3189 327; x_wconf 87' lang='lat' dir='ltr'><strong>visa</strong></span> <span class='ocrx_word' id='word_1_60' title='bbox 3212 287 3275 328; x_wconf 90' lang='lat' dir='ltr'><strong>es</strong></span> <span class='ocrx_word' id='word_1_61' title='bbox 3303 313 3316 337; x_wconf 89' lang='lat'><strong>,</strong></span> <span class='ocrx_word' id='word_1_62' title='bbox 3359 285 3460 327; x_wconf 89' lang='lat' dir='ltr'><strong>nec</strong></span> <span class='ocrx_word' id='word_1_63' title='bbox 3494 272 3691 329; x_wconf 82' lang='lat' dir='ltr'><strong>habere</strong></span> 
     </span>
    </p>
   </div>
   <div class='ocr_carea' id='block_1_12' title="bbox 3090 365 3689 438">
    <p class='ocr_par' dir='ltr' id='par_1_12' title="bbox 3090 365 3689 438">
     <span class='ocr_line' id='line_1_12' title="bbox 3090 365 3689 438; baseline 0.003 -21"><span class='ocrx_word' id='word_1_64' title='bbox 3090 430 3093 431; x_wconf 17' lang='grc' dir='ltr'><em>ν</em></span> <span class='ocrx_word' id='word_1_65' title='bbox 3302 365 3653 438; x_wconf 78' lang='lat' dir='ltr'><strong>[sequentem</strong></span> <span class='ocrx_word' id='word_1_66' title='bbox 3676 410 3689 429; x_wconf 86' lang='lat'><strong>,</strong></span> 
     </span>
    </p>
   </div>
   <div class='ocr_carea' id='block_1_13' title="bbox 2232 455 3544 536">
    <p class='ocr_par' dir='ltr' id='par_1_13' title="bbox 2232 455 3544 536">
     <span class='ocr_line' id='line_1_13' title="bbox 2232 455 3544 536; baseline 0.001 -25"><span class='ocrx_word' id='word_1_67' title='bbox 2232 455 2359 511; x_wconf 85' lang='lat' dir='ltr'><strong>Sola</strong></span> <span class='ocrx_word' id='word_1_68' title='bbox 2379 456 2497 536; x_wconf 85' lang='lat' dir='ltr'><strong>sine</strong></span> <span class='ocrx_word' id='word_1_69' title='bbox 2522 456 2773 527; x_wconf 76' lang='lat' dir='ltr'><strong>exemplo</strong></span> <span class='ocrx_word' id='word_1_70' title='bbox 2795 456 3041 525; x_wconf 82' lang='lat' dir='ltr'><strong>placuisti</strong></span> <span class='ocrx_word' id='word_1_71' title='bbox 3070 455 3266 512; x_wconf 79' lang='lat' dir='ltr'><strong>femina</strong></span> <span class='ocrx_word' id='word_1_72' title='bbox 3298 457 3544 512; x_wconf 79' lang='lat' dir='ltr'><strong>Christo.</strong></span> 
     </span>
    </p>
   </div>
   <div class='ocr_carea' id='block_1_14' title="bbox 2132 546 3473 619">
    <p class='ocr_par' dir='ltr' id='par_1_14' title="bbox 2132 546 3473 619">
     <span class='ocr_line' id='line_1_14' title="bbox 2132 546 3473 619; baseline 0.001 -18"><span class='ocrx_word' id='word_1_73' title='bbox 2132 546 2200 601; x_wconf 88' lang='lat'><strong>70</strong></span> <span class='ocrx_word' id='word_1_74' title='bbox 2236 547 2387 602; x_wconf 77' lang='lat' dir='ltr'><strong>&#39;l’unc</strong></span> <span class='ocrx_word' id='word_1_75' title='bbox 2408 548 2559 617; x_wconf 89' lang='lat' dir='ltr'><strong>prius</strong></span> <span class='ocrx_word' id='word_1_76' title='bbox 2582 548 2779 617; x_wconf 86' lang='lat' dir='ltr'><strong>ignaris</strong></span> <span class='ocrx_word' id='word_1_77' title='bbox 2806 549 3118 619; x_wconf 81' lang='lat' dir='ltr'><strong>pastoribus</strong></span> <span class='ocrx_word' id='word_1_78' title='bbox 3141 546 3237 604; x_wconf 82' lang='lat' dir='ltr'><strong>ille</strong></span> <span class='ocrx_word' id='word_1_79' title='bbox 3257 559 3473 604; x_wconf 88' lang='lat' dir='ltr'><strong>creatus</strong></span> 
     </span>
    </p>
   </div>
   <div class='ocr_carea' id='block_1_15' title="bbox 2239 639 3692 712">
    <p class='ocr_par' dir='ltr' id='par_1_15' title="bbox 2239 639 3692 712">
     <span class='ocr_line' id='line_1_15' title="bbox 2239 639 3692 712; baseline 0.001 -17"><span class='ocrx_word' id='word_1_80' title='bbox 2239 640 2400 712; x_wconf 65' lang='lat'><strong>205</strong></span> <span class='ocrx_word' id='word_1_81' title='bbox 2464 639 2711 709; x_wconf 86' lang='lat' dir='ltr'><strong>Enituit,</strong></span> <span class='ocrx_word' id='word_1_82' title='bbox 2741 641 2866 711; x_wconf 90' lang='lat' dir='ltr'><strong>quia</strong></span> <span class='ocrx_word' id='word_1_83' title='bbox 2915 650 3102 712; x_wconf 78' lang='lat' dir='ltr'><strong>pastor</strong></span> <span class='ocrx_word' id='word_1_84' title='bbox 3140 652 3297 705; x_wconf 86' lang='lat' dir='ltr'><strong>erat,</strong></span> <span class='ocrx_word' id='word_1_85' title='bbox 3329 642 3692 712; x_wconf 40' lang='lat' dir='ltr'><strong>gregibusque</strong></span> 
     </span>
    </p>
   </div>
   <div class='ocr_carea' id='block_1_16' title="bbox 3386 735 3625 809">
    <p class='ocr_par' dir='ltr' id='par_1_16' title="bbox 3386 735 3625 809">
     <span class='ocr_line' id='line_1_16' title="bbox 3386 735 3625 809; baseline 0 -20"><span class='ocrx_word' id='word_1_86' title='bbox 3386 735 3625 809; x_wconf 73' lang='lat' dir='ltr'><strong>[refulsit</strong></span> 
     </span>
    </p>
   </div>
   <div class='ocr_carea' id='block_1_17' title="bbox 2243 812 3593 898">
    <p class='ocr_par' dir='ltr' id='par_1_17' title="bbox 2243 812 3593 898">
     <span class='ocr_line' id='line_1_17' title="bbox 2243 812 3593 898; baseline 0.002 -15"><span class='ocrx_word' id='word_1_87' title='bbox 2243 827 2452 898; x_wconf 84' lang='lat' dir='ltr'><strong>Agnus,</strong></span> <span class='ocrx_word' id='word_1_88' title='bbox 2482 837 2540 883; x_wconf 87' lang='lat' dir='ltr'><strong>et</strong></span> <span class='ocrx_word' id='word_1_89' title='bbox 2568 826 2846 897; x_wconf 85' lang='lat' dir='ltr'><strong>angelicus</strong></span> <span class='ocrx_word' id='word_1_90' title='bbox 2874 827 3077 883; x_wconf 87' lang='lat' dir='ltr'><strong>cecinit</strong></span> <span class='ocrx_word' id='word_1_91' title='bbox 3101 812 3363 883; x_wconf 84' lang='lat' dir='ltr'><strong>miracula</strong></span> <span class='ocrx_word' id='word_1_92' title='bbox 3390 838 3593 886; x_wconf 78' lang='lat' dir='ltr'><strong>ctetus.</strong></span> 
     </span>
    </p>
   </div>
   <div class='ocr_carea' id='block_1_18' title="bbox 1740 922 2347 1000">
    <p class='ocr_par' dir='ltr' id='par_1_18' title="bbox 1740 922 2347 1000">
     <span class='ocr_line' id='line_1_18' title="bbox 1740 922 2347 1000; baseline 0 -4"><span class='ocrx_word' id='word_1_93' title='bbox 1740 940 1921 998; x_wconf 74' lang='lat' dir='ltr'><strong>opus</strong></span> <span class='ocrx_word' id='word_1_94' title='bbox 1964 922 2347 1000; x_wconf 62' lang='lat' dir='ltr'><strong>pascuus;</strong></span> 
     </span>
    </p>
   </div>
   <div class='ocr_carea' id='block_1_19' title="bbox 396 1026 2010 1111">
    <p class='ocr_par' dir='ltr' id='par_1_19' title="bbox 396 1026 2010 1111">
     <span class='ocr_line' id='line_1_19' title="bbox 396 1026 2010 1111; baseline -0.001 -18"><span class='ocrx_word' id='word_1_95' title='bbox 396 1039 653 1109; x_wconf 68' lang='lat' dir='ltr'><strong>$ttscrpil,</strong></span> <span class='ocrx_word' id='word_1_96' title='bbox 684 1049 789 1093; x_wconf 89' lang='lat' dir='ltr'><strong>etc.</strong></span> <span class='ocrx_word' id='word_1_97' title='bbox 820 1036 1082 1111; x_wconf 79' lang='lat' dir='ltr'><strong>(Philipp.</strong></span> <span class='ocrx_word' id='word_1_98' title='bbox 1108 1055 1165 1102; x_wconf 87' lang='grc' dir='ltr'>ιι,</span> <span class='ocrx_word' id='word_1_99' title='bbox 1200 1026 1280 1104; x_wconf 81' lang='lat'><strong>7),</strong></span> <span class='ocrx_word' id='word_1_100' title='bbox 1305 1038 1506 1108; x_wconf 86' lang='lat' dir='ltr'><strong>quique</strong></span> <span class='ocrx_word' id='word_1_101' title='bbox 1531 1044 1723 1092; x_wconf 85' lang='lat' dir='ltr'><strong>cuncta</strong></span> <span class='ocrx_word' id='word_1_102' title='bbox 1748 1038 1911 1092; x_wconf 81' lang='lat' dir='ltr'><strong>vestit</strong></span> <span class='ocrx_word' id='word_1_103' title='bbox 1940 1037 2010 1092; x_wconf 89' lang='lat' dir='ltr'><strong>ab</strong></span> 
     </span>
    </p>
   </div>
   <div class='ocr_carea' id='block_1_20' title="bbox 400 1128 2008 1202">
    <p class='ocr_par' dir='ltr' id='par_1_20' title="bbox 400 1128 2008 1202">
     <span class='ocr_line' id='line_1_20' title="bbox 400 1128 2008 1202; baseline -0.002 -14"><span class='ocrx_word' id='word_1_104' title='bbox 400 1135 611 1202; x_wconf 83' lang='lat' dir='ltr'><strong>origine</strong></span> <span class='ocrx_word' id='word_1_105' title='bbox 640 1133 857 1198; x_wconf 88' lang='lat' dir='ltr'><strong>nmndi,</strong></span> <span class='ocrx_word' id='word_1_106' title='bbox 896 1132 1177 1185; x_wconf 74' lang='lat' dir='ltr'><strong>nascentia</strong></span> <span class='ocrx_word' id='word_1_107' title='bbox 1220 1130 1414 1200; x_wconf 88' lang='lat' dir='ltr'><strong>pannis</strong></span> <span class='ocrx_word' id='word_1_108' title='bbox 1446 1128 1655 1184; x_wconf 86' lang='lat' dir='ltr'><strong>involvi</strong></span> <span class='ocrx_word' id='word_1_109' title='bbox 1681 1144 1776 1181; x_wconf 83' lang='lat' dir='ltr'><strong>sua</strong></span> <span class='ocrx_word' id='word_1_110' title='bbox 1818 1143 2008 1199; x_wconf 85' lang='lat' dir='ltr'><strong>passus</strong></span> 
     </span>
    </p>
   </div>
   <div class='ocr_carea' id='block_1_21' title="bbox 401 1207 2006 1295">
    <p class='ocr_par' dir='ltr' id='par_1_21' title="bbox 401 1207 2006 1295">
     <span class='ocr_line' id='line_1_21' title="bbox 401 1207 2006 1295; baseline -0.004 -12"><span class='ocrx_word' id='word_1_111' title='bbox 401 1236 487 1284; x_wconf 85' lang='lat' dir='ltr'><strong>est</strong></span> <span class='ocrx_word' id='word_1_112' title='bbox 535 1228 801 1281; x_wconf 88' lang='lat' dir='ltr'><strong>membra.</strong></span> <span class='ocrx_word' id='word_1_113' title='bbox 836 1227 901 1280; x_wconf 89' lang='lat' dir='ltr'><strong>Et</strong></span> <span class='ocrx_word' id='word_1_114' title='bbox 929 1225 1017 1280; x_wconf 90' lang='lat' dir='ltr'><strong>cui</strong></span> <span class='ocrx_word' id='word_1_115' title='bbox 1057 1225 1257 1280; x_wconf 67' lang='lat' dir='ltr'><strong>caelum</strong></span> <span class='ocrx_word' id='word_1_116' title='bbox 1288 1238 1486 1295; x_wconf 88' lang='lat' dir='ltr'><strong>parvus</strong></span> <span class='ocrx_word' id='word_1_117' title='bbox 1513 1232 1596 1279; x_wconf 87' lang='lat' dir='ltr'><strong>est</strong></span> <span class='ocrx_word' id='word_1_118' title='bbox 1626 1222 1814 1289; x_wconf 82' lang='lat' dir='ltr'><strong>limes,</strong></span> <span class='ocrx_word' id='word_1_119' title='bbox 1861 1207 2006 1277; x_wconf 81' lang='lat' dir='ltr'><strong>terra</strong></span> 
     </span>
    </p>
   </div>
   <div class='ocr_carea' id='block_1_22' title="bbox 402 1318 2006 1386">
    <p class='ocr_par' dir='ltr' id='par_1_22' title="bbox 402 1318 2006 1386">
     <span class='ocr_line' id='line_1_22' title="bbox 402 1318 2006 1386; baseline -0.001 -13"><span class='ocrx_word' id='word_1_120' title='bbox 402 1320 623 1382; x_wconf 83' lang='lat' dir='ltr'><strong>deﬁcit,</strong></span> <span class='ocrx_word' id='word_1_121' title='bbox 659 1320 820 1373; x_wconf 86' lang='lat' dir='ltr'><strong>utaris</strong></span> <span class='ocrx_word' id='word_1_122' title='bbox 853 1318 992 1372; x_wconf 87' lang='lat' dir='ltr'><strong>unda</strong></span> <span class='ocrx_word' id='word_1_123' title='bbox 1035 1334 1143 1371; x_wconf 89' lang='lat' dir='ltr'><strong>non</strong></span> <span class='ocrx_word' id='word_1_124' title='bbox 1187 1318 1421 1383; x_wconf 85' lang='lat' dir='ltr'><strong>sullicit,</strong></span> <span class='ocrx_word' id='word_1_125' title='bbox 1476 1318 1679 1386; x_wconf 86' lang='lat' dir='ltr'><strong>plenus.</strong></span> <span class='ocrx_word' id='word_1_126' title='bbox 1713 1319 1911 1371; x_wconf 83' lang='lat' dir='ltr'><strong>mansit</strong></span> <span class='ocrx_word' id='word_1_127' title='bbox 1953 1320 2006 1371; x_wconf 91' lang='lat' dir='ltr'><strong>in</strong></span> 
     </span>
    </p>
   </div>
   <div class='ocr_carea' id='block_1_23' title="bbox 2111 1035 3699 1111">
    <p class='ocr_par' dir='ltr' id='par_1_23' title="bbox 2111 1035 3699 1111">
     <span class='ocr_line' id='line_1_23' title="bbox 2111 1035 3699 1111; baseline 0.002 -19"><span class='ocrx_word' id='word_1_128' title='bbox 2111 1037 2254 1092; x_wconf 75' lang='lat' dir='ltr'><strong>simis</strong></span> <span class='ocrx_word' id='word_1_129' title='bbox 2284 1035 2413 1093; x_wconf 79' lang='lat' dir='ltr'><strong>Deo.</strong></span> <span class='ocrx_word' id='word_1_130' title='bbox 2447 1037 2645 1108; x_wconf 87' lang='lat' dir='ltr'><strong>Utique</strong></span> <span class='ocrx_word' id='word_1_131' title='bbox 2676 1038 2727 1093; x_wconf 90' lang='lat' dir='ltr'><strong>in</strong></span> <span class='ocrx_word' id='word_1_132' title='bbox 2751 1039 3031 1095; x_wconf 74' lang='lat' dir='ltr'><strong>altissimis</strong></span> <span class='ocrx_word' id='word_1_133' title='bbox 3052 1040 3223 1110; x_wconf 78' lang='lat' dir='ltr'><strong>gloria</strong></span> <span class='ocrx_word' id='word_1_134' title='bbox 3256 1040 3349 1094; x_wconf 92' lang='lat' dir='ltr'><strong>Dei</strong></span> <span class='ocrx_word' id='word_1_135' title='bbox 3377 1044 3699 1111; x_wconf 85' lang='lat' dir='ltr'><strong>permansit,</strong></span> 
     </span>
    </p>
   </div>
   <div class='ocr_carea' id='block_1_24' title="bbox 2114 1128 3702 1186">
    <p class='ocr_par' dir='ltr' id='par_1_24' title="bbox 2114 1128 3702 1186">
     <span class='ocr_line' id='line_1_24' title="bbox 2114 1128 3702 1186; baseline 0.001 -3"><span class='ocrx_word' id='word_1_136' title='bbox 2114 1128 2256 1183; x_wconf 88' lang='lat' dir='ltr'><strong>unde</strong></span> <span class='ocrx_word' id='word_1_137' title='bbox 2306 1129 2559 1184; x_wconf 81' lang='lat' dir='ltr'><strong>Christus</strong></span> <span class='ocrx_word' id='word_1_138' title='bbox 2607 1131 2829 1185; x_wconf 78' lang='lat' dir='ltr'><strong>veniens</strong></span> <span class='ocrx_word' id='word_1_139' title='bbox 2876 1148 2980 1184; x_wconf 87' lang='lat' dir='ltr'><strong>non</strong></span> <span class='ocrx_word' id='word_1_140' title='bbox 3034 1132 3284 1186; x_wconf 85' lang='lat' dir='ltr'><strong>recessit.</strong></span> <span class='ocrx_word' id='word_1_141' title='bbox 3344 1129 3411 1186; x_wconf 80' lang='lat' dir='ltr'><strong>Et</strong></span> <span class='ocrx_word' id='word_1_142' title='bbox 3462 1135 3515 1185; x_wconf 87' lang='lat' dir='ltr'><strong>in</strong></span> <span class='ocrx_word' id='word_1_143' title='bbox 3568 1143 3702 1186; x_wconf 74' lang='lat' dir='ltr'><strong>trrra</strong></span> 
     </span>
    </p>
   </div>
   <div class='ocr_carea' id='block_1_25' title="bbox 2111 1221 3703 1290">
    <p class='ocr_par' dir='ltr' id='par_1_25' title="bbox 2111 1221 3703 1290">
     <span class='ocr_line' id='line_1_25' title="bbox 2111 1221 3703 1290; baseline 0.003 -17"><span class='ocrx_word' id='word_1_144' title='bbox 2111 1238 2215 1290; x_wconf 76' lang='lat' dir='ltr'><strong>pax</strong></span> <span class='ocrx_word' id='word_1_145' title='bbox 2254 1221 2545 1275; x_wconf 82' lang='lat' dir='ltr'><strong>hominibus</strong></span> <span class='ocrx_word' id='word_1_146' title='bbox 2586 1222 2731 1276; x_wconf 70' lang='lat' dir='ltr'><strong>bona</strong></span> <span class='ocrx_word' id='word_1_147' title='bbox 2755 1223 3058 1275; x_wconf 79' lang='lat' dir='ltr'><strong>roluntatis.</strong></span> <span class='ocrx_word' id='word_1_148' title='bbox 3106 1222 3333 1277; x_wconf 82' lang='lat' dir='ltr'><strong>Terram</strong></span> <span class='ocrx_word' id='word_1_149' title='bbox 3371 1224 3703 1278; x_wconf 74' lang='lat' dir='ltr'><strong>credendum</strong></span> 
     </span>
    </p>
   </div>
   <div class='ocr_carea' id='block_1_26' title="bbox 2110 1313 3705 1384">
    <p class='ocr_par' dir='ltr' id='par_1_26' title="bbox 2110 1313 3705 1384">
     <span class='ocr_line' id='line_1_26' title="bbox 2110 1313 3705 1384; baseline 0.002 -16"><span class='ocrx_word' id='word_1_150' title='bbox 2110 1324 2194 1368; x_wconf 91' lang='lat' dir='ltr'><strong>est</strong></span> <span class='ocrx_word' id='word_1_151' title='bbox 2240 1313 2489 1369; x_wconf 87' lang='lat' dir='ltr'><strong>homines</strong></span> <span class='ocrx_word' id='word_1_152' title='bbox 2535 1316 2875 1384; x_wconf 83' lang='lat' dir='ltr'><strong>nuncupari,</strong></span> <span class='ocrx_word' id='word_1_153' title='bbox 2919 1314 2987 1370; x_wconf 93' lang='lat' dir='ltr'><strong>de</strong></span> <span class='ocrx_word' id='word_1_154' title='bbox 3029 1330 3132 1384; x_wconf 89' lang='lat' dir='ltr'><strong>qua</strong></span> <span class='ocrx_word' id='word_1_155' title='bbox 3200 1330 3427 1381; x_wconf 90' lang='lat' dir='ltr'><strong>sumus,</strong></span> <span class='ocrx_word' id='word_1_156' title='bbox 3482 1316 3705 1371; x_wconf 83' lang='lat' dir='ltr'><strong>Domino</strong></span> 
     </span>
    </p>
   </div>
   <div class='ocr_carea' id='block_1_27' title="bbox 400 1405 3700 1513">
    <p class='ocr_par' dir='ltr' id='par_1_27' title="bbox 400 1405 3700 1513">
     <span class='ocr_line' id='line_1_27' title="bbox 400 1405 3700 1513; baseline -0.002 -45"><span class='ocrx_word' id='word_1_157' title='bbox 400 1431 638 1485; x_wconf 88' lang='lat' dir='ltr'><strong>corpore</strong></span> <span class='ocrx_word' id='word_1_158' title='bbox 668 1414 897 1483; x_wconf 85' lang='lat' dir='ltr'><strong>puerili,</strong></span> <span class='ocrx_word' id='word_1_159' title='bbox 941 1414 1156 1468; x_wconf 86' lang='lat' dir='ltr'><strong>modico</strong></span> <span class='ocrx_word' id='word_1_160' title='bbox 1189 1413 1335 1468; x_wconf 85' lang='lat' dir='ltr'><strong>Deus</strong></span> <span class='ocrx_word' id='word_1_161' title='bbox 1366 1414 1634 1468; x_wconf 73' lang='lat' dir='ltr'><strong>recubans</strong></span> <span class='ocrx_word' id='word_1_162' title='bbox 1663 1413 1717 1466; x_wconf 93' lang='lat' dir='ltr'><strong>in</strong></span> <span class='ocrx_word' id='word_1_163' title='bbox 1747 1412 2002 1482; x_wconf 76' lang='lat' dir='ltr'><strong>przescpi.</strong></span> <span class='ocrx_word' id='word_1_164' title='bbox 2034 1454 2080 1513; x_wconf 69' lang='grc' dir='ltr'><em>Β</em></span> <span class='ocrx_word' id='word_1_165' title='bbox 2112 1406 2444 1471; x_wconf 74' lang='lat' dir='ltr'><strong>lubricante,</strong></span> <span class='ocrx_word' id='word_1_166' title='bbox 2496 1405 2787 1476; x_wconf 87' lang='lat' dir='ltr'><strong>plasmati,</strong></span> <span class='ocrx_word' id='word_1_167' title='bbox 2841 1406 2931 1477; x_wconf 87' lang='lat' dir='ltr'><strong>qui</strong></span> <span class='ocrx_word' id='word_1_168' title='bbox 2978 1409 3145 1461; x_wconf 78' lang='lat' dir='ltr'><strong>Adam</strong></span> <span class='ocrx_word' id='word_1_169' title='bbox 3200 1408 3493 1477; x_wconf 76' lang='lat' dir='ltr'><strong>increpans</strong></span> <span class='ocrx_word' id='word_1_170' title='bbox 3538 1409 3700 1494; x_wconf 77' lang='lat' dir='ltr'><strong>dixit:</strong></span> 
     </span>
    </p>
   </div>
   <div class='ocr_carea' id='block_1_28' title="bbox 408 1507 2003 1577">
    <p class='ocr_par' dir='ltr' id='par_1_28' title="bbox 408 1507 2003 1577">
     <span class='ocr_line' id='line_1_28' title="bbox 408 1507 2003 1577; baseline -0.003 -13"><span class='ocrx_word' id='word_1_171' title='bbox 408 1509 588 1568; x_wconf 73' lang='lat' dir='ltr'><strong>Salve.</strong></span> <span class='ocrx_word' id='word_1_172' title='bbox 626 1524 821 1577; x_wconf 86' lang='lat' dir='ltr'><strong>parens</strong></span> <span class='ocrx_word' id='word_1_173' title='bbox 850 1511 1083 1576; x_wconf 72' lang='lat' dir='ltr'><strong>Optima,</strong></span> <span class='ocrx_word' id='word_1_174' title='bbox 1133 1507 1265 1560; x_wconf 85' lang='lat' dir='ltr'><strong>tanti</strong></span> <span class='ocrx_word' id='word_1_175' title='bbox 1299 1508 1443 1576; x_wconf 83' lang='lat' dir='ltr'><strong>regis</strong></span> <span class='ocrx_word' id='word_1_176' title='bbox 1494 1507 1785 1577; x_wconf 87' lang='lat' dir='ltr'><strong>puerperio</strong></span> <span class='ocrx_word' id='word_1_177' title='bbox 1812 1521 2003 1559; x_wconf 85' lang='lat' dir='ltr'><strong>consc-</strong></span> 
     </span>
    </p>
   </div>
   <div class='ocr_carea' id='block_1_29' title="bbox 406 1598 2002 1672">
    <p class='ocr_par' dir='ltr' id='par_1_29' title="bbox 406 1598 2002 1672">
     <span class='ocr_line' id='line_1_29' title="bbox 406 1598 2002 1672; baseline -0.004 -16"><span class='ocrx_word' id='word_1_178' title='bbox 406 1612 579 1667; x_wconf 79' lang='lat' dir='ltr'><strong>crata,</strong></span> <span class='ocrx_word' id='word_1_179' title='bbox 612 1603 702 1672; x_wconf 75' lang='lat' dir='ltr'><strong>qui</strong></span> <span class='ocrx_word' id='word_1_180' title='bbox 744 1601 997 1671; x_wconf 86' lang='lat' dir='ltr'><strong>superuis</strong></span> <span class='ocrx_word' id='word_1_181' title='bbox 1027 1600 1098 1654; x_wconf 86' lang='lat' dir='ltr'><strong>ita</strong></span> <span class='ocrx_word' id='word_1_182' title='bbox 1123 1599 1330 1668; x_wconf 73' lang='lat' dir='ltr'><strong>jugiter</strong></span> <span class='ocrx_word' id='word_1_183' title='bbox 1360 1607 1417 1653; x_wconf 89' lang='lat' dir='ltr'><strong>et</strong></span> <span class='ocrx_word' id='word_1_184' title='bbox 1442 1598 1639 1652; x_wconf 75' lang='lat' dir='ltr'><strong>inlimis</strong></span> <span class='ocrx_word' id='word_1_185' title='bbox 1672 1598 2002 1661; x_wconf 79' lang='lat' dir='ltr'><strong>dominatur,</strong></span> 
     </span>
    </p>
   </div>
   <div class='ocr_carea' id='block_1_30' title="bbox 409 1688 2004 1763">
    <p class='ocr_par' dir='ltr' id='par_1_30' title="bbox 409 1688 2004 1763">
     <span class='ocr_line' id='line_1_30' title="bbox 409 1688 2004 1763; baseline -0.003 -18"><span class='ocrx_word' id='word_1_186' title='bbox 409 1703 468 1746; x_wconf 90' lang='lat' dir='ltr'><strong>ut</strong></span> <span class='ocrx_word' id='word_1_187' title='bbox 504 1694 622 1763; x_wconf 68' lang='lat' dir='ltr'><strong>eius</strong></span> <span class='ocrx_word' id='word_1_188' title='bbox 666 1692 989 1762; x_wconf 84' lang='lat' dir='ltr'><strong>imperium,</strong></span> <span class='ocrx_word' id='word_1_189' title='bbox 1030 1698 1293 1761; x_wconf 83' lang='lat' dir='ltr'><strong>potestas,</strong></span> <span class='ocrx_word' id='word_1_190' title='bbox 1332 1698 1387 1744; x_wconf 93' lang='lat' dir='ltr'><strong>et</strong></span> <span class='ocrx_word' id='word_1_191' title='bbox 1425 1704 1621 1743; x_wconf 86' lang='lat' dir='ltr'><strong>nomen</strong></span> <span class='ocrx_word' id='word_1_192' title='bbox 1661 1705 1759 1743; x_wconf 91' lang='lat' dir='ltr'><strong>nec</strong></span> <span class='ocrx_word' id='word_1_193' title='bbox 1795 1688 2004 1742; x_wconf 90' lang='lat' dir='ltr'><strong>initium</strong></span> 
     </span>
    </p>
   </div>
   <div class='ocr_carea' id='block_1_31' title="bbox 412 1781 2009 1852">
    <p class='ocr_par' dir='ltr' id='par_1_31' title="bbox 412 1781 2009 1852">
     <span class='ocr_line' id='line_1_31' title="bbox 412 1781 2009 1852; baseline -0.004 -12"><span class='ocrx_word' id='word_1_194' title='bbox 412 1789 630 1840; x_wconf 85' lang='lat' dir='ltr'><strong>noverit</strong></span> <span class='ocrx_word' id='word_1_195' title='bbox 656 1784 880 1852; x_wconf 88' lang='lat' dir='ltr'><strong>habere,</strong></span> <span class='ocrx_word' id='word_1_196' title='bbox 913 1799 1013 1838; x_wconf 87' lang='lat' dir='ltr'><strong>nec</strong></span> <span class='ocrx_word' id='word_1_197' title='bbox 1038 1785 1221 1846; x_wconf 83' lang='lat' dir='ltr'><strong>linem,</strong></span> <span class='ocrx_word' id='word_1_198' title='bbox 1248 1797 1370 1850; x_wconf 70' lang='lat' dir='ltr'><strong>quite</strong></span> <span class='ocrx_word' id='word_1_199' title='bbox 1401 1781 1541 1837; x_wconf 85' lang='lat' dir='ltr'><strong>beati</strong></span> <span class='ocrx_word' id='word_1_200' title='bbox 1572 1783 1778 1835; x_wconf 87' lang='lat' dir='ltr'><strong>ventris</strong></span> <span class='ocrx_word' id='word_1_201' title='bbox 1806 1781 2009 1834; x_wconf 86' lang='lat' dir='ltr'><strong>honore</strong></span> 
     </span>
    </p>
   </div>
   <div class='ocr_carea' id='block_1_32' title="bbox 411 1872 2008 1947">
    <p class='ocr_par' dir='ltr' id='par_1_32' title="bbox 411 1872 2008 1947">
     <span class='ocr_line' id='line_1_32' title="bbox 411 1872 2008 1947; baseline -0.001 -19"><span class='ocrx_word' id='word_1_202' title='bbox 411 1876 703 1947; x_wconf 73' lang='lat' dir='ltr'><strong>t&#39;OnSpiClltt</strong></span> <span class='ocrx_word' id='word_1_203' title='bbox 729 1875 896 1929; x_wconf 83' lang='lat' dir='ltr'><strong>simul</strong></span> <span class='ocrx_word' id='word_1_204' title='bbox 927 1887 980 1929; x_wconf 91' lang='lat' dir='ltr'><strong>et</strong></span> <span class='ocrx_word' id='word_1_205' title='bbox 1013 1884 1191 1928; x_wconf 82' lang='lat' dir='ltr'><strong>mater</strong></span> <span class='ocrx_word' id='word_1_206' title='bbox 1209 1889 1330 1928; x_wconf 84' lang='lat' dir='ltr'><strong>esse</strong></span> <span class='ocrx_word' id='word_1_207' title='bbox 1348 1874 1620 1941; x_wconf 66' lang='lat' dir='ltr'><strong>probaris,</strong></span> <span class='ocrx_word' id='word_1_208' title='bbox 1646 1883 1699 1927; x_wconf 89' lang='lat' dir='ltr'><strong>et</strong></span> <span class='ocrx_word' id='word_1_209' title='bbox 1724 1872 1891 1943; x_wconf 80' lang='lat' dir='ltr'><strong>virgo.</strong></span> <span class='ocrx_word' id='word_1_210' title='bbox 1912 1872 2008 1927; x_wconf 79' lang='lat' dir='ltr'><strong>Cui</strong></span> 
     </span>
    </p>
   </div>
   <div class='ocr_carea' id='block_1_33' title="bbox 415 1970 2008 2042">
    <p class='ocr_par' dir='ltr' id='par_1_33' title="bbox 415 1970 2008 2042">
     <span class='ocr_line' id='line_1_33' title="bbox 415 1970 2008 2042; baseline -0.004 -16"><span class='ocrx_word' id='word_1_211' title='bbox 415 1975 555 2027; x_wconf 83' lang='lat' dir='ltr'><strong>nulla</strong></span> <span class='ocrx_word' id='word_1_212' title='bbox 598 1974 816 2042; x_wconf 77' lang='lat' dir='ltr'><strong>penitus</strong></span> <span class='ocrx_word' id='word_1_213' title='bbox 859 1970 1084 2041; x_wconf 85' lang='lat' dir='ltr'><strong>a-qualis</strong></span> <span class='ocrx_word' id='word_1_214' title='bbox 1130 1971 1329 2025; x_wconf 87' lang='lat' dir='ltr'><strong>femina</strong></span> <span class='ocrx_word' id='word_1_215' title='bbox 1377 1970 1669 2038; x_wconf 89' lang='lat' dir='ltr'><strong>reperitur,</strong></span> <span class='ocrx_word' id='word_1_216' title='bbox 1708 1982 1827 2037; x_wconf 80' lang='lat' dir='ltr'><strong>qua:</strong></span> <span class='ocrx_word' id='word_1_217' title='bbox 1858 1978 2008 2021; x_wconf 90' lang='lat' dir='ltr'><strong>tuum</strong></span> 
     </span>
    </p>
   </div>
   <div class='ocr_carea' id='block_1_34' title="bbox 415 2058 2013 2129">
    <p class='ocr_par' dir='ltr' id='par_1_34' title="bbox 415 2058 2013 2129">
     <span class='ocr_line' id='line_1_34' title="bbox 415 2058 2013 2129; baseline -0.006 -9"><span class='ocrx_word' id='word_1_218' title='bbox 415 2068 581 2120; x_wconf 78' lang='lat' dir='ltr'><strong>decus</strong></span> <span class='ocrx_word' id='word_1_219' title='bbox 608 2065 863 2119; x_wconf 88' lang='lat' dir='ltr'><strong>similiter</strong></span> <span class='ocrx_word' id='word_1_220' title='bbox 893 2062 1261 2129; x_wconf 58' lang='lat' dir='ltr'><strong>pra‘cesserit,</strong></span> <span class='ocrx_word' id='word_1_221' title='bbox 1286 2070 1379 2114; x_wconf 91' lang='lat' dir='ltr'><strong>aut</strong></span> <span class='ocrx_word' id='word_1_222' title='bbox 1403 2071 1661 2129; x_wconf 90' lang='lat' dir='ltr'><strong>sequatur</strong></span> <span class='ocrx_word' id='word_1_223' title='bbox 1686 2068 1734 2122; x_wconf 75' lang='grc' dir='ltr'><strong>ο,</strong></span> <span class='ocrx_word' id='word_1_224' title='bbox 1758 2058 1871 2112; x_wconf 87' lang='lat' dir='ltr'><strong>sola</strong></span> <span class='ocrx_word' id='word_1_225' title='bbox 1897 2060 2013 2127; x_wconf 83' lang='lat' dir='ltr'><strong>pla-</strong></span> 
     </span>
    </p>
   </div>
   <div class='ocr_carea' id='block_1_35' title="bbox 414 2154 2011 2229">
    <p class='ocr_par' dir='ltr' id='par_1_35' title="bbox 414 2154 2011 2229">
     <span class='ocr_line' id='line_1_35' title="bbox 414 2154 2011 2229; baseline -0.006 -14"><span class='ocrx_word' id='word_1_226' title='bbox 414 2175 549 2215; x_wconf 88' lang='lat' dir='ltr'><strong>cens</strong></span> <span class='ocrx_word' id='word_1_227' title='bbox 572 2160 924 2229; x_wconf 78' lang='lat' dir='ltr'><strong>singulariter</strong></span> <span class='ocrx_word' id='word_1_228' title='bbox 945 2155 1187 2220; x_wconf 85' lang='lat' dir='ltr'><strong>Christo,</strong></span> <span class='ocrx_word' id='word_1_229' title='bbox 1214 2156 1345 2209; x_wconf 90' lang='lat' dir='ltr'><strong>nulli</strong></span> <span class='ocrx_word' id='word_1_230' title='bbox 1374 2154 1712 2225; x_wconf 88' lang='lat' dir='ltr'><strong>compararis</strong></span> <span class='ocrx_word' id='word_1_231' title='bbox 1738 2154 2011 2223; x_wconf 76' lang='lat' dir='ltr'><strong>exemplo.</strong></span> 
     </span>
    </p>
   </div>
   <div class='ocr_carea' id='block_1_36' title="bbox 418 2244 2015 2320">
    <p class='ocr_par' dir='ltr' id='par_1_36' title="bbox 418 2244 2015 2320">
     <span class='ocr_line' id='line_1_36' title="bbox 418 2244 2015 2320; baseline -0.006 -14"><span class='ocrx_word' id='word_1_232' title='bbox 418 2252 571 2307; x_wconf 82' lang='lat' dir='ltr'><strong>Tunc</strong></span> <span class='ocrx_word' id='word_1_233' title='bbox 600 2249 627 2288; x_wconf 65' lang='grc' dir='ltr'>δ</span> <span class='ocrx_word' id='word_1_234' title='bbox 658 2250 889 2320; x_wconf 80' lang='lat' dir='ltr'><strong>angelici</strong></span> <span class='ocrx_word' id='word_1_235' title='bbox 920 2248 1249 2303; x_wconf 76' lang='lat' dir='ltr'><strong>iucunditate</strong></span> <span class='ocrx_word' id='word_1_236' title='bbox 1278 2247 1551 2301; x_wconf 80' lang='lat' dir='ltr'><strong>sermonis</strong></span> <span class='ocrx_word' id='word_1_237' title='bbox 1580 2256 1827 2315; x_wconf 72' lang='lat' dir='ltr'><strong>pastores</strong></span> <span class='ocrx_word' id='word_1_238' title='bbox 1859 2244 2015 2314; x_wconf 83' lang='lat' dir='ltr'><strong>primi</strong></span> 
     </span>
    </p>
   </div>
   <div class='ocr_carea' id='block_1_37' title="bbox 418 2337 2017 2415">
    <p class='ocr_par' dir='ltr' id='par_1_37' title="bbox 418 2337 2017 2415">
     <span class='ocr_line' id='line_1_37' title="bbox 418 2337 2017 2415; baseline -0.002 -20"><span class='ocrx_word' id='word_1_239' title='bbox 418 2361 639 2415; x_wconf 77' lang='lat' dir='ltr'><strong>gregem</strong></span> <span class='ocrx_word' id='word_1_240' title='bbox 672 2360 827 2398; x_wconf 92' lang='lat' dir='ltr'><strong>suum</strong></span> <span class='ocrx_word' id='word_1_241' title='bbox 854 2342 1135 2397; x_wconf 82' lang='lat' dir='ltr'><strong>nocturnis</strong></span> <span class='ocrx_word' id='word_1_242' title='bbox 1160 2340 1365 2411; x_wconf 75' lang='lat' dir='ltr'><strong>vigiliis</strong></span> <span class='ocrx_word' id='word_1_243' title='bbox 1388 2350 1684 2403; x_wconf 79' lang='lat' dir='ltr'><strong>servantes,</strong></span> <span class='ocrx_word' id='word_1_244' title='bbox 1706 2348 1888 2392; x_wconf 88' lang='lat' dir='ltr'><strong>natum</strong></span> <span class='ocrx_word' id='word_1_245' title='bbox 1916 2337 2017 2392; x_wconf 90' lang='lat' dir='ltr'><strong>Do-</strong></span> 
     </span>
    </p>
   </div>
   <div class='ocr_carea' id='block_1_38' title="bbox 420 2432 2017 2507">
    <p class='ocr_par' dir='ltr' id='par_1_38' title="bbox 420 2432 2017 2507">
     <span class='ocr_line' id='line_1_38' title="bbox 420 2432 2017 2507; baseline -0.004 -13"><span class='ocrx_word' id='word_1_246' title='bbox 420 2442 627 2494; x_wconf 88' lang='lat' dir='ltr'><strong>minum</strong></span> <span class='ocrx_word' id='word_1_247' title='bbox 672 2448 1065 2507; x_wconf 84' lang='lat' dir='ltr'><strong>cognoverunt,</strong></span> <span class='ocrx_word' id='word_1_248' title='bbox 1104 2447 1165 2490; x_wconf 91' lang='lat' dir='ltr'><strong>ut</strong></span> <span class='ocrx_word' id='word_1_249' title='bbox 1193 2444 1248 2491; x_wconf 92' lang='lat' dir='ltr'><strong>et</strong></span> <span class='ocrx_word' id='word_1_250' title='bbox 1281 2435 1593 2505; x_wconf 82' lang='lat' dir='ltr'><strong>pastoribus</strong></span> <span class='ocrx_word' id='word_1_251' title='bbox 1620 2443 1803 2505; x_wconf 85' lang='lat' dir='ltr'><strong>pastor</strong></span> <span class='ocrx_word' id='word_1_252' title='bbox 1833 2432 2017 2487; x_wconf 90' lang='lat' dir='ltr'><strong>tnundi</strong></span> 
     </span>
    </p>
   </div>
   <div class='ocr_carea' id='block_1_39' title="bbox 423 2529 2021 2602">
    <p class='ocr_par' dir='ltr' id='par_1_39' title="bbox 423 2529 2021 2602">
     <span class='ocr_line' id='line_1_39' title="bbox 423 2529 2021 2602; baseline -0.006 -12"><span class='ocrx_word' id='word_1_253' title='bbox 423 2535 772 2597; x_wconf 84' lang='lat' dir='ltr'><strong>claresceret,</strong></span> <span class='ocrx_word' id='word_1_254' title='bbox 806 2543 860 2587; x_wconf 89' lang='lat' dir='ltr'><strong>et</strong></span> <span class='ocrx_word' id='word_1_255' title='bbox 903 2534 1044 2585; x_wconf 90' lang='lat' dir='ltr'><strong>inter</strong></span> <span class='ocrx_word' id='word_1_256' title='bbox 1072 2545 1267 2602; x_wconf 73' lang='lat' dir='ltr'><strong>greges</strong></span> <span class='ocrx_word' id='word_1_257' title='bbox 1315 2544 1487 2599; x_wconf 78' lang='lat' dir='ltr'><strong>agnus</strong></span> <span class='ocrx_word' id='word_1_258' title='bbox 1532 2529 1747 2596; x_wconf 83' lang='lat' dir='ltr'><strong>genitus</strong></span> <span class='ocrx_word' id='word_1_259' title='bbox 1793 2542 2021 2596; x_wconf 87' lang='lat' dir='ltr'><strong>appare-</strong></span> 
     </span>
    </p>
   </div>
   <div class='ocr_carea' id='block_1_40' title="bbox 428 2618 2022 2696">
    <p class='ocr_par' dir='ltr' id='par_1_40' title="bbox 428 2618 2022 2696">
     <span class='ocr_line' id='line_1_40' title="bbox 428 2618 2022 2696; baseline -0.005 -16"><span class='ocrx_word' id='word_1_260' title='bbox 428 2635 531 2680; x_wconf 90' lang='lat' dir='ltr'><strong>ret.</strong></span> <span class='ocrx_word' id='word_1_261' title='bbox 568 2626 760 2696; x_wconf 90' lang='lat' dir='ltr'><strong>Igitur,</strong></span> <span class='ocrx_word' id='word_1_262' title='bbox 795 2633 852 2677; x_wconf 92' lang='lat' dir='ltr'><strong>ut</strong></span> <span class='ocrx_word' id='word_1_263' title='bbox 880 2624 1227 2693; x_wconf 87' lang='lat' dir='ltr'><strong>evangelicus</strong></span> <span class='ocrx_word' id='word_1_264' title='bbox 1273 2636 1455 2675; x_wconf 89' lang='lat' dir='ltr'><strong>sermo</strong></span> <span class='ocrx_word' id='word_1_265' title='bbox 1498 2630 1745 2685; x_wconf 75' lang='lat' dir='ltr'><strong>tesmtur,</strong></span> <span class='ocrx_word' id='word_1_266' title='bbox 1786 2618 1859 2672; x_wconf 87' lang='lat' dir='ltr'><strong>ita</strong></span> <span class='ocrx_word' id='word_1_267' title='bbox 1899 2633 2022 2687; x_wconf 89' lang='lat' dir='ltr'><strong>pro-</strong></span> 
     </span>
    </p>
   </div>
   <div class='ocr_carea' id='block_1_41' title="bbox 429 2709 2021 2783">
    <p class='ocr_par' dir='ltr' id='par_1_41' title="bbox 429 2709 2021 2783">
     <span class='ocr_line' id='line_1_41' title="bbox 429 2709 2021 2783; baseline -0.006 -11"><span class='ocrx_word' id='word_1_268' title='bbox 429 2719 686 2772; x_wconf 90' lang='lat' dir='ltr'><strong>nuntians</strong></span> <span class='ocrx_word' id='word_1_269' title='bbox 733 2734 747 2770; x_wconf 87' lang='lat'><strong>:</strong></span> <span class='ocrx_word' id='word_1_270' title='bbox 796 2714 862 2769; x_wconf 83' lang='lat' dir='ltr'><strong>Et</strong></span> <span class='ocrx_word' id='word_1_271' title='bbox 893 2715 1064 2768; x_wconf 80' lang='lat' dir='ltr'><strong>subito</strong></span> <span class='ocrx_word' id='word_1_272' title='bbox 1102 2716 1248 2782; x_wconf 73' lang='lat' dir='ltr'><strong>facta</strong></span> <span class='ocrx_word' id='word_1_273' title='bbox 1276 2721 1349 2767; x_wconf 83' lang='lat' dir='ltr'><strong>est</strong></span> <span class='ocrx_word' id='word_1_274' title='bbox 1382 2728 1495 2765; x_wconf 84' lang='lat' dir='ltr'><strong>cum</strong></span> <span class='ocrx_word' id='word_1_275' title='bbox 1518 2711 1713 2783; x_wconf 83' lang='lat' dir='ltr'><strong>Angelo</strong></span> <span class='ocrx_word' id='word_1_276' title='bbox 1744 2709 2021 2764; x_wconf 81' lang='lat' dir='ltr'><strong>muititudo</strong></span> 
     </span>
    </p>
   </div>
   <div class='ocr_carea' id='block_1_42' title="bbox 2114 1492 3702 1573">
    <p class='ocr_par' dir='ltr' id='par_1_42' title="bbox 2114 1492 3702 1573">
     <span class='ocr_line' id='line_1_42' title="bbox 2114 1492 3702 1573; baseline 0.003 -21"><span class='ocrx_word' id='word_1_277' title='bbox 2114 1510 2133 1537; x_wconf 72' lang='grc' dir='ltr'><strong><em>ο</em></strong></span> <span class='ocrx_word' id='word_1_278' title='bbox 2154 1498 2288 1566; x_wconf 84' lang='lat' dir='ltr'><strong>Quia</strong></span> <span class='ocrx_word' id='word_1_279' title='bbox 2312 1510 2445 1553; x_wconf 86' lang='lat' dir='ltr'><strong>terra</strong></span> <span class='ocrx_word' id='word_1_280' title='bbox 2473 1517 2546 1565; x_wconf 86' lang='lat' dir='ltr'><strong>es,</strong></span> <span class='ocrx_word' id='word_1_281' title='bbox 2566 1501 2619 1554; x_wconf 88' lang='lat' dir='ltr'><strong>in</strong></span> <span class='ocrx_word' id='word_1_282' title='bbox 2653 1512 2837 1554; x_wconf 85' lang='lat' dir='ltr'><strong>terram</strong></span> <span class='ocrx_word' id='word_1_283' title='bbox 2869 1501 2964 1555; x_wconf 80' lang='lat' dir='ltr'><strong>ibis</strong></span> <span class='ocrx_word' id='word_1_284' title='bbox 2991 1500 3144 1573; x_wconf 81' lang='lat' dir='ltr'><strong>(Cen.</strong></span> <span class='ocrx_word' id='word_1_285' title='bbox 3164 1518 3241 1567; x_wconf 85' lang='grc' dir='ltr'>ιιι,</span> <span class='ocrx_word' id='word_1_286' title='bbox 3269 1492 3702 1571; x_wconf 60' lang='grc' dir='ltr'><strong>ιωπυυσωτω</strong></span> 
     </span>
    </p>
   </div>
   <div class='ocr_carea' id='block_1_43' title="bbox 2112 1596 3703 1667">
    <p class='ocr_par' dir='ltr' id='par_1_43' title="bbox 2112 1596 3703 1667">
     <span class='ocr_line' id='line_1_43' title="bbox 2112 1596 3703 1667; baseline 0.001 -20"><span class='ocrx_word' id='word_1_287' title='bbox 2112 1607 2293 1649; x_wconf 81' lang='lat' dir='ltr'><strong>nOStra</strong></span> <span class='ocrx_word' id='word_1_288' title='bbox 2324 1610 2510 1665; x_wconf 89' lang='lat' dir='ltr'><strong>pacem</strong></span> <span class='ocrx_word' id='word_1_289' title='bbox 2549 1597 2749 1649; x_wconf 86' lang='lat' dir='ltr'><strong>met-uit</strong></span> <span class='ocrx_word' id='word_1_290' title='bbox 2780 1606 2901 1665; x_wconf 80' lang='lat' dir='ltr'><strong>post</strong></span> <span class='ocrx_word' id='word_1_291' title='bbox 2938 1596 3069 1650; x_wconf 91' lang='lat' dir='ltr'><strong>illud</strong></span> <span class='ocrx_word' id='word_1_292' title='bbox 3112 1596 3313 1651; x_wconf 87' lang='lat' dir='ltr'><strong>bellum</strong></span> <span class='ocrx_word' id='word_1_293' title='bbox 3360 1596 3554 1662; x_wconf 87' lang='lat' dir='ltr'><strong>ferale,</strong></span> <span class='ocrx_word' id='word_1_294' title='bbox 3606 1613 3703 1667; x_wconf 81' lang='lat' dir='ltr'><strong>quo</strong></span> 
     </span>
    </p>
   </div>
   <div class='ocr_carea' id='block_1_44' title="bbox 2110 1687 3705 1757">
    <p class='ocr_par' dir='ltr' id='par_1_44' title="bbox 2110 1687 3705 1757">
     <span class='ocr_line' id='line_1_44' title="bbox 2110 1687 3705 1757; baseline 0.001 -16"><span class='ocrx_word' id='word_1_295' title='bbox 2110 1688 2328 1747; x_wconf 82' lang='lat' dir='ltr'><strong>cecidit,</strong></span> <span class='ocrx_word' id='word_1_296' title='bbox 2356 1687 2575 1757; x_wconf 86' lang='lat' dir='ltr'><strong>quando</strong></span> <span class='ocrx_word' id='word_1_297' title='bbox 2620 1688 2870 1743; x_wconf 79' lang='lat' dir='ltr'><strong>Chzistus</strong></span> <span class='ocrx_word' id='word_1_298' title='bbox 2902 1701 3102 1744; x_wconf 78' lang='lat' dir='ltr'><strong>terram</strong></span> <span class='ocrx_word' id='word_1_299' title='bbox 3134 1704 3335 1744; x_wconf 74' lang='lat' dir='ltr'><strong>noStrzc</strong></span> <span class='ocrx_word' id='word_1_300' title='bbox 3388 1691 3571 1745; x_wconf 73' lang='lat' dir='ltr'><strong>carnis</strong></span> <span class='ocrx_word' id='word_1_301' title='bbox 3623 1707 3705 1743; x_wconf 81' lang='lat' dir='ltr'><strong>as-</strong></span> 
     </span>
    </p>
   </div>
   <div class='ocr_carea' id='block_1_45' title="bbox 2113 1779 3706 1851">
    <p class='ocr_par' dir='ltr' id='par_1_45' title="bbox 2113 1779 3706 1851">
     <span class='ocr_line' id='line_1_45' title="bbox 2113 1779 3706 1851; baseline 0.004 -19"><span class='ocrx_word' id='word_1_302' title='bbox 2113 1779 2362 1849; x_wconf 82' lang='lat' dir='ltr'><strong>sumpsit.</strong></span> <span class='ocrx_word' id='word_1_303' title='bbox 2397 1780 2526 1833; x_wconf 78' lang='lat' dir='ltr'><strong>Nam</strong></span> <span class='ocrx_word' id='word_1_304' title='bbox 2560 1781 2602 1833; x_wconf 78' lang='lat' dir='ltr'><strong>si</strong></span> <span class='ocrx_word' id='word_1_305' title='bbox 2636 1792 2831 1835; x_wconf 87' lang='lat' dir='ltr'><strong>terram</strong></span> <span class='ocrx_word' id='word_1_306' title='bbox 2866 1782 2919 1835; x_wconf 87' lang='lat' dir='ltr'><strong>itt</strong></span> <span class='ocrx_word' id='word_1_307' title='bbox 2951 1782 3052 1836; x_wconf 88' lang='lat' dir='ltr'><strong>hoc</strong></span> <span class='ocrx_word' id='word_1_308' title='bbox 3077 1782 3194 1836; x_wconf 73' lang='lat' dir='ltr'><strong>loco</strong></span> <span class='ocrx_word' id='word_1_309' title='bbox 3226 1798 3451 1851; x_wconf 74' lang='lat' dir='ltr'><strong>campos</strong></span> <span class='ocrx_word' id='word_1_310' title='bbox 3482 1783 3706 1839; x_wconf 76' lang='lat' dir='ltr'><strong>arbitre-</strong></span> 
     </span>
    </p>
   </div>
   <div class='ocr_carea' id='block_1_46' title="bbox 2114 1873 3701 1945">
    <p class='ocr_par' dir='ltr' id='par_1_46' title="bbox 2114 1873 3701 1945">
     <span class='ocr_line' id='line_1_46' title="bbox 2114 1873 3701 1945; baseline 0 -16"><span class='ocrx_word' id='word_1_311' title='bbox 2114 1890 2235 1929; x_wconf 88' lang='lat' dir='ltr'><strong>mur</strong></span> <span class='ocrx_word' id='word_1_312' title='bbox 2258 1873 2451 1941; x_wconf 84' lang='lat' dir='ltr'><strong>dictos,</strong></span> <span class='ocrx_word' id='word_1_313' title='bbox 2480 1883 2535 1929; x_wconf 91' lang='lat' dir='ltr'><strong>et</strong></span> <span class='ocrx_word' id='word_1_314' title='bbox 2566 1885 2802 1943; x_wconf 88' lang='lat' dir='ltr'><strong>montes,</strong></span> <span class='ocrx_word' id='word_1_315' title='bbox 2833 1890 2992 1945; x_wconf 84' lang='lat' dir='ltr'><strong>quam</strong></span> <span class='ocrx_word' id='word_1_316' title='bbox 3037 1891 3222 1945; x_wconf 88' lang='lat' dir='ltr'><strong>pacem</strong></span> <span class='ocrx_word' id='word_1_317' title='bbox 3259 1886 3439 1945; x_wconf 78' lang='lat' dir='ltr'><strong>potest</strong></span> <span class='ocrx_word' id='word_1_318' title='bbox 3489 1877 3701 1939; x_wconf 70' lang='lat' dir='ltr'><strong>habere,</strong></span> 
     </span>
    </p>
   </div>
   <div class='ocr_carea' id='block_1_47' title="bbox 2114 1967 3705 2039">
    <p class='ocr_par' dir='ltr' id='par_1_47' title="bbox 2114 1967 3705 2039">
     <span class='ocr_line' id='line_1_47' title="bbox 2114 1967 3705 2039; baseline 0.001 -21"><span class='ocrx_word' id='word_1_319' title='bbox 2114 1968 2197 2022; x_wconf 81' lang='lat' dir='ltr'><strong>vel</strong></span> <span class='ocrx_word' id='word_1_320' title='bbox 2223 1968 2433 2037; x_wconf 61' lang='lat' dir='ltr'><strong>praelia,</strong></span> <span class='ocrx_word' id='word_1_321' title='bbox 2464 1977 2664 2021; x_wconf 88' lang='lat' dir='ltr'><strong>mutata</strong></span> <span class='ocrx_word' id='word_1_322' title='bbox 2696 1967 2888 2032; x_wconf 83' lang='lat' dir='ltr'><strong>moles,</strong></span> <span class='ocrx_word' id='word_1_323' title='bbox 2918 1977 2971 2021; x_wconf 79' lang='lat' dir='ltr'><strong>et</strong></span> <span class='ocrx_word' id='word_1_324' title='bbox 2999 1970 3194 2039; x_wconf 79' lang='lat' dir='ltr'><strong>pigra?</strong></span> <span class='ocrx_word' id='word_1_325' title='bbox 3219 1969 3275 2023; x_wconf 94' lang='lat' dir='ltr'><strong>In</strong></span> <span class='ocrx_word' id='word_1_326' title='bbox 3299 1968 3553 2023; x_wconf 88' lang='lat' dir='ltr'><strong>homines</strong></span> <span class='ocrx_word' id='word_1_327' title='bbox 3580 1985 3705 2037; x_wconf 76' lang='lat' dir='ltr'><strong>etgo</strong></span> 
     </span>
    </p>
   </div>
   <div class='ocr_carea' id='block_1_48' title="bbox 2115 2057 3706 2130">
    <p class='ocr_par' dir='ltr' id='par_1_48' title="bbox 2115 2057 3706 2130">
     <span class='ocr_line' id='line_1_48' title="bbox 2115 2057 3706 2130; baseline 0.002 -17"><span class='ocrx_word' id='word_1_328' title='bbox 2115 2057 2551 2129; x_wconf 83' lang='lat' dir='ltr'><strong>specialiteran</strong></span> <span class='ocrx_word' id='word_1_329' title='bbox 2588 2058 2676 2113; x_wconf 85' lang='lat' dir='ltr'><strong>illa</strong></span> <span class='ocrx_word' id='word_1_330' title='bbox 2706 2058 3008 2123; x_wconf 83' lang='lat' dir='ltr'><strong>descendit,</strong></span> <span class='ocrx_word' id='word_1_331' title='bbox 3056 2074 3190 2130; x_wconf 81' lang='lat' dir='ltr'><strong>quos</strong></span> <span class='ocrx_word' id='word_1_332' title='bbox 3226 2061 3383 2115; x_wconf 70' lang='lat' dir='ltr'><strong>boum</strong></span> <span class='ocrx_word' id='word_1_333' title='bbox 3414 2062 3706 2116; x_wconf 72' lang='lat' dir='ltr'><strong>voluntatis</strong></span> 
     </span>
    </p>
   </div>
   <div class='ocr_carea' id='block_1_49' title="bbox 2114 2150 3704 2224">
    <p class='ocr_par' dir='ltr' id='par_1_49' title="bbox 2114 2150 3704 2224">
     <span class='ocr_line' id='line_1_49' title="bbox 2114 2150 3704 2224; baseline 0.003 -19"><span class='ocrx_word' id='word_1_334' title='bbox 2114 2150 2735 2221; x_wconf 79' lang='lat' dir='ltr'><strong>eapacesinvcnerit,ut</strong></span> <span class='ocrx_word' id='word_1_335' title='bbox 2784 2151 2873 2205; x_wconf 87' lang='lat' dir='ltr'><strong>ubi</strong></span> <span class='ocrx_word' id='word_1_336' title='bbox 2924 2153 3160 2207; x_wconf 89' lang='lat' dir='ltr'><strong>studium</strong></span> <span class='ocrx_word' id='word_1_337' title='bbox 3194 2153 3392 2207; x_wconf 85' lang='lat' dir='ltr'><strong>sinceri</strong></span> <span class='ocrx_word' id='word_1_338' title='bbox 3450 2155 3704 2224; x_wconf 80' lang='lat' dir='ltr'><strong>prepositi</strong></span> 
     </span>
    </p>
   </div>
   <div class='ocr_carea' id='block_1_50' title="bbox 2118 2244 3707 2315">
    <p class='ocr_par' dir='ltr' id='par_1_50' title="bbox 2118 2244 3707 2315">
     <span class='ocr_line' id='line_1_50' title="bbox 2118 2244 3707 2315; baseline -0.002 -17"><span class='ocrx_word' id='word_1_339' title='bbox 2118 2260 2298 2298; x_wconf 85' lang='lat' dir='ltr'><strong>rerum</strong></span> <span class='ocrx_word' id='word_1_340' title='bbox 2334 2253 2605 2299; x_wconf 89' lang='lat' dir='ltr'><strong>scrutator</strong></span> <span class='ocrx_word' id='word_1_341' title='bbox 2645 2254 2700 2299; x_wconf 89' lang='lat' dir='ltr'><strong>et</strong></span> <span class='ocrx_word' id='word_1_342' title='bbox 2727 2244 2910 2301; x_wconf 88' lang='lat' dir='ltr'><strong>cordis</strong></span> <span class='ocrx_word' id='word_1_343' title='bbox 2933 2261 3052 2300; x_wconf 89' lang='lat' dir='ltr'><strong>esse</strong></span> <span class='ocrx_word' id='word_1_344' title='bbox 3074 2247 3450 2315; x_wconf 69' lang='lat' dir='ltr'><strong>conspexerit,</strong></span> <span class='ocrx_word' id='word_1_345' title='bbox 3489 2247 3596 2300; x_wconf 88' lang='lat' dir='ltr'><strong>illic</strong></span> <span class='ocrx_word' id='word_1_346' title='bbox 3618 2246 3707 2299; x_wconf 82' lang='lat' dir='ltr'><strong>do.</strong></span> 
     </span>
    </p>
   </div>
   <div class='ocr_carea' id='block_1_51' title="bbox 2118 2336 3704 2393">
    <p class='ocr_par' dir='ltr' id='par_1_51' title="bbox 2118 2336 3704 2393">
     <span class='ocr_line' id='line_1_51' title="bbox 2118 2336 3704 2393; baseline 0 -2"><span class='ocrx_word' id='word_1_347' title='bbox 2118 2336 2378 2391; x_wconf 90' lang='lat' dir='ltr'><strong>micilium</strong></span> <span class='ocrx_word' id='word_1_348' title='bbox 2418 2352 2530 2391; x_wconf 75' lang='lat' dir='ltr'><strong>sum</strong></span> <span class='ocrx_word' id='word_1_349' title='bbox 2576 2337 2878 2391; x_wconf 85' lang='lat' dir='ltr'><strong>delectetur</strong></span> <span class='ocrx_word' id='word_1_350' title='bbox 2924 2338 3193 2393; x_wconf 87' lang='lat' dir='ltr'><strong>instruere</strong></span> <span class='ocrx_word' id='word_1_351' title='bbox 3225 2338 3549 2392; x_wconf 87' lang='lat' dir='ltr'><strong>mansionis.</strong></span> <span class='ocrx_word' id='word_1_352' title='bbox 3604 2337 3704 2392; x_wconf 73' lang='lat' dir='ltr'><strong>Pax</strong></span> 
     </span>
    </p>
   </div>
   <div class='ocr_carea' id='block_1_52' title="bbox 2122 2429 3704 2499">
    <p class='ocr_par' dir='ltr' id='par_1_52' title="bbox 2122 2429 3704 2499">
     <span class='ocr_line' id='line_1_52' title="bbox 2122 2429 3704 2499; baseline -0.001 -15"><span class='ocrx_word' id='word_1_353' title='bbox 2122 2441 2206 2485; x_wconf 90' lang='lat' dir='ltr'><strong>est</strong></span> <span class='ocrx_word' id='word_1_354' title='bbox 2248 2431 2418 2497; x_wconf 89' lang='lat' dir='ltr'><strong>enim,</strong></span> <span class='ocrx_word' id='word_1_355' title='bbox 2448 2438 2502 2483; x_wconf 84' lang='lat' dir='ltr'><strong>ct</strong></span> <span class='ocrx_word' id='word_1_356' title='bbox 2531 2431 2669 2485; x_wconf 88' lang='lat' dir='ltr'><strong>ratio</strong></span> <span class='ocrx_word' id='word_1_357' title='bbox 2702 2429 2941 2484; x_wconf 86' lang='lat' dir='ltr'><strong>melioris</strong></span> <span class='ocrx_word' id='word_1_358' title='bbox 2967 2430 3197 2495; x_wconf 84' lang='lat' dir='ltr'><strong>arbitrii,</strong></span> <span class='ocrx_word' id='word_1_359' title='bbox 3233 2440 3425 2483; x_wconf 88' lang='lat' dir='ltr'><strong>contra</strong></span> <span class='ocrx_word' id='word_1_360' title='bbox 3457 2430 3704 2499; x_wconf 87' lang='lat' dir='ltr'><strong>spiritmn</strong></span> 
     </span>
    </p>
   </div>
   <div class='ocr_carea' id='block_1_53' title="bbox 2122 2523 3709 2592">
    <p class='ocr_par' dir='ltr' id='par_1_53' title="bbox 2122 2523 3709 2592">
     <span class='ocr_line' id='line_1_53' title="bbox 2122 2523 3709 2592; baseline -0.002 -12"><span class='ocrx_word' id='word_1_361' title='bbox 2122 2524 2301 2581; x_wconf 88' lang='lat' dir='ltr'><strong>carnis</strong></span> <span class='ocrx_word' id='word_1_362' title='bbox 2322 2541 2429 2579; x_wconf 87' lang='lat' dir='ltr'><strong>non</strong></span> <span class='ocrx_word' id='word_1_363' title='bbox 2458 2524 2638 2580; x_wconf 86' lang='lat' dir='ltr'><strong>favere</strong></span> <span class='ocrx_word' id='word_1_364' title='bbox 2656 2523 2945 2580; x_wconf 89' lang='lat' dir='ltr'><strong>certamini</strong></span> <span class='ocrx_word' id='word_1_365' title='bbox 2971 2542 2984 2577; x_wconf 90' lang='lat'><strong>:</strong></span> <span class='ocrx_word' id='word_1_366' title='bbox 3036 2524 3131 2580; x_wconf 91' lang='lat' dir='ltr'><strong>sed</strong></span> <span class='ocrx_word' id='word_1_367' title='bbox 3166 2534 3461 2592; x_wconf 87' lang='lat' dir='ltr'><strong>utrumque</strong></span> <span class='ocrx_word' id='word_1_368' title='bbox 3492 2540 3709 2578; x_wconf 86' lang='lat' dir='ltr'><strong>manen-</strong></span> 
     </span>
    </p>
   </div>
   <div class='ocr_carea' id='block_1_54' title="bbox 2124 2617 3708 2689">
    <p class='ocr_par' dir='ltr' id='par_1_54' title="bbox 2124 2617 3708 2689">
     <span class='ocr_line' id='line_1_54' title="bbox 2124 2617 3708 2689; baseline 0.001 -18"><span class='ocrx_word' id='word_1_369' title='bbox 2124 2631 2231 2674; x_wconf 87' lang='lat' dir='ltr'><strong>tem</strong></span> <span class='ocrx_word' id='word_1_370' title='bbox 2274 2617 2529 2673; x_wconf 89' lang='lat' dir='ltr'><strong>concordi</strong></span> <span class='ocrx_word' id='word_1_371' title='bbox 2585 2618 2790 2687; x_wconf 75' lang='lat' dir='ltr'><strong>jugiter</strong></span> <span class='ocrx_word' id='word_1_372' title='bbox 2834 2619 3074 2688; x_wconf 88' lang='lat' dir='ltr'><strong>puritate</strong></span> <span class='ocrx_word' id='word_1_373' title='bbox 3102 2634 3223 2672; x_wconf 88' lang='lat' dir='ltr'><strong>cum</strong></span> <span class='ocrx_word' id='word_1_374' title='bbox 3277 2619 3508 2689; x_wconf 78' lang='lat' dir='ltr'><strong>spiritus</strong></span> <span class='ocrx_word' id='word_1_375' title='bbox 3546 2619 3708 2672; x_wconf 82' lang='lat' dir='ltr'><strong>donti-</strong></span> 
     </span>
    </p>
   </div>
   <div class='ocr_carea' id='block_1_55' title="bbox 2124 2711 3711 2768">
    <p class='ocr_par' dir='ltr' id='par_1_55' title="bbox 2124 2711 3711 2768">
     <span class='ocr_line' id='line_1_55' title="bbox 2124 2711 3711 2768; baseline -0.003 0"><span class='ocrx_word' id='word_1_376' title='bbox 2124 2715 2342 2768; x_wconf 88' lang='lat' dir='ltr'><strong>natione</strong></span> <span class='ocrx_word' id='word_1_377' title='bbox 2368 2728 2610 2768; x_wconf 84' lang='lat' dir='ltr'><strong>servare.</strong></span> <span class='ocrx_word' id='word_1_378' title='bbox 2652 2711 2762 2767; x_wconf 84' lang='lat' dir='ltr'><strong>Nec</strong></span> <span class='ocrx_word' id='word_1_379' title='bbox 2790 2712 3055 2767; x_wconf 81' lang='lat' dir='ltr'><strong>debemus</strong></span> <span class='ocrx_word' id='word_1_380' title='bbox 3083 2721 3291 2766; x_wconf 89' lang='lat' dir='ltr'><strong>tantum</strong></span> <span class='ocrx_word' id='word_1_381' title='bbox 3319 2713 3387 2767; x_wconf 88' lang='lat' dir='ltr'><strong>de</strong></span> <span class='ocrx_word' id='word_1_382' title='bbox 3418 2713 3595 2765; x_wconf 61' lang='lat' dir='ltr'><strong>carnis</strong></span> <span class='ocrx_word' id='word_1_383' title='bbox 3620 2712 3711 2764; x_wconf 80' lang='lat' dir='ltr'><strong>itu-</strong></span> 
     </span>
    </p>
   </div>
   <div class='ocr_carea' id='block_1_56' title="bbox 433 2797 3711 2904">
    <p class='ocr_par' dir='ltr' id='par_1_56' title="bbox 433 2797 3711 2904">
     <span class='ocr_line' id='line_1_56' title="bbox 433 2797 3711 2904; baseline -0.002 -41"><span class='ocrx_word' id='word_1_384' title='bbox 433 2810 638 2864; x_wconf 76' lang='lat' dir='ltr'><strong>militia:</strong></span> <span class='ocrx_word' id='word_1_385' title='bbox 664 2809 883 2863; x_wconf 67' lang='lat' dir='ltr'><strong>calcatis</strong></span> <span class='ocrx_word' id='word_1_386' title='bbox 920 2809 1246 2862; x_wconf 83' lang='lat' dir='ltr'><strong>laudantium</strong></span> <span class='ocrx_word' id='word_1_387' title='bbox 1270 2805 1460 2868; x_wconf 87' lang='lat' dir='ltr'><strong>Deum,</strong></span> <span class='ocrx_word' id='word_1_388' title='bbox 1486 2816 1531 2858; x_wconf 72' lang='lat' dir='ltr'><strong>ut</strong></span> <span class='ocrx_word' id='word_1_389' title='bbox 1553 2806 1827 2859; x_wconf 72' lang='lat' dir='ltr'><strong>dicentium</strong></span> <span class='ocrx_word' id='word_1_390' title='bbox 1850 2822 1868 2859; x_wconf 94' lang='lat'><em>:</em></span> <span class='ocrx_word' id='word_1_391' title='bbox 1899 2797 2023 2859; x_wconf 75' lang='lat' dir='ltr'><strong>Glo-</strong></span> <span class='ocrx_word' id='word_1_392' title='bbox 2051 2842 2098 2904; x_wconf 66' lang='grc' dir='ltr'>Ο</span> <span class='ocrx_word' id='word_1_393' title='bbox 2130 2807 2425 2861; x_wconf 87' lang='lat' dir='ltr'><strong>becillitale</strong></span> <span class='ocrx_word' id='word_1_394' title='bbox 2455 2804 2729 2875; x_wconf 81' lang='lat' dir='ltr'><strong>difﬁdere,</strong></span> <span class='ocrx_word' id='word_1_395' title='bbox 2755 2815 2811 2860; x_wconf 92' lang='lat' dir='ltr'><strong>ut</strong></span> <span class='ocrx_word' id='word_1_396' title='bbox 2842 2806 2910 2859; x_wconf 88' lang='lat' dir='ltr'><strong>dc</strong></span> <span class='ocrx_word' id='word_1_397' title='bbox 2938 2806 3145 2861; x_wconf 73' lang='lat' dir='ltr'><strong>cmlesti</strong></span> <span class='ocrx_word' id='word_1_398' title='bbox 3199 2805 3485 2860; x_wconf 84' lang='lat' dir='ltr'><strong>videamur</strong></span> <span class='ocrx_word' id='word_1_399' title='bbox 3516 2804 3711 2857; x_wconf 77' lang='lat' dir='ltr'><strong>auxilio</strong></span> 
     </span>
    </p>
   </div>
   <div class='ocr_carea' id='block_1_57' title="bbox 429 2900 2027 2967">
    <p class='ocr_par' dir='ltr' id='par_1_57' title="bbox 429 2900 2027 2967">
     <span class='ocr_line' id='line_1_57' title="bbox 429 2900 2027 2967; baseline -0.004 -10"><span class='ocrx_word' id='word_1_400' title='bbox 429 2904 513 2958; x_wconf 80' lang='lat' dir='ltr'><strong>ria</strong></span> <span class='ocrx_word' id='word_1_401' title='bbox 549 2904 602 2956; x_wconf 89' lang='lat' dir='ltr'><strong>in</strong></span> <span class='ocrx_word' id='word_1_402' title='bbox 630 2903 901 2955; x_wconf 85' lang='lat' dir='ltr'><strong>altissimis</strong></span> <span class='ocrx_word' id='word_1_403' title='bbox 934 2900 1065 2965; x_wconf 84' lang='lat' dir='ltr'><strong>Deo,</strong></span> <span class='ocrx_word' id='word_1_404' title='bbox 1096 2912 1143 2954; x_wconf 86' lang='lat' dir='ltr'><strong>et</strong></span> <span class='ocrx_word' id='word_1_405' title='bbox 1185 2901 1239 2953; x_wconf 88' lang='lat' dir='ltr'><strong>in</strong></span> <span class='ocrx_word' id='word_1_406' title='bbox 1277 2910 1410 2954; x_wconf 86' lang='lat' dir='ltr'><strong>terra</strong></span> <span class='ocrx_word' id='word_1_407' title='bbox 1438 2916 1541 2967; x_wconf 69' lang='lat' dir='ltr'><strong>pax</strong></span> <span class='ocrx_word' id='word_1_408' title='bbox 1562 2900 1853 2953; x_wconf 83' lang='lat' dir='ltr'><strong>hominibus</strong></span> <span class='ocrx_word' id='word_1_409' title='bbox 1884 2901 2027 2952; x_wconf 56' lang='lat' dir='ltr'><strong>bona?</strong></span> 
     </span>
    </p>
   </div>
   <div class='ocr_carea' id='block_1_58' title="bbox 432 2993 2029 3067">
    <p class='ocr_par' dir='ltr' id='par_1_58' title="bbox 432 2993 2029 3067">
     <span class='ocr_line' id='line_1_58' title="bbox 432 2993 2029 3067; baseline -0.002 -17"><span class='ocrx_word' id='word_1_410' title='bbox 432 2997 716 3050; x_wconf 77' lang='lat' dir='ltr'><strong>uoluntatis</strong></span> <span class='ocrx_word' id='word_1_411' title='bbox 754 2995 927 3067; x_wconf 88' lang='lat' dir='ltr'><strong>(Luc.</strong></span> <span class='ocrx_word' id='word_1_412' title='bbox 975 3010 1055 3059; x_wconf 76' lang='grc' dir='ltr'>ιι,</span> <span class='ocrx_word' id='word_1_413' title='bbox 1088 2994 1179 3059; x_wconf 73' lang='grc'><strong>15,</strong></span> <span class='ocrx_word' id='word_1_414' title='bbox 1218 2995 1282 3048; x_wconf 70' lang='grc' dir='ltr'>Η</span> <span class='ocrx_word' id='word_1_415' title='bbox 1307 2993 1347 3063; x_wconf 92' lang='grc'><strong>).</strong></span> <span class='ocrx_word' id='word_1_416' title='bbox 1392 2993 1638 3048; x_wconf 87' lang='lat' dir='ltr'><strong>Ostendit</strong></span> <span class='ocrx_word' id='word_1_417' title='bbox 1669 2993 2029 3064; x_wconf 73' lang='lat' dir='ltr'><strong>Evangelistze</strong></span> 
     </span>
    </p>
   </div>
   <div class='ocr_carea' id='block_1_59' title="bbox 437 3086 2031 3156">
    <p class='ocr_par' dir='ltr' id='par_1_59' title="bbox 437 3086 2031 3156">
     <span class='ocr_line' id='line_1_59' title="bbox 437 3086 2031 3156; baseline -0.002 -14"><span class='ocrx_word' id='word_1_418' title='bbox 437 3089 618 3143; x_wconf 87' lang='lat' dir='ltr'><strong>ﬁdelis</strong></span> <span class='ocrx_word' id='word_1_419' title='bbox 645 3088 901 3153; x_wconf 79' lang='lat' dir='ltr'><strong>assertio,</strong></span> <span class='ocrx_word' id='word_1_420' title='bbox 926 3087 993 3141; x_wconf 89' lang='lat' dir='ltr'><strong>de</strong></span> <span class='ocrx_word' id='word_1_421' title='bbox 1021 3086 1177 3154; x_wconf 83' lang='lat' dir='ltr'><strong>cujus</strong></span> <span class='ocrx_word' id='word_1_422' title='bbox 1205 3094 1458 3155; x_wconf 86' lang='lat' dir='ltr'><strong>ageretur</strong></span> <span class='ocrx_word' id='word_1_423' title='bbox 1489 3086 1579 3139; x_wconf 91' lang='lat' dir='ltr'><strong>hic</strong></span> <span class='ocrx_word' id='word_1_424' title='bbox 1604 3101 1793 3156; x_wconf 83' lang='lat' dir='ltr'><strong>regno,</strong></span> <span class='ocrx_word' id='word_1_425' title='bbox 1818 3087 2031 3155; x_wconf 88' lang='lat' dir='ltr'><strong>quando</strong></span> 
     </span>
    </p>
   </div>
   <div class='ocr_carea' id='block_1_60' title="bbox 434 3176 2029 3245">
    <p class='ocr_par' dir='ltr' id='par_1_60' title="bbox 434 3176 2029 3245">
     <span class='ocr_line' id='line_1_60' title="bbox 434 3176 2029 3245; baseline -0.003 -10"><span class='ocrx_word' id='word_1_426' title='bbox 434 3182 685 3236; x_wconf 64' lang='lat' dir='ltr'><strong>caelestis</strong></span> <span class='ocrx_word' id='word_1_427' title='bbox 717 3179 932 3234; x_wconf 73' lang='lat' dir='ltr'><strong>militia:</strong></span> <span class='ocrx_word' id='word_1_428' title='bbox 960 3178 1255 3233; x_wconf 88' lang='lat' dir='ltr'><strong>multitudo</strong></span> <span class='ocrx_word' id='word_1_429' title='bbox 1288 3178 1453 3231; x_wconf 89' lang='lat' dir='ltr'><strong>Deum</strong></span> <span class='ocrx_word' id='word_1_430' title='bbox 1486 3176 1668 3231; x_wconf 83' lang='lat' dir='ltr'><strong>laudat</strong></span> <span class='ocrx_word' id='word_1_431' title='bbox 1710 3179 1761 3230; x_wconf 93' lang='lat' dir='ltr'><strong>in</strong></span> <span class='ocrx_word' id='word_1_432' title='bbox 1790 3177 2029 3245; x_wconf 48' lang='lat' dir='ltr'><strong>Christo,</strong></span> 
     </span>
    </p>
   </div>
   <div class='ocr_carea' id='block_1_61' title="bbox 442 3270 2030 3340">
    <p class='ocr_par' dir='ltr' id='par_1_61' title="bbox 442 3270 2030 3340">
     <span class='ocr_line' id='line_1_61' title="bbox 442 3270 2030 3340; baseline -0.003 -10"><span class='ocrx_word' id='word_1_433' title='bbox 442 3288 497 3330; x_wconf 94' lang='lat' dir='ltr'><strong>ut</strong></span> <span class='ocrx_word' id='word_1_434' title='bbox 525 3277 650 3330; x_wconf 91' lang='lat' dir='ltr'><strong>licet</strong></span> <span class='ocrx_word' id='word_1_435' title='bbox 678 3278 914 3328; x_wconf 88' lang='lat' dir='ltr'><strong>humana</strong></span> <span class='ocrx_word' id='word_1_436' title='bbox 946 3272 1103 3327; x_wconf 88' lang='lat' dir='ltr'><strong>fuerit</strong></span> <span class='ocrx_word' id='word_1_437' title='bbox 1134 3287 1229 3339; x_wconf 84' lang='lat' dir='ltr'><strong>pro</strong></span> <span class='ocrx_word' id='word_1_438' title='bbox 1252 3271 1442 3325; x_wconf 86' lang='lat' dir='ltr'><strong>matris</strong></span> <span class='ocrx_word' id='word_1_439' title='bbox 1468 3270 1783 3325; x_wconf 84' lang='lat' dir='ltr'><strong>conditione</strong></span> <span class='ocrx_word' id='word_1_440' title='bbox 1804 3275 2030 3340; x_wconf 89' lang='lat' dir='ltr'><strong>creatio,</strong></span> 
     </span>
    </p>
   </div>
   <div class='ocr_carea' id='block_1_62' title="bbox 438 3346 2036 3431">
    <p class='ocr_par' dir='ltr' id='par_1_62' title="bbox 438 3346 2036 3431">
     <span class='ocr_line' id='line_1_62' title="bbox 438 3346 2036 3431; baseline -0.003 -10"><span class='ocrx_word' id='word_1_441' title='bbox 438 3366 662 3422; x_wconf 85' lang='lat' dir='ltr'><strong>deitatis</strong></span> <span class='ocrx_word' id='word_1_442' title='bbox 712 3375 893 3420; x_wconf 90' lang='lat' dir='ltr'><strong>tamen</strong></span> <span class='ocrx_word' id='word_1_443' title='bbox 923 3346 1028 3417; x_wconf 87' lang='lat' dir='ltr'><strong>una</strong></span> <span class='ocrx_word' id='word_1_444' title='bbox 1059 3360 1372 3416; x_wconf 87' lang='lat' dir='ltr'><strong>communio</strong></span> <span class='ocrx_word' id='word_1_445' title='bbox 1404 3360 1619 3415; x_wconf 86' lang='lat' dir='ltr'><strong>Patrem</strong></span> <span class='ocrx_word' id='word_1_446' title='bbox 1650 3363 1904 3431; x_wconf 78' lang='lat' dir='ltr'><strong>cognosci</strong></span> <span class='ocrx_word' id='word_1_447' title='bbox 1937 3362 2036 3417; x_wconf 89' lang='lat' dir='ltr'><strong>de-</strong></span> 
     </span>
    </p>
   </div>
   <div class='ocr_carea' id='block_1_63' title="bbox 446 3452 2039 3524">
    <p class='ocr_par' dir='ltr' id='par_1_63' title="bbox 446 3452 2039 3524">
     <span class='ocr_line' id='line_1_63' title="bbox 446 3452 2039 3524; baseline -0.003 -10"><span class='ocrx_word' id='word_1_448' title='bbox 446 3467 714 3514; x_wconf 82' lang='lat' dir='ltr'><strong>monstrat</strong></span> <span class='ocrx_word' id='word_1_449' title='bbox 761 3458 816 3512; x_wconf 90' lang='lat' dir='ltr'><strong>in</strong></span> <span class='ocrx_word' id='word_1_450' title='bbox 846 3454 1002 3509; x_wconf 83' lang='lat' dir='ltr'><strong>Filio.</strong></span> <span class='ocrx_word' id='word_1_451' title='bbox 1054 3454 1317 3510; x_wconf 85' lang='lat' dir='ltr'><strong>Dicebant</strong></span> <span class='ocrx_word' id='word_1_452' title='bbox 1356 3469 1529 3523; x_wconf 87' lang='lat' dir='ltr'><strong>ergo:</strong></span> <span class='ocrx_word' id='word_1_453' title='bbox 1576 3452 1756 3507; x_wconf 79' lang='lat' dir='ltr'><strong>Gloria</strong></span> <span class='ocrx_word' id='word_1_454' title='bbox 1795 3456 1848 3508; x_wconf 89' lang='lat' dir='ltr'><strong>in</strong></span> <span class='ocrx_word' id='word_1_455' title='bbox 1874 3454 2039 3524; x_wconf 52' lang='grc' dir='ltr'><strong>,αιιὶς-</strong></span> 
     </span>
    </p>
   </div>
   <div class='ocr_carea' id='block_1_64' title="bbox 2130 2896 3715 2970">
    <p class='ocr_par' dir='ltr' id='par_1_64' title="bbox 2130 2896 3715 2970">
     <span class='ocr_line' id='line_1_64' title="bbox 2130 2896 3715 2970; baseline -0.003 -15"><span class='ocrx_word' id='word_1_456' title='bbox 2130 2902 2443 2970; x_wconf 81' lang='lat' dir='ltr'><strong>chperare.</strong></span> <span class='ocrx_word' id='word_1_457' title='bbox 2477 2901 2834 2969; x_wconf 87' lang='lat' dir='ltr'><strong>Omnipotens</strong></span> <span class='ocrx_word' id='word_1_458' title='bbox 2882 2900 3025 2955; x_wconf 89' lang='lat' dir='ltr'><strong>enim</strong></span> <span class='ocrx_word' id='word_1_459' title='bbox 3072 2898 3336 2953; x_wconf 89' lang='lat' dir='ltr'><strong>Dominus</strong></span> <span class='ocrx_word' id='word_1_460' title='bbox 3363 2899 3522 2953; x_wconf 84' lang='lat' dir='ltr'><strong>Jesus</strong></span> <span class='ocrx_word' id='word_1_461' title='bbox 3567 2896 3715 2951; x_wconf 87' lang='lat' dir='ltr'><strong>Chri-</strong></span> 
     </span>
    </p>
   </div>
   <div class='ocr_carea' id='block_1_65' title="bbox 2134 2990 3714 3062">
    <p class='ocr_par' dir='ltr' id='par_1_65' title="bbox 2134 2990 3714 3062">
     <span class='ocr_line' id='line_1_65' title="bbox 2134 2990 3714 3062; baseline -0.003 -15"><span class='ocrx_word' id='word_1_462' title='bbox 2134 3005 2274 3059; x_wconf 89' lang='lat' dir='ltr'><strong>stus,</strong></span> <span class='ocrx_word' id='word_1_463' title='bbox 2318 2994 2406 3062; x_wconf 92' lang='lat' dir='ltr'><strong>qui</strong></span> <span class='ocrx_word' id='word_1_464' title='bbox 2460 2993 2553 3047; x_wconf 88' lang='lat' dir='ltr'><strong>Dei</strong></span> <span class='ocrx_word' id='word_1_465' title='bbox 2608 3000 2665 3047; x_wconf 91' lang='lat' dir='ltr'><strong>et</strong></span> <span class='ocrx_word' id='word_1_466' title='bbox 2695 2991 2930 3046; x_wconf 84' lang='lat' dir='ltr'><strong>hominis</strong></span> <span class='ocrx_word' id='word_1_467' title='bbox 2961 2990 3231 3046; x_wconf 82' lang='lat' dir='ltr'><strong>mediator</strong></span> <span class='ocrx_word' id='word_1_468' title='bbox 3276 2992 3630 3059; x_wconf 79' lang='lat' dir='ltr'><strong>approbatur,</strong></span> <span class='ocrx_word' id='word_1_469' title='bbox 3666 2998 3714 3042; x_wconf 89' lang='lat' dir='ltr'><strong>ut</strong></span> 
     </span>
    </p>
   </div>
   <div class='ocr_carea' id='block_1_66' title="bbox 2130 3084 3714 3155">
    <p class='ocr_par' dir='ltr' id='par_1_66' title="bbox 2130 3084 3714 3155">
     <span class='ocr_line' id='line_1_66' title="bbox 2130 3084 3714 3155; baseline -0.004 -13"><span class='ocrx_word' id='word_1_470' title='bbox 2130 3086 2531 3142; x_wconf 78' lang='lat' dir='ltr'><strong>excusationem</strong></span> <span class='ocrx_word' id='word_1_471' title='bbox 2574 3088 2731 3140; x_wconf 87' lang='lat' dir='ltr'><strong>nobis</strong></span> <span class='ocrx_word' id='word_1_472' title='bbox 2774 3100 3055 3155; x_wconf 72' lang='lat' dir='ltr'><strong>corporea:</strong></span> <span class='ocrx_word' id='word_1_473' title='bbox 3105 3084 3420 3155; x_wconf 81' lang='lat' dir='ltr'><strong>fragilitatis</strong></span> <span class='ocrx_word' id='word_1_474' title='bbox 3449 3084 3673 3138; x_wconf 81' lang='lat' dir='ltr'><strong>olferrct</strong></span> <span class='ocrx_word' id='word_1_475' title='bbox 3700 3125 3714 3143; x_wconf 83' lang='lat'><strong>.</strong></span> 
     </span>
    </p>
   </div>
   <div class='ocr_carea' id='block_1_67' title="bbox 2139 3176 3720 3244">
    <p class='ocr_par' dir='ltr' id='par_1_67' title="bbox 2139 3176 3720 3244">
     <span class='ocr_line' id='line_1_67' title="bbox 2139 3176 3720 3244; baseline -0.003 -10"><span class='ocrx_word' id='word_1_476' title='bbox 2139 3179 2373 3234; x_wconf 84' lang='lat' dir='ltr'><strong>studium</strong></span> <span class='ocrx_word' id='word_1_477' title='bbox 2426 3189 2630 3233; x_wconf 90' lang='lat' dir='ltr'><strong>tantum</strong></span> <span class='ocrx_word' id='word_1_478' title='bbox 2679 3188 2877 3233; x_wconf 68' lang='lat' dir='ltr'><strong>nostrae</strong></span> <span class='ocrx_word' id='word_1_479' title='bbox 2906 3178 3201 3231; x_wconf 86' lang='lat' dir='ltr'><strong>voluntatis</strong></span> <span class='ocrx_word' id='word_1_480' title='bbox 3254 3176 3558 3244; x_wconf 84' lang='lat' dir='ltr'><strong>inquirens,</strong></span> <span class='ocrx_word' id='word_1_481' title='bbox 3607 3190 3720 3244; x_wconf 85' lang='lat' dir='ltr'><strong>pcr-</strong></span> 
     </span>
    </p>
   </div>
   <div class='ocr_carea' id='block_1_68' title="bbox 2146 3267 3718 3339">
    <p class='ocr_par' dir='ltr' id='par_1_68' title="bbox 2146 3267 3718 3339">
     <span class='ocr_line' id='line_1_68' title="bbox 2146 3267 3718 3339; baseline -0.004 -14"><span class='ocrx_word' id='word_1_482' title='bbox 2146 3271 2431 3326; x_wconf 87' lang='lat' dir='ltr'><strong>lectionem</strong></span> <span class='ocrx_word' id='word_1_483' title='bbox 2467 3271 2592 3325; x_wconf 84' lang='lat' dir='ltr'><strong>boni</strong></span> <span class='ocrx_word' id='word_1_484' title='bbox 2622 3270 2802 3339; x_wconf 84' lang='lat' dir='ltr'><strong>operis</strong></span> <span class='ocrx_word' id='word_1_485' title='bbox 2824 3284 2935 3324; x_wconf 72' lang='lat' dir='ltr'><strong>suae</strong></span> <span class='ocrx_word' id='word_1_486' title='bbox 2963 3267 3232 3337; x_wconf 82' lang='lat' dir='ltr'><strong>majcSIati</strong></span> <span class='ocrx_word' id='word_1_487' title='bbox 3265 3268 3527 3321; x_wconf 78' lang='lat' dir='ltr'><strong>servavit.</strong></span> <span class='ocrx_word' id='word_1_488' title='bbox 3582 3271 3718 3335; x_wconf 80' lang='lat' dir='ltr'><strong>Apo-</strong></span> 
     </span>
    </p>
   </div>
   <div class='ocr_carea' id='block_1_69' title="bbox 2146 3357 3725 3432">
    <p class='ocr_par' dir='ltr' id='par_1_69' title="bbox 2146 3357 3725 3432">
     <span class='ocr_line' id='line_1_69' title="bbox 2146 3357 3725 3432; baseline -0.006 -15"><span class='ocrx_word' id='word_1_489' title='bbox 2146 3364 2337 3417; x_wconf 88' lang='lat' dir='ltr'><strong>stolica</strong></span> <span class='ocrx_word' id='word_1_490' title='bbox 2367 3378 2597 3432; x_wconf 80' lang='lat' dir='ltr'><strong>namque</strong></span> <span class='ocrx_word' id='word_1_491' title='bbox 2622 3360 2869 3415; x_wconf 81' lang='lat' dir='ltr'><strong>doctrina</strong></span> <span class='ocrx_word' id='word_1_492' title='bbox 2898 3358 2977 3413; x_wconf 90' lang='lat' dir='ltr'><strong>sic</strong></span> <span class='ocrx_word' id='word_1_493' title='bbox 3014 3359 3275 3428; x_wconf 81' lang='lat' dir='ltr'><strong>explicat,</strong></span> <span class='ocrx_word' id='word_1_494' title='bbox 3306 3358 3496 3412; x_wconf 83' lang='lat' dir='ltr'><strong>dicens</strong></span> <span class='ocrx_word' id='word_1_495' title='bbox 3524 3376 3537 3409; x_wconf 90' lang='lat'>:</span> <span class='ocrx_word' id='word_1_496' title='bbox 3587 3357 3725 3411; x_wconf 71' lang='lat' dir='ltr'><strong>Velle</strong></span> 
     </span>
    </p>
   </div>
   <div class='ocr_carea' id='block_1_70' title="bbox 2148 3444 3745 3526">
    <p class='ocr_par' dir='ltr' id='par_1_70' title="bbox 2148 3444 3745 3526">
     <span class='ocr_line' id='line_1_70' title="bbox 2148 3444 3745 3526; baseline -0.005 -18"><span class='ocrx_word' id='word_1_497' title='bbox 2148 3456 2393 3526; x_wconf 83' lang='lat' dir='ltr'><strong>adjacens</strong></span> <span class='ocrx_word' id='word_1_498' title='bbox 2424 3452 2547 3508; x_wconf 81' lang='lat' dir='ltr'><strong>mihi</strong></span> <span class='ocrx_word' id='word_1_499' title='bbox 2577 3464 2674 3521; x_wconf 83' lang='lat' dir='ltr'><strong>est,</strong></span> <span class='ocrx_word' id='word_1_500' title='bbox 2698 3452 2944 3523; x_wconf 77' lang='lat' dir='ltr'><strong>perﬁcere</strong></span> <span class='ocrx_word' id='word_1_501' title='bbox 2981 3461 3149 3505; x_wconf 82' lang='lat' dir='ltr'><strong>autem</strong></span> <span class='ocrx_word' id='word_1_502' title='bbox 3170 3449 3361 3504; x_wconf 85' lang='lat' dir='ltr'><strong>bonum</strong></span> <span class='ocrx_word' id='word_1_503' title='bbox 3378 3466 3482 3503; x_wconf 87' lang='lat' dir='ltr'><strong>non</strong></span> <span class='ocrx_word' id='word_1_504' title='bbox 3498 3444 3745 3513; x_wconf 55' lang='lat' dir='ltr'><strong>invenio,</strong></span> 
     </span>
    </p>
   </div>
   <div class='ocr_carea' id='block_1_71' title="bbox 1925 3567 2251 3625">
    <p class='ocr_par' dir='ltr' id='par_1_71' title="bbox 1925 3567 2251 3625">
     <span class='ocr_line' id='line_1_71' title="bbox 1925 3567 2251 3625; baseline 0.006 -4"><span class='ocrx_word' id='word_1_505' title='bbox 1925 3567 2251 3625; x_wconf 81' lang='lat' dir='ltr'><strong>&#39;SCilOLlA.</strong></span> 
     </span>
    </p>
   </div>
   <div class='ocr_carea' id='block_1_72' title="bbox 518 3685 1178 3755">
    <p class='ocr_par' dir='ltr' id='par_1_72' title="bbox 518 3685 1178 3755">
     <span class='ocr_line' id='line_1_72' title="bbox 518 3685 1178 3755; baseline -0.018 -6"><span class='ocrx_word' id='word_1_506' title='bbox 518 3694 608 3749; x_wconf 82' lang='grc'><strong>61.</strong></span> <span class='ocrx_word' id='word_1_507' title='bbox 634 3690 759 3746; x_wconf 80' lang='lat' dir='ltr'><strong>Vel.</strong></span> <span class='ocrx_word' id='word_1_508' title='bbox 793 3690 845 3753; x_wconf 76' lang='lat' dir='ltr'><strong>l,</strong></span> <span class='ocrx_word' id='word_1_509' title='bbox 870 3686 926 3751; x_wconf 75' lang='lat'><strong>‘2,</strong></span> <span class='ocrx_word' id='word_1_510' title='bbox 960 3685 1178 3755; x_wconf 79' lang='lat' dir='ltr'><strong>puerile.</strong></span> 
     </span>
    </p>
   </div>
   <div class='ocr_carea' id='block_1_73' title="bbox 517 3755 2043 3825">
    <p class='ocr_par' dir='ltr' id='par_1_73' title="bbox 517 3755 2043 3825">
     <span class='ocr_line' id='line_1_73' title="bbox 517 3755 2043 3825; baseline -0.006 -6"><span class='ocrx_word' id='word_1_511' title='bbox 517 3764 611 3819; x_wconf 71' lang='lat'><strong>62.</strong></span> <span class='ocrx_word' id='word_1_512' title='bbox 642 3760 882 3825; x_wconf 68' lang='lat' dir='ltr'><strong>Praesepe</strong></span> <span class='ocrx_word' id='word_1_513' title='bbox 927 3757 979 3810; x_wconf 92' lang='lat' dir='ltr'><strong>in</strong></span> <span class='ocrx_word' id='word_1_514' title='bbox 1009 3756 1268 3821; x_wconf 79' lang='lat' dir='ltr'><strong>ahlativo,</strong></span> <span class='ocrx_word' id='word_1_515' title='bbox 1317 3768 1377 3809; x_wconf 90' lang='lat' dir='ltr'><strong>ut</strong></span> <span class='ocrx_word' id='word_1_516' title='bbox 1414 3756 1465 3809; x_wconf 89' lang='lat' dir='ltr'><strong>in</strong></span> <span class='ocrx_word' id='word_1_517' title='bbox 1499 3755 1689 3811; x_wconf 89' lang='lat' dir='ltr'><strong>eodem</strong></span> <span class='ocrx_word' id='word_1_518' title='bbox 1731 3771 1856 3810; x_wconf 89' lang='lat' dir='ltr'><strong>casu</strong></span> <span class='ocrx_word' id='word_1_519' title='bbox 1900 3772 2043 3810; x_wconf 84' lang='lat' dir='ltr'><strong>mare</strong></span> 
     </span>
    </p>
   </div>
   <div class='ocr_carea' id='block_1_74' title="bbox 446 3825 2039 3892">
    <p class='ocr_par' dir='ltr' id='par_1_74' title="bbox 446 3825 2039 3892">
     <span class='ocr_line' id='line_1_74' title="bbox 446 3825 2039 3892; baseline -0.007 -2"><span class='ocrx_word' id='word_1_520' title='bbox 446 3838 704 3891; x_wconf 80' lang='lat' dir='ltr'><strong>dixerunt</strong></span> <span class='ocrx_word' id='word_1_521' title='bbox 740 3832 979 3892; x_wconf 87' lang='lat' dir='ltr'><strong>Plautus,</strong></span> <span class='ocrx_word' id='word_1_522' title='bbox 1007 3826 1291 3881; x_wconf 86' lang='lat' dir='ltr'><strong>Lucretius</strong></span> <span class='ocrx_word' id='word_1_523' title='bbox 1324 3838 1377 3880; x_wconf 92' lang='lat' dir='ltr'><strong>et</strong></span> <span class='ocrx_word' id='word_1_524' title='bbox 1419 3825 1643 3881; x_wconf 84' lang='lat' dir='ltr'><strong>Ovidius</strong></span> <span class='ocrx_word' id='word_1_525' title='bbox 1690 3844 1794 3881; x_wconf 87' lang='lat' dir='ltr'><strong>non</strong></span> <span class='ocrx_word' id='word_1_526' title='bbox 1847 3828 2039 3881; x_wconf 82' lang='lat' dir='ltr'><strong>semel.</strong></span> 
     </span>
    </p>
   </div>
   <div class='ocr_carea' id='block_1_75' title="bbox 452 3897 2039 3968">
    <p class='ocr_par' dir='ltr' id='par_1_75' title="bbox 452 3897 2039 3968">
     <span class='ocr_line' id='line_1_75' title="bbox 452 3897 2039 3968; baseline -0.007 -7"><span class='ocrx_word' id='word_1_527' title='bbox 452 3906 659 3962; x_wconf 82' lang='lat' dir='ltr'><strong>Poterit</strong></span> <span class='ocrx_word' id='word_1_528' title='bbox 686 3904 848 3957; x_wconf 90' lang='lat' dir='ltr'><strong>etiam</strong></span> <span class='ocrx_word' id='word_1_529' title='bbox 897 3914 1121 3968; x_wconf 66' lang='lat' dir='ltr'><strong>praesepe</strong></span> <span class='ocrx_word' id='word_1_530' title='bbox 1147 3912 1269 3950; x_wconf 89' lang='lat' dir='ltr'><strong>esse</strong></span> <span class='ocrx_word' id='word_1_531' title='bbox 1300 3913 1329 3949; x_wconf 69' lang='grc' dir='ltr'>ει</span> <span class='ocrx_word' id='word_1_532' title='bbox 1362 3898 1605 3968; x_wconf 66' lang='grc' dir='ltr'><strong>ρι’(ιεδινρὶε</strong></span> <span class='ocrx_word' id='word_1_533' title='bbox 1632 3942 1644 3963; x_wconf 87' lang='grc'><em>,</em></span> <span class='ocrx_word' id='word_1_534' title='bbox 1680 3899 1925 3967; x_wconf 76' lang='lat' dir='ltr'><strong>prtvsepis</strong></span> <span class='ocrx_word' id='word_1_535' title='bbox 1960 3897 2039 3951; x_wconf 85' lang='lat' dir='ltr'><strong>fe-</strong></span> 
     </span>
    </p>
   </div>
   <div class='ocr_carea' id='block_1_76' title="bbox 452 3967 2032 4044">
    <p class='ocr_par' dir='ltr' id='par_1_76' title="bbox 452 3967 2032 4044">
     <span class='ocr_line' id='line_1_76' title="bbox 452 3967 2032 4044; baseline -0.006 -13"><span class='ocrx_word' id='word_1_536' title='bbox 452 3978 583 4031; x_wconf 88' lang='lat' dir='ltr'><strong>tttiu.</strong></span> <span class='ocrx_word' id='word_1_537' title='bbox 612 3990 762 4044; x_wconf 69' lang='lat' dir='ltr'><strong>gem,</strong></span> <span class='ocrx_word' id='word_1_538' title='bbox 788 3972 830 4025; x_wconf 90' lang='lat' dir='ltr'><strong>si</strong></span> <span class='ocrx_word' id='word_1_539' title='bbox 850 3967 1534 4044; x_wconf 66' lang='lat' dir='ltr'><strong>legaturangusta._Conler</strong></span> <span class='ocrx_word' id='word_1_540' title='bbox 1562 3970 1596 4021; x_wconf 89' lang='grc' dir='ltr'><strong>Ι.</strong></span> <span class='ocrx_word' id='word_1_541' title='bbox 1630 3971 2032 4044; x_wconf 27' lang='grc' dir='ltr'><strong>ηυξ-νενελὸω.</strong></span> 
     </span>
    </p>
   </div>
   <div class='ocr_carea' id='block_1_77' title="bbox 2147 3684 3730 3755">
    <p class='ocr_par' dir='ltr' id='par_1_77' title="bbox 2147 3684 3730 3755">
     <span class='ocr_line' id='line_1_77' title="bbox 2147 3684 3730 3755; baseline -0.004 -14"><span class='ocrx_word' id='word_1_542' title='bbox 2147 3688 2354 3755; x_wconf 89' lang='lat' dir='ltr'><strong>perium</strong></span> <span class='ocrx_word' id='word_1_543' title='bbox 2384 3685 2528 3741; x_wconf 88' lang='lat' dir='ltr'><strong>idem</strong></span> <span class='ocrx_word' id='word_1_544' title='bbox 2557 3694 2757 3741; x_wconf 86' lang='lat' dir='ltr'><strong>manet.</strong></span> <span class='ocrx_word' id='word_1_545' title='bbox 2798 3685 3172 3741; x_wconf 86' lang='lat' dir='ltr'><strong>Nebrissensis</strong></span> <span class='ocrx_word' id='word_1_546' title='bbox 3218 3694 3401 3753; x_wconf 84' lang='lat' dir='ltr'><strong>putat,</strong></span> <span class='ocrx_word' id='word_1_547' title='bbox 3448 3696 3640 3739; x_wconf 77' lang='lat' dir='ltr'><strong>reterno</strong></span> <span class='ocrx_word' id='word_1_548' title='bbox 3668 3684 3730 3737; x_wconf 82' lang='lat' dir='ltr'><strong>ad</strong></span> 
     </span>
    </p>
   </div>
   <div class='ocr_carea' id='block_1_78' title="bbox 2148 3754 3730 3828">
    <p class='ocr_par' dir='ltr' id='par_1_78' title="bbox 2148 3754 3730 3828">
     <span class='ocr_line' id='line_1_78' title="bbox 2148 3754 3730 3828; baseline -0.003 -17"><span class='ocrx_word' id='word_1_549' title='bbox 2148 3754 2403 3811; x_wconf 86' lang='lat' dir='ltr'><strong>mundum</strong></span> <span class='ocrx_word' id='word_1_550' title='bbox 2448 3757 2802 3828; x_wconf 79' lang='lat' dir='ltr'><strong>archetypum</strong></span> <span class='ocrx_word' id='word_1_551' title='bbox 2846 3754 3037 3811; x_wconf 84' lang='lat' dir='ltr'><strong>referri</strong></span> <span class='ocrx_word' id='word_1_552' title='bbox 3059 3797 3074 3816; x_wconf 89' lang='lat'><strong>.</strong></span> <span class='ocrx_word' id='word_1_553' title='bbox 3113 3766 3204 3810; x_wconf 90' lang='lat' dir='ltr'><strong>aut</strong></span> <span class='ocrx_word' id='word_1_554' title='bbox 3234 3772 3332 3825; x_wconf 88' lang='lat' dir='ltr'><strong>pro</strong></span> <span class='ocrx_word' id='word_1_555' title='bbox 3360 3773 3561 3826; x_wconf 77' lang='lat' dir='ltr'><strong>semper</strong></span> <span class='ocrx_word' id='word_1_556' title='bbox 3590 3756 3730 3819; x_wconf 88' lang='lat' dir='ltr'><strong>poni.</strong></span> 
     </span>
    </p>
   </div>
   <div class='ocr_carea' id='block_1_79' title="bbox 2147 3828 3732 3899">
    <p class='ocr_par' dir='ltr' id='par_1_79' title="bbox 2147 3828 3732 3899">
     <span class='ocr_line' id='line_1_79' title="bbox 2147 3828 3732 3899; baseline -0.003 -18"><span class='ocrx_word' id='word_1_557' title='bbox 2147 3831 2254 3887; x_wconf 86' lang='lat' dir='ltr'><strong>Sed</strong></span> <span class='ocrx_word' id='word_1_558' title='bbox 2280 3829 2500 3883; x_wconf 83' lang='lat' dir='ltr'><strong>verbum</strong></span> <span class='ocrx_word' id='word_1_559' title='bbox 2524 3845 2652 3899; x_wconf 90' lang='lat' dir='ltr'><strong>gyro</strong></span> <span class='ocrx_word' id='word_1_560' title='bbox 2692 3830 2870 3897; x_wconf 84' lang='lat' dir='ltr'><strong>potius</strong></span> <span class='ocrx_word' id='word_1_561' title='bbox 2900 3828 3101 3899; x_wconf 67' lang='lat' dir='ltr'><strong>indicat</strong></span> <span class='ocrx_word' id='word_1_562' title='bbox 3142 3838 3346 3881; x_wconf 90' lang='lat' dir='ltr'><strong>motum</strong></span> <span class='ocrx_word' id='word_1_563' title='bbox 3399 3839 3732 3895; x_wconf 81' lang='lat' dir='ltr'><strong>perpetuum,</strong></span> 
     </span>
    </p>
   </div>
   <div class='ocr_carea' id='block_1_80' title="bbox 2147 3898 3735 3969">
    <p class='ocr_par' dir='ltr' id='par_1_80' title="bbox 2147 3898 3735 3969">
     <span class='ocr_line' id='line_1_80' title="bbox 2147 3898 3735 3969; baseline -0.001 -18"><span class='ocrx_word' id='word_1_564' title='bbox 2147 3914 2254 3969; x_wconf 92' lang='lat' dir='ltr'><strong>quo</strong></span> <span class='ocrx_word' id='word_1_565' title='bbox 2282 3914 2370 3953; x_wconf 89' lang='lat' dir='ltr'><strong>res</strong></span> <span class='ocrx_word' id='word_1_566' title='bbox 2398 3898 2592 3953; x_wconf 76' lang='lat' dir='ltr'><strong>creata:</strong></span> <span class='ocrx_word' id='word_1_567' title='bbox 2621 3907 2868 3967; x_wconf 83' lang='lat' dir='ltr'><strong>aguntur.</strong></span> <span class='ocrx_word' id='word_1_568' title='bbox 2898 3898 2973 3951; x_wconf 81' lang='lat' dir='ltr'><strong>Ex</strong></span> <span class='ocrx_word' id='word_1_569' title='bbox 3004 3914 3159 3968; x_wconf 84' lang='lat' dir='ltr'><strong>prosa</strong></span> <span class='ocrx_word' id='word_1_570' title='bbox 3188 3909 3365 3952; x_wconf 86' lang='lat' dir='ltr'><strong>tamen</strong></span> <span class='ocrx_word' id='word_1_571' title='bbox 3389 3910 3535 3952; x_wconf 89' lang='lat' dir='ltr'><strong>certa</strong></span> <span class='ocrx_word' id='word_1_572' title='bbox 3583 3898 3735 3966; x_wconf 86' lang='lat' dir='ltr'><strong>hujus</strong></span> 
     </span>
    </p>
   </div>
   <div class='ocr_carea' id='block_1_81' title="bbox 2147 3970 3168 4038">
    <p class='ocr_par' dir='ltr' id='par_1_81' title="bbox 2147 3970 3168 4038">
     <span class='ocr_line' id='line_1_81' title="bbox 2147 3970 3168 4038; baseline -0.001 -14"><span class='ocrx_word' id='word_1_573' title='bbox 2147 3972 2249 4024; x_wconf 84' lang='lat' dir='ltr'><strong>loci</strong></span> <span class='ocrx_word' id='word_1_574' title='bbox 2282 3972 2656 4038; x_wconf 86' lang='lat' dir='ltr'><strong>interpretatio</strong></span> <span class='ocrx_word' id='word_1_575' title='bbox 2684 3970 2800 4024; x_wconf 88' lang='lat' dir='ltr'><strong>erui</strong></span> <span class='ocrx_word' id='word_1_576' title='bbox 2833 3984 2937 4022; x_wconf 90' lang='lat' dir='ltr'><strong>non</strong></span> <span class='ocrx_word' id='word_1_577' title='bbox 2972 3979 3168 4037; x_wconf 75' lang='lat' dir='ltr'><strong>potosl.</strong></span> 
     </span>
    </p>
   </div>
   <div class='ocr_carea' id='block_1_82' title="bbox 525 4038 3733 4131">
    <p class='ocr_par' dir='ltr' id='par_1_82' title="bbox 525 4038 3733 4131">
     <span class='ocr_line' id='line_1_82' title="bbox 525 4038 3733 4131; baseline -0.003 -32"><span class='ocrx_word' id='word_1_578' title='bbox 525 4038 805 4131; x_wconf 32' lang='lat' dir='ltr'><strong>militum.</strong></span> <span class='ocrx_word' id='word_1_579' title='bbox 843 4038 1651 4131; x_wconf 38' lang='lat' dir='ltr'><strong>Iliiluitd&#39;at‘.Dondnidnatrem.</strong></span> <span class='ocrx_word' id='word_1_580' title='bbox 1688 4040 1856 4101; x_wconf 66' lang='lat' dir='ltr'><strong>Meus,</strong></span> <span class='ocrx_word' id='word_1_581' title='bbox 1884 4040 2040 4131; x_wconf 48' lang='lat' dir='ltr'><strong>Sal‘tt&#39;:</strong></span> <span class='ocrx_word' id='word_1_582' title='bbox 2073 4071 2125 4131; x_wconf 68' lang='grc' dir='ltr'><strong>Β</strong></span> <span class='ocrx_word' id='word_1_583' title='bbox 2220 4042 2309 4124; x_wconf 44' lang='grc'><strong>68..</strong></span> <span class='ocrx_word' id='word_1_584' title='bbox 2352 4039 2650 4131; x_wconf 49' lang='lat' dir='ltr'><strong>iilausihilis</strong></span> <span class='ocrx_word' id='word_1_585' title='bbox 2672 4055 2752 4095; x_wconf 88' lang='lat' dir='ltr'><strong>est</strong></span> <span class='ocrx_word' id='word_1_586' title='bbox 2776 4041 3042 4131; x_wconf 45' lang='lat' dir='ltr'><strong>scripltura</strong></span> <span class='ocrx_word' id='word_1_587' title='bbox 3070 4040 3340 4094; x_wconf 85' lang='lat' dir='ltr'><strong>Parrhasii</strong></span> <span class='ocrx_word' id='word_1_588' title='bbox 3367 4039 3479 4131; x_wconf 46' lang='lat' dir='ltr'><strong>I&#39;V‘ec</strong></span> <span class='ocrx_word' id='word_1_589' title='bbox 3498 4041 3733 4121; x_wconf 79' lang='lat' dir='ltr'><strong>primum,</strong></span> 
     </span>
    </p>
   </div>
   <div class='ocr_carea' id='block_1_83' title="bbox 457 4108 2041 4181">
    <p class='ocr_par' dir='ltr' id='par_1_83' title="bbox 457 4108 2041 4181">
     <span class='ocr_line' id='line_1_83' title="bbox 457 4108 2041 4181; baseline -0.005 -10"><span class='ocrx_word' id='word_1_590' title='bbox 457 4120 602 4171; x_wconf 86' lang='lat' dir='ltr'><strong>talio.</strong></span> <span class='ocrx_word' id='word_1_591' title='bbox 632 4114 865 4173; x_wconf 80' lang='lat' dir='ltr'><strong>Poultn..</strong></span> <span class='ocrx_word' id='word_1_592' title='bbox 917 4108 1213 4165; x_wconf 83' lang='lat' dir='ltr'><strong>Cratulutio</strong></span> <span class='ocrx_word' id='word_1_593' title='bbox 1257 4109 1326 4161; x_wconf 80' lang='lat' dir='ltr'><strong>ut!</strong></span> <span class='ocrx_word' id='word_1_594' title='bbox 1372 4108 1643 4181; x_wconf 14' lang='lat' dir='ltr'><strong>,Virginein</strong></span> <span class='ocrx_word' id='word_1_595' title='bbox 1698 4121 1931 4163; x_wconf 83' lang='lat' dir='ltr'><strong>matrem.</strong></span> <span class='ocrx_word' id='word_1_596' title='bbox 1978 4111 2041 4163; x_wconf 83' lang='lat' dir='ltr'><strong>lli</strong></span> 
     </span>
    </p>
   </div>
   <div class='ocr_carea' id='block_1_84' title="bbox 460 4180 2044 4255">
    <p class='ocr_par' dir='ltr' id='par_1_84' title="bbox 460 4180 2044 4255">
     <span class='ocr_line' id='line_1_84' title="bbox 460 4180 2044 4255; baseline -0.005 -12"><span class='ocrx_word' id='word_1_597' title='bbox 460 4200 665 4255; x_wconf 64' lang='lat' dir='ltr'><strong>septem</strong></span> <span class='ocrx_word' id='word_1_598' title='bbox 716 4199 902 4255; x_wconf 80' lang='lat' dir='ltr'><strong>versus</strong></span> <span class='ocrx_word' id='word_1_599' title='bbox 926 4184 1258 4255; x_wconf 62' lang='lat' dir='ltr'><strong>charactere</strong></span> <span class='ocrx_word' id='word_1_600' title='bbox 1280 4180 1762 4255; x_wconf 29' lang='lat' dir='ltr'><strong>,ruhtjoin‘codice</strong></span> <span class='ocrx_word' id='word_1_601' title='bbox 1794 4182 1925 4237; x_wconf 88' lang='lat' dir='ltr'><strong>Urb.</strong></span> <span class='ocrx_word' id='word_1_602' title='bbox 1959 4182 2044 4235; x_wconf 89' lang='lat' dir='ltr'><strong>di-</strong></span> 
     </span>
    </p>
   </div>
   <div class='ocr_carea' id='block_1_85' title="bbox 459 4252 1535 4319">
    <p class='ocr_par' dir='ltr' id='par_1_85' title="bbox 459 4252 1535 4319">
     <span class='ocr_line' id='line_1_85' title="bbox 459 4252 1535 4319; baseline -0.01 -4"><span class='ocrx_word' id='word_1_603' title='bbox 459 4252 639 4315; x_wconf 81' lang='lat' dir='ltr'><strong>slincti</strong></span> <span class='ocrx_word' id='word_1_604' title='bbox 672 4265 815 4309; x_wconf 81' lang='lat' dir='ltr'><strong>sunt.</strong></span> <span class='ocrx_word' id='word_1_605' title='bbox 846 4252 974 4305; x_wconf 68' lang='lat' dir='ltr'><strong>Vide</strong></span> <span class='ocrx_word' id='word_1_606' title='bbox 999 4252 1209 4319; x_wconf 76' lang='lat' dir='ltr'><strong>Proleg.</strong></span> <span class='ocrx_word' id='word_1_607' title='bbox 1239 4268 1386 4304; x_wconf 88' lang='lat' dir='ltr'><strong>ttttltt.</strong></span> <span class='ocrx_word' id='word_1_608' title='bbox 1420 4252 1535 4305; x_wconf 80' lang='lat' dir='ltr'><strong>l70.</strong></span> 
     </span>
    </p>
   </div>
   <div class='ocr_carea' id='block_1_86' title="bbox 536 4324 2049 4391">
    <p class='ocr_par' dir='ltr' id='par_1_86' title="bbox 536 4324 2049 4391">
     <span class='ocr_line' id='line_1_86' title="bbox 536 4324 2049 4391; baseline -0.005 -8"><span class='ocrx_word' id='word_1_609' title='bbox 536 4329 624 4384; x_wconf 63' lang='grc'><strong>64.</strong></span> <span class='ocrx_word' id='word_1_610' title='bbox 652 4328 774 4380; x_wconf 76' lang='lat' dir='ltr'><strong>Mss.</strong></span> <span class='ocrx_word' id='word_1_611' title='bbox 805 4338 996 4378; x_wconf 85' lang='lat' dir='ltr'><strong>omnes</strong></span> <span class='ocrx_word' id='word_1_612' title='bbox 1026 4334 1216 4385; x_wconf 83' lang='lat' dir='ltr'><strong>nostri,</strong></span> <span class='ocrx_word' id='word_1_613' title='bbox 1242 4338 1362 4375; x_wconf 90' lang='lat' dir='ltr'><strong>cum</strong></span> <span class='ocrx_word' id='word_1_614' title='bbox 1389 4324 1660 4391; x_wconf 80' lang='lat' dir='ltr'><strong>pleriSque</strong></span> <span class='ocrx_word' id='word_1_615' title='bbox 1688 4324 1811 4376; x_wconf 87' lang='lat' dir='ltr'><strong>aliis</strong></span> <span class='ocrx_word' id='word_1_616' title='bbox 1838 4338 1967 4377; x_wconf 87' lang='lat' dir='ltr'><strong>mss.</strong></span> <span class='ocrx_word' id='word_1_617' title='bbox 1995 4332 2049 4376; x_wconf 83' lang='lat' dir='ltr'><strong>ct</strong></span> 
     </span>
    </p>
   </div>
   <div class='ocr_carea' id='block_1_87' title="bbox 466 4392 2048 4464">
    <p class='ocr_par' dir='ltr' id='par_1_87' title="bbox 466 4392 2048 4464">
     <span class='ocr_line' id='line_1_87' title="bbox 466 4392 2048 4464; baseline -0.006 -10"><span class='ocrx_word' id='word_1_618' title='bbox 466 4400 645 4464; x_wconf 81' lang='lat' dir='ltr'><strong>editis,</strong></span> <span class='ocrx_word' id='word_1_619' title='bbox 678 4406 829 4450; x_wconf 88' lang='lat' dir='ltr'><strong>tenet.</strong></span> <span class='ocrx_word' id='word_1_620' title='bbox 860 4394 1074 4464; x_wconf 67' lang='lat' dir='ltr'><strong>Parrlt_.,</strong></span> <span class='ocrx_word' id='word_1_621' title='bbox 1102 4392 1514 4464; x_wconf 70' lang='lat' dir='ltr'><strong>Lips.._sched;e</strong></span> <span class='ocrx_word' id='word_1_622' title='bbox 1540 4394 1770 4456; x_wconf 79' lang='lat' dir='ltr'><strong>Poeltn.,</strong></span> <span class='ocrx_word' id='word_1_623' title='bbox 1800 4403 1854 4446; x_wconf 86' lang='lat' dir='ltr'><strong>et</strong></span> <span class='ocrx_word' id='word_1_624' title='bbox 1884 4395 2048 4448; x_wconf 87' lang='lat' dir='ltr'><strong>editio</strong></span> 
     </span>
    </p>
   </div>
   <div class='ocr_carea' id='block_1_88' title="bbox 466 4462 2051 4535">
    <p class='ocr_par' dir='ltr' id='par_1_88' title="bbox 466 4462 2051 4535">
     <span class='ocr_line' id='line_1_88' title="bbox 466 4462 2051 4535; baseline -0.004 -11"><span class='ocrx_word' id='word_1_625' title='bbox 466 4462 672 4524; x_wconf 81' lang='lat' dir='ltr'><strong>Poelui.</strong></span> <span class='ocrx_word' id='word_1_626' title='bbox 701 4468 767 4520; x_wconf 89' lang='lat' dir='ltr'><strong>ad</strong></span> <span class='ocrx_word' id='word_1_627' title='bbox 797 4480 990 4533; x_wconf 68' lang='lat' dir='ltr'><strong>marg,</strong></span> <span class='ocrx_word' id='word_1_628' title='bbox 1023 4462 1237 4535; x_wconf 69' lang='lat' dir='ltr'><strong>biissale</strong></span> <span class='ocrx_word' id='word_1_629' title='bbox 1265 4462 1448 4535; x_wconf 75' lang='lat' dir='ltr'><strong>Rom.,</strong></span> <span class='ocrx_word' id='word_1_630' title='bbox 1480 4465 1608 4535; x_wconf 85' lang='lat' dir='ltr'><strong>regit</strong></span> <span class='ocrx_word' id='word_1_631' title='bbox 1627 4483 1643 4516; x_wconf 75' lang='grc'><strong>.’</strong></span> <span class='ocrx_word' id='word_1_632' title='bbox 1676 4480 1794 4527; x_wconf 80' lang='lat' dir='ltr'><strong>qtne</strong></span> <span class='ocrx_word' id='word_1_633' title='bbox 1824 4464 2051 4518; x_wconf 77' lang='lat' dir='ltr'><strong>fortasse</strong></span> 
     </span>
    </p>
   </div>
   <div class='ocr_carea' id='block_1_89' title="bbox 469 4533 2054 4607">
    <p class='ocr_par' dir='ltr' id='par_1_89' title="bbox 469 4533 2054 4607">
     <span class='ocr_line' id='line_1_89' title="bbox 469 4533 2054 4607; baseline 0.001 -24"><span class='ocrx_word' id='word_1_634' title='bbox 469 4542 646 4607; x_wconf 67' lang='lat' dir='ltr'><strong>glossa</strong></span> <span class='ocrx_word' id='word_1_635' title='bbox 677 4550 761 4593; x_wconf 77' lang='lat' dir='ltr'><strong>est</strong></span> <span class='ocrx_word' id='word_1_636' title='bbox 788 4537 1021 4607; x_wconf 78' lang='lat' dir='ltr'><strong>alicubi,</strong></span> <span class='ocrx_word' id='word_1_637' title='bbox 1057 4549 1179 4587; x_wconf 90' lang='lat' dir='ltr'><strong>nam</strong></span> <span class='ocrx_word' id='word_1_638' title='bbox 1223 4533 1462 4607; x_wconf 66' lang='lat' dir='ltr'><strong>iulium.</strong></span> <span class='ocrx_word' id='word_1_639' title='bbox 1493 4533 1671 4603; x_wconf 34' lang='lat' dir='ltr'><strong>gt‘o-sa</strong></span> <span class='ocrx_word' id='word_1_640' title='bbox 1704 4536 1769 4588; x_wconf 90' lang='lat' dir='ltr'><strong>ad</strong></span> <span class='ocrx_word' id='word_1_641' title='bbox 1799 4546 1931 4607; x_wconf 72' lang='lat' dir='ltr'><strong>tenet</strong></span> <span class='ocrx_word' id='word_1_642' title='bbox 1970 4546 2054 4589; x_wconf 82' lang='lat' dir='ltr'><strong>est</strong></span> 
     </span>
    </p>
   </div>
   <div class='ocr_carea' id='block_1_90' title="bbox 472 4604 2053 4680">
    <p class='ocr_par' dir='ltr' id='par_1_90' title="bbox 472 4604 2053 4680">
     <span class='ocr_line' id='line_1_90' title="bbox 472 4604 2053 4680; baseline -0.004 -18"><span class='ocrx_word' id='word_1_643' title='bbox 472 4604 748 4680; x_wconf 78' lang='lat' dir='ltr'><strong>gubernat.</strong></span> <span class='ocrx_word' id='word_1_644' title='bbox 802 4606 914 4680; x_wconf 61' lang='lat' dir='ltr'><strong>Hoc</strong></span> <span class='ocrx_word' id='word_1_645' title='bbox 939 4618 1099 4657; x_wconf 84' lang='lat' dir='ltr'><strong>Sensu</strong></span> <span class='ocrx_word' id='word_1_646' title='bbox 1131 4605 1303 4680; x_wconf 82' lang='lat' dir='ltr'><strong>accipi</strong></span> <span class='ocrx_word' id='word_1_647' title='bbox 1336 4620 1494 4680; x_wconf 60' lang='lat' dir='ltr'><strong>tuisse</strong></span> <span class='ocrx_word' id='word_1_648' title='bbox 1522 4618 1712 4680; x_wconf 69' lang='lat' dir='ltr'><strong>tenere,</strong></span> <span class='ocrx_word' id='word_1_649' title='bbox 1744 4620 1808 4680; x_wconf 52' lang='lat' dir='ltr'><strong>es</strong></span> <span class='ocrx_word' id='word_1_650' title='bbox 1840 4604 2053 4680; x_wconf 67' lang='lat' dir='ltr'><strong>Iustino</strong></span> 
     </span>
    </p>
   </div>
   <div class='ocr_carea' id='block_1_91' title="bbox 472 4675 2056 4734">
    <p class='ocr_par' dir='ltr' id='par_1_91' title="bbox 472 4675 2056 4734">
     <span class='ocr_line' id='line_1_91' title="bbox 472 4675 2056 4734; baseline -0.003 -1"><span class='ocrx_word' id='word_1_651' title='bbox 472 4675 523 4734; x_wconf 74' lang='lat' dir='ltr'><strong>et</strong></span> <span class='ocrx_word' id='word_1_652' title='bbox 550 4680 681 4732; x_wconf 68' lang='lat' dir='ltr'><strong>Mela</strong></span> <span class='ocrx_word' id='word_1_653' title='bbox 710 4677 945 4730; x_wconf 83' lang='lat' dir='ltr'><strong>ostendit</strong></span> <span class='ocrx_word' id='word_1_654' title='bbox 978 4675 1319 4728; x_wconf 80' lang='lat' dir='ltr'><strong>.-\rntzeuius.</strong></span> <span class='ocrx_word' id='word_1_655' title='bbox 1356 4676 1491 4729; x_wconf 83' lang='lat' dir='ltr'><strong>Beda</strong></span> <span class='ocrx_word' id='word_1_656' title='bbox 1521 4677 1569 4728; x_wconf 88' lang='lat' dir='ltr'><strong>itt</strong></span> <span class='ocrx_word' id='word_1_657' title='bbox 1604 4676 1918 4729; x_wconf 85' lang='lat' dir='ltr'><strong>llotniliario</strong></span> <span class='ocrx_word' id='word_1_658' title='bbox 1966 4678 2056 4729; x_wconf 81' lang='lat' dir='ltr'><strong>Al-</strong></span> 
     </span>
    </p>
   </div>
   <div class='ocr_carea' id='block_1_92' title="bbox 473 4743 2058 4815">
    <p class='ocr_par' dir='ltr' id='par_1_92' title="bbox 473 4743 2058 4815">
     <span class='ocr_line' id='line_1_92' title="bbox 473 4743 2058 4815; baseline -0.002 -12"><span class='ocrx_word' id='word_1_659' title='bbox 473 4750 617 4803; x_wconf 90' lang='lat' dir='ltr'><strong>cttiui</strong></span> <span class='ocrx_word' id='word_1_660' title='bbox 641 4748 877 4801; x_wconf 72' lang='lat' dir='ltr'><strong>Colonim</strong></span> <span class='ocrx_word' id='word_1_661' title='bbox 900 4748 1057 4807; x_wconf 55' lang='lat'><strong>156‘},</strong></span> <span class='ocrx_word' id='word_1_662' title='bbox 1085 4743 1135 4796; x_wconf 93' lang='lat' dir='ltr'><strong>in</strong></span> <span class='ocrx_word' id='word_1_663' title='bbox 1161 4744 1459 4799; x_wconf 79' lang='lat' dir='ltr'><strong>Cotuntetn.</strong></span> <span class='ocrx_word' id='word_1_664' title='bbox 1492 4746 1548 4799; x_wconf 85' lang='grc' dir='ltr'><strong>Β.</strong></span> <span class='ocrx_word' id='word_1_665' title='bbox 1581 4746 1834 4815; x_wconf 77' lang='lat' dir='ltr'><strong>Virginis,</strong></span> <span class='ocrx_word' id='word_1_666' title='bbox 1856 4748 2058 4812; x_wconf 76' lang='lat' dir='ltr'><strong>profert</strong></span> 
     </span>
    </p>
   </div>
   <div class='ocr_carea' id='block_1_93' title="bbox 478 4816 2053 4887">
    <p class='ocr_par' dir='ltr' id='par_1_93' title="bbox 478 4816 2053 4887">
     <span class='ocr_line' id='line_1_93' title="bbox 478 4816 2053 4887; baseline -0.003 -14"><span class='ocrx_word' id='word_1_667' title='bbox 478 4824 573 4874; x_wconf 69' lang='lat' dir='ltr'><strong>hos</strong></span> <span class='ocrx_word' id='word_1_668' title='bbox 597 4836 688 4873; x_wconf 74' lang='lat' dir='ltr'><strong>sex</strong></span> <span class='ocrx_word' id='word_1_669' title='bbox 716 4826 997 4887; x_wconf 71' lang='lat' dir='ltr'><strong>versns,et</strong></span> <span class='ocrx_word' id='word_1_670' title='bbox 1010 4818 1334 4883; x_wconf 86' lang='lat' dir='ltr'><strong>scripturam</strong></span> <span class='ocrx_word' id='word_1_671' title='bbox 1361 4816 1715 4870; x_wconf 89' lang='lat' dir='ltr'><strong>recentiorem</strong></span> <span class='ocrx_word' id='word_1_672' title='bbox 1744 4827 1889 4870; x_wconf 85' lang='lat' dir='ltr'><strong>tenet</strong></span> <span class='ocrx_word' id='word_1_673' title='bbox 1909 4819 2053 4887; x_wconf 75' lang='lat' dir='ltr'><strong>regit.</strong></span> 
     </span>
    </p>
   </div>
   <div class='ocr_carea' id='block_1_94' title="bbox 547 4885 2056 4960">
    <p class='ocr_par' dir='ltr' id='par_1_94' title="bbox 547 4885 2056 4960">
     <span class='ocr_line' id='line_1_94' title="bbox 547 4885 2056 4960; baseline -0.003 -16"><span class='ocrx_word' id='word_1_674' title='bbox 547 4891 636 4945; x_wconf 79' lang='lat'><strong>65.</strong></span> <span class='ocrx_word' id='word_1_675' title='bbox 671 4890 800 4960; x_wconf 66' lang='lat' dir='ltr'><strong>Reg.</strong></span> <span class='ocrx_word' id='word_1_676' title='bbox 850 4890 897 4946; x_wconf 86' lang='grc'><strong>1.</strong></span> <span class='ocrx_word' id='word_1_677' title='bbox 950 4885 1150 4960; x_wconf 59' lang='lat' dir='ltr'><strong>Nomen</strong></span> <span class='ocrx_word' id='word_1_678' title='bbox 1175 4928 1189 4950; x_wconf 93' lang='lat'><strong>,</strong></span> <span class='ocrx_word' id='word_1_679' title='bbox 1223 4890 1319 4960; x_wconf 86' lang='lat' dir='ltr'><strong>sed</strong></span> <span class='ocrx_word' id='word_1_680' title='bbox 1357 4898 1667 4960; x_wconf 64' lang='lat' dir='ltr'><strong>porrectum</strong></span> <span class='ocrx_word' id='word_1_681' title='bbox 1701 4905 1793 4953; x_wconf 85' lang='lat' dir='ltr'><strong>per</strong></span> <span class='ocrx_word' id='word_1_682' title='bbox 1828 4885 2056 4960; x_wconf 59' lang='lat' dir='ltr'><strong>Numen.</strong></span> 
     </span>
    </p>
   </div>
   <div class='ocr_carea' id='block_1_95' title="bbox 478 4956 2062 5029">
    <p class='ocr_par' dir='ltr' id='par_1_95' title="bbox 478 4956 2062 5029">
     <span class='ocr_line' id='line_1_95' title="bbox 478 4956 2062 5029; baseline -0.003 -14"><span class='ocrx_word' id='word_1_683' title='bbox 478 4962 534 5015; x_wconf 90' lang='lat' dir='ltr'><strong>In</strong></span> <span class='ocrx_word' id='word_1_684' title='bbox 564 4961 711 5029; x_wconf 78' lang='lat' dir='ltr'><strong>Lips.</strong></span> <span class='ocrx_word' id='word_1_685' title='bbox 739 4956 837 5013; x_wconf 82' lang='lat' dir='ltr'><strong>ms.</strong></span> <span class='ocrx_word' id='word_1_686' title='bbox 864 4957 1149 5029; x_wconf 53' lang='lat' dir='ltr'><strong>(Iellarius</strong></span> <span class='ocrx_word' id='word_1_687' title='bbox 1171 4959 1339 5010; x_wconf 89' lang='lat' dir='ltr'><strong>innuit</strong></span> <span class='ocrx_word' id='word_1_688' title='bbox 1362 4956 1499 5010; x_wconf 78' lang='lat' dir='ltr'><strong>esse</strong></span> <span class='ocrx_word' id='word_1_689' title='bbox 1541 4957 1789 5021; x_wconf 82' lang='lat' dir='ltr'><strong>Nmnine,</strong></span> <span class='ocrx_word' id='word_1_690' title='bbox 1834 4964 1913 5013; x_wconf 75' lang='lat' dir='ltr'><strong>vel</strong></span> <span class='ocrx_word' id='word_1_691' title='bbox 1950 4956 2062 5011; x_wconf 86' lang='lat' dir='ltr'><strong>No-</strong></span> 
     </span>
    </p>
   </div>
   <div class='ocr_carea' id='block_1_96' title="bbox 480 5026 2079 5092">
    <p class='ocr_par' dir='ltr' id='par_1_96' title="bbox 480 5026 2079 5092">
     <span class='ocr_line' id='line_1_96' title="bbox 480 5026 2079 5092; baseline -0.001 -9"><span class='ocrx_word' id='word_1_692' title='bbox 480 5026 643 5085; x_wconf 58' lang='lat' dir='ltr'><strong>mine.</strong></span> <span class='ocrx_word' id='word_1_693' title='bbox 682 5030 836 5090; x_wconf 79' lang='lat' dir='ltr'><strong>Urli.,</strong></span> <span class='ocrx_word' id='word_1_694' title='bbox 880 5029 1059 5092; x_wconf 68' lang='grc' dir='ltr'><strong>Ιὶοιιι.⁹</strong></span> <span class='ocrx_word' id='word_1_695' title='bbox 1100 5026 1304 5080; x_wconf 70' lang='lat' dir='ltr'><strong>Nuntn</strong></span> <span class='ocrx_word' id='word_1_696' title='bbox 1344 5040 1577 5080; x_wconf 75' lang='lat' dir='ltr'><strong>a&#39;lcrno:</strong></span> <span class='ocrx_word' id='word_1_697' title='bbox 1614 5030 1953 5082; x_wconf 69' lang='lat' dir='ltr'><strong>desideratur</strong></span> <span class='ocrx_word' id='word_1_698' title='bbox 1991 5038 2079 5081; x_wconf 71' lang='lat' dir='ltr'><strong>t‘i.~</strong></span> 
     </span>
    </p>
   </div>
   <div class='ocr_carea' id='block_1_97' title="bbox 480 5097 2065 5167">
    <p class='ocr_par' dir='ltr' id='par_1_97' title="bbox 480 5097 2065 5167">
     <span class='ocr_line' id='line_1_97' title="bbox 480 5097 2065 5167; baseline -0.001 -12"><span class='ocrx_word' id='word_1_699' title='bbox 480 5101 661 5167; x_wconf 84' lang='lat' dir='ltr'><strong>Meus,</strong></span> <span class='ocrx_word' id='word_1_700' title='bbox 704 5100 908 5153; x_wconf 68' lang='lat' dir='ltr'><strong>Numen</strong></span> <span class='ocrx_word' id='word_1_701' title='bbox 939 5100 1000 5151; x_wconf 85' lang='lat' dir='ltr'><strong>ab</strong></span> <span class='ocrx_word' id='word_1_702' title='bbox 1029 5111 1235 5151; x_wconf 77' lang='lat' dir='ltr'><strong>trterno.</strong></span> <span class='ocrx_word' id='word_1_703' title='bbox 1273 5097 1404 5152; x_wconf 84' lang='lat' dir='ltr'><strong>Vera</strong></span> <span class='ocrx_word' id='word_1_704' title='bbox 1438 5100 1594 5151; x_wconf 73' lang='lat' dir='ltr'><strong>lectio</strong></span> <span class='ocrx_word' id='word_1_705' title='bbox 1622 5111 1724 5165; x_wconf 87' lang='lat' dir='ltr'><strong>est,</strong></span> <span class='ocrx_word' id='word_1_706' title='bbox 1763 5098 1985 5161; x_wconf 84' lang='lat' dir='ltr'><strong>Numen,</strong></span> <span class='ocrx_word' id='word_1_707' title='bbox 2019 5112 2065 5153; x_wconf 82' lang='lat' dir='ltr'><strong>et</strong></span> 
     </span>
    </p>
   </div>
   <div class='ocr_carea' id='block_1_98' title="bbox 481 5169 2066 5239">
    <p class='ocr_par' dir='ltr' id='par_1_98' title="bbox 481 5169 2066 5239">
     <span class='ocr_line' id='line_1_98' title="bbox 481 5169 2066 5239; baseline -0.003 -12"><span class='ocrx_word' id='word_1_708' title='bbox 481 5169 1065 5239; x_wconf 69' lang='lat' dir='ltr'><strong>teterno.Wopkensius</strong></span> <span class='ocrx_word' id='word_1_709' title='bbox 1093 5172 1258 5223; x_wconf 80' lang='lat' dir='ltr'><strong>vellet</strong></span> <span class='ocrx_word' id='word_1_710' title='bbox 1278 5173 1398 5237; x_wconf 81' lang='lat' dir='ltr'><strong>jure</strong></span> <span class='ocrx_word' id='word_1_711' title='bbox 1430 5186 1523 5236; x_wconf 87' lang='lat' dir='ltr'><strong>pro</strong></span> <span class='ocrx_word' id='word_1_712' title='bbox 1550 5187 1697 5239; x_wconf 88' lang='lat' dir='ltr'><strong>gyro,</strong></span> <span class='ocrx_word' id='word_1_713' title='bbox 1730 5172 1814 5221; x_wconf 81' lang='lat' dir='ltr'><strong>cui</strong></span> <span class='ocrx_word' id='word_1_714' title='bbox 1842 5172 2066 5223; x_wconf 89' lang='lat' dir='ltr'><strong>minime</strong></span> 
     </span>
    </p>
   </div>
   <div class='ocr_carea' id='block_1_99' title="bbox 482 5241 2069 5311">
    <p class='ocr_par' dir='ltr' id='par_1_99' title="bbox 482 5241 2069 5311">
     <span class='ocr_line' id='line_1_99' title="bbox 482 5241 2069 5311; baseline -0.001 -16"><span class='ocrx_word' id='word_1_715' title='bbox 482 5242 790 5295; x_wconf 73' lang='lat' dir='ltr'><strong>asst-ntiar:</strong></span> <span class='ocrx_word' id='word_1_716' title='bbox 838 5252 919 5294; x_wconf 81' lang='lat' dir='ltr'><strong>est</strong></span> <span class='ocrx_word' id='word_1_717' title='bbox 962 5241 1104 5292; x_wconf 83' lang='lat' dir='ltr'><strong>enim</strong></span> <span class='ocrx_word' id='word_1_718' title='bbox 1150 5242 1368 5305; x_wconf 77' lang='lat' dir='ltr'><strong>pulchra</strong></span> <span class='ocrx_word' id='word_1_719' title='bbox 1412 5241 1681 5310; x_wconf 69' lang='lat' dir='ltr'><strong>Oppositto</strong></span> <span class='ocrx_word' id='word_1_720' title='bbox 1722 5241 1773 5293; x_wconf 91' lang='lat' dir='ltr'><strong>in</strong></span> <span class='ocrx_word' id='word_1_721' title='bbox 1814 5259 1976 5311; x_wconf 88' lang='lat' dir='ltr'><strong>gyro,</strong></span> <span class='ocrx_word' id='word_1_722' title='bbox 2014 5249 2069 5294; x_wconf 91' lang='lat' dir='ltr'><strong>et</strong></span> 
     </span>
    </p>
   </div>
   <div class='ocr_carea' id='block_1_100' title="bbox 488 5312 2069 5379">
    <p class='ocr_par' dir='ltr' id='par_1_100' title="bbox 488 5312 2069 5379">
     <span class='ocr_line' id='line_1_100' title="bbox 488 5312 2069 5379; baseline -0.001 -13"><span class='ocrx_word' id='word_1_723' title='bbox 488 5323 674 5366; x_wconf 71' lang='lat' dir='ltr'><strong>munrt.</strong></span> <span class='ocrx_word' id='word_1_724' title='bbox 722 5312 929 5367; x_wconf 82' lang='lat' dir='ltr'><strong>Sa-cula</strong></span> <span class='ocrx_word' id='word_1_725' title='bbox 961 5316 1102 5365; x_wconf 75' lang='lat' dir='ltr'><strong>enim</strong></span> <span class='ocrx_word' id='word_1_726' title='bbox 1127 5325 1258 5378; x_wconf 68' lang='lat' dir='ltr'><strong>gyro</strong></span> <span class='ocrx_word' id='word_1_727' title='bbox 1307 5319 1359 5363; x_wconf 82' lang='lat' dir='ltr'><strong>cl.</strong></span> <span class='ocrx_word' id='word_1_728' title='bbox 1398 5324 1539 5364; x_wconf 87' lang='lat' dir='ltr'><strong>mutu</strong></span> <span class='ocrx_word' id='word_1_729' title='bbox 1568 5322 1825 5379; x_wconf 73' lang='lat' dir='ltr'><strong>perpetrm</strong></span> <span class='ocrx_word' id='word_1_730' title='bbox 1846 5314 2069 5365; x_wconf 79' lang='lat' dir='ltr'><strong>volvun-</strong></span> 
     </span>
    </p>
   </div>
   <div class='ocr_carea' id='block_1_101' title="bbox 488 5380 2067 5449">
    <p class='ocr_par' dir='ltr' id='par_1_101' title="bbox 488 5380 2067 5449">
     <span class='ocr_line' id='line_1_101' title="bbox 488 5380 2067 5449; baseline 0 -12"><span class='ocrx_word' id='word_1_731' title='bbox 488 5399 601 5447; x_wconf 89' lang='lat' dir='ltr'><strong>tur;</strong></span> <span class='ocrx_word' id='word_1_732' title='bbox 638 5384 777 5436; x_wconf 84' lang='lat' dir='ltr'><strong>Dens</strong></span> <span class='ocrx_word' id='word_1_733' title='bbox 807 5394 1009 5448; x_wconf 89' lang='lat' dir='ltr'><strong>autem,</strong></span> <span class='ocrx_word' id='word_1_734' title='bbox 1039 5380 1263 5449; x_wconf 80' lang='lat' dir='ltr'><strong>ejusque</strong></span> <span class='ocrx_word' id='word_1_735' title='bbox 1295 5393 1476 5449; x_wconf 71' lang='lat' dir='ltr'><strong>nutus,</strong></span> <span class='ocrx_word' id='word_1_736' title='bbox 1509 5397 1602 5435; x_wconf 77' lang='lat' dir='ltr'><strong>Seu</strong></span> <span class='ocrx_word' id='word_1_737' title='bbox 1634 5400 1855 5447; x_wconf 84' lang='lat' dir='ltr'><strong>nomen,</strong></span> <span class='ocrx_word' id='word_1_738' title='bbox 1881 5394 1936 5437; x_wconf 86' lang='lat' dir='ltr'><strong>et</strong></span> <span class='ocrx_word' id='word_1_739' title='bbox 1966 5384 2067 5437; x_wconf 87' lang='lat' dir='ltr'><strong>im-</strong></span> 
     </span>
    </p>
   </div>
   <div class='ocr_carea' id='block_1_102' title="bbox 560 5477 2063 5547">
    <p class='ocr_par' dir='ltr' id='par_1_102' title="bbox 560 5477 2063 5547">
     <span class='ocr_line' id='line_1_102' title="bbox 560 5477 2063 5547; baseline 0.001 -16"><span class='ocrx_word' id='word_1_740' title='bbox 560 5488 585 5514; x_wconf 71' lang='grc' dir='ltr'>α</span> <span class='ocrx_word' id='word_1_741' title='bbox 616 5478 934 5531; x_wconf 86' lang='lat' dir='ltr'><strong>Gallandius</strong></span> <span class='ocrx_word' id='word_1_742' title='bbox 981 5492 1101 5530; x_wconf 89' lang='lat' dir='ltr'><strong>cum</strong></span> <span class='ocrx_word' id='word_1_743' title='bbox 1145 5477 1437 5544; x_wconf 64' lang='lat' dir='ltr'><strong>rt&#39;pm&#39;isaet</strong></span> <span class='ocrx_word' id='word_1_744' title='bbox 1464 5478 1696 5547; x_wconf 75' lang='lat' dir='ltr'><strong>signatur</strong></span> <span class='ocrx_word' id='word_1_745' title='bbox 1769 5479 2063 5545; x_wconf 82' lang='lat' dir='ltr'><strong>prudenter</strong></span> 
     </span>
    </p>
   </div>
   <div class='ocr_carea' id='block_1_103' title="bbox 484 5548 2060 5617">
    <p class='ocr_par' dir='ltr' id='par_1_103' title="bbox 484 5548 2060 5617">
     <span class='ocr_line' id='line_1_103' title="bbox 484 5548 2060 5617; baseline -0.002 -14"><span class='ocrx_word' id='word_1_746' title='bbox 484 5552 717 5617; x_wconf 83' lang='lat' dir='ltr'><strong>conjecit</strong></span> <span class='ocrx_word' id='word_1_747' title='bbox 754 5560 805 5601; x_wconf 91' lang='lat' dir='ltr'><strong>et</strong></span> <span class='ocrx_word' id='word_1_748' title='bbox 852 5548 1095 5616; x_wconf 80' lang='lat' dir='ltr'><strong>reposuit</strong></span> <span class='ocrx_word' id='word_1_749' title='bbox 1123 5559 1362 5615; x_wconf 83' lang='lat' dir='ltr'><strong>sequatur</strong></span> <span class='ocrx_word' id='word_1_750' title='bbox 1388 5589 1402 5613; x_wconf 92' lang='lat'><strong>,</strong></span> <span class='ocrx_word' id='word_1_751' title='bbox 1449 5550 1593 5616; x_wconf 87' lang='lat' dir='ltr'><strong>quod</strong></span> <span class='ocrx_word' id='word_1_752' title='bbox 1626 5563 1817 5604; x_wconf 89' lang='lat' dir='ltr'><strong>sensus</strong></span> <span class='ocrx_word' id='word_1_753' title='bbox 1862 5560 1915 5602; x_wconf 89' lang='lat' dir='ltr'><strong>et</strong></span> <span class='ocrx_word' id='word_1_754' title='bbox 1940 5563 2060 5603; x_wconf 86' lang='lat' dir='ltr'><strong>car-</strong></span> 
     </span>
    </p>
   </div>
   <div class='ocr_carea' id='block_1_104' title="bbox 484 5620 870 5689">
    <p class='ocr_par' dir='ltr' id='par_1_104' title="bbox 484 5620 870 5689">
     <span class='ocr_line' id='line_1_104' title="bbox 484 5620 870 5689; baseline 0.003 -17"><span class='ocrx_word' id='word_1_755' title='bbox 484 5635 603 5675; x_wconf 90' lang='lat' dir='ltr'><strong>men</strong></span> <span class='ocrx_word' id='word_1_756' title='bbox 632 5620 870 5689; x_wconf 74' lang='lat' dir='ltr'><strong>exigunt.</strong></span> 
     </span>
    </p>
   </div>
   <div class='ocr_carea' id='block_1_105' title="bbox 2148 4110 3735 4180">
    <p class='ocr_par' dir='ltr' id='par_1_105' title="bbox 2148 4110 3735 4180">
     <span class='ocr_line' id='line_1_105' title="bbox 2148 4110 3735 4180; baseline -0.002 -16"><span class='ocrx_word' id='word_1_757' title='bbox 2148 4123 2235 4165; x_wconf 90' lang='lat' dir='ltr'><strong>uut</strong></span> <span class='ocrx_word' id='word_1_758' title='bbox 2255 4113 2476 4166; x_wconf 72' lang='lat' dir='ltr'><strong>similem</strong></span> <span class='ocrx_word' id='word_1_759' title='bbox 2498 4113 2605 4165; x_wconf 81' lang='lat' dir='ltr'><strong>visa</strong></span> <span class='ocrx_word' id='word_1_760' title='bbox 2625 4128 2698 4177; x_wconf 84' lang='lat' dir='ltr'><strong>es,</strong></span> <span class='ocrx_word' id='word_1_761' title='bbox 2723 4127 2814 4164; x_wconf 85' lang='lat' dir='ltr'><strong>nec</strong></span> <span class='ocrx_word' id='word_1_762' title='bbox 2839 4110 3024 4165; x_wconf 81' lang='lat' dir='ltr'><strong>habere</strong></span> <span class='ocrx_word' id='word_1_763' title='bbox 3050 4123 3357 4180; x_wconf 80' lang='lat' dir='ltr'><strong>sequentem.</strong></span> <span class='ocrx_word' id='word_1_764' title='bbox 3387 4110 3573 4164; x_wconf 68' lang='lat' dir='ltr'><strong>Posset</strong></span> <span class='ocrx_word' id='word_1_765' title='bbox 3597 4112 3735 4164; x_wconf 84' lang='lat' dir='ltr'><strong>enim</strong></span> 
     </span>
    </p>
   </div>
   <div class='ocr_carea' id='block_1_106' title="bbox 2150 4181 3736 4253">
    <p class='ocr_par' dir='ltr' id='par_1_106' title="bbox 2150 4181 3736 4253">
     <span class='ocr_line' id='line_1_106' title="bbox 2150 4181 3736 4253; baseline 0 -19"><span class='ocrx_word' id='word_1_766' title='bbox 2150 4184 2320 4251; x_wconf 80' lang='lat' dir='ltr'><strong>accipi</strong></span> <span class='ocrx_word' id='word_1_767' title='bbox 2357 4184 2574 4253; x_wconf 77' lang='lat' dir='ltr'><strong>primam</strong></span> <span class='ocrx_word' id='word_1_768' title='bbox 2617 4197 2714 4249; x_wconf 89' lang='lat' dir='ltr'><strong>pro</strong></span> <span class='ocrx_word' id='word_1_769' title='bbox 2758 4187 3003 4253; x_wconf 84' lang='lat' dir='ltr'><strong>priorem.</strong></span> <span class='ocrx_word' id='word_1_770' title='bbox 3034 4181 3356 4252; x_wconf 73' lang='lat' dir='ltr'><strong>Rvpttguaut</strong></span> <span class='ocrx_word' id='word_1_771' title='bbox 3392 4182 3487 4235; x_wconf 82' lang='lat' dir='ltr'><strong>alii</strong></span> <span class='ocrx_word' id='word_1_772' title='bbox 3530 4196 3736 4235; x_wconf 90' lang='lat' dir='ltr'><strong>omnes.</strong></span> 
     </span>
    </p>
   </div>
   <div class='ocr_carea' id='block_1_107' title="bbox 2155 4251 3739 4323">
    <p class='ocr_par' dir='ltr' id='par_1_107' title="bbox 2155 4251 3739 4323">
     <span class='ocr_line' id='line_1_107' title="bbox 2155 4251 3739 4323; baseline -0.001 -17"><span class='ocrx_word' id='word_1_773' title='bbox 2155 4255 2284 4322; x_wconf 75' lang='lat' dir='ltr'><strong>lteg.</strong></span> <span class='ocrx_word' id='word_1_774' title='bbox 2325 4254 2372 4311; x_wconf 76' lang='grc' dir='ltr'><strong>ί,</strong></span> <span class='ocrx_word' id='word_1_775' title='bbox 2434 4251 2543 4305; x_wconf 87' lang='lat' dir='ltr'><strong>Nec</strong></span> <span class='ocrx_word' id='word_1_776' title='bbox 2589 4251 2809 4323; x_wconf 86' lang='lat' dir='ltr'><strong>primam</strong></span> <span class='ocrx_word' id='word_1_777' title='bbox 2846 4254 2961 4323; x_wconf 57' lang='lat' dir='ltr'><strong>nisa</strong></span> <span class='ocrx_word' id='word_1_778' title='bbox 2992 4269 3044 4305; x_wconf 87' lang='lat' dir='ltr'><strong>es</strong></span> <span class='ocrx_word' id='word_1_779' title='bbox 3076 4251 3294 4307; x_wconf 77' lang='lat' dir='ltr'><strong>similem</strong></span> <span class='ocrx_word' id='word_1_780' title='bbox 3330 4267 3371 4323; x_wconf 14' lang='lat' dir='ltr'><strong>:A</strong></span> <span class='ocrx_word' id='word_1_781' title='bbox 3406 4256 3623 4313; x_wconf 80' lang='lat' dir='ltr'><strong>ca-teri,</strong></span> <span class='ocrx_word' id='word_1_782' title='bbox 3667 4254 3739 4306; x_wconf 86' lang='lat' dir='ltr'><strong>uti</strong></span> 
     </span>
    </p>
   </div>
   <div class='ocr_carea' id='block_1_108' title="bbox 2152 4320 3737 4393">
    <p class='ocr_par' dir='ltr' id='par_1_108' title="bbox 2152 4320 3737 4393">
     <span class='ocr_line' id='line_1_108' title="bbox 2152 4320 3737 4393; baseline -0.002 -14"><span class='ocrx_word' id='word_1_783' title='bbox 2152 4320 2314 4379; x_wconf 76' lang='lat' dir='ltr'><strong>etiam</strong></span> <span class='ocrx_word' id='word_1_784' title='bbox 2363 4323 2482 4377; x_wconf 82' lang='lat' dir='ltr'><strong>libri</strong></span> <span class='ocrx_word' id='word_1_785' title='bbox 2538 4320 2796 4393; x_wconf 79' lang='lat' dir='ltr'><strong>liturgici,</strong></span> <span class='ocrx_word' id='word_1_786' title='bbox 2832 4320 2944 4376; x_wconf 85' lang='lat' dir='ltr'><strong>Nec</strong></span> <span class='ocrx_word' id='word_1_787' title='bbox 2970 4323 3187 4385; x_wconf 79' lang='lat' dir='ltr'><strong>primum</strong></span> <span class='ocrx_word' id='word_1_788' title='bbox 3232 4321 3455 4376; x_wconf 81' lang='lat' dir='ltr'><strong>similem</strong></span> <span class='ocrx_word' id='word_1_789' title='bbox 3506 4324 3615 4376; x_wconf 73' lang='lat' dir='ltr'><strong>visa</strong></span> <span class='ocrx_word' id='word_1_790' title='bbox 3666 4340 3737 4376; x_wconf 74' lang='lat' dir='ltr'><strong>es.</strong></span> 
     </span>
    </p>
   </div>
   <div class='ocr_carea' id='block_1_109' title="bbox 2154 4394 3741 4463">
    <p class='ocr_par' dir='ltr' id='par_1_109' title="bbox 2154 4394 3741 4463">
     <span class='ocr_line' id='line_1_109' title="bbox 2154 4394 3741 4463; baseline -0.003 -13"><span class='ocrx_word' id='word_1_791' title='bbox 2154 4397 2211 4451; x_wconf 84' lang='lat' dir='ltr'><strong>S.</strong></span> <span class='ocrx_word' id='word_1_792' title='bbox 2245 4394 2551 4448; x_wconf 77' lang='lat' dir='ltr'><strong>Bernartius</strong></span> <span class='ocrx_word' id='word_1_793' title='bbox 2580 4396 2631 4447; x_wconf 91' lang='lat' dir='ltr'><strong>in</strong></span> <span class='ocrx_word' id='word_1_794' title='bbox 2681 4409 2848 4448; x_wconf 81' lang='lat' dir='ltr'><strong>serui.</strong></span> <span class='ocrx_word' id='word_1_795' title='bbox 2877 4394 2910 4447; x_wconf 75' lang='grc'><strong>4</strong></span> <span class='ocrx_word' id='word_1_796' title='bbox 2932 4394 3000 4447; x_wconf 91' lang='lat' dir='ltr'><strong>de</strong></span> <span class='ocrx_word' id='word_1_797' title='bbox 3033 4394 3421 4463; x_wconf 71' lang='lat' dir='ltr'><strong>ASsnmptione</strong></span> <span class='ocrx_word' id='word_1_798' title='bbox 3445 4395 3526 4447; x_wconf 86' lang='lat' dir='ltr'><strong>sic</strong></span> <span class='ocrx_word' id='word_1_799' title='bbox 3561 4409 3741 4447; x_wconf 83' lang='lat' dir='ltr'><strong>versus</strong></span> 
     </span>
    </p>
   </div>
   <div class='ocr_carea' id='block_1_110' title="bbox 2158 4463 3737 4535">
    <p class='ocr_par' dir='ltr' id='par_1_110' title="bbox 2158 4463 3737 4535">
     <span class='ocr_line' id='line_1_110' title="bbox 2158 4463 3737 4535; baseline -0.001 -16"><span class='ocrx_word' id='word_1_800' title='bbox 2158 4467 2477 4535; x_wconf 55' lang='lat' dir='ltr'><strong>transponit.</strong></span> <span class='ocrx_word' id='word_1_801' title='bbox 2514 4476 2569 4517; x_wconf 93' lang='lat' dir='ltr'><strong>ut</strong></span> <span class='ocrx_word' id='word_1_802' title='bbox 2595 4464 2828 4517; x_wconf 78' lang='lat' dir='ltr'><strong>orationi</strong></span> <span class='ocrx_word' id='word_1_803' title='bbox 2852 4479 2963 4516; x_wconf 79' lang='lat' dir='ltr'><strong>sine</strong></span> <span class='ocrx_word' id='word_1_804' title='bbox 2993 4470 3363 4519; x_wconf 82' lang='lat' dir='ltr'><strong>accomuuntet</strong></span> <span class='ocrx_word' id='word_1_805' title='bbox 3384 4463 3610 4535; x_wconf 82' lang='lat' dir='ltr'><strong>:-Unutn</strong></span> <span class='ocrx_word' id='word_1_806' title='bbox 3639 4476 3737 4528; x_wconf 86' lang='lat' dir='ltr'><strong>est,</strong></span> 
     </span>
    </p>
   </div>
   <div class='ocr_carea' id='block_1_111' title="bbox 2158 4533 3741 4607">
    <p class='ocr_par' dir='ltr' id='par_1_111' title="bbox 2158 4533 3741 4607">
     <span class='ocr_line' id='line_1_111' title="bbox 2158 4533 3741 4607; baseline -0.001 -17"><span class='ocrx_word' id='word_1_807' title='bbox 2158 4538 2210 4590; x_wconf 88' lang='lat' dir='ltr'><strong>in</strong></span> <span class='ocrx_word' id='word_1_808' title='bbox 2239 4533 2345 4603; x_wconf 78' lang='lat' dir='ltr'><strong>quo</strong></span> <span class='ocrx_word' id='word_1_809' title='bbox 2384 4533 2491 4588; x_wconf 85' lang='lat' dir='ltr'><strong>Nec</strong></span> <span class='ocrx_word' id='word_1_810' title='bbox 2534 4537 2752 4607; x_wconf 60' lang='lat' dir='ltr'><strong>primum</strong></span> <span class='ocrx_word' id='word_1_811' title='bbox 2799 4535 3016 4588; x_wconf 81' lang='lat' dir='ltr'><strong>similem</strong></span> <span class='ocrx_word' id='word_1_812' title='bbox 3041 4536 3149 4607; x_wconf 73' lang='lat' dir='ltr'><strong>risu</strong></span> <span class='ocrx_word' id='word_1_813' title='bbox 3177 4545 3278 4599; x_wconf 82' lang='lat' dir='ltr'><strong>est,</strong></span> <span class='ocrx_word' id='word_1_814' title='bbox 3318 4551 3409 4588; x_wconf 81' lang='lat' dir='ltr'><strong>nec</strong></span> <span class='ocrx_word' id='word_1_815' title='bbox 3434 4534 3623 4589; x_wconf 73' lang='lat' dir='ltr'><strong>habere</strong></span> <span class='ocrx_word' id='word_1_816' title='bbox 3662 4552 3741 4588; x_wconf 74' lang='lat' dir='ltr'><strong>sr-</strong></span> 
     </span>
    </p>
   </div>
   <div class='ocr_carea' id='block_1_112' title="bbox 2158 4603 3745 4729">
    <p class='ocr_par' dir='ltr' id='par_1_112' title="bbox 2158 4603 3745 4729">
     <span class='ocr_line' id='line_1_112' title="bbox 2158 4603 3745 4729; baseline 0.001 -70"><span class='ocrx_word' id='word_1_817' title='bbox 2158 4619 2391 4729; x_wconf 65' lang='lat' dir='ltr'><strong>guentem</strong></span> <span class='ocrx_word' id='word_1_818' title='bbox 2418 4646 2433 4671; x_wconf 89' lang='lat'><strong>,</strong></span> <span class='ocrx_word' id='word_1_819' title='bbox 2461 4603 2544 4646; x_wconf 55' lang='grc'><strong>-⁷</strong></span> <span class='ocrx_word' id='word_1_820' title='bbox 2572 4603 2786 4659; x_wconf 79' lang='lat' dir='ltr'><strong>Gaudia</strong></span> <span class='ocrx_word' id='word_1_821' title='bbox 2801 4606 2982 4659; x_wconf 83' lang='lat' dir='ltr'><strong>matris</strong></span> <span class='ocrx_word' id='word_1_822' title='bbox 3032 4604 3223 4660; x_wconf 83' lang='lat' dir='ltr'><strong>habens</strong></span> <span class='ocrx_word' id='word_1_823' title='bbox 3275 4622 3391 4659; x_wconf 83' lang='lat' dir='ltr'><strong>cum</strong></span> <span class='ocrx_word' id='word_1_824' title='bbox 3440 4607 3745 4677; x_wconf 76' lang='lat' dir='ltr'><strong>virginitatis</strong></span> 
     </span>
     <span class='ocr_line' id='line_1_113' title="bbox 2178 4694 2372 4729; baseline -0.005 0"><span class='ocrx_word' id='word_1_825' title='bbox 2178 4694 2372 4729; x_wconf 80' lang='lat' dir='ltr'><strong>umore.</strong></span> 
     </span>
    </p>
   </div>
   <div class='ocr_carea' id='block_1_113' title="bbox 2178 4694 2372 4731">
    <p class='ocr_par' dir='ltr' id='par_1_113' title="bbox 2178 4694 2372 4731">
     <span class='ocr_line' id='line_1_114' title="bbox 2178 4694 2372 4731; baseline -0.01 -1"><span class='ocrx_word' id='word_1_826' title='bbox 2178 4694 2372 4731; x_wconf 74' lang='grc' dir='ltr'><strong>ιυιιονε.</strong></span> 
     </span>
    </p>
   </div>
   <div class='ocr_carea' id='block_1_114' title="bbox 2232 4744 3746 4812">
    <p class='ocr_par' dir='ltr' id='par_1_114' title="bbox 2232 4744 3746 4812">
     <span class='ocr_line' id='line_1_115' title="bbox 2232 4744 3746 4812; baseline 0.001 -12"><span class='ocrx_word' id='word_1_827' title='bbox 2232 4747 2320 4800; x_wconf 82' lang='grc' dir='ltr'><strong>Ἰυ.</strong></span> <span class='ocrx_word' id='word_1_828' title='bbox 2350 4747 2610 4801; x_wconf 85' lang='lat' dir='ltr'><strong>Ottobon.</strong></span> <span class='ocrx_word' id='word_1_829' title='bbox 2640 4744 2791 4812; x_wconf 84' lang='lat' dir='ltr'><strong>t,Ubi</strong></span> <span class='ocrx_word' id='word_1_830' title='bbox 2824 4744 3125 4800; x_wconf 81' lang='lat' dir='ltr'><strong>Pustoribus</strong></span> <span class='ocrx_word' id='word_1_831' title='bbox 3150 4749 3363 4801; x_wconf 85' lang='lat' dir='ltr'><strong>enituit.</strong></span> <span class='ocrx_word' id='word_1_832' title='bbox 3403 4747 3577 4807; x_wconf 82' lang='lat' dir='ltr'><strong>Meus,</strong></span> <span class='ocrx_word' id='word_1_833' title='bbox 3612 4745 3746 4801; x_wconf 81' lang='lat' dir='ltr'><strong>Pas-</strong></span> 
     </span>
    </p>
   </div>
   <div class='ocr_carea' id='block_1_115' title="bbox 2164 4814 3744 4884">
    <p class='ocr_par' dir='ltr' id='par_1_115' title="bbox 2164 4814 3744 4884">
     <span class='ocr_line' id='line_1_116' title="bbox 2164 4814 3744 4884; baseline 0.001 -14"><span class='ocrx_word' id='word_1_834' title='bbox 2164 4818 2356 4870; x_wconf 88' lang='lat' dir='ltr'><strong>toribus</strong></span> <span class='ocrx_word' id='word_1_835' title='bbox 2382 4814 2933 4872; x_wconf 70' lang='lat' dir='ltr'><strong>nuntiator.—0ll&#39;tb.</strong></span> <span class='ocrx_word' id='word_1_836' title='bbox 2967 4818 3021 4881; x_wconf 71' lang='grc' dir='ltr'><strong>ί,</strong></span> <span class='ocrx_word' id='word_1_837' title='bbox 3052 4833 3118 4871; x_wconf 81' lang='lat' dir='ltr'><strong>ex</strong></span> <span class='ocrx_word' id='word_1_838' title='bbox 3150 4819 3516 4881; x_wconf 86' lang='lat' dir='ltr'><strong>correctione,</strong></span> <span class='ocrx_word' id='word_1_839' title='bbox 3548 4818 3659 4872; x_wconf 91' lang='lat' dir='ltr'><strong>Ott.</strong></span> <span class='ocrx_word' id='word_1_840' title='bbox 3687 4818 3744 4884; x_wconf 73' lang='lat'><strong>2,</strong></span> 
     </span>
    </p>
   </div>
   <div class='ocr_carea' id='block_1_116' title="bbox 2165 4887 3745 4957">
    <p class='ocr_par' dir='ltr' id='par_1_116' title="bbox 2165 4887 3745 4957">
     <span class='ocr_line' id='line_1_117' title="bbox 2165 4887 3745 4957; baseline -0.002 -15"><span class='ocrx_word' id='word_1_841' title='bbox 2165 4888 2309 4954; x_wconf 74' lang='lat' dir='ltr'><strong>Alb.,</strong></span> <span class='ocrx_word' id='word_1_842' title='bbox 2358 4888 2489 4957; x_wconf 78' lang='lat' dir='ltr'><strong>Reg.</strong></span> <span class='ocrx_word' id='word_1_843' title='bbox 2522 4888 2580 4953; x_wconf 77' lang='grc'><strong>2,</strong></span> <span class='ocrx_word' id='word_1_844' title='bbox 2618 4890 2671 4944; x_wconf 73' lang='grc'><strong>4.</strong></span> <span class='ocrx_word' id='word_1_845' title='bbox 2706 4888 2759 4955; x_wconf 83' lang='lat'><strong>5,</strong></span> <span class='ocrx_word' id='word_1_846' title='bbox 2793 4888 2973 4953; x_wconf 68' lang='lat' dir='ltr'><strong>lium.,</strong></span> <span class='ocrx_word' id='word_1_847' title='bbox 3016 4888 3185 4952; x_wconf 76' lang='lat' dir='ltr'><strong>Meus,</strong></span> <span class='ocrx_word' id='word_1_848' title='bbox 3219 4887 3364 4944; x_wconf 76' lang='lat' dir='ltr'><strong>Vult.</strong></span> <span class='ocrx_word' id='word_1_849' title='bbox 3401 4890 3461 4951; x_wconf 78' lang='lat' dir='ltr'><strong>i,</strong></span> <span class='ocrx_word' id='word_1_850' title='bbox 3493 4889 3563 4947; x_wconf 74' lang='grc'><strong>2.</strong></span> <span class='ocrx_word' id='word_1_851' title='bbox 3597 4888 3745 4953; x_wconf 81' lang='lat' dir='ltr'><strong>Ut&#39;b.,</strong></span> 
     </span>
    </p>
   </div>
   <div class='ocr_carea' id='block_1_117' title="bbox 2169 4958 3747 5028">
    <p class='ocr_par' dir='ltr' id='par_1_117' title="bbox 2169 4958 3747 5028">
     <span class='ocr_line' id='line_1_118' title="bbox 2169 4958 3747 5028; baseline 0.001 -16"><span class='ocrx_word' id='word_1_852' title='bbox 2169 4960 2314 5022; x_wconf 78' lang='grc' dir='ltr'><strong>ΑΜ..</strong></span> <span class='ocrx_word' id='word_1_853' title='bbox 2349 4960 2563 5022; x_wconf 82' lang='lat' dir='ltr'><strong>l&#39;arrh.,</strong></span> <span class='ocrx_word' id='word_1_854' title='bbox 2590 4958 2747 5012; x_wconf 89' lang='lat' dir='ltr'><strong>codd.</strong></span> <span class='ocrx_word' id='word_1_855' title='bbox 2785 4958 2967 5021; x_wconf 80' lang='lat' dir='ltr'><strong>Cant.,</strong></span> <span class='ocrx_word' id='word_1_856' title='bbox 2998 4963 3213 5023; x_wconf 60' lang='grc' dir='ltr'><strong>,λι-ειη..</strong></span> <span class='ocrx_word' id='word_1_857' title='bbox 3249 4972 3471 5013; x_wconf 84' lang='lat' dir='ltr'><strong>creator.</strong></span> <span class='ocrx_word' id='word_1_858' title='bbox 3517 4961 3647 5028; x_wconf 75' lang='lat' dir='ltr'><strong>Reg.</strong></span> <span class='ocrx_word' id='word_1_859' title='bbox 3693 4961 3747 5022; x_wconf 78' lang='lat' dir='ltr'><strong>l,</strong></span> 
     </span>
    </p>
   </div>
   <div class='ocr_carea' id='block_1_118' title="bbox 2167 5030 3745 5100">
    <p class='ocr_par' dir='ltr' id='par_1_118' title="bbox 2167 5030 3745 5100">
     <span class='ocr_line' id='line_1_119' title="bbox 2167 5030 3745 5100; baseline 0.001 -18"><span class='ocrx_word' id='word_1_860' title='bbox 2167 5043 2390 5092; x_wconf 67' lang='lat' dir='ltr'><strong>creatus,</strong></span> <span class='ocrx_word' id='word_1_861' title='bbox 2437 5031 2578 5096; x_wconf 90' lang='lat' dir='ltr'><strong>quod</strong></span> <span class='ocrx_word' id='word_1_862' title='bbox 2621 5032 2846 5082; x_wconf 70' lang='lat' dir='ltr'><strong>fortasse</strong></span> <span class='ocrx_word' id='word_1_863' title='bbox 2892 5030 2987 5083; x_wconf 84' lang='lat' dir='ltr'><strong>fuit</strong></span> <span class='ocrx_word' id='word_1_864' title='bbox 3033 5030 3083 5083; x_wconf 92' lang='lat' dir='ltr'><strong>in</strong></span> <span class='ocrx_word' id='word_1_865' title='bbox 3114 5032 3227 5084; x_wconf 89' lang='lat' dir='ltr'><strong>Ott.</strong></span> <span class='ocrx_word' id='word_1_866' title='bbox 3272 5034 3323 5095; x_wconf 83' lang='lat' dir='ltr'><strong>l,</strong></span> <span class='ocrx_word' id='word_1_867' title='bbox 3358 5030 3546 5097; x_wconf 85' lang='lat' dir='ltr'><strong>inquo</strong></span> <span class='ocrx_word' id='word_1_868' title='bbox 3576 5041 3745 5100; x_wconf 58' lang='lat' dir='ltr'><strong>gEOSsa</strong></span> 
     </span>
    </p>
   </div>
   <div class='ocr_carea' id='block_1_119' title="bbox 2169 5100 3749 5166">
    <p class='ocr_par' dir='ltr' id='par_1_119' title="bbox 2169 5100 3749 5166">
     <span class='ocr_line' id='line_1_120' title="bbox 2169 5100 3749 5166; baseline 0.001 -12"><span class='ocrx_word' id='word_1_869' title='bbox 2169 5108 2253 5155; x_wconf 75' lang='lat' dir='ltr'><strong>est.</strong></span> <span class='ocrx_word' id='word_1_870' title='bbox 2278 5100 2559 5153; x_wconf 80' lang='lat' dir='ltr'><strong>secundum</strong></span> <span class='ocrx_word' id='word_1_871' title='bbox 2584 5101 2981 5164; x_wconf 82' lang='lat' dir='ltr'><strong>humanitatem,</strong></span> <span class='ocrx_word' id='word_1_872' title='bbox 3011 5112 3062 5154; x_wconf 88' lang='lat' dir='ltr'><strong>et</strong></span> <span class='ocrx_word' id='word_1_873' title='bbox 3104 5106 3369 5155; x_wconf 85' lang='lat' dir='ltr'><strong>retinetur</strong></span> <span class='ocrx_word' id='word_1_874' title='bbox 3404 5101 3459 5153; x_wconf 87' lang='lat' dir='ltr'><strong>in</strong></span> <span class='ocrx_word' id='word_1_875' title='bbox 3488 5102 3749 5166; x_wconf 84' lang='lat' dir='ltr'><strong>plerisque</strong></span> 
     </span>
    </p>
   </div>
   <div class='ocr_carea' id='block_1_120' title="bbox 2170 5171 3749 5241">
    <p class='ocr_par' dir='ltr' id='par_1_120' title="bbox 2170 5171 3749 5241">
     <span class='ocr_line' id='line_1_121' title="bbox 2170 5171 3749 5241; baseline -0.001 -15"><span class='ocrx_word' id='word_1_876' title='bbox 2170 5172 2327 5226; x_wconf 68' lang='lat' dir='ltr'><strong>Edilis</strong></span> <span class='ocrx_word' id='word_1_877' title='bbox 2352 5186 2446 5238; x_wconf 89' lang='lat' dir='ltr'><strong>pro</strong></span> <span class='ocrx_word' id='word_1_878' title='bbox 2475 5182 2654 5224; x_wconf 83' lang='lat' dir='ltr'><strong>natus:</strong></span> <span class='ocrx_word' id='word_1_879' title='bbox 2685 5171 2845 5224; x_wconf 77' lang='lat' dir='ltr'><strong>habet</strong></span> <span class='ocrx_word' id='word_1_880' title='bbox 2869 5172 3010 5224; x_wconf 87' lang='lat' dir='ltr'><strong>enim</strong></span> <span class='ocrx_word' id='word_1_881' title='bbox 3041 5174 3206 5225; x_wconf 79' lang='lat' dir='ltr'><strong>creari</strong></span> <span class='ocrx_word' id='word_1_882' title='bbox 3239 5174 3378 5225; x_wconf 89' lang='lat' dir='ltr'><strong>hanc</strong></span> <span class='ocrx_word' id='word_1_883' title='bbox 3406 5171 3749 5241; x_wconf 75' lang='lat' dir='ltr'><strong>signiﬁcatio-</strong></span> 
     </span>
    </p>
   </div>
   <div class='ocr_carea' id='block_1_121' title="bbox 2172 5242 3063 5309">
    <p class='ocr_par' dir='ltr' id='par_1_121' title="bbox 2172 5242 3063 5309">
     <span class='ocr_line' id='line_1_122' title="bbox 2172 5242 3063 5309; baseline 0.001 -14"><span class='ocrx_word' id='word_1_884' title='bbox 2172 5258 2316 5300; x_wconf 77' lang='lat' dir='ltr'><strong>nent.</strong></span> <span class='ocrx_word' id='word_1_885' title='bbox 2346 5257 2503 5309; x_wconf 89' lang='lat' dir='ltr'><strong>quam</strong></span> <span class='ocrx_word' id='word_1_886' title='bbox 2538 5256 2692 5309; x_wconf 80' lang='lat' dir='ltr'><strong>prt)S:t</strong></span> <span class='ocrx_word' id='word_1_887' title='bbox 2722 5242 3063 5309; x_wconf 86' lang='lat' dir='ltr'><strong>comprobat.</strong></span> 
     </span>
    </p>
   </div>
   <div class='ocr_carea' id='block_1_122' title="bbox 2245 5312 3747 5377">
    <p class='ocr_par' dir='ltr' id='par_1_122' title="bbox 2245 5312 3747 5377">
     <span class='ocr_line' id='line_1_123' title="bbox 2245 5312 3747 5377; baseline 0.002 -12"><span class='ocrx_word' id='word_1_888' title='bbox 2245 5314 2330 5366; x_wconf 78' lang='grc'><strong>71.</strong></span> <span class='ocrx_word' id='word_1_889' title='bbox 2362 5314 2491 5367; x_wconf 57' lang='grc' dir='ltr'><strong>Μκς.</strong></span> <span class='ocrx_word' id='word_1_890' title='bbox 2534 5328 2725 5365; x_wconf 84' lang='lat' dir='ltr'><strong>omnes</strong></span> <span class='ocrx_word' id='word_1_891' title='bbox 2769 5314 2941 5366; x_wconf 68' lang='lat' dir='ltr'><strong>nostri</strong></span> <span class='ocrx_word' id='word_1_892' title='bbox 2983 5312 3529 5375; x_wconf 65' lang='lat' dir='ltr'><strong>cum_vetu-tissimis</strong></span> <span class='ocrx_word' id='word_1_893' title='bbox 3572 5313 3747 5377; x_wconf 80' lang='lat' dir='ltr'><strong>editis,</strong></span> 
     </span>
    </p>
   </div>
   <div class='ocr_carea' id='block_1_123' title="bbox 2176 5382 3763 5446">
    <p class='ocr_par' dir='ltr' id='par_1_123' title="bbox 2176 5382 3763 5446">
     <span class='ocr_line' id='line_1_124' title="bbox 2176 5382 3763 5446; baseline 0.002 -9"><span class='ocrx_word' id='word_1_894' title='bbox 2176 5398 2276 5437; x_wconf 89' lang='lat' dir='ltr'><strong>ms.</strong></span> <span class='ocrx_word' id='word_1_895' title='bbox 2315 5384 2540 5446; x_wconf 86' lang='lat' dir='ltr'><strong>lleinsii,</strong></span> <span class='ocrx_word' id='word_1_896' title='bbox 2574 5391 2629 5437; x_wconf 87' lang='lat' dir='ltr'><strong>et</strong></span> <span class='ocrx_word' id='word_1_897' title='bbox 2672 5383 2887 5438; x_wconf 78' lang='lat' dir='ltr'><strong>schedis</strong></span> <span class='ocrx_word' id='word_1_898' title='bbox 2934 5382 3164 5445; x_wconf 86' lang='lat' dir='ltr'><strong>Poelm.,</strong></span> <span class='ocrx_word' id='word_1_899' title='bbox 3213 5382 3443 5437; x_wconf 83' lang='lat' dir='ltr'><strong>Enituit.</strong></span> <span class='ocrx_word' id='word_1_900' title='bbox 3493 5384 3763 5442; x_wconf 27' lang='lat' dir='ltr'><strong>Cellarius‘</strong></span> 
     </span>
    </p>
   </div>
   <div class='ocr_carea' id='block_1_124' title="bbox 2243 5475 3230 5544">
    <p class='ocr_par' dir='ltr' id='par_1_124' title="bbox 2243 5475 3230 5544">
     <span class='ocr_line' id='line_1_125' title="bbox 2243 5475 3230 5544; baseline 0.001 -16"><span class='ocrx_word' id='word_1_901' title='bbox 2243 5476 2267 5512; x_wconf 70' lang='grc' dir='ltr'><strong>ιι</strong></span> <span class='ocrx_word' id='word_1_902' title='bbox 2299 5475 2612 5529; x_wconf 66' lang='grc' dir='ltr'>(ὶιίιςιιιιιὶιις</span> <span class='ocrx_word' id='word_1_903' title='bbox 2641 5475 2725 5529; x_wconf 91' lang='lat' dir='ltr'><strong>hic</strong></span> <span class='ocrx_word' id='word_1_904' title='bbox 2751 5485 2912 5544; x_wconf 82' lang='lat' dir='ltr'><strong>caput</strong></span> <span class='ocrx_word' id='word_1_905' title='bbox 2937 5478 2970 5531; x_wconf 75' lang='grc'><strong>4</strong></span> <span class='ocrx_word' id='word_1_906' title='bbox 2994 5475 3230 5529; x_wconf 86' lang='lat' dir='ltr'><strong>inchoat.</strong></span> 
     </span>
    </p>
   </div>
   <div class='ocr_carea' id='block_1_125' title="bbox 2246 5546 3377 5616">
    <p class='ocr_par' dir='ltr' id='par_1_125' title="bbox 2246 5546 3377 5616">
     <span class='ocr_line' id='line_1_126' title="bbox 2246 5546 3377 5616; baseline 0.002 -17"><span class='ocrx_word' id='word_1_907' title='bbox 2246 5559 2266 5584; x_wconf 74' lang='grc' dir='ltr'><strong>ε</strong></span> <span class='ocrx_word' id='word_1_908' title='bbox 2302 5548 2438 5601; x_wconf 88' lang='lat' dir='ltr'><strong>Inl&#39;ra</strong></span> <span class='ocrx_word' id='word_1_909' title='bbox 2466 5547 2676 5601; x_wconf 87' lang='lat' dir='ltr'><strong>videtur</strong></span> <span class='ocrx_word' id='word_1_910' title='bbox 2707 5546 2989 5616; x_wconf 83' lang='lat' dir='ltr'><strong>legendum</strong></span> <span class='ocrx_word' id='word_1_911' title='bbox 3022 5556 3163 5601; x_wconf 81' lang='lat' dir='ltr'><strong>muta</strong></span> <span class='ocrx_word' id='word_1_912' title='bbox 3196 5548 3377 5601; x_wconf 75' lang='lat' dir='ltr'><strong>moles.</strong></span> 
     </span>
    </p>
   </div>
  </div>
