3904 6376
209 283 306 339 60!

425 396 577 452 Talia
610 396 865 453 Bethlaeis
888 396 1014 450 dum
1040 395 1191 466 signa
1221 405 1487 467 geruntur
1506 396 1558 450 in
1591 395 1723 456 oris,

356 494 451 549 Eoi
480 506 682 549 venere
712 492 1190 561 Magi,s:evnmque
1219 502 1503 564 tyrannum

250 587 322 643 75
360 586 599 645 Grandia
633 585 880 642 sollicitis
914 584 1228 655 perturbant
1259 585 1444 639 nuntia
1476 583 1634 640 dictis
1669 603 1680 638 :

356 680 593 737 Judaicis
627 695 800 749 nuper
827 678 1037 749 populis
1064 677 1305 734 Orientis
1335 680 1402 733 ab
1429 694 1529 735 axe

354 773 704 845 Progenitum
737 771 953 827 fulsisse
983 771 1200 840 ducem,
1234 772 1336 828 hoc
1366 774 1584 828 ctelitus
1628 786 1797 842 astra,

356 867 471 920 Hoc
500 864 713 920 stellam
747 864 960 920 radiare
987 880 1201 920 noram.
1227 865 1399 921 Ferus
1428 867 1633 921 arbiter
1661 868 1799 923 aula:

356 957 577 1015 Estuat
606 956 851 1013 Hebraea:
878 1000 891 1019 ,
922 966 1071 1012 ratus
1094 998 1109 1025 ,
1144 957 1286 1013 hunc
1317 959 1611 1016 succedere
1637 975 1801 1031 posse

1342 276 1622 333 CARMEN
1666 271 2041 330 PASCHALE.
2087 274 2217 329 LIB.
2266 275 2327 332 ll.

1825 395 1879 456 Α
1935 394 2006 452 80
2044 396 2206 467 206
2227 395 2349 450 Mox
2377 396 2617 463 sibimet,
2641 397 2731 468 qui
2759 394 2965 467 primus
2985 408 3105 453 erat
3130 417 3141 452 :
3170 412 3292 454 lunt-
3317 398 3497 453 fronte

3389 276 3490 331 ϐ(ὶὲ

3205 492 3420 563 [serena

2048 582 2241 638 Nubila
2276 583 2477 638 mentis
2535 582 2745 639 habens
2771 624 2786 651 ,
2821 583 2963 638 clam
3022 582 3245 638 mandat
3297 582 3501 651 ubique

3154 676 3380 749 [requiri
3406 721 3421 743 ,

2048 773 2198 829 Sicut
2267 770 2605 827 adorandum
2638 815 2652 839 ,
2694 786 2857 843 quem
2910 780 3109 827 tractat
3163 771 3351 827 fraude
3403 784 3501 829 nec

3122 866 3421 939 [candum.

2050 956 2193 1027 Quid
2220 957 2376 1025 luris,
2398 956 2642 1014 Herodes
2665 957 2689 1011 ?
2710 956 2990 1014 Christum
3014 974 3266 1015 sermone
3289 958 3502 1026 lateris,

1560 1101 1737 1159 OPUS
1773 1102 2149 1161 PASCHALE.

203 1255 333 1325 quia
362 1255 614 1312 videlicet
643 1266 884 1312 nostrum
907 1249 992 1312 est
1012 1257 1212 1312 bonum
1231 1257 1393 1324 velle,
1420 1257 1515 1313 Dei
1544 1258 1806 1328 perlicere

204 1349 300 1419 qui
339 1364 521 1418 pacem
555 1365 707 1405 suam
742 1349 1055 1406 hominibus
1096 1350 1250 1405 bona:
1284 1351 1585 1407 voluntatis
1617 1352 1799 1408 inlun-

199 1441 308 1496 dit.
353 1442 573 1497 Divinus
602 1441 799 1497 deinde
825 1458 1008 1498 sermo
1038 1444 1385 1514 prosequitur
1406 1444 1622 1501 dicens:

278 1531 407 1587 Cum
436 1551 556 1603 ergo
586 1543 739 1589 natus
769 1545 899 1588 esset
950 1533 1105 1589 Iesus
1134 1538 1186 1589 in
1238 1535 1499 1591 Bethleem
1527 1537 1705 1605 ludat,
1737 1540 1795 1592 in

200 1628 383 1682 diebus
406 1626 636 1682 Herodis
655 1631 813 1701 regis,
854 1645 967 1682 ecce
996 1629 1140 1700 Magi
1185 1630 1246 1683 ab
1298 1630 1507 1685 Oriente
1556 1614 1801 1687 renerunt

1910 1267 2124 1314 menter
2153 1259 2395 1314 insanis?
2435 1258 2709 1315 Christmn
2742 1261 3011 1333 siquidem
3058 1263 3236 1334 lingua
3278 1262 3502 1334 proﬁte—

1909 1352 2006 1419 ris,
2028 1351 2190 1408 corde
2230 1352 2595 1421 persequeris,
2623 1362 2965 1424 mentemque
2997 1364 3216 1419 tetram,
3245 1364 3300 1409 et
3328 1354 3499 1409 nebu-

1908 1446 2037 1502 losa:
2067 1447 2318 1517 caliginis
2344 1447 2681 1502 obscuritate
2706 1447 3042 1513 damnatam,
3063 1447 3290 1519 jucundi
3315 1448 3498 1503 vultus

1906 1538 2200 1594 serenitate
2226 1538 2558 1593 dissimulas.
2590 1538 2864 1593 Christum
2898 1555 3132 1609 namque
3155 1539 3383 1595 mandas
3416 1540 3498 1593 in-

1904 1630 2043 1701 quiri
2070 1647 2174 1684 non
2205 1630 2545 1685 adorandum
2568 1631 2858 1701 religione,
2886 1647 3046 1700 quam
3080 1632 3261 1703 lingis,
3288 1631 3381 1687 sed
3411 1648 3500 1688 ne-

202 1719 649 1793 Hierosolymam,
681 1723 909 1777 dicentes
935 1739 953 1777 :
982 1721 1083 1777 Ubi
1133 1735 1229 1789 est,
1263 1725 1351 1794 qui
1381 1734 1536 1777 natus
1587 1735 1663 1779 est
1708 1741 1801 1780 rex
1831 1736 1875 1793 Β
1903 1724 2135 1778 candum
2168 1721 2620 1793 l'raudibus,qnas
2651 1723 2879 1778 tnoliris.
2918 1723 3083 1779 Erras
3107 1725 3292 1793 nimis,
3317 1734 3372 1779 et
3398 1724 3502 1780 fal-

198 1811 559 1870 Judaeorum?
597 1814 829 1870 Vidimus
857 1816 992 1869 enim
1018 1815 1220 1870 stellam
1265 1819 1378 1887 ejus
1408 1816 1461 1869 in
1496 1815 1727 1881 Oriente,
1751 1829 1800 1872 et

204 1913 439 1966 renimus
462 1911 686 1964 adorare
716 1926 851 1963 eum.
898 1908 1125 1962 Audiens
1178 1920 1351 1963 autem
1403 1908 1639 1965 Herodes
1684 1927 1797 1974 rex,

204 2003 439 2058 turbatus
485 2014 581 2064 est.
619 2014 668 2058 et
693 2004 859 2056 omnis
888 2002 1251 2072 Hierosolyma
1284 2019 1398 2056 cum
1445 2003 1556 2057 illo.
1585 2003 1650 2058 Et
1679 2021 1801 2058 con-

198 2114 428 2169 gregans
450 2113 621 2151 omnes
642 2097 899 2167 principes
926 2097 1273 2161 sacerdotum,
1307 2106 1353 2151 et
1374 2098 1571 2151 scribas
1599 2100 1797 2170 pepuli,

198 2191 484 2245 sciscitarit
513 2190 576 2243 ab
600 2192 672 2244 eis
704 2191 790 2243 ubi
832 2188 1067 2243 Christus
1107 2200 1418 2246 nasceretur.
1450 2191 1513 2245 At
1539 2192 1619 2246 illi
1649 2193 1797 2246 dixe-

200 2294 330 2338 runt
356 2301 373 2339 :
403 2284 471 2339 In
503 2282 767 2337 Bethleem
795 2284 974 2338 Jurt‘w.
1028 2283 1117 2339 Sic
1145 2284 1280 2338 enim
1319 2288 1566 2358 scriptum
1597 2296 1669 2340 est
1711 2304 1800 2356 per

201 2382 518 2449 prophetam
546 2393 565 2431 :
599 2376 668 2430 Et
709 2387 763 2430 tu
785 2375 1071 2452 Bethleem,
1115 2386 1250 2430 terra
1276 2375 1439 2443 Jurla,
1473 2395 1799 2450 nequaquam

201 2470 425 2523 minima
448 2487 499 2524 es
544 2470 597 2522 in
626 2469 940 2541 principibus
969 2467 1133 2521 Judu.
1168 2468 1252 2522 Ea:
1279 2479 1326 2522 te
1350 2472 1484 2524 enim
1507 2471 1637 2525 ea'iet
1667 2471 1795 2541 dum,

199 2565 295 2637 qui
326 2573 473 2634 regat
504 2562 755 2632 populant
786 2578 950 2616 meum
996 2560 1183 2617 Israel.
1211 2562 1354 2617 Tunc
1380 2563 1631 2634 Herodes,
1664 2566 1799 2621 clam

202 2655 403 2709 vocatis
437 2653 629 2724 Magis,
656 2653 840 2707 didicit
864 2654 926 2707 ab
968 2654 1039 2707 eis
1071 2665 1265 2726 tempus
1293 2654 1473 2719 stellw,
1500 2673 1613 2724 quae
1639 2674 1797 2729 appa-

199 2748 309 2801 ruit
341 2747 435 2800 eis.
464 2744 529 2798 Et
558 2747 759 2799 mittens
792 2744 908 2797 illos
937 2746 986 2797 in
1014 2743 1270 2799 Bethleem
1301 2746 1436 2799 dixit
1463 2762 1481 2799 :
1512 2744 1614 2815 Ite,
1639 2756 1685 2800 et
1712 2748 1796 2800 in-

203 2850 465 2909 terregate
497 2840 771 2910 diligenter
817 2839 879 2892 de
910 2856 1088 2908 puero.
1118 2837 1183 2891 Et
1214 2856 1327 2903 cum
1380 2840 1697 2906 inveneritis,
1719 2860 1798 2895 re-

202 2934 442 2988 nuntiate
462 2933 607 2998 mihi,
635 2942 690 2986 ut
716 2943 759 2995 et
784 2949 876 3005 ego
906 2934 1111 2986 veniens
1136 2933 1343 2987 adorem
1369 2950 1487 2989 eum
1512 2943 1556 2987 ι.
1589 2935 1799 2990 Conve-

205 3027 428 3080 nienter
459 3026 844 3092 scripturarum
883 3025 1146 3079 strictioni
1179 3025 1517 3080 c0ncordans
1539 3023 1567 3063 ιτ
1596 3025 1796 3081 Christi

1904 1817 2051 1872 leris.
2082 1816 2239 1871 Illum
2270 1816 2503 1871 credens
2530 1816 2629 1872 tibi
2658 1818 3081 1888 succedere,qni
3114 1819 3262 1885 regia
3294 1819 3501 1889 primus

1901 1912 2210 1967 dominatur
2243 1913 2293 1966 in
2324 1912 2584 1981 sede,qui
2612 1927 2714 1967 nec
2745 1913 2987 1967 succedit
3011 1912 3251 1982 penitus,
3282 1927 3382 1968 nec
3405 1913 3501 1968 de-

1901 2003 2068 2074 cedit,
2096 2004 2189 2058 sed
2237 2012 2475 2059 aeternus
2505 2005 2702 2059 solium
2738 2019 2852 2060 sure
2881 2005 3121 2075 possidet
3170 2005 3495 2075 majeStatis,

1902 2096 2181 2167 legemque
2221 2097 2379 2168 legis,
2409 2112 2473 2151 ac
2513 2097 2764 2167 negligis,
2791 2099 2884 2168 qui
2916 2096 3047 2169 Regi
3079 2112 3266 2168 regum
3290 2110 3376 2152 tua
3410 2112 3500 2153 re-

1899 2208 2002 2263 gna
2036 2191 2279 2246 minaris.
2309 2191 2474 2246 Caret
2501 2192 2680 2246 verbis
2715 2192 2830 2246 hirc
2858 2192 3036 2261 culpa.
3062 2202 3214 2246 caret
3260 2206 3491 2246 excusa-

1900 2287 2047 2341 tione
2078 2285 2335 2355 perlidia:
2368 2285 2509 2339 hunc
2532 2286 2676 2339 enim
2703 2285 2921 2340 conaris
2950 2285 3493 2355 exstinguere,quem

1903 2391 1953 2436 te
1985 2380 2319 2450 promiseras
2370 2379 2619 2434 adorare.
2648 2379 2841 2437 Minus
2873 2379 3012 2433 forte
3051 2378 3419 2448 delinqueres,
3455 2378 3499 2432 si

1901 2473 1969 2529 de
1998 2471 2217 2527 Christo
2256 2471 2385 2525 nihil
2433 2485 2726 2540 qurereres,
2770 2481 3041 2541 quatenus
3070 2468 3339 2524 homicida
3379 2478 3501 2524 tan-

1904 2575 2013 2621 tum
2038 2566 2185 2621 velut
2211 2564 2450 2633 ignotum
2481 2562 2755 2617 hominem
2781 2561 3177 2633 persequendo,
3196 2577 3302 2616 non
3332 2562 3495 2616 etiam

1900 2656 2196 2729 sacrilegus
2226 2672 2348 2712 esse
2378 2658 2489 2711 Deo
2517 2656 2719 2711 videris
2746 2666 2767 2694 ο
2800 2655 3031 2711 oli'enso.
3058 2654 3252 2720 Nonne
3282 2655 3496 2724 legeras

1901 2769 2025 2809 eum
2054 2752 2310 2807 Davidico
2331 2754 2550 2806 cantico
2574 2751 2653 2806 sic
2682 2762 2993 2806 monentem
3013 2747 3029 2787 τ
3052 2748 3266 2803 :Nolite
3290 2756 3503 2819 tangere

1903 2845 2136 2902 Christos
2167 2863 2325 2909 meos,
2378 2854 2425 2899 et
2453 2845 2505 2898 in
2527 2843 2794 2916 praphetis
2826 2843 2949 2896 meis
2978 2842 3137 2896 nolite
3180 2840 3458 2910 malignari
3476 2840 3500 2892 ?

1901 2941 2009 2994 (Atr
2039 2954 2171 3008 ergo
2198 2938 2394 2993 divina:
2429 2937 2781 3007 pl‘tBCCplinlti
2818 2949 3011 3006 parere
3040 2948 3270 2989 necesse
3318 2934 3410 2998 sit,
3447 2941 3505 2988 ut

1902 3047 2077 3101 neque
2103 3030 2309 3085 ChriSIi
2334 3030 2472 3099 ejus.
2518 3044 2693 3098 neque
2718 3028 2998 3099 prophetae
3025 3035 3049 3073 Β
3082 3026 3313 3095 maligna
3342 3024 3501 3094 quid-

206 3118 467 3172 nativitas
498 3119 565 3170 ah
594 3116 818 3172 Oriente
865 3116 1121 3187 fulgebat,
1152 3118 1241 3183 qui
1292 3119 1497 3186 implet,
1532 3119 1674 3181 quod
1697 3118 1797 3173 Za-
1828 3158 1872 3221 Ο
1902 3139 2061 3195 quant
2097 3122 2441 3192 improbitate
2464 3120 2797 3175 sustineam?
2822 3119 2945 3188 quia
2980 3115 3237 3171 videlicet
3265 3114 3500 3183 spiritali

203 3211 417 3265 charizc
464 3210 709 3280 designat
754 3212 930 3265 oratio
957 3222 978 3249 ο
1029 3228 1041 3263 :
1080 3199 1316 3266 Visilarit
1358 3229 1451 3265 nos
1510 3213 1695 3267 Oriens
1737 3231 1799 3268 ea:

203 3302 342 3357 alto.
377 3303 510 3357 Nam
549 3312 603 3357 et
633 3304 923 3357 Davidirus
962 3304 1159 3358 similia
1193 3306 1430 3359 continet
1464 3307 1700 3373 psalmus
1728 3303 1793 3358 ἀς

207 3395 277 3451 1η
309 3397 419 3451 sole
446 3399 615 3467 posuit
654 3398 1041 3451 tabernaculum
1070 3415 1239 3465 suum,
1271 3407 1376 3453 etc.
1413 3399 1537 3454 Sole
1561 3414 1692 3454 vero
1721 3402 1796 3453 si-

203 3488 430 3560 gniﬁcat
474 3488 772 3557 Orientem,
823 3489 889 3544 de
941 3505 1041 3559 qua
1102 3486 1325 3558 regione
1370 3501 1589 3559 semper
1627 3494 1799 3546 oritur

206 3583 352 3638 dies.
396 3582 534 3651 Quid
565 3582 744 3652 igitur,
780 3583 1038 3647 llcrovles,
1080 3584 1292 3637 acutius
1344 3582 1522 3637 luris?
1551 3584 1677 3655 quid
1705 3584 1798 3640 de-

1907 3225 2257 3271 consecratos
2281 3225 2557 3286 unguento
2588 3212 2744 3269 nefas
2771 3210 2975 3283 grande
2997 3211 3071 3265 sit
3100 3207 3499 3264 contumeliose

1909 3307 2335 3373 tractari.Qnale
2356 3322 2552 3360 nomen
2587 3304 2806 3359 habebit
2836 3306 2938 3356 hoc
2964 3303 3197 3366 crimen,
3234 3310 3287 3353 ut
3318 3300 3497 3369 ipsum

1908 3399 2194 3453 Dominutn
2249 3398 2545 3463 Christum,
2575 3412 2603 3449 a
2629 3410 2736 3467 quo
2765 3394 2967 3449 Christi
3000 3402 3125 3447 sunt
3176 3392 3499 3460 nuncupati,

1907 3494 2077 3563 ipsum
2111 3508 2242 3548 vero
2272 3492 2615 3562 prophetam,
2648 3505 2677 3543 a
2727 3504 2836 3557 quo
2880 3502 3043 3542 verax
3087 3483 3371 3555 Prophetia
3400 3482 3501 3535 de-

1906 3585 2135 3653 scendit,
2184 3587 2289 3641 tuis
2337 3585 2547 3640 ambias
2586 3583 2729 3637 dolis
2769 3580 3046 3637 interﬁci?
3084 3579 3275 3635 Nonne
3306 3577 3498 3644 David,

1696 3748 2005 3805 SCHOLIA.

210 3931 340 3972 cum
374 3915 495 3969 aliis
535 3916 761 3985 vulgatis
813 3917 1055 3985 praetulit
1101 3916 1324 3970 Emicuit
1356 3931 1418 3970 es
1451 3916 1621 3979 simili
1667 3914 1801 3969 Pru-

210 3986 391 4042 dentii
439 3989 560 4041 loco
594 3985 851 4058 Catltem.
909 3987 1094 4058 hymn.
1130 4004 1180 4041 ix
1210 4033 1222 4052 ,
1254 4001 1402 4040 vers.
1440 3986 1503 4040 27
1555 4003 1571 4040 :
1602 3985 1804 4039 Emicat

210 4057 693 4131 prontissusdolim.
724 4057 1050 4131 Arntzenius
1075 4058 1195 4131 hoc
1242 4060 1414 4131 ipsum
1460 4068 1605 4131 tenet
1634 4103 1646 4121 ,
1680 4058 1802 4124 quia

209 4128 441 4182 emicare
464 4129 540 4182 illi
566 4129 826 4182 dicuntur
847 4172 859 4189 .
896 4132 983 4193 qui
1015 4128 1273 4182 fulminis
1294 4129 1464 4181 instar
1508 4128 1652 4182 illico
1684 4144 1807 4191 pro—

211 4200 430 4263 deunt,
463 4210 517 4254 et
569 4215 631 4253 es
681 4200 977 4265 improviso
1022 4201 1238 4253 adsnnt.
1274 4199 1470 4253 Verum
1524 4199 1625 4252 hoc
1684 4200 1805 4253 loco

209 4272 395 4338 magis
447 4273 679 4338 genuina
711 4311 725 4333 ,
758 4280 811 4323 et
843 4281 1147 4340 Opportuna
1198 4270 1417 4325 videtur
1467 4270 1627 4324 lectio
1658 4285 1809 4323 com-

211 4343 399 4398 munis
424 4350 665 4396 veterum
697 4342 1091 4407 etemplarinm
1144 4341 1343 4394 Euituit
1368 4384 1382 4406 ,
1417 4343 1715 4409 praesertim
1761 4341 1803 4394 si

212 4413 537 4468 attendatur
562 4411 919 4466 ratioEnituit
942 4413 1250 4483 pastoribus.
1276 4414 1394 4479 quia
1416 4422 1612 4479 pastor,
1631 4423 1679 4465 et
1699 4428 1813 4480 gre-

210 4485 369 4554 gibus
386 4484 589 4552 refulsit
604 4501 791 4555 agnus.
813 4483 929 4537 Hoc
949 4486 1119 4555 ipsum
1137 4484 1419 4555 Ctlﬂiil‘lllal
1443 4484 1805 4555 presaclares-

209 4555 543 4610 ceret.V:-t.l
559 4598 573 4621 ,
595 4554 685 4625 qni
701 4566 872 4621 pastor
884 4564 1012 4619 erat,
1028 4554 1184 4609 Vatﬂ
1198 4554 1449 4625 ambigue
1467 4556 1553 4619 qui
1572 4554 1808 4625 vclquia.

291 4628 399 4709 ’ῖὲξζ
428 4623 757 4691 Rom.,Cum
791 4626 939 4680 stella
978 4627 1085 4678 visu
1123 4634 1195 4678 est
1221 4623 1409 4697 Magis.
1444 4625 1590 4678 Meus
1636 4623 1809 4693 Magis
1841 4651 1891 4709 ι)

210 4696 569 4767 signiﬁcatur.

290 4767 384 4820 74.
406 4768 575 4828 Meus,
600 4784 955 4834 summumque
977 4775 1280 4837 tyrannum,
1302 4766 1443 4833 quod
1470 4780 1574 4837 non
1589 4780 1808 4833 sequor.

211 4840 367 4894 Bella
409 4839 475 4892 tle
524 4840 677 4893 .lletr.
712 4836 1054 4893 communem
1102 4839 1391 4893 lectionem
1441 4836 1602 4891 etiam
1665 4845 1813 4889 tenet

208 4927 533 4973 utrumque.

292 4983 386 5035 “i7.
419 4980 541 5035 ΑΗ).
578 4978 683 5034 Per
710 4982 937 5051 genitum
981 4997 999 5034 .°
1030 4980 1149 5049 lege
1180 4979 1538 5048 Progenitum.
1588 4976 1722 5051 Reg.
1753 4976 1808 5051 «ιε

212 5052 435 5113 (lucem,
461 5069 522 5103 ar
560 5046 798 5115 (inlitus;
821 5051 951 5106 Urb.
982 5046 1162 5104 ducem
1183 5095 1196 5115 ,
1233 5046 1339 5104 mea
1370 5051 1585 5101 «alitus.
1620 5046 1813 5101 Carteri

212 5125 429 5183 ducem.
454 5123 569 5175 hoc.
599 5122 743 5176 Beda
769 5125 837 5176 de
861 5123 1016 5176 Metr.
1045 5137 1165 5190 cap.
1192 5122 1260 5175 de
1288 5120 1591 5191 synalmph.
1619 5119 1810 5182 probat
1854 5182 1865 5189 η

214 5194 373 5247 hunc
415 5193 619 5246 hiatum
672 5195 885 5247 ratione
924 5192 1273 5261 aSpiratiOnis
1323 5192 1472 5244 vocis
1523 5191 1652 5254 hoc,
1688 5205 1809 5256 qua:

210 5269 333 5318 vim
389 5266 747 5318 enustntantis
803 5264 1002 5323 habet.
1038 5263 1323 5331 laudatque
1377 5261 1519 5314 hunc
1596 5274 1806 5331 tersum

213 5337 437 5392 Sedulii
461 5350 581 5388 cum
600 5339 707 5388 alio
725 5334 955 5389 Juvenci
986 5337 1019 5387 Ι.
1048 5350 1088 5398 t,
1113 5330 1251 5388 vers.
1281 5334 1341 5387 61
1367 5349 1378 5384 :
1400 5331 1623 5384 Nomine
1646 5330 1806 5383 Ioan-

297 5440 323 5464 ει
357 5428 545 5480 Matth.
580 5442 701 5494 cap.
736 5443 797 5488 ιι,
826 5442 873 5478 v.
904 5427 926 5480 ι
969 5440 1122 5495 seqq.

294 5497 605 5552 bNonnulli
654 5491 939 5563 apponunt
977 5491 1232 5565 punctum
1285 5505 1405 5559 p05t
1448 5491 1806 5565 concordatis:

215 5570 484 5626 nimirum
527 5585 691 5621 sermo
732 5564 1087 5635 divinus,qui
1117 5566 1172 5619 in
1222 5565 1329 5619 line
1368 5564 1557 5635 capitis
1608 5578 1811 5629 prtere-

216 5640 407 5694 dentis
433 5640 764 5693 nominatur.
808 5637 977 5691 Paulo
1020 5634 1159 5692 infra
1191 5634 1405 5705 reposui
1435 5634 1588 5686 corde
1633 5648 1807 5701 persc-

216 5712 403 5784 queris
424 5726 523 5780 pro
556 5712 896 5780 prosequeris.

304 5794 327 5817 ε
364 5780 493 5835 Luc.
524 5795 646 5851 cap.
676 5797 723 5848 ι,
758 5796 901 5835 vers.
937 5781 1025 5835 78.

1910 3932 2019 3968 nem
2068 3914 2209 3967 hunc
2254 3923 2305 3965 tu
2351 3912 2575 3965 vocitare
2608 3918 2893 3971 memento,
2930 3916 2985 3961 ut
3033 3904 3389 3960 animadverti
3436 3906 3501 3959 ad

1907 4002 2028 4041 cum
2055 3986 2228 4038 locum
2260 3982 2508 4038 Juvenei.

1983 4058 2067 4110 78.
2102 4055 2231 4109 Urb.
2266 4054 2394 4107 Haec
2423 4053 2650 4106 stellam.

1982 4127 2067 4181 79.
2100 4128 2274 4191 Meus,
2306 4126 2576 4179 succedere
2606 4134 2752 4175 terra’
2783 4120 2929 4174 nullo
2958 4135 3143 4191 sensu.

1981 4198 2069 4251 8|.
2123 4189 2268 4267 tog;
2304 4196 2354 4263 ι,
2382 4195 2494 4249 οιι.
2531 4195 2582 4253 t.
2610 4192 2765 4255 Alh.,
2797 4189 3169 4267 Pa_rrlt.,“\_let.
3207 4190 3257 4255 ι,
3296 4189 3500 4267 βηΜα-

1915 4280 2079 4331 nast.,
2113 4258 2230 4322 tres
2262 4258 2628 4320 Tornaesiana!
2654 4308 2665 4329 ,
2701 4274 2750 4316 et
2807 4262 2926 4315 aliae
2956 4262 3243 4325 editiones,
3276 4258 3500 4331 habens.

1918 4329 2140 4408 “93.9,
2168 4340 2222 4407 5,
2246 4336 2403 4405 Urb.,
2438 4336 2548 4390 Ott.
2579 4334 2838 4408 2,‘Mrus,
2870 4332 3050 4408 Βρηιη
3078 4332 3245 4408 pug,
3274 4329 3503 4408 γεω),

1915 4411 1975 4473 2,
2002 4401 2400 4476 ἶ);ιιιὶ.,ἀιρηι,’
2442 4423 2565 4461 cum
2613 4405 2790 4468 eiossa
2824 4404 2874 4455 in
2911 4403 3042 4476 Reg.
3073 4402 3130 4461 2.
3160 4402 3409 4476 nutriens.
3442 4401 3500 4455 In

1915 4482 2025 4536 Ott.
2065 4481 2088 4533 1
2119 4472 2188 4535 es
2212 4479 2405 4533 habens
2430 4478 2642 4531 videtttr
2677 4476 2879 4529 factum
2901 4474 3045 4528 alens
3067 4488 3191 4527 cum
3218 4472 3401 4541 glossa
3430 4481 3500 4524 te-

1918 4569 2064 4620 gens,
2088 4562 2138 4605 et
2169 4552 2219 4604 in
2253 4550 2384 4618 Reg.
2420 4554 2470 4611 l,
2498 4548 2787 4620 aliquisin
2808 4546 2998 4620 habens
3024 4544 3195 4620 voluit
3219 4543 3247 4594 b
3276 4558 3505 4620 co_nv_cr-

1918 4611 2032 4678 ἴθι-θ
2055 4624 2108 4676 in
2142 4624 2180 4687 l,
2208 4630 2264 4675 ut
2295 4611 2435 4674 nunc
2464 4611 2669 4688 legatur
2699 4616 2899 4669 h‘alens.
2931 4615 3283 4688 Reeentiores
3319 4612 3501 4688 Cella:

1918 4696 2029 4749 rius
2054 4738 2068 4760 ,
2096 4683 2398 4754 Grnnerus,
2428 4683 2763 4744 Artitzenius
2806 4688 3066 4740 damnant
3104 4683 3318 4760 habens,
3344 4684 3502 4753 quasi

1915 4766 1964 4819 id
1997 4754 2077 4821 sit.
2097 4763 2324 4817 librarii.
2355 4762 2561 4816 Passim
2585 4760 2802 4827 quidem
2836 4765 3131 4810 occurrunt
3163 4754 3246 4807 Ine
3270 4755 3501 4823 phrases

1916 4837 2053 4888 alere
2073 4836 2277 4896 vulnus,
2306 4830 2444 4886 alere.
2461 4832 2624 4893 sitim,
2656 4829 2983 4890 sententiam,
3019 4841 3277 4889 amorem,
3309 4840 3461 4896 curas
3484 4866 3499 4885 ,

1915 4907 2124 4960 malum.
2161 4894 2358 4959 Verum
2384 4904 2512 4956 mihi
2541 4918 2569 4955 a
2601 4914 2759 4953 manu
2784 4896 2993 4953 Sedulii
3021 4896 3236 4951 videtur
3256 4909 3379 4949 esse
3407 4894 3503 4947 ha-

1916 4979 2035 5031 bens
2069 4993 2084 5028 :
2122 4976 2252 5029 nihil
2283 4974 2427 5029 enim
2458 4971 2603 5035 aliud
2646 4970 2766 5023 volt
2808 4967 3156 5038 signiﬁcare.
3192 4965 3294 5018 nisi
3325 4964 3501 5038 Hero:

1915 5050 2038 5103 dem
2088 5046 2497 5100 nuhilamentis
2542 5057 2732 5096 serena
2783 5036 2959 5093 fronte
2988 5036 3291 5091 occultasse
3315 5077 3331 5101 ,
3356 5037 3498 5103 quod

1920 5118 2113 5173 melius
2142 5115 2463 5186 exprimitur
2495 5130 2592 5179 per
2620 5112 2809 5165 habens
2834 5152 2850 5173 ,
2875 5124 3032 5186 qttani
3066 5123 3163 5186 per
3193 5105 3359 5160 alens.
3384 5105 3502 5159 Dtto

1920 5190 2087 5243 nOStri
2111 5178 2241 5241 mss'.
2268 5178 2617 5240 vetustissimi
2644 5178 3088 5237 tuentur/labens.
3108 5179 3272 5233 Presa
3293 5187 3503 5232 utrum-

1918 5260 2049 5314 libet
2078 5257 2331 5311 admittit.
3439 5279 3444 5284 -

1989 5332 2080 5385 82.
2114 5328 2225 5383 Ott.
2272 5329 2306 5382 Ξ
2355 5327 2493 5381 male
2542 5323 2732 5379 dividit
2782 5322 2930 5378 Sicut
2978 5322 3045 5374 ad
3075 5322 3349 5373 orandum.
3398 5319 3504 5374 Pro

1988 5417 2012 5456 ά
2049 5420 2249 5474 l'salm.
2287 5434 2411 5472 xvni
2434 5460 2449 5481 ,
2477 5431 2620 5471 vers.
2650 5417 2703 5469 6.
3416 5437 3423 5442 -

1992 5502 2015 5527 ε
2045 5492 2263 5545 Invenio
2300 5489 2487 5542 videris
2544 5489 2687 5555 apud
2719 5485 3096 5558 Gallandium,
3121 5492 3181 5558 et
3209 5482 3342 5558 alias
3387 5482 3517 5557 edi-q

1918 5564 2095 5616 tiones
2123 5562 2337 5616 Patrum
2368 5575 2382 5623 ;
2414 5561 2509 5612 sed
2544 5554 2695 5629 puto,
2733 5554 3017 5627 legendum
3042 5554 3303 5609 uidereris.

1995 5633 2011 5671 ί
2046 5633 2245 5687 Psalm.
2281 5631 2404 5696 104,
2435 5646 2578 5684 vers.
2616 5630 2702 5683 15.

1991 5715 2014 5751 t'.
2044 5703 2297 5757 Nonnulli
2346 5699 2593 5773 propheta
2634 5701 2755 5755 sine
2802 5700 2918 5773 ullo
2954 5713 3143 5754 sensu.
3197 5696 3301 5752 Pro
3346 5698 3506 5750 susti-

1918 5792 2063 5828 neam
2093 5771 2466 5844 reponendum
2500 5771 2708 5828 videtur
2736 5772 3040 5828 sustineant.
