3912 6330
414 338 520 393 615

618 447 757 517 Ergo
786 446 873 502 ubi
905 446 1215 501 ﬂumineum
1245 453 1369 516 post
1404 446 1634 518 mystica
1664 446 1806 502 dona
1842 448 1989 501 lava-
2013 452 2068 510 Α

1838 556 1991 596 Cl‘lllll

1816 539 1847 612 [ε

549 635 865 707 Egrediens,
894 634 1066 690 siccas
1097 633 1355 689 Dominus
1383 634 1615 689 calcavit
1640 648 1847 699 arenas,

550 727 848 782 Confestim
872 735 1094 797 patuere
1124 727 1256 796 poli,
1282 736 1611 797 sanctusque
1641 726 1907 781 columbae

547 820 710 891 219
744 819 973 889 Spiritus
1020 819 1075 873 in
1123 820 1307 889 specie
1341 818 1617 875 Christum
1647 817 1867 871 vestivit
1898 815 1995 869 ho-

1749 909 1923 982 [nore,

412 1004 513 1063 170
550 1004 1000 1076 Mansuetumque
1026 1004 1204 1070 docet,
1238 1005 1575 1075 multumque
1606 1001 1859 1059 incedere
1895 1001 1995 1056 mi-

1755 1095 1775 1168 [
1794 1107 1919 1159 tem,

1764 354 1767 357 '
1789 331 2002 389 C(ELII
2040 332 2315 392 SEDULII

3586 336 3689 395 610

2236 451 2339 505 Per
2368 451 2667 514 volucrem,
2698 465 2818 520 quae
2845 450 2969 505 felle
3008 460 3179 516 caret,
3227 458 3469 523 natoque
3500 463 3689 509 vocato

2244 540 2386 596 Voce
2417 540 2613 604 Patris,
2648 540 2849 608 triplici
2881 542 3023 596 Deus
3049 558 3116 597 ex
3149 544 3362 598 ratione
3395 543 3678 613 probatur,

2243 632 2396 700 Quod
2409 634 2593 701 Pater,
2626 640 2683 689 et
2698 632 2890 706 Natus,
2906 635 3049 705 quod
3072 635 3296 707 spiritus
3318 645 3405 692 est
3432 637 3505 694 ibi
3522 637 3691 693 Sanc-

3510 741 3618 801 tus,

3510 741 3594 786 tus

2240 818 2359 887 Quo
2388 830 2569 877 manet
2590 820 2864 893 indignus,
2880 822 2971 893 qui
2989 838 3099 878 non
3114 730 3687 880 numeraverit[untim.

2102 908 2207 965 175
2244 911 2409 983 220
2445 909 2578 968 Inde
2621 913 2977 983 quaterdenis
3030 913 3143 983 jam
3186 915 3475 981 noctibus,
3528 925 3692 988 atque

2668 1022 2673 1027 ’
3392 1008 3621 1084 [diebus

2245 1096 2497 1167 Jejunum
2526 1098 2779 1170 dapibus,
2810 1115 2968 1158 sacro
2999 1102 3295 1173 spiramine
3326 1094 3549 1175 plenum

1744 1233 1922 1291 OPUS
1960 1232 2340 1291 PASCIIALE.

407 1353 711 1419 descendit,
742 1353 1068 1420 ostenditur,
1106 1362 1307 1424 quanta
1339 1353 1411 1407 sit
1435 1351 1556 1423 ejus
1589 1353 1822 1420 bonitas,
1849 1369 2001 1409 man-

406 1447 658 1513 suetudo,
687 1448 1008 1517 simplicitas
1028 1488 1045 1515 ,
1080 1462 1179 1517 per
1209 1447 1514 1511 volucrem,
1562 1443 1704 1500 fellis
1734 1446 1997 1501 amaritu-

413 1542 594 1599 dinem
624 1557 730 1596 non
754 1540 1068 1597 habentem.
1100 1540 1170 1594 Et
1203 1555 1271 1595 ne
1301 1538 1659 1609 corporaliter
1698 1538 1844 1615 visus
1874 1552 1998 1593 esse

412 1636 717 1689 nesciretur
751 1633 914 1696 Deus,
944 1647 1077 1687 voce
1109 1631 1283 1685 Patris
1313 1630 1579 1685 asseritur
1606 1628 1864 1684 dicentis:
1896 1627 1999 1682 Hic

2104 1365 2211 1406 uno
2236 1350 2391 1408 fulsit
2421 1368 2487 1409 ex
2508 1353 2644 1422 Deo,
2678 1370 2785 1427 quo
2813 1355 3012 1427 dignus
3038 1356 3149 1413 'non
3168 1366 3413 1413 meretur
3433 1358 3689 1424 existere,

2101 1447 2197 1517 qui
2226 1448 2530 1504 numeravit
2559 1449 2903 1506 Trinitatem.

2171 1548 2323 1602 Tunc
2352 1547 2547 1604 ductus
2569 1557 2656 1605 est
2680 1550 2842 1606 Jesus
2886 1551 2938 1605 in
2969 1551 3247 1607 desertum
3294 1568 3324 1608 a
3371 1554 3589 1624 spiritu,
3633 1563 3692 1609 ut

2104 1652 2404 1698 tentaretur
2428 1658 2458 1698 a
2487 1643 2725 1699 diabolo.
2755 1645 2820 1699 Et
2850 1661 2971 1701 cum
2998 1646 3301 1717 jejunasset
3329 1649 3689 1720 quadraginta

406 1735 482 1781 est
511 1723 557 1778 F
562 1727 679 1780 ilius
710 1742 851 1780 meus
880 1726 1120 1790 dilectus,
1148 1725 1201 1777 in
1225 1742 1327 1795 quo
1355 1724 1481 1778 milii
1508 1722 1817 1792 complacui.
1850 1723 1995 1778 Prm-
2026 1763 2075 1823 B
2103 1733 2320 1799 diebus,
2354 1745 2408 1791 ει
2451 1737 2803 1808 quadraginta
2838 1739 3112 1806 “aclibus,
3156 1752 3340 1811 postea
3370 1741 3589 1798 esuri“.
3622 1742 3692 1797 Ει

406 1816 593 1872 clarus
622 1816 724 1873 iste
753 1816 1063 1873 dilectionis
1086 1817 1313 1872 all'ectus
1345 1817 1558 1888 plenam
1587 1814 1845 1871 catholici
1865 1815 1997 1886 dog-

409 1914 570 1966 matis
600 1912 840 1967 continet
876 1911 1215 1975 ﬁrmitatem,
1242 1924 1510 1980 unamque
1541 1908 1736 1973 Patris,
1768 1916 1824 1964 et
1852 1907 1995 1969 Filii,

406 2007 721 2076 pronuntiat
770 2020 894 2062 esse
936 2007 1217 2060 virtutem.
1275 2004 1530 2058 Charitas
1560 2002 1729 2068 enim,
1778 2018 1895 2073 qua:
1943 2002 1994 2056 in

409 2098 521 2154 Deo
552 2100 841 2166 consistit,
875 2114 903 2152 a
935 2097 1314 2154 similitudinis
1344 2105 1399 2152 et
1439 2095 1764 2168 a‘qualitatis
1802 2095 1996 2164 spiritu

402 2208 510 2249 non
542 2192 765 2249 recedit.
798 2190 931 2246 Nam
968 2191 1061 2262 qui
1101 2190 1238 2245 dixit
1265 2188 1351 2245 sui
1381 2192 1503 2261 lege
1534 2188 1775 2243 mandati
1808 2205 1821 2241 :
1856 2185 1997 2240 Dili-

403 2306 489 2360 ges
526 2290 817 2358 proximum
853 2298 1019 2355 tuum,
1049 2296 1310 2358 tamquam
1340 2286 1579 2359 teipsum,
1611 2283 1817 2349 docuit,
1867 2281 1994 2337 dili-

403 2383 583 2451 gentis
622 2390 679 2435 et
722 2380 908 2436 dilecti
950 2380 1153 2435 nullam
1207 2378 1325 2434 ﬁeri
1356 2388 1611 2449 oportere
1658 2377 1991 2432 distantiam.

402 2473 536 2529 Nam
566 2486 620 2530 et
644 2474 698 2528 in
731 2473 979 2544 sequenti
1010 2472 1206 2539 verbo,
1236 2470 1379 2541 quod
1406 2471 1639 2536 addidit,
1669 2470 1724 2524 in
1749 2486 1847 2539 qua
1868 2470 1994 2523 mihi

397 2566 706 2638 complucui,
742 2565 1061 2635 intelligitur
1089 2573 1413 2635 potestatem
1460 2564 1618 2617 unius
1650 2562 1867 2617 deitatis
1893 2578 1991 2617 ex-

400 2659 655 2730 planasse
702 2673 1072 2715 communem.
1107 2658 1236 2712 Plus
1278 2666 1365 2712 est
1392 2656 1537 2711 enim
1566 2656 1858 2727 complacui
1903 2655 1988 2710 di-

402 2755 568 2819 xisse,
621 2768 782 2825 quam
823 2754 1025 2826 placui,
1075 2754 1199 2824 quia
1257 2752 1551 2822 complacui
1602 2749 1990 2805 convenientia:

399 2848 629 2904 verbum
657 2858 763 2912 est,
792 2857 848 2903 et
890 2849 1124 2919 gemina:
1171 2848 1352 2902 cernit
1396 2844 1674 2900 adhaerere
1719 2858 1987 2915 personze.

399 2942 553 3010 Quod
586 2942 709 2996 ideo
737 2955 839 2996 vox
870 2939 1110 2996 cmlestis
1139 2938 1431 3008 expressit,
1454 2950 1510 2994 ut
1530 2948 1582 2994 et
1614 2939 1771 2993 Pater
1804 2940 1856 2993 in
1903 2938 1991 2993 Fi-

394 3033 489 3099 lio‘,
521 3043 576 3088 et
601 3032 766 3088 Filios
793 3018 1188 3102 complacnisse
1214 3030 1464 3087 videatur
1486 3032 1538 3086 in
1562 3031 1744 3086 Patre.
1772 3029 1905 3086 Nam
1935 3040 1991 3087 et

2100 1829 2369 1884 accedens
2389 1828 2457 1884 ad
2488 1845 2611 1885 eum
2640 1838 2900 1898 tentator,
2924 1831 3063 1887 dixit
3088 1834 3170 1888 ei:
3195 1833 3260 1889 Si
3289 1830 3466 1889 Filius
3487 1834 3586 1888 Dei
3610 1851 3684 1899 α,

2100 1920 2203 1987 dic,
2234 1933 2287 1976 ut
2332 1923 2529 1994 lapides
2574 1924 2660 1978 isti
2706 1940 2865 1997 panes
2892 1924 3045 1994 ﬁant.
3094 1924 3263 1997 Igitur
3294 1925 3607 1982 lentabatur
3656 1942 3688 1981 a

2099 2012 2340 2081 diabolo,
2371 2014 2495 2070 ﬁdei
2526 2031 2741 2086 semper
2777 2016 3018 2072 inimico.
3052 2015 3224 2073 Nemo
3267 2016 3415 2073 enim
3444 2018 3549 2088 sibi
3575 2034 3689 2074 ma-

2099 2107 2351 2164 nifestam
2366 2125 2479 2164 rem
2502 2109 2744 2175 discutit,
2762 2110 2868 2166 nisi
2889 2112 3000 2181 qui,
3023 2111 3202 2167 fallaci
3232 2112 3424 2183 plenus
3448 2113 3689 2181 ingenio,

2097 2214 2394 2272 comperta:
2423 2200 2641 2256 veritati
2671 2218 2776 2258 non
2830 2202 3026 2269 credit,
3058 2202 3202 2259 sicut
3245 2204 3365 2273 ipse
3404 2204 3685 2271 diabolus,

2096 2304 2187 2374 qui
2218 2313 2406 2373 postea
2438 2318 2597 2374 quam
2641 2301 2824 2358 Jesutn
2860 2304 3068 2373 paterni
3118 2304 3373 2361 claritate
3416 2304 3687 2360 sermonis

2100 2404 2191 2459 Dei
2235 2403 2428 2459 Filium
2486 2419 2608 2461 esse
2653 2406 2928 2476 cognovit,
2974 2405 3331 2476 ejusdemque
3386 2392 3684 2474 potentiam

2095 2494 2423 2577 singularem
2453 2506 2812 2577 quadraginta
2850 2505 3041 2562 diebus
3072 2516 3128 2562 et
3171 2506 3528 2578 quadraginta
3555 2521 3685 2579 noc-

2097 2607 2240 2663 tibus
2266 2606 2398 2662 nihil
2423 2608 2694 2664 vescentis
2716 2607 2954 2677 expavit.
2976 2606 3130 2663 Licet
3157 2598 3375 2678 Moyses
3405 2606 3680 2673 similiter,

2093 2724 2148 2768 et
2176 2713 2321 2769 Elias
2379 2712 2603 2767 totidem
2651 2710 2865 2767 dierum
2914 2710 3293 2775 sustinuerint,
3328 2710 3683 2779 noctiumque

2091 2816 2375 2887 jejunium.
2409 2814 2517 2871 Sed
2550 2814 2672 2868 illos
2700 2813 2876 2868 alieno
2907 2814 3070 2868 fultos
3089 2812 3319 2880 auxilio,
3350 2824 3676 2883 quamquam
3720 2846 3724 2852 ι

2094 2934 2194 2973 suo
2216 2920 2413 2974 merito
2434 2923 2663 2971 noverat
2702 2906 2818 2971 haec
2846 2913 3283 2975 fecisse.,1esuni
3318 2914 3534 2985 propria
3560 2926 3680 2967 cer-

2097 3020 2259 3075 nebat
2302 3018 2517 3089 operari
2562 3019 2786 3073 virtute.
2842 3016 3004 3086 Spem
3054 3023 3282 3087 repente
3328 3011 3674 3068 vanissimam

393 3127 515 3197 ipso
545 3138 651 3182 tam
677 3137 925 3198 paternae
954 3127 1125 3191 vocis,
1151 3141 1312 3196 quam
1342 3124 1467 3180 Filii
1495 3126 1852 3195 baptismatis,
1904 3125 1989 3180 vel
2019 3145 2064 3207 ρ
2094 3123 2276 3207 stulta:
2304 3118 2617 3176 teutationis
2659 3117 2910 3189 arripuit,
2944 3106 3070 3189 quia
3126 3117 3389 3171 Dominus
3428 3114 3672 3170 esurivit.

400 3221 637 3295 Spiritus
682 3216 986 3279 advolantis
1036 3221 1314 3278 consortio
1363 3231 1714 3291 congregato,
1749 3220 1989 3277 Trinitas

2095 3204 2207 3279 Nec
2237 3220 2713 3293 audebataggredi
2751 3219 3113 3285 divinitatem,
3164 3218 3269 3274 nisi
3320 3218 3549 3274 mixtum
3592 3216 3675 3271 vi-

1869 3336 2209 3409 (scaeua.

396 3458 623 3531 vulgati,
654 3457 779 3531 quia
804 3454 1086 3531 subtrahis,
1126 3453 1270 3531 quod
1320 3453 1655 3531 recentiores
1695 3453 1977 3531 Grunerus

393 3541 449 3585 et
472 3525 793 3587 A'rutze‘nins
822 3529 995 3581 secuti
1014 3535 1159 3579 sunt.
1182 3525 1292 3579 Ott.
1319 3526 1342 3579 1
1382 3527 1434 3580 in
1450 3535 1730 3587 contextu,
1760 3525 1973 3590 Arnl’z.,

391 3604 561 3672 Ang.,
586 3601 735 3664 Alb.,
762 3600 874 3672 Utt.
905 3598 961 3662 2,
989 3596 1359 3672 Urb.,_Rm_n_.,
1385 3596 1553 3672 biens,
1582 3596 1796 3672 Parrh.,
1824 3597 1973 3672 Ald,

391 3682 449 3728 ct
476 3665 718 3743 plerique
748 3668 899 3743 editi,
926 3669 1053 3739 quid
1074 3665 1368 3743 subtraltis.
1397 3666 1461 3743 1ηΔ
1494 3667 1675 3743 Vat._l
1719 3676 1773 3743 e_t
1810 3673 1843 3719 2
1872 3667 1975 3743 d_u-

392 3736 564 3808 bium,
598 3736 664 3796 an
709 3740 854 3807 quid,
886 3736 954 3792 an
997 3739 1120 3808 quia
1161 3736 1233 3792 sit
1272 3738 1578 3805 legendum.
1620 3738 1677 3792 in
1728 3738 1859 3807 Reg.
1890 3738 1913 3792 1
1944 3755 1975 3793 a

391 3830 474 3884 pr.
512 3831 584 3868 m.
628 3812 861 3866 fortasse
888 3811 987 3884 luit
1010 3809 1133 3879 quid
1151 3825 1181 3884 Δε
1214 3824 1357 3863 nunc
1379 3825 1543 3884 supra
1576 3811 1697 3884 quia
1725 3809 1978 3884 est_glos-

388 3880 469 3947 sa,
492 3887 577 3940 vel
608 3884 822 3937 diversa
852 3882 1031 3949 potius
1056 3880 1326 3945 scriptura
1358 3881 1505 3948 quid,
1533 3883 1610 3933 vel
1635 3897 1746 3934 cur.
1787 3880 1976 3935 Verior

390 3968 473 4012 est
502 3956 661 4011 lectio
687 3955 809 4023 quia
829 3967 893 4007 ex
925 3967 1105 4020 prosa.
1129 3960 1184 4005 et
1206 3951 1389 4023 verbis
1409 3953 1597 4023 psalmi
1628 3966 1764 4007 cxtn
1789 3968 1802 4004 :
1837 3952 1976 4015 Quid

389 4036 461 4081 est
491 4028 600 4091 tibi,
625 4020 787 4083 mare.
811 4024 949 4094 quod
972 4023 1155 4095 fugisti
1168 4024 1199 4095 27A
1216 4021 1278 4074 Et
1303 4030 1380 4087 tu,
1402 4020 1674 4088 Iordanis,
1696 4024 1826 4095 quia
1848 4035 1974 4075 con-

391 4114 563 4153 versus
592 4115 645 4151 es
688 4093 1007 4150 retrorsum?
1030 4093 1237 4150 Similia
1264 4102 1392 4147 sunt
1416 4096 1664 4155 exempla
1695 4093 1744 4146 in
1782 4093 1974 4163 Volga-

389 4178 439 4222 ta
472 4170 721 4224 versiOne
749 4181 917 4221 sacra:
943 4166 1257 4233 Scriptum,
1276 4165 1453 4219 etalia
1479 4180 1545 4219 ex
1567 4163 1743 4218 Ruﬁni
1771 4163 1969 4219 llistor.

391 4238 631 4301 Eccles.,
665 4238 930 4308 inquibus
956 4237 1078 4308 quia
1107 4236 1343 4308 sumitur
1372 4252 1465 4303 pro
1491 4236 1649 4306 quod,
1678 4234 1761 4288 vel
1790 4251 1900 4288 cur.

463 4310 588 4365 166.
638 4311 692 4363 In
735 4307 855 4363 meo
896 4307 1085 4363 codice
1128 4307 1319 4360 titulus
1366 4308 1468 4360 hoc
1512 4310 1630 4361 loco
1668 4308 1973 4373 apponitur,

2084 3457 2225 3517 (lere,
2257 3457 2341 3510 vel
2376 3456 2677 3529 justumque
2707 3456 2961 3512 incedere.
3006 3458 3291 3514 Grunerns
3343 3464 3403 3515 et
3445 3457 3671 3513 Arntse—

2084 3528 2209 3582 nius
2230 3528 2355 3595 jure
2381 3527 2729 3583 dissentiunt.
3490 3554 3497 3560 -

2158 3598 2279 3673 171.
2324 3598 2450 3665 νει.
2485 3599 2618 3673 1,2,
2670 3599 2857 3673 Mon.,_
2889 3608 3124 3670 notoque,
3175 3616 3366 3673 errore
3415 3609 3669 3673 typogra—

2085 3669 2264 3738 phico,
2298 3678 2446 3724 certe
2470 3671 2681 3724 vitiose.
2709 3671 2859 3735 Quod
2886 3687 3063 3727 autem
3114 3671 3363 3727 columba
3413 3669 3670 3726 felle'ra-

2083 3750 2218 3796 real.
2251 3740 2394 3809 vulgi
2422 3741 2637 3811 quidem
2666 3742 2848 3811 opinio
2871 3754 2973 3805 (εει,
3004 3742 3099 3799 sed
3134 3742 3290 3803 falsa,
3337 3752 3395 3797 ut
3426 3743 3662 3810 tradunt,

2083 3812 2174 3881 qui
2206 3811 2509 3880 IllljllSIIHMii
2534 3826 2716 3866 rerum
2744 3811 3026 3867 scientiam
3066 3814 3404 3882 proﬁtentur.

2154 3884 2277 3937 {72.
2321 3885 2429 3936 Utt.
2461 3882 2517 3949 Ξ,
2561 3882 2697 3937 Deus
2728 3886 2965 3937 ratione:
3012 3897 3068 3939 ut
3108 3894 3215 3939 stet
3244 3900 3452 3945 versus.
3486 3886 3666 3952 lcgeuo

2080 3953 2207 4033 dum
2243 3952 2377 4007 Deus
2401 3970 2463 4007 ex
2483 3958 2701 4020 ratione,
2736 3970 2909 4025 neque
2939 3957 3076 4009 male
3101 3965 3247 4010 esset
3269 3953 3411 4011 Deus
3452 3956 3550 4010 hac
3576 3972 3659 4009 ra-

2082 4033 2237 4079 “Olle.

2155 4097 2278 4150 175.
2329 4095 2497 4159 Mens,
2542 4095 2660 4167 ubi;
2691 4097 2829 4167 lege.
2861 4098 2951 4151 ibi.

2155 4168 2277 4221 174.
2335 4166 2676 4237 (iant.,Reg.
2724 4168 2778 4229 4,
2827 4167 2939 4223 0.ι.
2977 4168 3027 4234 1,
3088 4169 3372 4224 recentiori
3427 4185 3529 4235 m.,
3572 4169 3663 4224 lia-

2084 4239 2363 4309 iteraverit.
2404 4237 2543 4309 Editi
2585 4254 2705 4292 cum
2738 4241 3008 4309 plerisque
3038 4254 3167 4293 mss.
3214 4242 3575 4309 numeraverit.
3608 4244 3660 4296 In

2082 4310 2192 4361 Utt.
2227 4308 2253 4362 1
2287 4307 2436 4377 prius
2468 4307 2568 4362 fuit
2594 4312 2901 4371 ador-atterit,
2924 4307 3040 4364 Vaut
3065 4308 3326 4365 oraverit:
3364 4327 3528 4380 supra
3580 4314 3661 4368 vel

396 4383 624 4471 §Pimﬂ
664 4381 964 4471 Slfncfmnin
990 4380 1178 4471 ispecif)
1211 4377 1759 4471 colﬁmgwuappatzuitc;
1790 4375 1970 4471 Clam”
2002 4375 2584 4471 l)glossa,’vel.d..s.,
2631 4381 2993 4461 numeraverit.
3043 4383 3369 4462 Arntzenius
3417 4375 3517 4466 ait,
3564 4402 3662 4438 nu-

390 4446 606 4517 Arntz.,
635 4452 854 4505 schedae
878 4446 1108 4514 Puelut.,
1142 4448 1272 4517 Reg.
1297 4450 1352 4511 ‘2,
1379 4448 1431 4513 5,
1469 4446 1608 4501 Valt‘t.
1642 4448 1695 4512 1,
1726 4448 1781 4509 2,
1819 4446 1971 4510 Urb.,

389 4524 504 4579 Ott.
533 4524 588 4581 2.
619 4522 768 4587 All»,
796 4523 978 4586 Rom.,
1004 4520 1173 4585 Meus,
1206 4520 1420 4584 l’arrlt.,
1444 4519 1595 4583 ΑΜ,
1622 4530 1677 4573 ct
1704 4520 1791 4571 alii
1823 4519 1971 4579 editi.

389 4594 625 4664 ﬂuminei
671 4601 782 4662 Post
833 4593 1048 4662 mystica
1096 4592 1251 4664 dona,
1282 4590 1493 4643 lavacri.
1524 4589 1663 4664 Reg,
1693 4590 1742 4653 1,
1773 4588 1884 4643 Ott.
1924 4593 1970 4664 l_,

389 4662 510 4720 cum
563 4667 745 4717 ntultis
791 4664 975 4729 editis,
1012 4662 1312 4727 prmsertim
1363 4662 1773 4723 recentioribus,
1800 4662 1976 4730 ﬂumi-

391 4752 544 4791 neum
574 4745 689 4806 post
729 4736 947 4806 mystica
986 4733 1123 4787 dona
1168 4734 1450 4796 (aruerunt,
1476 4732 1616 4801 quod
1648 4731 1777 4785 mihi
1810 4733 1971 4785 etiam

392 4824 565 4873 mugts
594 4805 821 4862 arridet.

465 4872 587 4933 167.
631 4877 812 4943 Rotn.,
850 4876 1017 4937 Meus,
1042 4876 1157 4930 Ott.
1202 4875 1252 4942 1,
1301 4875 1433 4935 Reg.
1474 4876 1529 4932 ‘2.
1565 4873 1777 4936 l’arrlt.,
1820 4872 1971 4941 Ald.,

389 4950 551 5003 siccas
599 4948 887 5012 Dominus;
951 4948 1077 5016 Reg.
1116 4949 1167 5009 1,
1211 4954 1266 5000 et
1313 4945 1428 5011 alii,
1479 4944 1734 4998 Dominus
1785 4946 1969 4997 siccas.

390 5020 713 5076 Arntzenius
740 5020 910 5074 edidit
928 5020 1092 5071 siccas
1118 5016 1392 5082 Dominus,
1418 5025 1471 5070 et
1495 5016 1803 5077 Parrhasio,
1826 5016 1967 5069 aliis-

390 5107 497 5161 que
533 5090 762 5160 vulgatis
786 5091 971 5145 tribuit
1002 5088 1255 5142 Dominus
1283 5090 1467 5155 siccas,
1498 5088 1591 5142 sed
1623 5086 1811 5141 Parrh.
1836 5102 1968 5141 con-

393 5164 619 5216 trarium
654 5162 835 5216 habet.

464 5235 586 5288 169.
648 5232 924 5287 Vonckius
969 5232 1209 5297 tetttaliat
1262 5228 1523 5283 Christum
1577 5229 1824 5283 investivit
1878 5228 1967 5281 lto-

393 5320 515 5356 nore
533 5322 549 5356 :
577 5320 735 5373 quam
762 5306 1128 5368 conjecturam
1146 5300 1586 5373 facillimatnesse
1604 5302 1735 5353 dicit
1755 5304 1969 5353 Arntze-

391 5376 533 5439 nius,
566 5372 684 5427 cum
718 5375 848 5428 nihil
873 5376 940 5427 sit
971 5376 1020 5426 in
1054 5388 1182 5426 mss.
1215 5372 1567 5441 frequentius,
1620 5386 1798 5438 quam,
1830 5384 1886 5424 ut
1919 5387 1967 5422 nt

390 5454 445 5499 et
476 5447 526 5497 in
559 5446 704 5498 inter
748 5463 805 5499 se
833 5444 1305 5500 colntnisceantm'.
1360 5441 1719 5511 Wopkensius
1768 5442 1967 5495 rectius

388 5515 686 5577 exi~timat,
722 5517 853 5571 nihil
878 5518 962 5570 hic
988 5531 1108 5572 esse
1150 5513 1483 5567 mutandum.

464 5588 583 5642 170.
629 5591 784 5655 Aug,
820 5589 1034 5640 multant
1063 5586 1335 5649 incedere;
1364 5583 1476 5648 alii,
1522 5585 1834 5651 multumque
1879 5584 1962 5655 in-

388 5660 583 5712 cedere.
619 5653 974 5727 Wopkensius
1027 5658 1127 5712 etsi
1181 5656 1396 5718 fatetur,
1449 5657 1658 5707 multum
1705 5670 1824 5709 cunt
1864 5653 1961 5727 ad-

380 5729 595 5797 jectivis
624 5725 969 5800 pronmxime
999 5729 1287 5798 aliquando
1314 5728 1573 5800 construi,
1607 5736 1781 5800 tamen
1830 5725 1960 5800 mal-

386 5800 465 5857 let
510 5796 777 5871 mitemque
806 5803 1059 5869 incedere,
1090 5796 1281 5865 mitem,
1331 5798 1418 5854 vel
1464 5796 1802 5865 humilemque
1830 5798 1964 5851 ince-
1992 5830 1997 5841 -

2081 4467 2277 4525 merare
2302 4450 2535 4521 antiquis
2561 4452 2974 4525 esse_venerari,
3008 4455 3296 4525 aestimare,
3326 4452 3393 4508 ex
3417 4454 3504 4519 iis,
3537 4473 3662 4525 qua:

2080 4521 2284 4575 notavit
2311 4527 2523 4575 tiortius
2568 4524 2634 4576 ad
2661 4521 2977 4578 Ciceronem
3014 4526 3047 4577 l.
3098 4540 3171 4578 xu
3227 4524 3326 4591 Ep.
3385 4525 3515 4579 iam.
3558 4521 3659 4581 ⁷11.

2081 4591 2276 4645 Verum
2310 4608 2600 4666 numerare
2628 4610 2723 4666 pro
2752 4594 2984 4648 venerari
3016 4611 3120 4647 non
3155 4596 3343 4663 probo,
3400 4610 3499 4666 pro
3537 4616 3661 4652 cen-

2076 4678 2205 4727 sere,
2237 4664 2323 4717 vel
2347 4665 2600 4718 cestimare
2630 4664 2786 4719 facile
2810 4666 3113 4727 admittam,
3141 4682 3262 4721 cum
3290 4667 3362 4729 id,
3394 4664 3536 4736 quod
3564 4686 3663 4725 nu-

2079 4747 2337 4807 meratnr,
2374 4738 2513 4788 inter
2550 4737 2653 4790 alia
2682 4736 2883 4791 similia
2931 4738 3232 4807 reponitur,
3266 4746 3323 4791 ut
3373 4740 3663 4795 maximum

2076 4803 2618 4873 bene/iciuntnumero
2665 4809 2717 4861 in
2759 4807 2905 4861 bonis
2948 4803 3183 4876 numero,
3236 4820 3292 4863 et
3318 4808 3537 4865 similia.
3587 4813 3663 4866 At.

2074 4889 2195 4927 cum
2219 4890 2398 4930 sermo
2424 4884 2507 4931 est
2534 4877 2603 4933 de
2644 4894 2750 4932 uno
2784 4878 2916 4942 Deo,
2942 4878 3317 4933 dil‘licultatem
3358 4895 3506 4935 creat
3539 4881 3661 4939 haec

2077 4945 2307 5019 phrasis,
2325 4962 2594 5003 numerare
2615 4966 2774 5003 unum
2800 4948 2963 5003 Deum
2988 4966 3083 5019 pro
3105 4952 3258 5018 fateri
3283 4967 3441 5003 unum
3463 4949 3659 5009 Deum.

2077 5016 2332 5085 SnSpicor
2358 5019 2634 5073 Sedulium
2679 5021 2965 5087 scripsisse
2988 5016 3113 5090 qui
3144 5038 3247 5075 non
3294 5027 3660 5083 numeraverit

2075 5104 2253 5141 unum.
2289 5090 2377 5143 Sic
2411 5103 2554 5161 vers.
2578 5091 2690 5161 237
2715 5092 2767 5144 h.
2802 5093 2838 5161 l_.
2872 5090 2973 5155 Qui
3001 5092 3267 5146 dominum
3311 5093 3423 5147 cali
3453 5106 3657 5161 patrem

2073 5175 2439 5232 memoramus,
2472 5159 2525 5211 in
2569 5159 2913 5232 ipso—Jan:
2956 5161 3142 5230 fratres
3189 5179 3281 5217 nos
3329 5159 3659 5221 esse—decet.

2071 5230 2243 5283 Aliam
2268 5230 2917 5297 seriptnram'adorarerit,
2955 5232 3040 5285 vel
3072 5232 3394 5289 honorarerit
3420 5235 3501 5289 lex
3532 5252 3661 5293 car-

2072 5300 2231 5353 minis
2264 5301 2459 5369 rejicit.
2493 5301 2659 5356 Prosa
2684 5313 2774 5355 aut
2803 5303 3029 5358 obseura
3059 5314 3161 5369 est,
3219 5317 3307 5358 aut
3352 5306 3609 5361 mendosa
3639 5326 3657 5364 :

2071 5386 2133 5425 ex
2165 5389 2264 5440 qua
2300 5386 2478 5425 tamen
2510 5377 2622 5427 tunc
2662 5374 2950 5443 explicatio
2999 5376 3237 5430 eruitur:
3269 5376 3366 5442 Qui
3398 5392 3658 5434 numera-

2071 5445 2202 5495 verit
2237 5459 2339 5496 non
2381 5458 2567 5503 unum,
2598 5444 2712 5497 sive
2746 5457 2850 5498 tres
2896 5446 3052 5499 Deos.

2150 5514 2263 5592 l'iii.
2289 5514 2467 5592 Rom.
2496 5512 2602 5592 ξ]ὺί
2643 5514 2885 5568 diabolus
2929 5516 3133 5592 tenlauit
3179 5516 3468 5592 ‘Dominum
3504 5523 3653 5592 jeju-

2069 5585 2267 5660 nandoi
2288 5584 2854 5660 Meus,ADe_tentator_e_._
2880 5589 2967 5660 qui
2996 5587 3123 5641 adiit
3168 5585 3469 5654 Dominum,
3504 5584 3655 5660 'pau-

2068 5672 2220 5725 quant
2238 5657 2519 5727 jejunavit.
2551 5656 2659 5712 Ott.
2700 5659 2747 5722 1,
2788 5655 3141 5712 Πὸὶἰεηιαιυν
3178 5676 3209 5711 α
3235 5659 3457 5713 diabolo.

2066 5738 2119 5801 μς
2145 5727 2544 5801 176ηΝυιιῃυΙΙξ
2576 5744 2730 5791 mss.,
2763 5736 2819 5783 et
2846 5729 2972 5801 editi
3002 5727 3303 5799 Jejunium;
3333 5730 3475 5801 quod
3499 5749 3654 5789 ιηειιο

2071 5797 2197 5853 dum
2228 5799 2394 5854 Aldus
2420 5798 2470 5854 in
2509 5800 2713 5855 Erratis
2742 5797 3066 5856 emendavit.
