3912 6332
482 181 588 237 611)

1865 402 1967 443 nus
1988 429 2004 453 ,

1865 402 1967 443 IIIIS

626 482 733 538 Ter
762 494 887 537 sese
912 481 1186 547 attollens,
1218 479 1402 551 animo
1432 488 1680 551 perstare
1707 385 1975 548 suple‘rbo,

478 576 588 636 200
626 576 842 646 Terque
865 575 1085 631 volutus
1111 575 1278 629 humo
1304 614 1318 640 ,
1351 572 1526 644 fragili
1560 571 1842 627 conlidere
1868 570 2036 628 bello.

627 672 780 729 Tunc
805 670 1098 741 assumpsit
1127 684 1251 726 eum
1283 677 1527 725 sanctam
1565 666 1863 723 sceleratus
1892 665 1948 720 in
1980 680 2073 721 ur-

1819 757 1965 830 [bem
1983 799 1998 826 .

617 860 685 915 Et
708 865 951 913 statuens
978 856 1075 912 alti
1101 871 1266 928 supra
1294 854 1500 925 fastigia
1528 852 1715 923 templi
1741 890 1757 917 ,

616 950 778 1027 333
835 953 893 1011 Si
945 962 1130 1027 natum
1179 952 1424 1023 genitore
1481 949 1592 1005 Deo
1656 954 1767 1004 tete
1822 945 2067 1013 asseris,

1758 1038 1779 1111 [
1800 1039 1996 1111 inquit,
2046 1088 2049 1089 ν

617 1139 859 1212 impiger
886 1155 920 1197 e
940 1150 1156 1195 summo
1185 1136 1453 1192 demissus
1482 1134 1664 1190 lsbere
1690 1141 1855 1190 tecto.

471 1231 579 1291 205
615 1230 755 1289 Nam
790 1232 1071 1303 Scriptura
1099 1230 1279 1298 docet,
1313 1228 1381 1284 de
1436 1236 1489 1283 te
1512 1226 1801 1283 mandasse
1846 1224 2065 1281 Tonan-

1811 1321 1831 1394 [
1863 1329 1993 1389 tem,

621 1419 894 1492 Angelicis
923 1416 1214 1476 subvectus
1236 1430 1328 1475 eas
1356 1424 1412 1473 ut
1443 1416 1611 1474 tutior
1636 1415 1800 1483 ulnis,

1861 176 2083 238 C(ELII
2122 176 2395 241 SEDULII

625 291 721 349 liis
748 305 969 365 quoque
998 292 1259 350 deﬁciens
1301 292 1681 362 congressibus
1703 334 1717 361 ,
1762 292 1929 349 audet
1973 293 2073 349 ini-
2098 296 2148 357 Α

3675 175 3782 235 630

2316 292 2399 348 Ad
2426 290 2661 363 lapidem
2692 305 2761 349 ne
2790 290 2933 349 forte
2960 292 3150 364 pedem
3178 293 3443 351 collidere
3464 294 3667 365 possis.

2321 385 2365 441 Ο
2387 400 2550 457 quam
2571 400 2719 441 caeca
2740 384 2878 456 gerit
2904 386 3060 457 nigro
3081 387 3437 458 subpectore
3462 387 3633 443 corda

2324 476 2475 533 Mens
2508 477 2755 534 tenebris
2779 478 3011 534 obscura
3036 478 3181 534 suist
3218 479 3359 534 hunc
3384 478 3563 533 ardua
3586 480 3776 548 templi

2175 569 2283 651 2i0
2320 569 2591 639 Culmina,
2624 581 2678 628 et
2705 580 2901 629 erecte
2936 572 3187 641 quamvis
3207 571 3417 643 fastigia
3449 570 3634 642 pinnae

2316 662 2563 723 Credidit
2595 667 2649 723 in
2671 682 2919 738 praceps
2938 667 3281 737 horrescere,
3303 668 3539 724 maxime
3571 667 3774 723 summi

2322 760 2581 818 Curvavit
2649 762 2739 833 qui
2788 762 3032 819 membra
3099 762 3259 835 poli,
3326 764 3610 835 cmlOSque
3678 777 3776 831 per

3422 924 3425 925 ν
3457 855 3478 928 [
3507 869 3704 911 omnes

2316 946 2518 1004 Vectus
2545 946 2603 1002 in
2629 954 2892 1005 extremm
2920 947 3204 1005 descendit
3236 947 3538 1008 burnilllota
3581 956 3771 1016 terrae,

2320 1038 2583 1096 inferiora
2609 1048 2822 1110 petens,
2847 1040 2943 1097 sed
2971 1056 3079 1097 non
3107 1042 3323 1121 excelsa
3355 1023 3698 1112 relinquens.

2166 1132 2273 1189 215
2311 1132 2477 1205 224
2516 1133 2771 1210 Dixerat
2803 1174 2817 1198 ,
2879 1143 2937 1191 et
2981 1135 3150 1191 validi
3198 1134 3491 1193 confossus
3534 1133 3766 1202 cuSpide

2894 1281 2899 1287 .
2982 1238 2988 1243 ‘
3468 1226 3489 1301 [
3516 1227 3696 1295 verbi,

2318 1321 2477 1389 Quod
2531 1330 2743 1380 tentare
2790 1337 2947 1379 suum
3002 1321 3432 1394 Dominumque,
3486 1319 3766 1390 Deumque

3394 1410 3692 1483 [nequit-et,

1797 1566 2000 1635 ’OPUS
2038 1571 2424 1634 PASCHALE.

470 1728 601 1782 cens
630 1738 646 1778 :
674 1720 953 1791 'Scriptum
984 1724 1057 1773 est
1089 1734 1107 1772 :
1137 1704 1415 1770 Dominum
1443 1709 1611 1768 Deum
1638 1720 1785 1767 tuum
1804 1710 2069 1778 adorabis,
2104 1715 2150 1775 Β
2176 1706 2278 1778 nit,
2308 1707 2403 1765 sed
2430 1706 2681 1779 ancipitis
2706 1719 2839 1764 usus
2874 1700 3137 1764 varietate
3165 1708 3435 1764 sermonis
3464 1709 3761 1779 simulator,

466 1830 517 1877 et
543 1820 622 1874 illi
649 1817 746 1873 soli
774 1816 984 1881 seruies,
1012 1813 1189 1869 adhuc
1215 1826 1282 1868 ex
1311 1810 1547 1867 humana
1575 1796 1815 1866 cernitur
1842 1821 2066 1879 reSpon-

473 1912 607 1968 dere
650 1922 905 1981 persona.
962 1905 1290 1976 Dedignatus
1337 1902 1549 1958 scilicet
1588 1900 1860 1956 inﬁrmum
1888 1896 2067 1955 rebel-

465 2004 578 2063 lem
608 2004 808 2059 virtute
838 1999 1026 2070 majori
1058 1997 1314 2065 potentiae
1344 1994 1655 2067 subjugare.
1704 1993 1862 2054 Licet
1906 1990 2067 2062 hujus

467 2111 685 2170 quoque
717 2091 869 2150 verbi
898 2091 1039 2146 livor
1069 2089 1162 2145 ille
1205 2089 1458 2158 vipereus
1505 2086 1892 2156 congressione
1918 2082 2070 2152 deje-

470 2199 590 2245 etus
632 2186 869 2243 nondum
919 2184 1235 2254 deposuerit
1265 2179 1592 2237 temeritatis
1623 2179 1920 2250 ingenium,
1973 2175 2066 2232 sed

468 2283 689 2338 trisulca
738 2281 1041 2349 linguarum
1076 2274 1379 2331 vibratione
1424 2272 1707 2330 conﬁdens
1753 2279 1943 2327 contra
1989 2270 2069 2324 vi-

467 2375 693 2432 ctricem
719 2369 1005 2426 Trinitatis
1037 2382 1254 2422 manum
1282 2366 1442 2420 tertio
1470 2374 1629 2435 caput
1660 2364 1822 2436 erigit
1851 2359 2069 2438 saucia-

468 2477 605 2525 tum.
640 2459 784 2520 Tunc
814 2461 1088 2533 assumpsit
1116 2475 1236 2514 eum
1275 2458 1512 2513 diabolus
1533 2458 1585 2512 in
1617 2465 1847 2511 sanctum
1876 2456 2070 2510 civita—

465 2570 589 2627 tem,
616 2568 665 2613 et
688 2557 870 2612 statuit
909 2570 1025 2608 eum
1049 2567 1210 2622 supra
1240 2549 1574 2622 pinnaculum
1602 2546 1816 2619 templi,
1848 2556 1897 2600 et
1939 2545 2070 2600 dixit

466 2656 511 2709 ei
538 2670 556 2708 :
589 2653 649 2708 Si
676 2651 817 2721 ﬁlius
845 2648 943 2709 Dei
989 2664 1041 2703 es
1061 2687 1076 2713 ,
1128 2646 1269 2699 mitte
1313 2655 1357 2698 te
1398 2644 1638 2699 deorsum
1667 2659 1684 2696 :
1711 2642 1963 2711 scriptum
1996 2648 2070 2694 est

471 2749 629 2813 enim,
660 2746 781 2815 quia
806 2720 1007 2815 angelis
1034 2742 1141 2797 suis
1169 2739 1426 2793 mandavit
1456 2738 1519 2792 de
1551 2747 1617 2805 te,
1662 2746 1710 2791 et
1748 2737 1801 2789 in
1831 2733 2069 2788 manibus

468 2840 648 2895 tollent
680 2850 749 2908 te,
796 2856 861 2893 ne
887 2837 1022 2906 {orte
1050 2835 1281 2903 o/fendas
1325 2832 1394 2885 ad
1434 2829 1659 2900 lapidem
1692 2828 1871 2898 pedem
1900 2837 2066 2880 tuum.

469 2934 514 2990 Ο
544 2942 808 3004 quantum
848 2929 1108 2987 ccecitatis
1148 2936 1322 2997 atque
1371 2922 1615 2993 caliginis
1659 2920 1814 2991 nigro
1853 2930 2069 2989 semper

468 3024 783 3083 dominatur
832 3024 884 3077 in
934 3031 1187 3093 pectore,
1241 3032 1501 3087 menSque
1548 3014 1785 3071 tenebris
1836 3013 2068 3083 propria:

2169 1816 2232 1857 ac
2250 1799 2621 1857 dissimulator
2646 1801 2920 1869 inventus,
2946 1801 3179 1856 mendax
3201 1802 3313 1856 suis
3340 1801 3552 1857 artibus
3576 1816 3767 1873 appro.

2170 1894 2350 1950 batur.
2379 1890 2488 1950 Nec
2514 1890 2680 1950 solius
2703 1893 2953 1961 fallaciae,
2984 1893 3081 1951 sed
3107 1892 3267 1949 etiam
3295 1893 3548 1949 stultitiae
3569 1894 3758 1950 domus

2169 1994 2253 2041 est
2281 2002 2375 2041 cor
2405 1985 2725 2059 malignum.
2765 1982 2917 2054 Quid,
2948 1987 3091 2043 enim
3118 1985 3321 2056 poterit
3352 1986 3590 2055 ineptius
3618 2004 3768 2059 repe—

2169 2078 2286 2145 riri,
2312 2092 2471 2147 quam
2506 2089 2562 2134 ut
2592 2079 2744 2134 illum
2773 2075 3023 2135 crederet
3050 2079 3177 2134 licet
3206 2077 3315 2131 alta
3349 2078 3603 2135 Sublimis
3633 2090 3765 2135 tem-

2172 2168 2249 2241 pll
2279 2169 2489 2243 fastigia
2512 2215 2526 2239 ,
2561 2170 2616 2228 et
2643 2171 3147 2228 cacumen-excelsi
3188 2176 3465 2246 plnnaculi
3494 2175 3634 2229 saltu
3665 2176 3767 2229 iar-

2173 2263 2377 2319 midare
2419 2263 2707 2337 pra'clpiti,
2737 2266 2827 2336 qui
2855 2272 2923 2320 ut
2943 2265 3129 2336 planis
3150 2265 3367 2325 videtur
3398 2270 3453 2322 in
3485 2271 3687 2335 terris,“
3702 2266 3766 2323 de

2170 2371 2380 2414 summa
2412 2358 2675 2415 caelorum
2704 2372 2829 2414 arce
2860 2357 3182 2421 descendit?
3212 2360 3278 2417 de
3308 2376 3417 2432 quo
3446 2360 3647 2425 clamat
3676 2361 3767 2416 Da-

2173 2449 2258 2503 vid
2287 2492 2300 2514 ,
2355 2458 2410 2503 et
2464 2445 2599 2505 dicit
2628 2459 2695 2505 ιε
2742 2446 2811 2504 Et
2858 2451 3142 2521 descendit,
3190 2460 3239 2506 et
3266 2454 3543 2508 inclinarit
3573 2455 3760 2523 cities,

2171 2542 2329 2598 simul
2364 2538 2669 2599 humillima
2698 2545 3009 2613 continens,
3056 2552 3112 2599 et
3159 2543 3419 2600 altissima
3453 2562 3562 2601 non
3606 2546 3766 2601 relin-

2171 2649 2365 2707 quens.
2392 2635 2556 2707 Igitur
2584 2635 2888 2692 deﬁcientis
2917 2637 3195 2693 audaciam
3226 2639 3306 2693 sic
3337 2636 3597 2709 eloquens
3652 2654 3767 2709 per-

2171 2726 2304 2784 culit
2331 2741 2435 2783 vox
2468 2728 2649 2784 divina
2682 2744 2698 2783 :
2731 2728 2993 2802 Scriptum
3024 2740 3096 2785 est
3124 2746 3142 2784 :
3172 2728 3296 2784 Non
3332 2732 3550 2786 teutabis
3592 2727 3767 2785 Domi-

2172 2836 2297 2875 num
2345 2816 2509 2875 Deum
2554 2806 2721 2876 tuum.
2774 2821 2872 2876 llic
2921 2821 3205 2877 Dominum
3234 2819 3515 2894 Deumque
3559 2838 3621 2879 se
3649 2838 3766 2879 esse

2166 2913 2277 2984 jam
2305 2912 2568 2984 pandens,
2612 2913 2750 2969 tales
2782 2915 2922 2969 ultra
2952 2923 3179 2970 conatus
3208 2930 3488 2970 assumere
3517 2915 3767 2983 prohibet

2175 3016 2522 3074 tentatorcm,
2543 3008 2653 3062 Silis
2679 3022 2778 3063 nos
2806 2999 3103 3065 admonens
3131 3009 3249 3080 pius
3268 3009 3461 3064 doctor
3478 3010 3762 3079 exemplis,

432 3144 437 3147 -
473 3116 829 3187 malignitatis
852 3090 1103 3180 obscura,
1132 3111 1305 3167 nescit
1324 3107 1773 3177 indepreliensam
1795 3102 2069 3160 custodire
2096 3101 2141 3165 C
2173 3104 2445 3172 spiritum,
2475 3111 2703 3159 vetusta:
2731 3101 3076 3172 malignitatis
3104 3105 3397 3171 artiiicem,
3428 3090 3536 3158 illic
3580 3103 3765 3158 buma-

467 3207 735 3263 fallaciam
765 3198 793 3262 t-
814 3207 955 3262 Ecce
979 3206 1164 3260 dicens
1199 3221 1211 3256 :
1264 3201 1324 3257 Si
1364 3198 1501 3268 ﬁlius
1543 3195 1639 3252 Dei
1685 3215 1763 3265 es,
1798 3194 2058 3261 ostendit,

464 3302 572 3357 hoc
596 3316 657 3357 se
698 3299 932 3357 nescire.
963 3296 1095 3352 Cum
1126 3296 1318 3367 quterit
1345 3293 1528 3350 dicens
1556 3292 1752 3346 iterum
1798 3308 1810 3342 :
1852 3289 2063 3361 Angelis

460 3397 569 3454 suis
593 3392 857 3452 mandavit
886 3391 948 3445 de
972 3398 1042 3459 te,
1067 3384 1376 3453 conﬁtetur,
1409 3384 1552 3443 hunc
1590 3398 1731 3451 esse,
1763 3396 1927 3452 quem
1952 3394 2066 3437 cer-

2172 3195 2255 3250 nis
2285 3193 2641 3265 proculdubio
2668 3196 2948 3266 subjacere
2978 3196 3281 3261 virtutibus,
3313 3195 3407 3251 ubi
3431 3194 3592 3251 fuerit
3628 3196 3764 3250 Deus

2172 3288 2503 3360 simplicitati
2552 3291 2669 3359 puri
2701 3290 2880 3345 cordis
2917 3287 3150 3345 inlusus.
3202 3290 3292 3344 Alt
3336 3289 3483 3344 enim
3512 3288 3764 3344 lectionis

2172 3383 2455 3438 instructio
2493 3398 2507 3437 :
2544 3377 2687 3437 Tunc
2716 3382 2918 3453 reliquit
2946 3397 3060 3456 eum
3097 3380 3357 3451 diabolus,
3383 3391 3431 3437 et
3454 3396 3568 3437 cere
3594 3380 3765 3452 angeli

1902 3606 1909 3613 ι
1982 3510 2297 3577 SCHOLIA.

468 3672 756 3729 mulariter.
803 3668 992 3722 Arntz.
1024 3676 1125 3717 ms.
1162 3660 1464 3731 [amularier
1501 3659 1602 3722 illi,
1643 3656 1787 3731 quod
1828 3658 1882 3711 in
1912 3664 2061 3712 textu

467 3743 672 3814 recepit
702 3738 1051 3799 Arutzenius,
1087 3730 1300 3787 favente
1328 3732 1515 3814 i‘rosa.
1561 3731 1627 3784 At
1672 3730 1860 3814 Drosa_
1881 3740 2063 3811 servat

465 3800 629 3871 terb'a
661 3813 957 3879 Scriptum
986 3820 1175 3879 saepe,
1219 3801 1476 3879 poeta__in
1518 3801 1759 3879 carmine
1794 3800 1863 3879 ad
1894 3800 2062 3879 majo-

469 3869 583 3942 rem
632 3884 740 3938 vim
787 3869 1191 3942 exprimendam
1223 3869 1448 3928 addidit
1491 3873 1584 3926 soli
1624 3874 1715 3925 uni
1758 3873 1884 3927 :sic
1910 3869 2060 3927 enim

507 3956 669 4011 assim
704 3953 821 4007 haec.
846 3942 952 4006 duo
980 3947 1397 4016 coniunguntur,
1433 3942 1575 4011 quod
1612 3943 1879 4013 exemplis
1911 3942 2064 4016 iacil-

507 3976 669 4011 ςιδςιιῐι
705 3976 821 4007 "Luc.
846 3976 952 4006 uuU
980 3976 1397 4016 κυιιμιιιδιηιιυι,
1433 3976 1575 4011 ιιυυυ
1612 3976 1879 4013 υλῠιηγιιδ
1911 3976 2063 4000 ιυυιι-

463 3976 652 4085 iitnum
681 4032 826 4079 cs-et
865 4021 1242 4087 comprobare.
1278 4016 1356 4069 Ex
1403 4019 1517 4084 ipsa
1560 4024 1741 4087 autem
1790 4014 2063 4087 sententia

466 4084 919 4163 Subintelligitur,
950 4084 1173 4144 Domino
1196 4086 1303 4142 Deo
1324 4088 1415 4142 uni
1435 4087 1531 4142 soli
1557 4084 1899 4141 serviendum
1918 4100 2061 4151 esse,

470 4172 601 4242 quin
633 4164 988 4242 addaturjlli.

542 4242 666 4297 193.
700 4240 831 4307 ileg.
863 4236 915 4301 4,
956 4232 1123 4307 ardet,

470 4313 562 4368 alii
609 4301 806 4380 iniquis
839 4321 939 4380 pro
968 4306 1197 4380 iniquus.
1224 4301 1420 4380 Melior
1452 4301 1612 4380 lectio
1638 4302 1944 4380 communis
1973 4316 2068 4380 au-

471 4385 553 4437 det
577 4370 1067 4451 iniquusaNominé
1102 4375 1267 4443 iniqui
1308 4370 1634 4451 simpliciter
1666 4372 1841 4439 posito
1879 4372 2071 4425 diabo-

466 4455 576 4507 lum
598 4441 864 4505 intellexit
886 4449 1046 4503 etiam
1072 4441 1236 4515 supra
1258 4459 1400 4499 vers.
1429 4442 1531 4497 1οϋ
1558 4461 1567 4494 :
1593 4441 1713 4497 Jam
1735 4458 1837 4496 non
1866 4452 2067 4506 repeta-

470 4540 585 4578 mus
617 4523 865 4588 iniquum.

539 4594 664 4650 199.
701 4585 830 4655 ilcg.
861 4589 916 4653 It,
943 4588 1055 4642 Ott.
1091 4587 1148 4650 2,
1179 4595 1422 4660 prwstare
1456 4601 1474 4639 :
1506 4585 1622 4660 lege
1649 4594 1894 4656 perstare.

538 4665 663 4720 200.
698 4662 1023 4717 Armzenius
1050 4656 1190 4713 male
1220 4660 1360 4713 censi
1382 4660 1487 4721 fere
1513 4656 1644 4710 bello
1666 4672 1761 4724 pro
1783 4656 2062 4726 conﬁdere.

537 4736 664 4790 2M;
690 4734 835 4789 Man.
868 4732 1011 4785 Iliae
1044 4744 1059 4782 :
1087 4729 1177 4783 alii
1206 4746 1326 4783 mm
1353 4730 1517 4783 Prosa
1546 4728 1713 4783 Tunc.

539 4806 667 4861 2112.
701 4805 819 4857 Vel.
850 4805 902 4867 i,
931 4802 1098 4865 Μίνω,
1133 4801 1604 4872 υοειὶμὶαηγίιίοξθ.

530 4878 663 4932 203.
705 4876 883 4939 Rmn.,
915 4873 1043 4928 Urb.
1078 4880 1201 4936 tute,
1247 4868 1390 4940 quod
1421 4870 1590 4925 edidit
1618 4868 1940 4924 Parrhasius
1960 4912 1976 4935 ,
2006 4881 2062 4925 et

468 4950 720 5005 exstatiu
753 4947 919 5007 Μοη..
970 4957 1021 4998 et
1072 4946 1122 4996 in
1166 4942 1481 4996 mnArntz.
1540 4942 1693 4996 lianc
1733 4942 2058 5009 scripturam

464 5018 758 5091 Prteierunt
792 5028 900 5091 ω’(ξς
928 5015 1233 5076 Arntzenii,
1268 5013 1454 5066 Edilm‘
1484 5013 1712 5091 sc‘l'im'
1763 5026 1917 5091 pii-“1r
1943 5014 2059 5081 eius

467 5083 534 5146 ad
570 5092 798 5145 Plinium
848 5090 1071 5153 Pa'leg.,
1106 5097 1158 5140 et
1202 5096 1426 5154 patruus
1467 5085 1709 5153 eiusdem
1763 5084 1826 5135 ad
1858 5083 2051 5137 Caton.

467 5162 684 5217 dislich.
711 5160 767 5221 4,
793 5162 830 5215 1.
855 5174 890 5212 ι.
927 5158 1083 5211 Plura
1132 5156 1330 5209 similia
1356 5160 1603 5226 congerit
1634 5155 1957 5226 Arntzenius
1988 5154 2055 5210 ad

465 5232 607 5288 hunc
630 5235 827 5288 locum.
862 5226 1177 5283 Dimuanda
1203 5230 1418 5296 quidem
1456 5224 1560 5279 {non
1588 5234 1677 5279 est
1707 5224 1821 5279 haec
1849 5224 2012 5280 lectio
2039 5243 2053 5279 :

464 5304 559 5359 sed
609 5304 756 5358 nulla
789 5310 872 5357 est
901 5314 1086 5363 causa,
1118 5310 1214 5353 cur
1244 5312 1271 5349 a
1328 5308 1571 5368 recepta,
1614 5305 1669 5352 et
1694 5296 2055 5352 eommuuiori

469 5376 718 5430 codicum
764 5374 897 5426 mss.
918 5371 1273 5431 'recciiamus.
1448 5381 1453 5386 ·

533 5446 660 5502 201.
696 5446 867 5504 Meus,
898 5444 1156 5510 delapsus,
1182 5439 1322 5511 quod
1345 5438 1660 5511 Parrhasius
1689 5454 1901 5509 quoque
1932 5439 2052 5495 vul-

460 5519 626 5589 gavit.
659 5516 788 5573 Mss.
822 5514 909 5569 alii
961 5508 1081 5567 cum
1111 5508 1385 5582 plerisque
1420 5508 1577 5565 editis
1630 5511 1880 5567 demissus
1910 5526 1928 5565 :
1954 5512 2049 5566 sed

2169 3654 2327 3714 Rom.
2357 3656 2545 3715 scribit
2569 3659 2832 3729 dimissus,
2866 3670 2925 3716 ut
2953 3660 3005 3715 in
3036 3660 3162 3730 hoc,
3191 3669 3243 3716 et
3268 3656 3534 3717 similibus
3584 3663 3760 3719 verbis

2170 3730 2560 3803 praepositione
2580 3734 2646 3786 de
2671 3732 2990 3803 compositis
3013 3731 3262 3787 accidere
3292 3734 3453 3791 solet.

2241 3801 2368 3876 206.
2408 3801 2543 3876 Beg.
2570 3805 2622 3858 4.
2654 3801 2910 3876 subjectus
2941 3822 2969 3876 ;Δ
2985 3806 3156 3859 retine
3185 3804 3470 3859 subrectus.

2240 3872 2817 3949 208..Mens,-pectere,
2846 3874 3006 3929 corda
3066 3890 3231 3949 voces
3265 3886 3395 3930 sunt
3427 3876 3538 3931 fere
3592 3890 3760 3949 syno-

2170 3959 2346 4017 nymre
2374 3963 2386 3999 :
2419 3945 2517 4000 sed
2556 3945 2729 4013 pectas
2761 3948 2832 4003 ita
2860 3961 3028 4017 smne
3072 3948 3373 4001 orationem
3406 3945 3753 4017 ampliﬁéant.

2241 4016 2369 4072 209.
2403 4017 2807 4074 Commentator
2852 4015 3009 4074 Beda:
3062 4021 3131 4073 de
3173 4020 3289 4075 Art.
3335 4015 3509 4074 metr.
3559 4020 3758 4080 profert

2173 4086 2320 4142 hunc
2344 4101 2583 4143 versum.

2241 4157 2369 4215 210.
2399 4158 2549 4214 Meus
2571 4157 2809 4214 Culmina
2835 4170 2881 4214 et
2910 4170 3079 4227 recte,
3099 4159 3255 4214 Rom.
3273 4158 3515 4216 Culmina
3536 4178 3582 4217 ei
3597 4173 3754 4217 eam:

3372 4303 3477 4371 ped
3512 4304 3754 4364 Pruden-

1171 4245 1269 4301 pro
1297 4229 1472 4291 audet,
1505 4229 1687 4295 Cant.,
1723 4237 1778 4283 et
1823 4227 2067 4283 nonnulli
2092 4194 2148 4255 Ι)
2172 4194 2775 4301 ιθςὲῖυῖρῗὲῗξᾏῖἕῦἓξ
2800 4194 3360 4301 ϐῖιώῗὶῖιιιῗᾶῃῖίὲαἳ.

2243 4295 2371 4355 212.
2407 4299 2638 4356 Membra
2670 4295 2797 4370 poli,
2828 4313 2885 4357 ut
2911 4302 3134 4356 membra
3164 4295 3305 4356 urbis
3336 4318 3364 4355 ι

2127 4393 2137 4405 ·
2173 4373 2303 4427 tium
2330 4388 2367 4426 ιι
2395 4383 2581 4427 contra
2612 4373 2976 4443 Symm.'446.
3007 4372 3135 4427 Vide
3158 4372 3647 4429 Commentarium.

2243 4444 2369 4498 214.
2394 4444 2528 4515 Reg.
2562 4447 2611 4513 i,
2644 4445 2702 4509 2,
2731 4445 2785 4508 4,
2819 4443 3015 4516 5,0tt.
3048 4447 3097 4509 i,
3132 4444 3252 4499 Vat.
3277 4444 3331 4516 2,
3366 4448 3578 4516 Arutz.,
3605 4446 3748 4513 Ald,

2169 4524 2367 4569 etnon.
2403 4518 2550 4573 Meus
2603 4526 2656 4569 at
2697 4532 2815 4569 non.
2853 4515 2974 4570 Vat.
3030 4517 3082 4579 I,
3110 4517 3219 4569 Ott.
3274 4515 3333 4582 2,
3382 4515 3571 4584 Ang.,'
3606 4520 3748 4580 Alb.,

2170 4585 2326 4651 Urb.,
2360 4586 2584 4649 Parrh.,
2616 4584 2707 4641 sed
2755 4604 2855 4640 non
2885 4602 2903 4640 :
2930 4589 3074 4656 quod
3124 4589 3359 4655 pnctulit
3402 4591 3747 4656 Arntzenius,

2166 4658 2291 4727 quia
2316 4658 2489 4722 facile,
2529 4668 2585 4712 et
2612 4672 2755 4725 saepe
2785 4660 2836 4711 in
2866 4672 2995 4712 mss.
3023 4673 3092 4721 ex
3112 4658 3222 4725 sed,
3250 4668 3345 4713 aut
3373 4673 3443 4713 set
3484 4662 3589 4728 (sic
3608 4661 3746 4713 enim

2168 4730 2325 4801 multi
2350 4729 2560 4784 librarii
2604 4728 2935 4801 scribebant)
2968 4729 3135 4784 ﬁebat
3177 4738 3245 4795 et,
3296 4732 3597 4797 pra'sertim
3630 4747 3747 4784 cuiu

2166 4801 2219 4854 iu
2249 4800 2357 4855 line
2379 4800 2734 4870 praecedentis
2766 4800 2923 4856 vocis
2944 4801 3117 4854 littera
3147 4817 3171 4854 s
3202 4809 3340 4864 erat.

2234 4873 2363 4927 215.
2407 4873 2554 4926 Meus
2580 4876 2826 4996 confisus
2851 4888 2867 4927 :
2889 4871 2981 4927 sed
3014 4873 3501 4942 verbumseqnéns
3534 4872 3743 4943 cuspide

2238 4944 2329 4996 icit
2352 4947 2639 4996 confossus.
2708 4958 2740 4995 ιι
2771 4942 2903 4996 Reiz.
2933 4940 2989 4996 4.
3023 4942 3275 4996 mendum
3305 4943 3532 4996 cosnide.

2164 4944 2329 5011 exigit
2352 4947 2639 5013 confossus.
2662 4940 2740 5014 lu
2771 4942 2903 5013 Reg.
2933 4940 2989 5011 4,
3023 4940 3275 5014 mendum
3305 4940 3532 5014 cospide.

2234 5010 2357 5069 216.
2393 5010 2525 5083 Reg.
2551 5017 2604 5080 4,
2632 5012 2755 5068 Vat.
2778 5014 2833 5075 2,
2858 5010 3199 5079 ‘Urb.,Mcus,
3224 5010 3527 5075 Dominum,
3558 5013 3745 5067 Deum-

2200 5102 2261 5138 ue
2318 5100 2335 5139 :
2402 5086 2485 5139 lex
2519 5085 2671 5154 podia
2703 5085 2940 5154 postulat
2991 5084 3403 5151 Hominumque,
3456 5084 3739 5153 Deumque.

2184 5160 2264 5209 ’ro
2306 5158 2533 5225 nequiret
2568 5157 2697 5223 Heg.
2736 5159 2822 5225 ἐι,
2880 5157 3165 5225 nequisset;
3196 5155 3543 5216 Parrhasius,
3580 5156 3743 5225 requi-

2160 5230 2245 5281 rit.
2291 5224 2464 5281 Aldus
2514 5226 2683 5282 edidit
2711 5224 3010 5288 Dominum,
3069 5224 3335 5294 Deumque
3377 5224 3653 5294 nequiret;
3688 5228 3736 5281 in

2158 5298 2487 5354 Emendatis'
2506 5298 2769 5367 reposuit.
2796 5298 3188 5366 Dominamque,
3213 5296 3473 5367 Deumque
3498 5300 3732 5366 requiret.

2158 5370 2362 5425 Verum
2410 5384 2585 5437 neque
2636 5370 2851 5440 requirit
2884 5411 2898 5435 ,
2951 5384 3124 5439 neque
3165 5370 3390 5436 requiret
3439 5367 3566 5421 huic
3622 5369 3735 5420 loco

2156 5442 2422 5513 Congl‘uit,
2482 5451 2533 5495 et
2563 5440 2795 5496 fortasse
2833 5456 2989 5496 error
3040 5440 3458 5512 typographicus
3486 5449 3572 5495 est
3595 5448 3733 5493 utro-

2154 5509 2340 5585 Dique.

2435 5705 2441 5717 κ

535 5634 561 5669 ι
587 5628 789 5686 Psalm.
824 5640 955 5695 xvii,
987 5636 1133 5682 vers.
1160 5626 1246 5683 10.
1276 5623 1521 5696 Vulgata,
1558 5622 1837 5680 inclinavit
1887 5622 2082 5696 catos,
2126 5634 2172 5680 ct
2227 5624 2508 5681 descendit.
2549 5622 2715 5682 Paulo
2745 5633 2871 5682 ante
2914 5622 3229 5695 praestiterit
3273 5622 3449 5694 legere
3488 5622 3736 5677 rideretur

462 5715 565 5773 pro
594 5702 814 5760 videtur.
