3904 6350
421 216 529 271 6ὲὸ
1789 214 2004 274 COELII

2117 214 2318 277 ZDULII
2344 264 2345 267 η
2888 220 2891 221 ⁷
3095 281 3099 284 ,
3604 228 3702 287 ω

565 324 890 397 Indulgentia
916 326 1025 397 peti
1049 326 1287 382 breviter
1305 326 1488 398 jubet,
1520 336 1580 384 ut
1610 329 1721 385 cito
1750 338 1994 400 praestet,
2046 344 2100 405 Α

565 418 655 474 Sic
682 419 907 475 dicens:
940 420 1101 475 Orate
1125 407 1357 490 patrem,
1384 420 1709 492 baptismate
1739 430 2007 491 nostrum,

422 513 527 570 255
565 514 695 571 Jure
724 528 917 569 suum:
951 514 1339 587 propriumque
1373 517 1576 573 homini
1612 518 1885 574 concessit
1912 518 2009 573 ho-

1722 627 1930 679 narem,

1722 627 1930 679 narem,

560 700 650 767 Et,
679 700 823 771 quod
854 701 1006 756 solus
1036 700 1223 767 habet,
1246 711 1475 759 cunctos
1500 612 1753 775 permisiit
1781 705 2003 761 habere.

553 794 712 866 227
744 794 849 863 Qui
888 795 1175 852 Dominum
1215 797 1341 855 cmli
1374 805 1582 869 patrem
1614 812 2003 865 memoramus,

1684 891 1764 965 [in
1792 894 1911 963 ipso

549 984 667 1042 Jam
700 984 901 1043 fratres
929 1001 1030 1043 nos
1050 1001 1173 1044 esse
1202 986 1385 1061 decet,
1420 1004 1524 1046 nec
1544 988 1759 1061 origine
1785 992 1964 1045 carnis

2264 334 2597 393 G‘ermanum
2631 343 2860 396 tractare
2890 339 3097 410 odium,
3127 340 3224 397 sed
3251 340 3478 415 spiritus
3509 342 3633 414 igne

2119 428 2228 486 940
2265 430 2605 502 Flagrantes,
2630 432 2852 489 abolere
2879 433 2992 489 doli
3026 423 3374 491 monumenta
3399 437 3623 500 vetusti,

2260 522 2438 595 Atque
2452 539 2647 580 novum
2661 533 2881 596 gestare
2903 525 3200 593 hominem.
3224 543 3294 584 ne
3315 526 3500 584 forsan
3519 528 3585 583 ab
3598 527 3705 584 alto

2262 617 2598 690 Degenerent
2618 630 2836 677 terrena
2867 620 3013 678 Deo:
3045 621 3131 678 cui
3153 636 3279 689 nos,
3299 622 3443 678 duce
3463 620 3701 690 Christo,

2261 710 2413 767 Fecit
2440 713 2727 783 adoptivos
2749 716 2989 772 cmlestis
3018 715 3197 787 gratia
3228 723 3409 772 natos.

2325 806 2491 879 228
2517 804 2901 865 Sanctificatur
2929 808 3025 865 ubi
3059 808 3343 877 Dominus,
3376 808 3472 879 qui
3502 818 3699 865 cuncta

3000 922 3003 925 λ
3374 899 3637 975 [creando

2105 988 2215 1047 245
2252 989 2590 1061 Sanctiﬁcat,
2618 978 2725 1050 nisi
2748 993 2916 1052 corde
2943 993 3057 1068 pio,
3085 994 3186 1052 nisi
3219 984 3451 1069 pectore
3480 994 3669 1051 casto?

1757 1082 1940 1141 OPUS
1974 1080 2360 1142 PASCHALE.
2387 1143 2396 1150 _

409 1175 571 1246 gulis,
605 1174 699 1230 sed
729 1178 1099 1233 communiter
1137 1177 1407 1234 universis
1447 1178 1670 1235 domum
1717 1177 1872 1233 tanti‘
1894 1193 2011 1233 mu.

414 1267 563 1322 neris
593 1266 934 1323 attributum.
979 1268 1111 1324 Nam
1140 1270 1297 1339 quasi
1329 1279 1355 1307 ει
1380 1278 1620 1334 semotus
1648 1284 1677 1323 a
1699 1267 1933 1336 caeteris,
1956 1276 2038 1329 et,

414 1362 801 1417 secretioribus
843 1362 1091 1417 habitans
1116 1348 1367 1418 'latenter
1404 1361 1457 1415 in
1504 1361 1671 1429 locis,
1721 1361 2008 1416 Dominum

416 1452 645 1523 quilibet
668 1453 852 1508 verbis
874 1454 1030 1523 lmjus
1053 1454 1314 1508 orationis
1338 1453 1612 1523 imploret,
1644 1468 1750 1508 non
1781 1453 2009 1524 inquiet,

415 1544 574 1599 Pater
607 1563 769 1611 meus,
822 1545 917 1601 sed
944 1544 1104 1600 Pater
1131 1556 1320 1615 noster,
1371 1546 1624 1615 quoniam
1659 1546 1762 1601 soli
1793 1545 2011 1601 Christo

2114 1175 2367 1233 Dicentes
2398 1180 2579 1250 itaque
2606 1191 2753 1253 pater
2778 1191 2969 1250 noster,
2999 1183 3344 1250 conﬁtemur,
3388 1198 3486 1239 nos
3517 1199 3703 1241 omnes

2112 1268 2166 1323 in
2188 1269 2307 1339 ipso
2332 1270 2527 1327 fratres
2548 1274 2831 1330 exsistere.
2863 1275 3030 1346 Cujus
3052 1275 3285 1331 nominis
3312 1289 3418 1331 non
3446 1276 3701 1332 debemus

2111 1359 2367 1416 affectum
2414 1372 2615 1419 mutua:
2642 1364 2927 1421 charitatis
2966 1366 3284 1436 expulsione
3332 1376 3698 1435 contemnere,

2118 1466 2219 1507 nec
2236 1453 2513 1525 originalis
2539 1455 2645 1511 odii
2674 1468 3021 1520 monumenta
3043 1459 3264 1525 sectari,
3280 1473 3390 1527 quo
3410 1457 3568 1523 Cain,
3590 1475 3701 1529 ger-

2114 1546 2260 1602 mani
2289 1550 2567 1620 sanguinis
2592 1547 2763 1618 fusior,
2797 1550 3135 1622 parricidalis
3177 1554 3405 1609 maculae
3436 1552 3607 1608 factus
3626 1562 3705 1609 est

412 1638 640 1696 debetur
671 1640 773 1696 hoc
803 1640 1050 1709 verbum,
1085 1640 1240 1711 cujus
1285 1639 1500 1711 proprie
1537 1650 1690 1710 pater
1716 1646 1803 1695 est
1835 1639 1998 1695 Deus.
2031 1623 2076 1685 Β
2105 1629 2539 1700 inclinator.-Sed
2566 1648 2830 1701 mansueti
2867 1647 3089 1717 spiritus
3122 1648 3249 1718 igne
3282 1647 3563 1703 ferventes
3590 1663 3703 1703 car-

410 1736 748 1806 Quamquam
777 1737 921 1791 enim
952 1738 1007 1792 in
1038 1736 1297 1791 omnibus
1326 1736 1633 1807 Evangeliis
1663 1736 1766 1790 hoc
1808 1734 2010 1790 habea-

409 1840 498 1886 tur
519 1830 837 1901 aseriptum,
862 1831 917 1885 in
946 1830 1041 1886 illo
1064 1834 1243 1886 tamen
1267 1830 1548 1886 evidenter
1573 1829 1832 1883 Dominus
1852 1826 2012 1884 Jesus

410 1924 465 1979 in
493 1923 736 1990 capitulo
758 1923 897 1993 juris
923 1923 1006 1977 sui
1050 1924 1345 1993 potentiam
1372 1922 1701 1989 singularem
1744 1920 1947 1989 docuit,
1978 1934 2009 1975 a

415 2016 666 2087 populari
709 2018 1068 2086 permixtione
1089 2017 1400 2082 discretam,
1428 2015 1519 2071 ubi
1546 2015 1839 2085 discipulos
1882 2028 2013 2069 con-

411 2110 648 2164 iortabat
665 2109 947 2180 alloquens
981 2126 994 2162 :
1033 2108 1178 2162 Vada
1200 2111 1267 2162 ad
1290 2107 1497 2163 Patrem
1513 2124 1701 2175 meum,
1723 2115 1769 2161 et
1803 2106 2012 2161 Patrem

414 2212 657 2258 vestrum.
691 2204 846 2270 Quod
874 2204 947 2257 ait
973 2220 1163 2269 meum,
1191 2203 1331 2257 hanc
1350 2202 1452 2256 sibi
1473 2200 1760 2271 specialem
1783 2199 2008 2271 gloriam

413 2310 651 2367 congrue
677 2295 1002 2361 vindicavit;
1028 2295 1171 2364 quod
1203 2296 1533 2361 aitvestrum,
1558 2293 1864 2365 generalem
1891 2306 2013 2363 gra-

415 2392 544 2445 tiam
567 2390 930 2446 communiter
964 2391 1169 2445 cunctis
1194 2404 1316 2445 esse
1358 2387 1630 2459 patefecit.
1682 2385 2009 2442 Similitudi-

416 2499 538 2538 nem
586 2483 848 2539 faciamus
894 2485 979 2537 hic
1010 2482 1278 2554 aliquam,
1331 2491 1389 2537 ut
1430 2497 1496 2536 ex
1539 2481 1795 2536 humanis
1828 2479 2009 2535 divina

411 2578 709 2647 capiaums.
743 2578 1013 2633 Ponamus
1046 2577 1207 2647 igitur
1228 2578 1535 2647 quempiam
1556 2577 1789 2633 nobilem
1816 2577 2011 2642 virum,

417 2673 502 2727 cui
529 2671 692 2725 Filius
716 2672 927 2738 unicus,
984 2680 1034 2726 et
1064 2672 1320 2741 aliquanti
1354 2671 1461 2725 sint
1488 2669 1697 2725 famuli.
1743 2667 2012 2737 Numquid

420 2766 489 2818 ob
519 2766 648 2830 hoc,
685 2765 827 2835 quod
876 2765 1261 2834 paterfamilias
1300 2763 1623 2834 appellatur,
1665 2761 2011 2832 potestapud

410 2874 534 2915 cum
563 2873 869 2922 servorum,
901 2872 963 2911 ac
993 2857 1089 2913 ﬁlii
1122 2872 1217 2927 par
1242 2856 1549 2911 dilectionis
1576 2870 1704 2910 esse
1746 2853 2011 2918 conditio,

414 2969 535 3007 cum
561 2960 617 3007 et
642 2953 757 3021 ipse
777 2950 919 3005 [ilius
945 2950 1203 3017 Dominus
1229 2950 1486 3017 probetur
1510 2964 1632 3003 esse
1650 2943 2011 3003 cunctorum?

416 3044 524 3098 Nos
554 3045 713 3113 igitur
754 3042 955 3097 utimur
994 3042 1096 3099 hac
1122 3042 1387 3106 oratione,
1419 3057 1523 3096 non
1571 3039 1841 3105 Christus,
1870 3057 2003 3111 quo-

414 3139 555 3191 niam
583 3152 745 3207 prece
773 3136 930 3205 hujus
957 3136 1366 3206 supplicationis
1390 3137 1563 3205 ipsum
1587 3151 1801 3206 quoque
1837 3135 2005 3206 depo-

2080 1742 2083 1745 ‘
2113 1734 2255 1791 nalis
2298 1752 2561 1805 ponamus
2582 1739 2874 1810 nequitiam
2906 1741 3211 1807 vetustatis,
3238 1751 3292 1796 et
3313 1755 3462 1796 novo
3494 1740 3702 1797 homine

2111 1830 2445 1900 gratulemur
2462 1832 2654 1887 induti.
2679 1833 2755 1889 Ne
2770 1848 2892 1889 cum
2915 1835 3561 1904 cmperiutacmlestibus
3584 1850 3704 1905 ope-

2112 1938 2170 1978 ra
2189 1922 2523 1995 degenerare
2543 1937 2778 1991 terrena,
2809 1935 2962 1983 tanto
2990 1938 3140 1997 patre
3166 1929 3453 1984 videamur
3481 1927 3700 1998 indigni,

2114 2016 2204 2087 qui
2231 2015 2453 2072 Christo
2473 2034 2575 2073 nos
2597 2018 2735 2074 duce
2758 2005 2912 2075 sacra
2935 2020 3418 2089 natosadoptione
3450 2021 3701 2089 suscepit.

2115 2105 2483 2178 Sanctiﬁcatur
2525 2112 2712 2189 nomen
2753 2118 2918 2166 tuum.
2973 2112 3347 2191 Sanctiticatio
3383 2129 3509 2184 qua:
3541 2121 3707 2183 potest

2113 2202 2405 2270 aestimari,
2421 2219 2526 2274 qua
2552 2204 2808 2261 Dominus
2830 2206 3153 2265 sanctiﬁcari
3178 2208 3377 2273 valeat,
3406 2210 3500 2281 qui
3524 2218 3705 2265 cuncta

2113 2296 2441 2376 sanctiticat,
2473 2297 2577 2354 nisi
2608 2306 2783 2356 ut‘cor
2800 2301 2968 2370 pium,
3003 2302 3155 2368 mite,
3174 2302 3475 2372 placidum,
3507 2314 3704 2359 castum

2113 2386 2179 2443 ad
2204 2388 2323 2458 ejus
2356 2404 2726 2460 praeparemus
2747 2393 3050 2466 ingressum
3074 2393 3099 2447 ἲ
3119 2403 3388 2464 quatenus
3418 2394 3514 2451 tali
3540 2394 3707 2451 domi-

2114 2481 2243 2537 cilio
2273 2484 2573 2541 delectatus
2595 2486 3041 2541 sanctificationis
3059 2501 3171 2542 sure
3196 2486 3251 2541 in
3276 2485 3435 2543 nobis
3463 2500 3710 2559 operetur

2115 2587 2506 2648 augmentum;
2554 2578 3007 2649 quemadmodum
3054 2580 3170 2650 ipse
3211 2578 3482 2635 Dominus
3533 2589 3710 2636 noster

2115 2666 2273 2724 Jesus
2298 2668 2546 2725 Christus
2578 2670 2632 2725 in
2661 2670 2939 2741 discipulis
2974 2672 3088 2726 suis
3118 2687 3180 2727 se
3207 2673 3571 2729 clariﬁcatum
3597 2688 3712 2731 esse

2118 2763 2474 2832 memorabat,
2523 2764 2615 2833 qui
2641 2752 2788 2819 clara
2808 2776 3043 2835 semper
3066 2765 3369 2822 divinitatis
3396 2766 3520 2822 luce
3550 2766 3713 2838 fulge-

2117 2856 2228 2912 bat.
2258 2856 2389 2911 Nain
2423 2856 2475 2910 in
2508 2856 2802 2928 Evan‘gelio
2827 2857 3123 2913 secundum
3145 2857 3434 2923 Joannem,
3460 2859 3588 2914 dum
3614 2874 3706 2929 pro

2116 2949 2396 3032 discipulis
2419 2951 2689 3019 supplicat
2728 2951 2890 3021 patri,
2933 2952 3075 3007 inter
3098 2952 3337 3013 diversa,
3380 2968 3503 3029 qua:
3534 2967 3714 3023 prose-

2109 3053 2266 3098 cutus
2293 3054 2407 3108 cst,’
2432 3042 2599 3098 verba
2632 3044 2711 3099 sic
2742 3043 2934 3113 inquit,
2966 3041 3035 3097 Et
3061 3045 3377 3113 clariﬁcatus
3398 3060 3520 3099 sum
3543 3046 3597 3099 iu
3618 3045 3711 3127 eis,

2109 3135 2319 3189 scilicet
2339 3134 2429 3205 qui
2458 3133 2485 3172 δ
2516 3134 2824 3190 claritatem
2856 3150 3007 3189 suam
3037 3136 3089 3190 in
3118 3136 3201 3191 eis
3225 3135 3428 3190 inveni.
3452 3135 3558 3192 Ubi
3588 3152 3713 3210 ergo

414 3231 638 3298 scimus,
672 3229 760 3301 qui
788 3245 909 3284 cum
936 3229 1096 3285 Patre
1122 3244 1259 3284 unus
1281 3238 1365 3284 est
1389 3229 1645 3297 Dominus
1675 3239 2002 3288 coaeternus.
2096 3251 2101 3255 ·
2124 3239 2179 3286 et
2207 3227 2645 3285 sanctiﬁcationis
2670 3241 2783 3283 suae
2812 3228 2968 3299 signa
2989 3228 3275 3299 repererit,
3300 3227 3635 3285 sanctiﬁcare
3655 3243 3713 3285 se

1293 3322 1300 3328 ’
1943 3317 2264 3384 ΒΟΗΟΙΛᾹ.
2440 3316 2443 3319 ’

412 3421 569 3492 Saepe
600 3419 821 3492 quidem
848 3417 1024 3492 Iudex
1067 3429 1121 3473 et
1150 3419 1325 3486 index,
1355 3419 1617 3492 judicium
1647 3428 1702 3473 et
1746 3420 1996 3475 indicium

414 3490 847 3555 confunduntur;
894 3490 988 3544 sed
1049 3506 1169 3544 cum
1235 3490 1367 3543 mss.
1413 3507 1601 3543 omnes
1664 3506 1770 3544 non
1822 3494 2001 3547 minus

411 3578 569 3633 quam
598 3562 750 3627 editi,
783 3562 1074 3616 exhibeant
1108 3561 1407 3634 judexque,
1456 3563 1626 3616 satius
1657 3562 1797 3617 duco
1818 3604 1833 3628 ,
1866 3563 2002 3620 nihil

416 3640 647 3689 mutare.

484 3706 612 3761 254.
654 3703 981 3759 Arntzenius
1009 3719 1075 3758 ex
1120 3718 1221 3758 ms.
1277 3706 1462 3757 Arntz.
1514 3703 1681 3758 edidit
1722 3714 1917 3775 patrem
1946 3707 2002 3760 in

412 3775 717 3844 baptismate
745 3785 1008 3830 nostrum:
1038 3776 1160 3844 quia
1195 3776 1507 3845 prmpositio
1534 3777 1584 3828 in
1618 3776 1788 3829 latere
1831 3777 2005 3844 potuit

412 3850 515 3901 sub
542 3848 715 3900 littera
748 3846 1084 3917 przecedeuti
1124 3863 1215 3917 m,
1246 3845 1444 3917 Verum
1472 3847 1653 3900 cmteri
1700 3850 2005 3916 elegantius

417 3934 536 3972 eam
570 3916 1006 3987 praepositionem
1039 3920 1311 3971 omittunt.
1340 3916 1486 3970 Idem
1518 3917 1842 3972 Arntzenius
1872 3919 2005 3973 Par-

418 3990 624 4051 rhasio,
654 4002 705 4042 et
733 3988 819 4042 ed.
852 3988 1001 4057 Lips.
1037 3987 1221 4059 tribuit
1252 3998 1490 4059 vestrum.
1524 3992 1588 4041 At
1619 3988 1670 4041 in
1717 3990 2007 4044 Parrhasio

416 4059 564 4115 clare
587 4067 670 4115 est
688 4068 937 4113 nostmin.
965 4058 1291 4114 Arntzenins
1313 4057 1433 4112 cum
1458 4057 1694 4113 Cellario
1722 4059 2004 4128 diStinguit

422 4142 685 4192 nostrum;
715 4160 784 4171 ——
802 4128 933 4185 lure
960 4146 1111 4183 suum
1141 4131 1501 4200 propriumque
1520 4129 1737 4195 homini,
1766 4140 1869 4186 etc.
1905 4132 2009 4185 Ex-

391 4231 395 4235 ~
424 4205 576 4271 pauit
600 4202 886 4264 Cellarius,
914 4201 1173 4255 honorem
1204 4215 1324 4255 eSSe
1346 4202 1467 4265 jure
1491 4209 1673 4263 suum,
1705 4202 2010 4269 proprium-

423 4270 548 4342 que.
583 4274 838 4344 S°dl|llil§
865 4272 1004 4325 aliud
1039 4273 1232 4332 voluit.
1273 4270 1426 4325 Orate
1449 4278 1665 4344 patrem,
1703 4272 2011 4344 baptismate

423 4341 676 4404 nostrum,
706 4374 769 4385 —-
793 4341 829 4396 Ι
835 4359 920 4395 ure
949 4360 1096 4397 suum
1118 4358 1133 4394 :
1158 4344 1520 4414 propriumque
1544 4341 1746 4396 homini
1764 4341 2012 4398 concessit

423 4417 689 4469 honorem.
738 4414 997 4469 Nimirum
1045 4414 1187 4468 Deus
1211 4423 1297 4469 est
1338 4423 1490 4482 pater
1530 4414 1733 4467 Christi
1774 4416 1918 4482 jure,
1956 4424 2014 4470 et

426 4496 638 4552 natura,
689 4496 873 4540 noster
915 4485 969 4539 in
1027 4485 1371 4551 baptismate,
1416 4493 1472 4538 et
1516 4500 1613 4552 per
1640 4486 2006 4549 adoptionem.

424 4556 558 4611 Cum
588 4567 765 4611 autem
800 4556 1052 4625 proprius
1076 4556 1273 4609 Christi
1296 4556 1367 4610 sit
1407 4556 1601 4622 honor,
1636 4568 1694 4609 ut
1726 4556 1892 4611 Deum
1923 4570 2016 4625 pa-

426 4639 564 4681 trem
610 4629 869 4696 appellet,
914 4627 1073 4680 nobis
1103 4627 1377 4681 concessit
1404 4625 1545 4680 hunc
1588 4626 1870 4693 honorem,-
1902 4638 2011 4683 etc.

424 4698 615 4792 Clessa
644 4694 696 4752 in
709 4699 903 4792 Cur-1,
937 4706 1019 4752 est
1032 4702 1154 4768 jure
1181 4712 1332 4751 suum
1357 4726 1427 4738 —
1450 4705 1673 4752 natura:
1697 4708 1749 4753 et
1779 4710 1900 4768 post
1920 4698 2015 4753 Ita-
2040 4730 2093 4792 Β

426 4771 541 4823 bere
571 4799 639 4809 -—
668 4770 952 4841 adoptive.‘
1055 4839 1065 4841 _
1228 4840 1231 4841 ν
1304 4839 1329 4841 η
1511 4837 1556 4841 ,Α
1620 4790 1621 4793 ‘
1715 4838 1743 4841 _
2014 4832 2015 4835 η

494 4842 628 4901 :237.
675 4837 806 4907 Reg.
842 4843 893 4905 1,
923 4838 1178 4895 Ottobon.
1214 4840 1264 4906 1,
1302 4837 1676 4905 Rom.,‘Meus,
1707 4838 1869 4893 Pater
1893 4856 2010 4895 nos-

432 4921 532 4983 ter,
574 4913 662 4983 qui
702 4929 753 4983 es
796 4912 855 4983 in
892 4912 1047 4965 cretis.
1088 4912 1200 4964 Ott.
1227 4911 1307 4983 ’ἐκ
1339 4909 1639 4983 Qui_Deu_m
1681 4910 1813 4965 creti.
1852 4910 2005 4979 Ald.,

430 4981 552 5038 Vat.
583 4980 661 5045 2.,
692 4981 788 5037 Cui
820 4980 1092 5051 Dominum
1112 4983 1136 5047 ';
1164 4980 1399 5051 Corrige,
1434 4981 1537 5048 Qui
1566 4980 1860 5034 Dominum.

479 5054 626 5110 ’238.
672 5055 801 5122 Reg.
843 5052 897 5116 4,
929 5050 1049 5105 Jam
1075 5054 1214 5107 decet
1249 5050 1340 5107 nos
1368 5068 1474 5105 esse
1504 5051 1688 5120 fratres
1727 5068 1743 5105 :
1777 5068 1884 5107 non
1915 5068 2008 5121 pa-

432 5123 563 5179 titur
587 5121 816 5180 metru’tn
840 5167 855 5189 ,
891 5126 963 5176 ita
1000 5124 1258 5181 collocari
1297 5123 1482 5178 verba.
1515 5121 1571 5175 In
1613 5124 1752 5176 notis
1788 5122 2007 5177 Nebris-

430 5196 604 5271 sensis
626 5198 743 5271 iugo
760 5196 959 5271 origine
982 5193 1166 5271 mundi
1185 5208 1203 5246 :
1221 5194 1402 5271 sedin
1424 5195 1543 5264 ipso
1565 5203 1820 5271 contextu
1847 5194 2004 5271 lmjns

430 5264 787 5321 eilitionis'est
806 5264 1212 5337 originecarnis.
1230 5264 1614 5337 Nebrissensis
1638 5266 1728 5328 ait,
1756 5266 2009 5334 supplen—

425 5337 549 5393 dam
580 5352 703 5393 esse
750 5334 1182 5406 praepositionem
1223 5335 1276 5388 in
1299 5376 1314 5401 ,
1345 5336 1429 5390 vel
1462 5335 1546 5389 ab.
1571 5334 1851 5390 Sententia
1880 5345 2003 5391 est:

503 5461 528 5487 ἰ
571 5450 625 5504 ln
674 5448 845 5505 veteri
876 5448 1068 5517 codice
1105 5465 1260 5504 error
1289 5436 1427 5509 erat.
1486 5449 1627 5504 Nam
1662 5452 1895 5521 quasvise
1939 5455 2020 5504 se-
2051 5510 2055 5515 ,

436 5532 637 5586 motus,
666 5536 826 5592 quem
853 5521 1070 5577 Juretus
1108 5522 1365 5589 correxit.
1419 5520 1583 5576 Paulo
1622 5520 1742 5587 post
1782 5524 2018 5577 citantur

436 5596 599 5648 verba
625 5591 696 5648 es
736 5591 931 5663 Joann.
960 5607 1009 5647 c.
1038 5605 1133 5659 xx,
1164 5608 1310 5647 vers.
1340 5593 1774 5663 17.8uperlluum
1806 5597 2016 5649 videtur
2041 5644 2055 5651 -

436 5678 599 5734 unum
625 5665 701 5731 in,
729 5664 785 5717 in
809 5662 974 5718 illo...
1002 5664 1055 5734 in
1083 5665 1338 5734 capitulo.‘
1353 5666 1397 5703 F"

504 5732 531 5773 δ
574 5732 629 5789 In
663 5735 935 5805 plerisque
976 5732 1320 5790 bibliothecis
1344 5734 1565 5791 Patrum
1597 5735 1792 5807 legitur
1817 5737 2012 5791 scilicet

2102 3419 2221 3475 Non
2266 3417 2458 3481 decet,
2493 3431 2594 3471 nos
2626 3426 2895 3483 tractare,
2924 3417 3013 3472 vel
3056 3416 3261 3472 sectari
3303 3403 3528 3482 odium,
3563 3418 3707 3488 quali

2101 3492 2231 3546 Cain
2277 3490 2331 3543 in
2375 3489 2589 3555 origine
2634 3489 2843 3554 carnis,
2876 3488 2997 3546 sive
3027 3488 3185 3560 initio
3230 3490 3416 3544 mundi
3449 3490 3712 3560 adversus

2112 3562 2344 3617 fratrem
2384 3559 2605 3615 Abelcm
2627 3560 2853 3618 exarsit.
2884 3560 2979 3615 sed
3022 3559 3180 3615 decet
3223 3561 3425 3626 petius,
3457 3575 3559 3615 nos
3591 3564 3711 3630 igne

2104 3633 2327 3700 spiritus
2358 3630 2672 3697 ﬂagrantes,
2703 3630 2925 3687 abolere
2954 3640 3310 3686 monumenta
3342 3632 3573 3688 sceleris
3600 3647 3709 3688 ve-

2106 3705 2260 3759 tusti.
2293 3702 2407 3757 sive
2438 3700 2827 3757 ndii.l'raterni.

2177 3774 2307 3829 259.
2351 3772 2484 3844 Reg.
2533 3774 2587 3832 1.
2628 3773 2682 3833 4,
2716 3771 2833 3825 Vat.
2874 3773 2928 3837 1,
2960 3773 3132 3839 Meus,
3166 3772 3354 3838 Rom.,
3386 3774 3497 3828 Ott.
3529 3775 3582 3836 1.
3615 3788 3711 3842 pro

2107 3846 2163 3901 d.
2195 3861 2267 3912 s.,
2304 3844 2451 3909 Μὴ..
2478 3853 2533 3911 et
2560 3844 2803 3913 plerique
2829 3844 2987 3906 editi,
3011 3852 3256 3898 tractare.
3288 3844 3424 3913 Reg.
3445 3847 3525 3912 5.,
3558 3845 3705 3913 Διά..

2108 3917 2299 3980 Fabr.,
2346 3921 2507 3984 Ang.,
2547 3914 2682 3985 Reg.
2723 3915 2808 3978 9...
2865 3930 2963 3984 pro
3013 3915 3072 3970 d.
3117 3932 3189 3979 s.,
3235 3914 3453 3981 l’arrh.,
3489 3927 3705 3986 gestae.

2106 3989 2219 4044 Ott.
2250 3986 2331 4052 2.,
2361 3986 2494 4056 Reg.
2520 3986 2578 4049 2,
2604 3989 2656 4039 in
2687 3994 2859 4049 textu,
2887 3986 3097 4051 sectari,
3120 3986 3263 4055 quod
3293 4001 3359 4041 es
3389 4003 3495 4040 ms.
3515 3987 3706 4042 Arntz.

2109 4058 2390 4127 amplexus
2419 4065 2505 4112 est
2530 4056 2880 4112 Arutzenius.
2908 4056 3395 4128 Eodemipertinet
3428 4060 3480 4113 in
3512 4060 3627 4112 υιι.
3650 4057 3704 4125 1,

2110 4147 2139 4185 a
2174 4146 2255 4199 pr.
2282 4146 2379 4191 m.,
2412 4136 2624 4183 sectare.
2653 4130 2979 4184 Arntzenius
3008 4127 3228 4196 praefert
3256 4130 3468 4195 sectari,
3501 4128 3704 4199 adduc-

2113 4198 2185 4256 tis
2202 4200 2475 4254 similibus
2503 4199 2795 4270 exemplis,
2828 4200 3011 4255 sectari
3036 4201 3245 4262 bonum,
3288 4201 3438 4264 vitia,
3472 4198 3705 4253 charita-

2112 4282 2232 4327 tem.
2256 4270 2426 4325 Favet
2458 4285 2637 4340 prosa.
2674 4271 2798 4333 Alii,
2831 4280 3051 4324 tractare
3066 4280 3193 4328 cum
3225 4284 3357 4340 mss.
3393 4271 3708 4326 vetustiori-

2113 4344 2213 4398 bus
2239 4356 2337 4412 pro
2362 4339 2523 4413 inmite
2549 4343 2766 4413 agitare,
2800 4343 2883 4396 vel
2915 4341 3075 4396 etiam
3110 4353 3206 4407 pro
3230 4339 3463 4413 trahere.
3494 4342 3626 4411 Reg.
3651 4342 3704 4397 5.

2112 4413 2261 4477 Ald.,
2293 4412 2384 4466 sed
2424 4412 2714 4484 pnemnatis
2740 4412 2883 4483 igne,
2910 4413 3052 4482 quod
3083 4426 3111 4463 a
3141 4412 3549 4484 recentioribus
3571 4428 3706 4466 con-

2116 4496 2196 4539 tra
2228 4493 2401 4554 poet:e
2424 4481 2669 4538 mentem
2697 4481 2985 4545 intrusum,
3018 4498 3094 4538 ne
3112 4481 3302 4536 ultima
3336 4488 3708 4554 incontracto

2115 4553 2245 4610 casu
2291 4564 2497 4624 quartus
2549 4554 2927 4609 declinationis
2968 4554 3321 4624 corripiatur.
3370 4553 3491 4609 Non
3536 4554 3706 4612 semel

2118 4627 2255 4681 hanc
2286 4620 2560 4679 licentiam
2590 4626 2691 4679 sihi
2723 4634 2947 4695 arrogat
2968 4620 3240 4681 Sedulius.

2189 4696 2318 4751 244.
2362 4696 2493 4764 Reg.
2539 4699 2591 4761 1,
2631 4696 2741 4752 Ott.
2774 4697 2823 4758 1,
2862 4694 2926 4750 et
2955 4698 3069 4762 alii,
3116 4694 3483 4762 Suitcti/icetur
3522 4712 3703 4753 nomen

2118 4776 2285 4822 tuum.
2314 4766 2465 4822 Mnus
2483 4802 2506 4832 ,-
2533 4766 2903 4837 Sancti/iactor.
2928 4766 3111 4837 ubique
3141 4764 3307 4831 Deus,
3340 4768 3491 4819 nullo
3519 4782 3701 4822 sensu.

2117 4838 2348 4903 Poelm.,
2365 4838 2737 4905 Sanctiﬁcatur
2754 4838 2838 4891 ubi
2852 4836 3105 4891 Dominus
3122 4838 3238 4891 sine
3255 4837 3702 4906 interrogatione,

2116 4927 2237 4978 qm:
2277 4909 2586 4964 nec‘essaria
2617 4920 2720 4963 est.
2773 4909 3023 4977 Plerique
3064 4909 3236 4978 nostri
3274 4924 3433 4963 mss..
3466 4919 3524 4961 et
3552 4908 3701 4977 editi,

2116 4976 2331 5036 schedse
2360 4980 2591 5045 Poelm.,
2615 4979 2975 5049 Sanctiﬁcatur
3000 4978 3085 5049 ubi
3117 4976 3398 5049 Dominus.
3432 4978 3704 5047 Wopken-

2116 5052 2230 5107 sius
2258 5051 2474 5120 praefert
2513 5047 2903 5120 Sancti/icon",
2933 5051 3017 5104 cui
3050 5048 3233 5104 favent
3260 5047 3450 5118 Canl.,
3489 5055 3701 5115 Arum,

2115 5130 2169 5176 ct
2197 5122 2348 5176 multi
2377 5121 2528 5176 editi.
2556 5123 2610 5175 In
2634 5120 2765 5192 Reg.
2795 5121 2821 5175 1
2848 5123 3028 5189 glossa
3055 5129 3160 5182 est.
3193 5120 3280 5174 ubi
3307 5121 3493 5192 poterit
3514 5122 3705 5175 sancti-

2116 5194 2284 5264 ﬁcari,
2312 5194 2455 5262 quod
2485 5192 2728 5256 intelligo
2761 5194 3166 5264 interrogative.

2185 5264 2311 5318 245.
2367 5264 2533 5325 Mens,
2593 5272 2648 5317 et
2680 5263 2815 5332 Reg.
2859 5264 2912 5326 1,
2952 5277 3059 5332 ιποΔ
3096 5262 3153 5318 d.
3205 5263 3422 5334 scripu,
3454 5278 3699 5334 corpore;

2116 5334 2421 5390 communis
2448 5334 2633 5401 lectio,
2664 5346 2866 5405 pectore
2892 5342 3054 5399 casto,
3074 5349 3268 5403 nempe
3297 5348 3454 5403 puro.

2125 5452 2213 5520 qui
2238 5450 2524 5505 claritatem
2546 5467 2694 5504 suam
2719 5452 2772 5505 in
2790 5452 2865 5505 eis
2882 5451 3071 5506 inueni.
3092 5450 3379 5513 Gallandiu
3391 5480 3407 5492 ε
3425 5452 3589 5507 habet
3604 5451 3701 5507 sti-

2120 5522 2238 5577 liret
2278 5524 2399 5588 quia
2441 5523 2731 5577 claritatem
2760 5538 2925 5577 meam
2956 5526 3010 5576 in
3045 5524 3119 5578 eis
3157 5523 3350 5578 inveni.
3392 5520 3697 5591 Best-tuen-

2118 5593 2244 5647 dum
2273 5594 2483 5648 vitietur
2509 5594 2701 5648 scilicet
2732 5596 2853 5663 quia
2885 5595 3173 5649 claritatem
3207 5610 3357 5649 suam
3377 5596 3431 5647 in
3460 5596 3536 5649 eis
3564 5596 3700 5657 inse-

2117 5664 2429 5791 uil.bSeries
2459 5665 2721 5720 orationis
2758 5666 3038 5735 sequentis
3070 5666 3207 5721 hanc
3235 5665 3527 5723 lectionem
3549 5679 3699 5722 com-

2119 5751 2216 5791 nro
2257 5744 2331 5789 at.

2119 5744 2331 5806 probat.

3852 184 3857 241 l
