3912 6346
175 315 269 369 625

308 432 373 489 Ut
402 446 711 487 mereamur
741 446 861 488 eum
888 445 987 487 nos
1020 433 1361 487 sanctificare
1382 432 1634 500 colendo,

307 526 519 580 Annuat
550 526 665 595 ipse
689 525 859 595 prior,
887 526 1024 578 sicut
1057 523 1369 579 benedicier
1396 524 1538 580 idem

306 616 375 671 Se
398 616 551 685 jubet
576 632 603 669 a
630 618 804 682 nobis,
831 632 859 669 a
890 631 995 686 quo
1027 617 1405 672 benedicimur
1434 633 1645 673 onmes.

376 709 643 765 Adveniat
663 724 882 779 regnum
902 712 1038 779 jam,
1064 710 1283 782 jamque
1310 713 1521 768 scilicet
1550 712 1699 781 illud,

176 801 275 857 250
310 802 471 873 229
500 802 669 859 Morte
700 817 914 869 vacans,
973 812 1028 859 et
1078 803 1184 859 line
1213 821 1425 871 carens,
1456 807 1543 861 cui
1594 807 1740 863 nulla

1343 897 1463 971 [per
1491 916 1666 956 :evum

307 986 577 1055 Tempora
606 986 924 1054 succedunt,
948 988 1074 1059 quia
1106 989 1277 1044 nescit
1304 998 1514 1061 tempus
1542 991 1742 1049 habere

306 1078 608 1137 Continuus
628 1082 747 1137 sine
768 1092 927 1137 nocte
956 1082 1077 1138 dies
1111 1101 1125 1138 :
1153 1083 1268 1151 ubi,
1303 1085 1547 1157 principe
1576 1086 1733 1141 Chri-

1436 1246 1441 1253 ⁸
1534 1177 1664 1249 [sto,

1248 315 1523 371 CARMEN
1562 314 1942 373 PASCIIALE.
1983 318 2182 373 LIBER
2225 319 2285 372 ΙΙ.

1766 436 1821 495 Δ

1843 620 1948 678 255

3315 325 3416 380 626

1989 435 2178 491 Nobile
2208 447 2465 507 pcrpetua
2499 446 2657 507 caput
2704 437 3062 508 amplectente
3116 452 3341 503 corona,

1991 528 2169 584 Victor
2195 530 2369 599 opima
2399 530 2578 585 ferens
2605 532 2857 601 gaudebit
2884 532 3104 603 praemia
3136 531 3309 587 miles.

2055 621 2166 675 lloc
2207 622 2424 693 jugihus
2457 624 2618 689 votis,
2649 623 2749 679 hoc
2776 635 2933 681 nocte
2957 667 2972 692 ,
3003 624 3202 695 dieque
3234 637 3420 694 prece-

3186 716 3347 790 [mur,

1992 807 2153 880 23o
2177 807 2321 862 Illius
2366 816 2423 862 ut
2478 809 2567 862 iiat
2598 808 2759 881 caelo,
2796 817 3049 879 terraque
3076 809 3347 875 voluntas,

1986 900 2086 968 Qui
2115 914 2377 970 nusquam
2428 899 2543 954 vult
2569 914 2689 955 esse
2743 899 2915 967 nefas,
2967 900 3288 970 hostemque
3326 912 3423 953 no-

3085 990 3343 1063 [centem,

1987 1084 2161 1156 thue
2212 1085 2357 1156 polo,
2407 1084 2487 1141 sic
2539 1085 2699 1157 pellat
2737 1084 2923 1153 humo,
2955 1099 3024 1141 ne
3067 1099 3296 1155 corpora
3324 1078 3421 1141 no—

3121 1175 3141 1250 [
3173 1188 3284 1232 stra
3327 1218 3343 1243 ,

1483 1290 1659 1347 OPUS
1697 1289 2079 1349 PASCIIALE.

172 1381 361 1437 ibidem
396 1381 543 1439 dicit.
574 1383 752 1439 Pietas
779 1383 922 1438 enim
954 1384 1065 1454 illa,
1093 1384 1211 1440 sine
1241 1384 1406 1440 modo
1436 1385 1743 1455 mitissima,

172 1475 266 1529 sibi
294 1474 533 1530 conferri
576 1476 907 1546 pronuntiat,
957 1477 1211 1547 quidquid
1240 1479 1351 1533 suis
1390 1478 1603 1533 famulis
1630 1479 1744 1548 ipsa

169 1563 466 1620 fructiﬁcat.
498 1565 707 1621 Similis
734 1569 914 1637 itaque
942 1583 1133 1623 sensus
1159 1570 1484 1637 ostenditur,
1518 1581 1571 1626 et
1603 1578 1661 1624 ut
1686 1584 1745 1627 se

171 1657 409 1713 benedici
437 1661 725 1728 przecipiat,
761 1676 882 1714 cum
912 1662 1024 1730 ipse
1044 1663 1220 1731 p0tins
1247 1663 1491 1719 universa
1515 1663 1741 1737 benedi-

168 1758 266 1803 cat.
312 1750 555 1822 Namque
583 1753 739 1807 trium
772 1768 1060 1823 puerorum
1089 1755 1140 1808 in
1186 1756 1398 1811 camino
1433 1758 1739 1811 canentium

166 1844 231 1898 ab
258 1847 403 1900 omni
453 1857 695 1901 creatura
752 1863 847 1917 per
889 1849 1134 1903 ordinem
1180 1849 1603 1905 benedicendum
1634 1849 1741 1903 Do-

167 1938 362 1995 minum
390 1940 655 2009 generalis
670 1940 899 2011 hymnus
929 1942 1221 1997 exclamat.
1254 1944 1500 1997 Adveniat
1528 1946 1741 2014 regnum

165 2044 322 2088 tuum.
400 2034 639 2104 Regnum
697 2034 953 2089 advenire
1004 2037 1350 2105 deposcimus
1396 2021 1733 2107 regnatoris,

163 2128 247 2197 qui
285 2143 517 2197 regnare
543 2142 648 2182 non
681 2128 897 2194 desinit,
931 2138 988 2182 nt
1019 2129 1263 2185 fallacem
1296 2138 1321 2167 ι
1352 2130 1509 2200 hujus
1536 2130 1725 2184 mundi

166 2220 461 2290 principem
493 2236 589 2291 pro
635 2232 959 2297 praesumpta
993 2222 1179 2293 puniat
1220 2224 1528 2296 tyrannide,
1560 2224 1735 2278 solus-

162 2328 280 2383 que,
309 2315 401 2386 qui
431 2316 577 2370 solus
605 2325 707 2382 est,
742 2330 898 2371 suum
931 2315 1273 2373 demonstret
1294 2318 1603 2387 imperium,
1638 2332 1735 2372 nec

1848 1396 2022 1442 morte
2051 1386 2425 1452 constrictum,
2456 1400 2556 1442 nec
2592 1386 2925 1455 temporibus
2966 1385 3419 1442 consumendum.

1846 1479 2026 1535 Nescit
2071 1480 2270 1533 etenim
2323 1488 2534 1548 tempus
2587 1478 2724 1532 lucis
2770 1477 2917 1532 illius
2962 1477 3079 1531 dies
3110 1476 3229 1532 sine
3258 1489 3418 1534 nocte

1845 1571 2152 1636 continuus,
2188 1570 2279 1625 ubi
2327 1569 2656 1623 fortissimus
2702 1567 2878 1632 miles,
2904 1569 3127 1623 adorato
3176 1567 3416 1637 Christo,

1842 1662 2058 1717 diversa
2088 1662 2269 1717 nmndi
2300 1671 2419 1732 post
2440 1661 2679 1731 pericula
2714 1662 2901 1730 praelio
2942 1662 3114 1717 victor
3144 1664 3419 1717 exsistens

1843 1756 2119 1812 caasariem
2160 1756 2298 1811 beati
2340 1755 2533 1824 Capitis
2562 1764 2877 1809 ornaturam
2921 1765 3143 1824 perpete
3170 1755 3423 1809 nobilita-

1845 1859 1927 1903 tus
1948 1848 2304 1920 gratulabitur
2328 1848 2438 1917 jam
2480 1862 2701 1902 corona.
2730 1844 2852 1900 Fiat
2883 1848 3119 1901 voluntas
3149 1858 3261 1913 tua,
3288 1847 3421 1903 sicut

1842 1941 1896 1994 in
1931 1939 2074 2005 caelo,
2106 1940 2153 1993 et
2180 1940 2234 1993 in
2278 1949 2432 1993 terra.
2467 1938 2832 1994 Praecedentis
2871 1948 2927 1993 et
2957 1938 3043 1993 hic
3071 1940 3422 1995 continentiae

1841 2048 2031 2088 sensus
2060 2032 2274 2088 videtur
2322 2033 2567 2103 intelligi,
2596 2032 2739 2102 quod
2769 2032 2984 2103 jugibus
3028 2033 3169 2101 dies,
3205 2045 3420 2091 noctes-

1843 2141 1946 2195 que
1969 2125 2223 2195 precibus
2261 2124 2558 2179 debeamus
2590 2139 2907 2194 exposcere,
2940 2136 2998 2180 ut
3028 2126 3174 2182 illius
3194 2126 3414 2197 célnm,

1844 2230 2149 2289 terramque
2194 2219 2447 2273 voluntas
2486 2218 2811 2289 adimpleat,
2844 2221 2944 2289 qui.
2982 2235 3244 2291 nusquam
3298 2224 3415 2277 vult

1840 2327 1964 2369 esse
2016 2310 2330 2382 nequitiam,
2362 2326 2469 2379 quo
2499 2310 2766 2379 dejectum
2816 2313 2956 2367 caalo
2993 2312 3271 2369 diabolum
3322 2330 3422 2370 nec

1620 2427 1910 2485 SCHOLIA
1922 2466 1935 2479 .

227 2522 349 2578 an.
393 2523 529 2593 Reg.
566 2523 617 2587 1,
655 2522 711 2588 ε,
741 2524 796 2587 5,
829 2522 971 2577 Vatt.
1007 2522 1139 2589 1,2,
1162 2523 1325 2587 Aug,
1355 2522 1506 2593 ius,
1537 2520 1651 2577 Oll.
1682 2522 1733 2587 1,

161 2593 309 2661 Urb.,
344 2592 529 2661 Rom},
563 2594 734 2657 Mens,
760 2594 906 2660 Ald.,
934 2594 1131 2662 aliique
1158 2594 1309 2656 editi,
1338 2592 1568 2659 Annuat,
1595 2593 1736 2661 quod

163 2664 355 2719 frustra
381 2680 505 2720 esse
535 2667 611 2720 ait.
636 2666 983 2719 Arntzenius.
1021 2665 1135 2729 lpse
1169 2672 1314 2718 tenet
1345 2664 1569 2725 Anuurt,
1592 2665 1733 2733 quod

161 2734 357 2790 habent
381 2736 555 2791 editio
585 2735 899 2791 Poelmanni
922 2777 937 2796 ,
966 2744 1021 2789 et
1046 2734 1167 2788 alia;
1190 2735 1485 2789 nonnullae.
1520 2734 1653 2804 Reg.
1681 2737 1738 2801 4,

164 2807 349 2860 Annuit
380 2823 399 2861 :
430 2807 481 2861 id
511 2806 755 2871 placebat
774 2804 1129 2876 Wopkensio.
1162 2815 1219 2860 ut
1250 2804 1411 2876 paulo
1432 2814 1559 2860 ante
1581 2808 1741 2859 Sanc-

162 2877 382 2943 tiﬁcatur
410 2893 430 2931 :
458 2878 546 2948 qui
569 2878 868 2948 distinguit,
893 2875 959 2931 Ut
984 2875 1269 2930 mereantur
1293 2892 1408 2930 eum
1427 2893 1519 2929 nos
1551 2878 1741 2929 sancti-

161 2948 310 3017 ﬁcm'e
333 2946 569 3015 colendo,
598 2977 655 2987 ι-
688 2946 882 3001 Annuit
912 2950 1019 3017 ipse
1042 2950 1202 3015 prior.
1231 2948 1331 3001 Alii
1362 2955 1614 3016 punctum
1641 2963 1737 3017 ap-

161 3019 387 3085 pingnnt
412 3031 527 3088 pust
545 3017 775 3073 colendo.
797 3019 1025 3073 Verbum
1048 3034 1269 3072 annuere
1289 3034 1392 3088 pro
1410 3017 1731 3082 concedere,

160 3087 423 3153 tribuere,
475 3091 751 3160 assignare
792 3105 821 3144 a
875 3087 1118 3157 Virgilio,
1166 3087 1481 3155 Prudentio,
1518 3098 1572 3143 et
1610 3090 1734 3147 aliis

161 3172 472 3226 naiirpatur.

225 3230 350 3301 248.
394 3232 528 3299 Reg.
560 3229 616 3299 4,
648 3232 1028 3297 benedicimus;
1057 3231 1175 3301 lege
1199 3232 1567 3287 benedicimur.

222 3300 346 3373 2:19.
393 3304 526 3373 Reg.
559 3303 611 3367 1,
654 3304 837 3357 Uttob.
870 3306 917 3367 1,
958 3300 1205 3357 Adveuiat
1232 3320 1446 3373 regnum
1468 3312 1606 3355 tuum
1636 3318 1733 3373 pro

158 3371 326 3426 titulo.
362 3371 561 3428 Decem
609 3380 777 3428 nostri
808 3390 938 3427 mss.
969 3390 1090 3427 cum
1127 3371 1335 3439 Heinsl,
1367 3371 1649 3436 Cantabr.,
1678 3383 1734 3429 et

158 3446 337 3515 multis
365 3445 549 3505 editis,
574 3460 789 3515 regnum
816 3446 951 3515 jam,
977 3446 1183 3512 jamque
1206 3444 1395 3497 scilicet
1418 3444 1570 3505 illud,
1603 3458 1729 3513 pro-

156 3511 313 3568 ducto
346 3530 447 3581 quc
473 3518 543 3569 ob
567 3511 902 3569 sc'dictio'nis
936 3511 1235 3583 sequentis,
1270 3514 1352 3567 vel
1389 3516 1509 3581 quia
1539 3511 1727 3569 revera

155 3598 438 3640 commune
468 3592 575 3648 est,
606 3595 664 3639 ut
690 3585 798 3653 jam
823 3584 953 3639 alibi
974 3592 1213 3638 notatum
1237 3594 1340 3639 est.
1366 3584 1437 3637 Ita
1471 3585 1631 3638 etiam
1657 3587 1732 3641 le-

155 3666 282 3723 gunt
323 3656 513 3719 Beda,‘
538 3664 591 3710 et
632 3656 750 3723 ejus
785 3663 1179 3709 commentator
1221 3654 1289 3709 de
1315 3654 1446 3708 Arte
1479 3659 1725 3721 metrica,

155 3728 237 3791 qni
269 3727 481 3791 dicunt,
510 3727 563 3779 in
603 3726 702 3779 hoc
737 3742 895 3780 versu
924 3743 1022 3793 que
1047 3728 1316 3795 positione
1338 3740 1459 3779 esse
1488 3726 1723 3793 longam.

154 3795 322 3863 Inepti
365 3796 574 3852 librarii
611 3796 705 3851 alii
748 3798 903 3850 aliter
932 3804 1314 3863 eoi-ruperunt.
1348 3796 1530 3850 Ottob.
1561 3797 1616 3860 2,
1649 3814 1728 3851 re-

153 3882 303 3989 ἵκηαι
323 3870 444 3939 jam
460 3869 569 3935 jam
593 3884 730 3921 nunc
749 3864 947 3937 scilicet
962 3866 1111 3920 illud.
1149 3865 1366 3930 Parrb.,
1398 3883 1609 3948 regnum
1630 3883 1729 3921 car-

172 3946 269 3989 este
307 3939 546 3989 videlicet
582 3938 735 3989 illud.
778 3937 943 3989 Meus.
975 3937 1099 3989 Vat.
1136 3939 1156 3989 1
1208 3938 1495 3989 recmtiort
1540 3953 1721 3989 manu-

172 3946 269 3992 este
307 3937 546 3993 uidelicet
582 3938 735 3992 illud.
778 3937 943 4000 Meus,
975 3937 1099 3992 Vat.
1136 3939 1156 3991 1
1208 3938 1495 3991 recmtiori
1540 3953 1722 4005 manu,

154 4010 362 4075 Arnim,
400 4019 466 4064 ut
496 4009 731 4071 videtur,
770 4017 825 4064 et
854 4010 1036 4075 plures
1065 4008 1218 4072 editi,
1247 4025 1462 4078 regnum
1480 4011 1595 4076 jam
1618 4010 1725 4070 iam

151 4095 339 4150 quoque
377 4080 573 4137 scilicet
611 4079 765 4133 illud.
813 4078 1066 4134 Nonnulli
1124 4080 1357 4146 vulgati,
1418 4095 1726 4148 regnumque

150 4159 284 4202 tuum
302 4154 419 4223 jam
451 4150 640 4223 scilicet
663 4151 813 4204 illud.
838 4150 972 4223 Vera
1003 4150 1163 4203 lectio
1184 4150 1491 4223 elegantior
1512 4163 1725 4219 quoque

148 4219 353 4275 caeteris
398 4232 504 4275 est.
548 4219 670 4274 Jam
700 4226 815 4292 jiiin
845 4220 1049 4273 indicat
1090 4236 1214 4292 rem
1236 4220 1640 4292 imminentem”,
1672 4232 1726 4273 et

147 4292 397 4345 celeritas
429 4292 606 4360 major
646 4290 934 4361 indicatur,
974 4306 1137 4359 quum
1167 4290 1324 4343 alteri
1354 4294 1471 4361 jam
1509 4290 1726 4343 additur

146 4363 457 4427 cOnjunctin
482 4359 597 4430 que.
628 4360 818 4416 Cicero
857 4360 1075 4416 Tuscul.
1110 4361 1146 4414 l.
1179 4377 1217 4421 ι,
1251 4376 1299 4413 c.
1327 4359 1397 4415 7':
1434 4359 1559 4414 Cum
1591 4361 1719 4426 dies,

143 4441 189 4483 et
214 4445 382 4486 noctes
404 4432 733 4503 cogitandum
755 4433 838 4491 sit.
851 4434 987 4502 jam,
999 4433 1208 4503 jamque
1231 4448 1335 4485 esse
1363 4431 1721 4495 moriendum;

144 4512 193 4554 et
241 4506 277 4555 ι.
312 4518 399 4556 xtv
431 4502 497 4555 ad
546 4506 731 4573 Attic.,
790 4518 889 4573 ep.
929 4503 1024 4573 ult.
1071 4519 1085 4555 :
1139 4502 1422 4572 Quaniqum
1450 4503 1561 4569 ipse
1582 4504 1715 4573 jam,

131 4574 337 4643 jamque
362 4574 546 4627 adero.
571 4572 647 4626 Ex
681 4575 822 4627 notis
852 4572 1223 4643 Nebrissensis
1242 4588 1433 4639 arguo,
1459 4572 1589 4627 eum
1613 4572 1719 4625 alio

141 4648 294 4696 modo
326 4647 574 4711 legisse:
608 4644 678 4695 ait
708 4645 850 4697 enim
887 4660 898 4694 :
941 4642 1173 4712 (Quod,
1223 4644 1450 4697 subaudi
1481 4660 1712 4712 regnum.

138 4715 216 4767 Ad
264 4714 424 4780 quod,
468 4710 572 4779 ipse
604 4715 910 4782 reSpondet.
951 4710 1060 4765 »Ὶη
1109 4713 1367 4780 editione,
1420 4710 1713 4779 qua'utor,

140 4799 238 4837 non
272 4784 495 4839 invenio
520 4789 571 4837 in
602 4786 703 4837 hoc
729 4798 907 4849 versu,
926 4797 1023 4851 pro
1048 4798 1153 4851 quo
1184 4797 1244 4835 ea
1275 4795 1356 4835 est
1390 4795 1534 4844 nota,
1556 4784 1711 4850 quod,

138 4854 224 4907 sed
245 4858 359 4927 jam
375 4858 493 4926 jam
515 4871 713 4925 quoque
738 4855 932 4910 scilicet
950 4867 977 4927 _:
1006 4862 1144 4927 notae
1169 4852 1312 4927 enim
1334 4853 1715 4927 NebriSsensis

138 4924 339 4980 recuszc
365 4924 457 4981 hic
482 4924 705 4990 annuet
733 4940 878 4993 sarpe
899 4924 962 4977 ad
985 4925 1087 4979 alia
1115 4925 1274 4978 verba
1299 4924 1567 4989 alludunt,
1595 4940 1714 4989 qua:

138 4996 189 5049 in
221 5008 367 5051 testu
402 5013 511 5051 non
535 5006 817 5064 apparent.
853 4996 986 5049 Puto
1016 4995 1198 5063 igitur.
1236 5010 1265 5047 a
1288 4993 1627 5048 Nebrissensi
1662 4996 1713 5049 in

136 5079 225 5119 sua
263 5070 508 5120 editione
539 5066 795 5131 scriptum
834 5066 1006 5137 fuisse
1042 5065 1289 5118 Adveniet
1331 5082 1544 5136 regnum
1573 5069 1709 5137 jam,

134 5137 254 5201 iam.
282 5137 476 5205 Quod?
498 5138 690 5189 scilicet
712 5135 862 5190 illud.
894 5136 1087 5198 Acute,
1112 5137 1207 5189 sed
1232 5135 1408 5189 minus
1440 5135 1587 5202 vere,
1616 5136 1739 5189 mi»

137 5224 339 5271 ιιυεομιθ
368 5211 669 5274 eleganter.

200 5281 322 5334 251.
358 5277 691 5334 Arnizenius
721 5292 841 5331 cum
874 5277 1057 5332 multis
1077 5276 1237 5331 editis
1264 5275 1488 5330 exhibet
1518 5275 1714 5331 Succe—

135 5348 248 5403 dent
268 5395 282 5419 ,
302 5358 362 5405 et
381 5366 449 5404 ex
481 5350 662 5413 Cant.,
686 5347 856 5403 Parrh
888 5388 904 5415 ,
932 5348 1076 5411 Ald.,
1099 5350 1348 5416 aliisque,
1372 5348 1500 5402 citat
1526 5348 1718 5402 Succe-

202 5474 227 5502 ι
265 5464 322 5518 In
375 5476 484 5519 vet.
515 5464 637 5517 eod.
685 5462 900 5517 Juretus
956 5464 1159 5516 invenit
1190 5462 1344 5532 hujus
1374 5478 1467 5535 pro
1526 5462 1704 5535 mundi

135 5536 414 5605 principem
440 5551 459 5599 ;
487 5546 537 5588 et
569 5537 891 5605 suspicatur,
922 5544 1197 5605 auctorem
1243 5534 1527 5595 scripsisse
1550 5534 1705 5605 hujus

134 5604 309 5659 mundi
338 5607 745 5677 praprincipem.
774 5604 891 5658 Non
927 5608 1118 5671 piaret.
1155 5604 1320 5677 Paulo
1348 5612 1469 5671 post
1495 5604 1710 5672 reliquit

134 5674 449 5747 scripturam
494 5674 806 5747 mendosam
840 5677 1038 5728 veteris
1068 5674 1269 5747 codicis
1297 5690 1387 5727 nec
1407 5688 1571 5728 morte
1590 5691 1711 5728 rou-

134 5745 305 5813 stiurn,
342 5764 439 5817 pro
465 5760 575 5817 quo
617 5746 931 5801 Callanilius
951 5745 1169 5814 coiijicit
1194 5762 1283 5817 nec
1300 5755 1467 5817 morte
1492 5746 1710 5799 constri-

135 5831 270 5873 ctum
297 5836 315 5873 :
344 5816 429 5873 ita
460 5816 649 5874 revera
699 5818 891 5889 legitur
928 5818 987 5870 in
1029 5816 1301 5871 nonnullis
1360 5816 1711 5872 Bibliotltecis

1843 2520 1991 2579 dunt,
2016 2517 2156 2588 quod
2187 2516 2365 2571 minus
2391 2524 2597 2588 rectum
2620 2522 2804 2583 putat;
2830 2516 2881 2570 id
2912 2516 3051 2571 enim
3076 2518 3273 2583 innuit,
3295 2534 3420 2576 cuin

1841 2591 1915 2643 ait
1943 2586 2052 2643 sine
2080 2590 2396 2659 necessitate.
2424 2586 2601 2659 anuj
2649 2588 2762 2659 fere
2784 2604 2993 2659 onmes,
3020 2588 3155 2659 Reg.
3189 2593 3241 2655 1,
3270 2591 3326 2656 Ξ,
3360 2591 3413 2657 1,

1841 2660 1897 2721 5,
1920 2660 2085 2729 Ang.,
2129 2660 2275 2721 Alb.,
2308 2657 2432 2711 Vat.
2461 2657 2519 2720 2,
2553 2655 2664 2711 Ott.
2689 2656 2743 2722 2,
2800 2657 2969 2724 Mens,
3022 2655 3203 2721 Βοῖη..
3231 2655 3423 2715 sum;

1843 2732 1994 2795 dunt,
2026 2732 2172 2799 quod~
2193 2745 2258 2784 ex
2313 2743 2452 2783 nexu
2500 2729 2805 2799 litterarum
2835 2730 2886 2782 in
2921 2729 3035 2782 Vat.
3066 2732 3089 2783 1
3124 2734 3284 2784 etiam
3310 2734 3423 2786 col-

1844 2802 1991 2871 ligo;
2026 2801 2076 2853 in
2120 2800 2231 2855 Ott.
2262 2801 2285 2854 1
2338 2799 2570 2854 fortasse
2596 2809 2679 2853 est
2711 2798 3023 2871 succedant.
3068 2799 3305 2855 Probum
3338 2816 3422 2860 cst

1847 2868 2163 2938 Succedunt,
2214 2872 2365 2941 cujus
2412 2872 2590 2941 glossa
2634 2871 2685 2924 in
2742 2868 2874 2941 Reg.
2908 2872 2930 2925 1
2966 2871 3415 2932 cstsubveniunt:

1843 2961 2036 3013 nempe
2061 2955 2265 2999 :eterno
2296 2943 2387 2997 Dei
2411 2958 2575 3009 regno
2604 2942 2781 2997 omnia
2809 2955 2932 2997 sunt
2980 2947 3285 3011 praesentia,
3319 2960 3417 2999 ne-

1840 3032 1943 3086 que
1970 3017 2266 3071 succedunt
2291 3027 2553 3084 tempora.

1911 3088 2034 3141 252.
2077 3089 2249 3151 Meus,
2283 3087 2667 3155 .Etcrnusmro
2695 3087 2752 3141 d.
2789 3105 2861 3149 s.,
2894 3087 3197 3141 Continuus.
3232 3124 3244 3136 .

1761 3171 1805 3232 ρ
1910 3161 2035 3215 255.
2071 3160 2272 3216 Corona
2320 3168 2671 3232 pro‘teterna
2719 3158 2975 3215 felicitate
3017 3174 3046 3211 a
3097 3157 3418 3220 Christianis

1837 3231 2193 3297 seiiptoribus
2224 3233 2364 3286 solet
2392 3230 2657 3284 adhiberi.

1904 3302 2031 3359 255.
2058 3302 2270 3376 Reg._1,
2294 3302 2470 3376 0:t.1_,
2500 3300 2622 3355 Fiat
2646 3304 2875 3355 voluntas
2898 3312 3005 3376 tua,
3032 3305 3165 3358 sicut
3187 3304 3240 3358 in
3267 3308 3415 3376 caelo,

1834 3383 1883 3427 et
1905 3376 1958 3427 in
1990 3384 2145 3426 terra.
2169 3372 2480 3427 Communis
2502 3376 2766 3441 scriptura
2788 3384 2876 3446 est
2897 3372 3009 3427 Hoc
3029 3376 3241 3446 jugtbus
3263 3372 3416 3440 votis,

1834 3453 2082 3514 correpta
2106 3447 2275 3514 prima
2303 3446 2353 3497 in
2390 3445 2633 3516 jugibus,
2666 3443 2880 3516 utalihi
2922 3443 3059 3516 amnt
3102 3443 3415 3503 'Sednlium.

1833 3512 2243 3588 Cantfprecibus
2278 3530 2371 3582 pro
2388 3512 2621 3588 iugibus.
2656 3512 2938 3588 cellarius»
2970 3514 3217 3588 Fabricio
3246 3518 3422 3588 impu-

1836 3596 1931 3651 tat,
1962 3583 2101 3656 quod
2126 3583 2421 3639 mutaverit
2454 3583 2672 3655 Jugibus
2698 3583 2798 3637 hoc
2834 3586 2986 3646 votis,
3019 3586 3112 3641 Sed
3146 3590 3197 3640 in
3226 3583 3358 3655 Reg.
3382 3592 3416 3645 5

1834 3656 1904 3709 ita
1936 3659 2099 3711 etiam
2150 3656 2366 3711 invenio
2397 3674 2410 3709 :
2443 3657 2583 3724 quod
2635 3671 2699 3709 eo
2749 3660 2909 3708 etiam
2967 3658 3259 3711 notandum
3312 3670 3414 3721 est.

1830 3728 1956 3797 quia
1990 3726 2076 3797 hic
2101 3726 2271 3779 codex
2313 3726 2405 3780 vix
2456 3741 2705 3794 umquam
2753 3724 2984 3797 discedit
3012 3729 3079 3780 ab
3134 3729 3293 3794 Aldo,
3326 3733 3417 3797 qui

1831 3796 2005 3871 habet
2027 3795 2137 3871 [loc
2155 3797 2624 3871 jugibusivotiszln
2647 3796 2897 3871 editione
2925 3798 3253 3871 Ascensiana
3279 3795 3419 3871 Cap-

1831 3870 2010 3936 pnsoti
2048 3867 2263 3921 invenio
2321 3870 2483 3922 etiam
2533 3867 2750 3935 Jugil'us
2800 3868 2896 3919 hoc
2944 3869 3117 3933 votis;
3165 3867 3412 3928 eamdem

1829 3940 2153 4007 scripturam
2187 3937 2483 4007 praeferunt
2512 3938 2725 3993 si'heda:
2755 3938 2985 4001 Poelm.,
3016 3955 3137 3993 cum
3179 3943 3409 4003 addunt,

1830 4008 1975 4072 Non,
2002 4013 2101 4081 hoc
2122 4008 2356 4081 jugibus.
2388 4009 2525 4071 Reg.
2547 4011 2602 4075 4,
2624 4020 2772 4061 noctu
2797 4025 2816 4072 ;
2839 4012 3048 4078 corrige
3076 4022 3220 4065 nocte
3259 4016 3412 4069 metri

1827 4076 2023 4152 gratia.
2044 4076 2225 4152 Rom.)
2257 4095 2528 4152 precamur
2559 4096 2579 4145 ;
2610 4082 2783 4133 retine
2816 4076 3103 4152 precemur.

1898 4149 2023 4204 256.
2061 4149 2117 4203 In
2142 4149 2272 4219 Reg.
2305 4151 2339 4204 4
2372 4151 2444 4203 ita
2472 4152 2795 4215 depravatus
2822 4160 2903 4219 est
2930 4150 3013 4204 hic
3043 4153 3415 4215 versus,lllius

1826 4231 1884 4273 ut
1910 4222 2068 4293 ﬁutin
2086 4223 2232 4280 caelo.
2256 4230 2303 4274 ct
2325 4223 2376 4273 in
2394 4230 2529 4275 terra
2542 4220 2801 4293 voluntas.
2814 4218 2994 4275 Codex
3012 4223 3409 4293 Artnz..1psius

1830 4305 1927 4366 pro
1957 4290 2132 4344 Illius.
2189 4294 2517 4366 hrntzenius
2564 4292 3015 4366 retinendum-ait
3062 4290 3415 4366 lllius,qnia

1827 4362 1945 4434 bene
1965 4377 2065 4416 vox
2090 4361 2368 4434 emphasin
2399 4363 2581 4422 habet,
2601 4378 2719 4434 enm
2748 4362 2815 4416 de
2836 4362 2961 4434 viris
2986 4363 3221 4434 inclytis,
3237 4361 3331 4421 aut
3345 4368 3412 4423 de

1827 4428 1952 4496 diis,
1996 4432 2136 4500 apud
2182 4428 2392 4486 veteres
2431 4432 2724 4502 scriptures
2781 4430 3053 4497 profanos.
3094 4428 3407 4493 est‘Sermo.

1897 4503 2021 4556 257.
2059 4504 2112 4556 In
2158 4502 2289 4571 Reg.
2314 4503 2348 4556 4
2379 4505 2592 4557 videtur
2620 4519 2708 4556 ore
2756 4516 2854 4571 pro
2905 4520 3033 4569 erae,
3070 4506 3211 4574 quod
3241 4523 3405 4563 unum

1750 4557 1800 4617 D
1826 4574 2135 4628 tenendum.
2168 4557 2349 4636 Ca‘nt”
2398 4576 2686 4643 hostemque
2711 4557 3013 4642 m'alignum.

1896 4643 2392 4718 258.Wiipkeasius
2417 4645 2671 4718 affirmat,
2721 4644 2771 4697 in
2796 4657 2956 4718 utque
2982 4646 3263 4701 abundare
3280 4666 3399 4718 que,

1826 4728 1928 4769 met
1942 4717 1982 4766 ri
1998 4714 2337 4768 solummodo
2350 4730 2510 4769 causa
2535 4716 2810 4783 injectum,
2828 4714 2883 4768 ut
2910 4716 3031 4769 aliis
3046 4718 3097 4769 in
3121 4714 3403 4783 locisa'pttd

1823 4784 2123 4848 Sedulinm,
2168 4800 2360 4855 nempe
2391 4787 2426 4837 I.
2452 4802 2531 4845 ιιι,
2566 4801 2702 4839 vers.
2741 4786 2807 4838 89
2840 4802 2853 4847 ;
2887 4787 3025 4855 Liv,
3059 4802 3202 4839 vers.
3237 4788 3327 4853 68,
3348 4802 3403 4845 et

1822 4855 1961 4920 apud
1993 4856 2278 4918 Avienum,
2300 4854 2419 4909 fab.
2457 4858 2544 4921 17,
2579 4871 2720 4910 vers.
2782 4855 2865 4907 15.
2899 4854 3157 4911 Fortasse
3184 4868 3237 4909 nt
3270 4862 3405 4916 hanc

1820 4925 2198 4979 difficultatem
2230 4927 2581 4989 declinarent,
2648 4926 2905 4979 librarius
2957 4927 3005 4978 in
3055 4927 3241 4992 Reg.5
3271 4932 3404 4984 scri-

1824 4999 1953 5064 psit,
1979 5004 2035 5050 et
2063 4996 2231 5049 Aldus
2259 4998 2428 5068 edidit
2476 5007 2531 5049 ut
2570 4999 2715 5061 (celo,
2748 4996 2820 5048 sic
2852 4996 3010 5068 pellat
3033 4997 3207 5051 humo.
3240 5000 3402 5068 Equi-

1822 5068 1942 5120 dem
1992 5069 2189 5119 nullant
2243 5066 2692 5127 video'causam,
2748 5082 2846 5119 cur
2876 5067 2945 5120 ita
2994 5067 3239 5122 Sedulius
3291 5066 3399 5127 non

1818 5137 2468 5209 scrip~erit.ARepugnant
2516 5137 3076 5209 tamenvetustissima
3125 5142 3401 5209 exempla.

1818 5210 1919 5271 ria,
1947 5217 2001 5261 et
2030 5206 2282 5261 Sedulius
2325 5224 2429 5261 non
2460 5209 2627 5263 semel
2679 5208 2829 5260 addit
2870 5224 2965 5277 que
3011 5223 3107 5274 pro
3134 5206 3307 5274 etiam,
3340 5222 3402 5269 ut

1817 5278 2047 5333 dicimus
2072 5277 2341 5348 hodieque.
2372 5278 2481 5333 Pro
2531 5296 2595 5333 ne
2622 5281 2735 5333 Ott.
2765 5278 2820 5341 2,
2852 5276 2905 5331 et
2928 5276 3088 5333 Rom.
3116 5293 3144 5331 a
3179 5294 3263 5349 pr.
3296 5298 3397 5350 m.,

1820 5364 1931 5402 nec.

1812 5462 2053 5525 Patrum,
2076 5478 2173 5517 nec
2196 5462 2353 5518 facile
2366 5466 2706 5517 mutaverim.
2740 5460 2815 5513 lla
2837 5459 2999 5514 etiam
3029 5463 3240 5520 retineo
3262 5468 3400 5525 intra

1815 5536 2032 5595 adorato
2053 5534 2257 5587 Christo
2288 5552 2348 5588 ex
2374 5533 2628 5588 Bibliotb.
2655 5531 2827 5592 Patr.,
2857 5548 2952 5596 pro
2974 5548 3080 5599 quo
3102 5533 3320 5591 Juretus
3348 5550 3404 5595 et

1818 5604 2135 5660 Gallandius
2163 5618 2282 5658 cum
2314 5618 2420 5659 vet.
2445 5604 2559 5656 cod.
2592 5602 2775 5671 legunt
2805 5606 3020 5657 odorato
3041 5602 3260 5662 Christo.
3289 5609 3399 5666 Re—

1819 5688 1906 5801 qie
1936 5675 2150 5756 Juretus
2172 5676 2422 5731 mendum
2452 5673 2630 5741 praelia
2659 5678 2819 5727 victor
2860 5675 3096 5729 correxit
3127 5692 3220 5746 per
3264 5697 3399 5752 prae.

1844 5763 1892 5800 ιο
1917 5755 2094 5799 victor.

1844 5747 1892 5800 io
1917 5748 2094 5799 victor.
