3912 6396
201 291 309 349 629

199 409 311 465 270
350 409 458 465 Nos
485 422 708 480 quoque
732 409 971 464 laxemus
997 425 1009 472 ;
1047 409 1251 478 proprii
1285 398 1407 464 nam
1439 408 1622 466 cautio
1649 406 1799 464 verbi
1828 409 1880 469 Α

352 504 706 581 Spondentes
733 503 1013 557 manifesta
1049 513 1234 568 tenet,
1267 503 1598 572 graviusque
1635 501 1799 558 soluti

349 597 657 663 Nectimur,
687 596 908 650 alterius
933 596 976 649 si
1006 597 1223 651 solvere
1252 593 1430 650 vincla
1462 610 1722 665 negamus
1748 610 1765 650 :

349 689 511 762 233
535 687 866 758 iucipietque
897 687 1012 756 pius
1044 687 1226 745 decies
1251 688 1466 742 miiiena
1500 687 1701 743 talenta

356 783 640 836 Dimittens
674 781 953 848 Dominus,
986 781 1029 835 si
1065 795 1164 836 nos
1195 780 1437 851 afﬂigere
1473 790 1694 851 propter

198 874 312 929 275
355 874 616 929 Denarios
642 881 860 928 centum
891 887 1211 929 con-servum
1239 873 1469 930 senserit
1499 873 1688 940 ullum,

1316 285 1603 342 CARMEN
1645 277 2028 343 PASCHALE.
2070 284 2282 341 LIBER
2323 285 2385 340 li.

3388 289 3493 347 630

2043 404 2282 463 Tradere
2308 405 2595 462 confestim
2628 407 2943 474 tortoribus,
2969 407 3134 478 inque
3155 408 3325 464 feroci

2040 496 2269 553 Carcere
2290 498 2571 553 constricti
2603 514 2710 562 non
2751 500 3132 569 permittemur
3159 500 3310 556 abire
3331 541 3345 566 ,

2047 588 2233 646 Donec
2264 599 2452 644 cuncta
2480 590 2697 646 brevem
2731 591 3018 648 reddamus
3050 592 3117 647 ad
3143 608 3316 664 usque
3358 608 3494 663 qua-

3129 685 3420 757 ldrantem.

2118 772 2282 847 234
2311 774 2432 832 Non
2460 777 2584 847 quia
2629 791 2727 833 nos
2758 777 3051 848 Dominus,
3080 780 3217 836 lueis
3264 781 3346 835 via
3366 821 3381 847 ,
3412 795 3499 839 se-

3053 870 3206 942 [mita
3243 873 3392 944 pacis
3410 915 3424 939 ,

1534 962 1712 1020 OPUS
1753 958 2145 1021 PASCHALE.

198 1061 436 1131 epistola
461 1103 475 1127 ,
515 1059 898 1127 manifestavit,
930 1058 1203 1129 spiritales
1232 1058 1420 1129 epulas
1447 1072 1570 1114 esse
1595 1056 1802 1112 doctri-

201 1167 354 1216 nam,
387 1152 598 1206 dicens:
635 1148 701 1203 Et
730 1167 846 1218 ego,
881 1154 1100 1220 fratres,
1141 1165 1244 1204 non
1289 1150 1428 1219 potui
1471 1150 1610 1203 vobis
1660 1148 1802 1218 loqui

198 1245 353 1314 quasi
383 1242 720 1312 spiritalibus,
757 1243 850 1298 sed
875 1243 1022 1313 quasi
1046 1242 1348 1296 't‘arnalibus
1373 1283 1387 1308 ,
1431 1242 1580 1310 quasi
1621 1242 1798 1311 infan-

199 1336 338 1390 tibus
361 1339 415 1389 in
439 1335 639 1391 Christo
665 1335 1004 1406 uobis-potum
1033 1335 1112 1388 lac
1143 1335 1279 1399 dedi,
1311 1352 1414 1388 non
1433 1335 1623 1388 cibum.
1652 1332 1801 1387 Non-

197 1432 330 1483 dum
356 1430 489 1484 enim
518 1430 761 1501 poteratis
789 1429 845 1502 (Ι
877 1429 996 1484 Cor.
1026 1445 1108 1497 ιιι,
1149 1432 1202 1496 1,
1242 1429 1331 1500 2).
1374 1430 1506 1498 Quis
1543 1430 1794 1496 dubitet,

199 1523 461 1592 solusque
500 1522 754 1593 ambigat,
801 1522 916 1578 haec
959 1523 1139 1578 omnia
1170 1522 1499 1592 spiritaliter
1529 1521 1794 1594 figurari”?

201 1630 383 1686 neque
411 1615 556 1671 enim
590 1614 753 1670 fuisse
798 1615 922 1670 illos
951 1614 1209 1678 infantes,
1243 1622 1334 1669 aut
1364 1614 1520 1671 lactis
1549 1613 1618 1669 ab
1646 1614 1796 1683 Apo-

197 1709 348 1764 stoio
390 1708 721 1766 nutrimenta
767 1709 1084 1778 sumpsisse,
1115 1708 1201 1763 vel
1240 1707 1439 1782 stultus
1467 1702 1662 1777 aliquis
1696 1723 1794 1778 po-

200 1803 336 1858 terit
376 1803 656 1858 arbitrari.
701 1801 807 1858 Sed
840 1802 1166 1872 incipientes
1193 1802 1358 1858 verba
1388 1801 1522 1871 legis
1550 1801 1796 1870 haurire,

1906 1056 2166 1125 sumptio,
2216 1071 2378 1126 quam
2455 1053 2780 1125 pecuniariae
2841 1056 3161 1124 quantitatis
3205 1056 3498 1125 inhonesta

1911 1148 2160 1203 tractatio
2187 1148 2436 1217 plurimis
2465 1145 2703 1200 ostendit
2747 1146 2884 1214 apud
2932 1147 3216 1202 Dominum
3264 1148 3496 1204 nexibus

1902 1242 2192 1296 involutos.
2225 1240 2477 1310 Quisquis
2500 1241 2664 1304 enim,
2690 1249 2855 1310 prout
2882 1239 3112 1296 facultas
3134 1242 3327 1298 virium
3353 1260 3485 1314 pon-

1901 1335 2139 1402 deratur,
2193 1335 2368 1404 egenti
2421 1334 2585 1388 fuerit
2623 1334 2971 1400 inhumanus,
3037 1335 3174 1401 Deo,
3230 1351 3352 1407 qua:
3400 1352 3497 1392 sua

1900 1437 2050 1498 sunt,
2080 1428 2366 1494 inticiatus,
2401 1428 2630 1498 abjurat,
2657 1428 2810 1498 cujus
2840 1430 3006 1497 pietas
3029 1429 3238 1484 inﬁnita
3265 1430 3496 1485 misero-

1901 1539 2021 1578 rum
2051 1524 2130 1578 sic
2159 1530 2339 1578 tuetur
2368 1523 2665 1592 angustias,
2699 1530 2758 1577 ut
2797 1522 3059 1593 quidquid
3105 1540 3327 1595 pauperi
3378 1526 3492 1581 dis-

1899 1616 2143 1686 pensatio
2171 1615 2398 1684 benigna
2429 1615 2685 1685 largitur,
2719 1614 2820 1669 sibi
2864 1614 3162 1684 profecisse
3191 1625 3216 1653 ε
3252 1626 3496 1674 testetur.

1902 1707 1954 1762 ln
2007 1707 2148 1761 votis
2192 1707 2390 1774 etiam,
2435 1722 2554 1777 quae
2600 1706 2984 1775 promittimus,
3019 1707 3200 1764 divina
3231 1709 3496 1770 beneﬁcia

1897 1800 2172 1856 consecuti
2202 1798 2474 1856 debitores
2501 1800 2834 1868 exsistimus,
2862 1801 3039 1856 donec
3057 1816 3121 1856 ea
3142 1803 3288 1858 fideli
3313 1815 3498 1864 mente

199 1909 265 1948 ac
293 1894 554 1964 paulatim
584 1894 785 1951 divinis
826 1895 991 1950 imbui
1023 1895 1305 1962 institutis,
1334 1896 1503 1951 lactea
1536 1896 1682 1950 velut
1712 1895 1795 1949 in-
1827 1912 1872 1971 Β
1900 1895 2198 1948 solvamus.
2231 1892 2356 1948 ﬂare
2384 1892 2562 1963 igitur,
2599 1908 2718 1963 qua:
2748 1892 2818 1948 de
2847 1893 3171 1969 pecuniariis
3197 1894 3339 1952 dicta
3370 1907 3501 1953 sunt

197 1983 375 2041 fantes
417 1985 643 2050 ebibere
691 1987 986 2057 primordia
1027 1988 1171 2043 scire
1199 1989 1468 2053 convenit,
1503 1988 1626 2057 quia
1657 1987 1800 2042 sicut

197 2077 454 2132 salutaris
493 2078 647 2141 cibus
677 2088 761 2133 est
790 2079 928 2134 bona
955 2079 1220 2147 doctrina,
1251 2079 1330 2136 sic
1354 2081 1656 2149 noxiusest
1684 2095 1797 2134 ma-

196 2169 370 2240 ligna.
405 2169 532 2226 Ideo
555 2171 819 2226 Dominus
847 2171 1144 2242 discipulos
1171 2173 1427 2230 monebat
1460 2187 1492 2226 a
1525 2172 1794 2228 fermento

195 2261 599 2320 Pharisaeorum
624 2306 638 2330 ,
684 2274 754 2320 et.
778 2264 1201 2322 Sadduczeorum
1249 2266 1566 2336 spiritaer
1606 2281 1664 2321 se
1703 2281 1794 2321 ca-

195 2371 327 2412 vere
356 2373 370 2409 :
403 2358 582 2413 sciens
609 2400 622 2421 ,
653 2358 795 2413 acidi
824 2359 1091 2429 dogmatis
1120 2360 1269 2415 viros
1297 2360 1464 2416 totius
1483 2359 1793 2416 dulcedinis

193 2451 503 2515 ubertatem
531 2466 698 2521 parvo
725 2460 868 2506 tactu
889 2466 1278 2523 corrumpere,
1307 2453 1567 2522 quoniam
1599 2467 1792 2508 secun-

192 2543 324 2597 dum
342 2542 486 2613 quod
509 2543 740 2598 aitidem
756 2543 952 2598 Paulus
964 2544 1270 2614 apostolus.
1293 2543 1552 2599 Modicum
1569 2549 1793 2616 [ennea-

192 2646 302 2690 tam
331 2644 490 2690 totam
516 2653 739 2690 massam
768 2639 1052 2706 corrumpit
1083 2654 1102 2692 :
1125 2653 1254 2694 nam
1300 2639 1402 2694 etsi
1435 2653 1634 2707 corpus
1685 2639 1790 2694 Do-

191 2727 323 2796 mini
357 2729 526 2782 nostri
553 2725 684 2783 Jesu
715 2725 914 2782 Christi
960 2729 1136 2800 magis
1177 2743 1304 2785 esse
1322 2730 1616 2785 credamus
1642 2730 1789 2787 hunc

189 2837 415 2892 partem,
439 2822 510 2877 ab
529 2821 761 2891 spiritali
787 2822 1143 2880 nihilominus
1188 2824 1403 2880 ratione
1441 2839 1788 2896 nequaquam

189 2914 442 2988 noscitur
471 2914 764 2982 dedicare,
815 2914 1057 2972 maxime
1075 2915 1204 2986 quia
1240 2916 1365 2971 talis
1395 2916 1658 2984 epulatio,
1703 2917 1787 2972 vel

189 3007 317 3061 talis
349 3008 529 3061 oratio
561 3007 693 3062 nulli
715 3007 1018 3079 gentilium,
1047 3009 1175 3062 nulli
1202 3008 1536 3075 Iudaeorum,
1564 3010 1666 3064 nisi
1698 3025 1790 3065 so-

189 3097 256 3152 lis
285 3097 545 3152 divinitus
575 3099 806 3153 traditur
834 3098 1181 3154 Christianis.
1207 3099 1273 3153 Et
1295 3100 1497 3155 dimitte
1520 3101 1666 3155 nobis
1697 3095 1791 3156 de-

185 3188 295 3242 bita
320 3197 519 3261 nostra,
552 3189 686 3243 sicut
700 3199 868 3244 ethos
897 3192 1200 3245 dimittimus
1221 3190 1534 3246 (ianitoribus
1567 3194 1782 3249 nostris.

1898 1985 2116 2052 debitis,
2150 1989 2312 2042 etiam
2343 1985 2410 2040 de
2439 1985 2652 2040 caeteris
2687 1993 3032 2056 peccatorum
3078 1989 3368 2058 generibus
3411 1991 3497 2045 di-

1899 2078 2092 2144 versis,
2121 2078 2316 2148 quibus
2341 2085 2545 2132 :eterno
2570 2076 2770 2145 judicio
2807 2086 3051 2134 tenemur
3078 2078 3345 2150 obstricti,
3371 2095 3498 2137 sen-

1897 2170 1998 2224 tire
2020 2184 2119 2223 nos
2140 2169 2426 2224 convenit:
2455 2168 2711 2235 scientes,
2740 2169 2808 2222 ob
2836 2168 2940 2224 ltoc
2965 2172 3211 2225 aerariam
3238 2171 3494 2229 similitu-

1895 2259 2075 2316 dinem
2117 2262 2333 2331 tlagitiis
2386 2268 2774 2331 comparatam,
2830 2263 3084 2332 quoniam
3125 2262 3151 2300 ι)
3181 2265 3334 2321 radix
3388 2284 3499 2322 om-

1896 2355 2039 2408 nium
2067 2355 2321 2408 malorum
2345 2362 2416 2407 est
2445 2355 2662 2408 avaritia
2697 2354 2755 2424 (Ι
2787 2352 2922 2409 Tim.
2951 2371 3022 2422 vr,
3059 2355 3169 2426 10),
3207 2357 3324 2413 sine
3343 2359 3501 2429 Cujus

1894 2449 2103 2504 semine
2134 2447 2330 2502 vitioso
2351 2448 2495 2502 nulla
2520 2447 2909 2517 pr0pemodum
2933 2448 3138 2504 scelera
3159 2462 3494 2520 generantur

1895 2541 1947 2596 in
1989 2540 2148 2595 malo.
2194 2541 2289 2595 llic
2329 2539 2678 2595 homicidium
2732 2548 3043 2609 perpetrat,
3091 2551 3153 2596 ut
3195 2542 3494 2614 innocenti,

1891 2631 2042 2706 quod"
2078 2633 2387 2702 aii’ectavit,
2438 2634 2647 2704 eripiat.
2705 2634 2855 2688 Alter
2893 2634 3116 2704 praemio
3167 2636 3494 2694 sollicitatus

1892 2737 2118 2796 acoepto
2149 2725 2427 2780 mendacis
2470 2726 2766 2780 testimonii
2815 2726 2870 2779 fit
2910 2725 3148 2795 jurator.
3185 2726 3493 2783 Nonnullos

1893 2819 1958 2875 ad
1992 2819 2316 2874 lenocinium
2346 2818 2638 2874 adulterini
2669 2818 2977 2874 commercii
3009 2818 3186 2874 coitus
3216 2819 3374 2875 fmdae
3409 2835 3495 2882 re-

1892 2911 2219 2980 demptionis
2258 2910 2507 2979 impellit.
2538 2909 2643 2963 Alii
2676 2909 2815 2963 furto
2850 2925 2907 2964 se
2933 2911 3230 2974 maculant,
3267 2909 3357 2965 alii
3394 2912 3491 2968 de-

1894 3006 2124 3074 positum
2157 2987 2551 3073 neganthunt
2581 3003 2699 3057 istis
2746 3013 2799 3057 et
2826 3003 2978 3072 plura
3017 3003 3252 3068 similia,
3296 3004 3493 3072 quibus

1891 3099 2063 3153 amica
2093 3086 2309 3169 semper
2339 3098 2507 3152 fames
2533 3097 2650 3150 auri
2682 3097 3018 3151 commilitat.
3060 3095 3274 3151 Nullum
3313 3106 3494 3154 tamen

1890 3194 2099 3248 crimen
2134 3192 2294 3249 facile
2325 3191 2666 3256 admittitur,
2709 3192 2791 3245 cui
2844 3191 3084 3260 pecunia:
3129 3192 3490 3249 ministerium

185 3279 240 3336 Si
271 3275 592 3352 diligentius
620 3283 907 3354 petitionis
935 3295 1136 3339 nostrm
1184 3295 1312 3342 vota
1344 3289 1654 3357 metiamur,
1695 3290 1783 3346 vel
1812 3297 1859 3360 ρ
1892 3287 2117 3343 minime
2165 3287 2509 3356 suﬂ‘ragatur.
2552 3286 2716 3354 Igitur
2762 3285 2957 3338 divinae
3014 3285 3227 3355 pietatis
3293 3303 3496 3343 munus

187 3374 476 3430 tribuenda
523 3375 681 3431 nobis
729 3376 1102 3448 indulgentia,
1137 3377 1221 3433 vel
1264 3380 1510 3449 neganda
1543 3383 1783 3450 propriis

185 3466 524 3537 dignoscitur
551 3469 836 3538 exemplis.
869 3470 986 3525 iloe
1021 3471 1164 3525 enim
1193 3486 1417 3542 sperare
1455 3473 1715 3543 jubemur
1753 3491 1784 3533 a

187 3556 448 3626 Domino,
473 3559 614 3629 quod
643 3560 920 3615 cernimur
950 3561 1222 3618 dimisisse
1249 3578 1540 3620 conservo.
1569 3566 1782 3638 Quippe

183 3665 323 3721 quos
352 3651 498 3720 paris
519 3652 710 3707 eadem
747 3653 833 3709 le:
865 3654 1198 3711 conditionis
1215 3657 1493 3727 astringit,
1533 3669 1594 3712 ut
1627 3659 1781 3717 debi-

187 3753 336 3797 tores
359 3741 502 3798 sicut
522 3758 645 3799 esse
677 3746 948 3811 nolumus,
978 3746 1056 3800 ita
1104 3761 1205 3802 nec
1237 3747 1435 3804 habere
1474 3751 1776 3819 cupiamus.

186 3832 242 3887 in
271 3834 508 3890 aliorum
555 3846 790 3906 namque
825 3839 1084 3906 personis
1132 3847 1227 3893 aut
1278 3840 1634 3907 absolvimur,
1686 3852 1783 3900 aut

187 3925 442 3994 ligantur.
471 3927 629 3994 Quod
671 3930 716 3982 si
749 3938 970 4006 putatur
999 3931 1288 3999 incertum,
1321 3928 1397 3989 de
1447 3935 1645 4004 quibus
1681 3930 1781 3991 de-

185 4019 458 4075 bitoribtrs
528 4021 617 4078 hic
665 4033 864 4094 agatur
891 4065 904 4089 ,
963 4025 1214 4094 ponenda
1264 4038 1354 4082 est
1405 4030 1782 4085 excusationis

184 4111 418 4170 intimi:
450 4114 728 4181 materies,
760 4123 816 4170 et
832 4130 940 4172 seu
963 4115 1212 4172 fortassis
1235 4118 1286 4173 in
1316 4119 1493 4190 culpa,
1537 4122 1656 4176 sive
1679 4136 1775 4192 pe-

181 4205 362 4271 cunia,
381 4207 478 4262 vel
513 4208 567 4262 in
589 4223 944 4280 quocumque
970 4212 1064 4266 tibi
1095 4211 1262 4267 frater
1290 4229 1416 4269 reus
1449 4214 1633 4279 fuerit,
1662 4215 1772 4271 hoc

184 4297 390 4355 relaxa.
437 4299 569 4357 Nam
617 4312 670 4359 et
699 4318 804 4357 non
851 4310 962 4360 tam
1008 4304 1330 4360 delictorum
1396 4310 1587 4363 crebra
1635 4324 1784 4379 pra-

1893 3379 2122 3448 indept‘i,
2149 3379 2520 3446 impunitatem
2545 3376 2781 3431 caelestis
2816 3376 3162 3446 indulgentia:
3185 3379 3488 3446 consecuti,

1887 3471 2036 3542 quod
2059 3470 2386 3540 accepimus,
2404 3469 2636 3523 invicem
2665 3483 2774 3520 non
2798 3482 3078 3537 negemus,
3095 3483 3166 3524 ne
3191 3471 3490 3538 majoribus

1893 3563 2150 3631 absoluti,
2172 3578 2293 3618 eum
2327 3576 2486 3630 parva
2519 3576 2625 3614 non
2657 3558 2999 3624 resolvimus,
3021 3561 3270 3614 maximis
3299 3563 3494 3617 iterum

1892 3655 2122 3710 vinculis
2144 3654 2501 3726 implicemur.
2528 3652 2755 3720 Moxque
2776 3651 3036 3705 Dominus
3060 3653 3150 3707 ille
3173 3655 3486 3711 misericors

1891 3749 2139 3812 donator,
2157 3746 2324 3801 debiti
2349 3761 2453 3798 non
2477 3753 2713 3809 exactor,
2739 3744 2824 3813 qui
2857 3744 3178 3798 talentorum
3214 3746 3368 3800 nobis
3395 3747 3488 3802 de-

1892 3856 2008 3896 cem
2041 3839 2207 3895 millia
2231 3839 2516 3904 relaxavit,
2535 3838 2578 3892 si
2610 3847 2829 3907 propter
2856 3835 3114 3892 denarios
3137 3848 3350 3892 centum
3367 3853 3492 3894 sen-

1888 3935 2020 3989 serit
2041 3949 2137 3988 nos
2159 3932 2501 4002 strangulare
2531 3945 2875 3996 eonservum,
2906 3931 3066 3985 satvis
3096 3931 3232 3985 tradi
3261 3933 3489 3988 tortori-

1892 4028 1990 4082 bus
2008 4038 2200 4082 cu-ncta
2216 4026 2406 4095 jubeat
2424 4024 2713 4096 exigendo;
2743 4024 2904 4092 inque
2921 4025 3251 4078 carceralem
3278 4024 3486 4081 detrusi

1890 4122 2188 4179 custodiam
2214 4123 2428 4191 penitus
2452 4118 2631 4189 egredi
2651 4133 2761 4172 non
2785 4123 3044 4182 sinamur,
3073 4117 3246 4173 donec
3268 4119 3479 4174 luamus

1891 4217 2138 4271 universa
2173 4228 2342 4283 usque
2370 4212 2433 4264 ad
2469 4211 2686 4264 modum
2718 4211 2891 4264 ultimi
2919 4209 3233 4278 quadrantis
3259 4211 3484 4265 amissa.

1890 4307 1961 4362 Et
1991 4324 2052 4361 ue
2081 4322 2174 4361 nos
2201 4306 2415 4359 inducas
2438 4304 2856 4375 intentationem.
2888 4302 3003 4357 Non
3033 4302 3174 4372 quod
3203 4302 3486 4374 Dominus,

1645 4399 1972 4457 'SCHOLIA.

251 4481 379 4558 ﬁt.
572 4478 714 4558 1,2,
741 4481 911 4549 Mem,
938 4492 1158 4552 tenent;
1189 4487 1421 4558 corrige,
1454 4496 1608 4542 tenet.

251 4551 381 4608 272.
420 4550 557 4629 Reg.
593 4555 645 4629 1,
679 4557 791 4610 Ott.
819 4558 874 4623 2,
904 4550 1148 4628 negemus
1172 4576 1191 4624 ;
1215 4559 1274 4612 in
1306 4550 1438 4629 ιτθς.
1483 4559 1518 4613 2
1559 4559 1660 4615 fuit
1689 4580 1773 4615 ne-

180 4639 380 4696 gemus,
414 4626 506 4679 sed
535 4626 934 4702 eadem__veteri
974 4626 1143 4682 manu
1195 4626 1497 4684 correctum
1548 4643 1632 4684 est
1678 4648 1772 4702 per

181 4710 446 4766 negamus,
497 4708 618 4764 quae
659 4696 905 4752 codicum
956 4709 1267 4754 nostrorum
1311 4702 1659 4755 communior
1678 4696 1772 4758 ἐει

1883 4489 2163 4546 Conradus
2187 4485 2493 4562 monachus
2535 4485 2687 4562 apud,
2722 4485 3231 4562 Pezziumdissert.
3265 4487 3476 4562 isagog.

1882 4563 1947 4616 ad
1970 4562 1995 4618 Ι
2021 4562 2131 4616 vol.
2165 4559 2409 4614 thesaur.
2445 4557 2651 4612 Anecd.
2677 4559 2818 4625 'pag.
2853 4559 2906 4622 5,
2945 4558 3034 4612 ubi
3062 4559 3331 4612 indicatur
3358 4557 3478 4613 eur-

1882 4650 2031 4695 men,
2067 4631 2218 4698 Quod
2250 4631 2464 4699 triginta
2489 4629 2735 4699 argentei,
2782 4630 2963 4697 quibus
3002 4647 3032 4682 a
3066 4627 3207 4682 Juda
3234 4631 3474 4699 venditus

1880 4717 1952 4757 est
1973 4703 2233 4767 Christus,
2251 4698 2474 4771 tempore
2494 4698 2822 4771 Assyriorum
2842 4702 2974 4769 regis
3002 4701 3241 4771 fabricati
3257 4698 3472 4770 fuerint.

181 4766 501 4862 leﬁtio..§i_c
529 4769 689 4821 etiam
738 4771 952 4862 Artium,
1002 4769 1211 4862 imrth
1261 4770 1448 4837 Aldus,
1507 4783 1560 4826 et
1609 4775 1769 4829 multi
1798 4801 1851 4862 Ι)
1876 4766 2377 4862 lucustitz‘lgenarii's
2406 4766 2618 4862 triginta
2642 4769 2812 4862 Deum
2836 4766 3302 4852 venditGalila’us.

181 4837 334 4893 editi.
367 4831 498 4901 Ain,
525 4855 790 4908 negemus.
817 4831 1150 4899 Utrumlibet
1196 4831 1403 4895 rectum
1437 4831 1537 4897 'est
1573 4861 1584 4896 :
1641 4860 1768 4901 nam

184 4909 448 4976 particula
477 4910 521 4964 si
553 4925 674 4964 cum
705 4911 994 4966 indicativo
1036 4921 1090 4965 et
1118 4911 1411 4983 subjuncto
1458 4915 1769 4984 promiscue

183 4989 493 5047 usurpatur.

253 5047 398 5130 275;
424 5051 588 5130 Urb”.
623 5067 739 5104 cum
760 5069 1002 5130 servum;
1030 5055 1171 5122 lege,
1205 5066 1522 5130 conservum.
1552 5058 1665 5130 Pro
1690 5062 1770 5114 ul-

181 5123 289 5174 lum
347 5121 499 5176 Meus
529 5118 700 5188 illum,
750 5118 1036 5192 Arntz'en.,
1081 5118 1258 5179 unum.
1302 5125 1514 5182 Passim
1550 5128 1663 5184 lucc
1716 5132 1767 5185 iu

183 5207 316 5246 mss.
353 5194 767 5259 permiscenttIr.
823 5194 1017 5249 Melius
1053 5197 1329 5251 videretur
1388 5216 1567 5253 unum.
1625 5200 1771 5254 Non-

184 5264 316 5340 nulli
342 5272 550 5340 putant,
573 5267 879 5340 secundam
894 5267 976 5340 _in_
994 5263 1252 5340 _Deuarios
1279 5268 1381 5323 hoc
1407 5271 1523 5324 loco
1545 5273 1766 5340 corripi,

183 5345 242 5388 ut
272 5335 327 5411 in
350 5335 622 5411 similibus
646 5337 1243 5411 exemplisiiiartiulis,
1287 5349 1347 5394 et
1394 5341 1634 5411 Dionysii
1665 5335 1769 5398 (in;

183 5407 342 5460 tonis.
362 5405 579 5482 _Meltt_ts
611 5407 700 5482 alii
729 5404 1070 5482 trisyllabum
1119 5404 1551 5482 per‘symeresiti
1575 5411 1771 5469 dicunt

183 5492 303 5531 esse
348 5476 622 5532 ωηατ-ξοδ.
660 5476 859 5532 Eodem
911 5479 1071 5533 motio
1123 5476 1228 5535 lue
1275 5476 1448 5538 verbo
1493 5499 1625 5539 usus
1681 5495 1770 5541 est

251 5578 277 5647 ξι
319 5569 450 5647 Erat
482 5570 673 5647 iuvet.
703 5570 848 5635 cod,
875 5571 984 5624 sine
1025 5555 1316 5642 proiecisse.
1361 5573 1579 5631 Iuretus
1609 5591 1769 5647 repo-

183 5640 289 5712 suit
314 5640 409 5712 sibi
426 5640 731 5712 profecisse.

255 5710 279 5748 δ
323 5711 466 5766 Editi
494 5710 684 5785 trames
718 5713 900 5782 legunt
930 5724 1241 5785 generantur
1267 5716 1320 5769 in
1351 5717 1508 5771 malo.
1549 5717 1770 5773 Gailan-

186 5782 302 5838 dius
332 5797 361 5838 e
389 5799 484 5839 sua
514 5783 828 5853 conjectura
873 5782 946 5839 in‘
972 5794 1174 5840 textum
1207 5787 1430 5842 immisit
1460 5799 1768 5858 generantur

1945 4842 2072 4900 276.
2118 4844 2267 4899 Meus
2295 4858 2400 4896 non
2433 4842 2574 4895 male
2603 4850 2755 4909 atque
2785 4857 2882 4909 pro
2914 4843 3090 4910 inque.

1944 4918 2088 4971 278:
2121 4912 2394 4969 Vonckius
2425 4927 2499 4967 su.
2541 4909 2732 4966 ticatur
2762 4913 2918 4964 levem
2965 4909 3060 4979 pro
3104 4913 3323 4976 brevem,
3357 4929 3470 4968 mc-

1946 5001 1978 5037 n
2004 4985 2452 5037 dissentientibus
2469 4928 2824 5037 woukensio.
2861 4982 3132 5037 Grunero.
3162 4995 3217 5037 et
3238 4985 3470 5037 Arntze-

1875 4989 1978 5041 rito
2004 4985 2452 5040 dissentientibus
2469 4982 2824 5053 Wopkettsio,
2861 4982 3132 5048 Grunero,
3162 4995 3217 5037 et
3238 4985 3471 5041 Arntze-

1875 5059 1983 5112 nio.
2017 5054 2196 5110 Brevis
2216 5056 2446 5118 sumitur
2471 5069 2570 5124 pro
2598 5054 2819 5124 exiguo,
2853 5053 3080 5108 miutttn.
3113 5055 3244 5121 Vide
3282 5067 3468 5111 notam

1871 5129 1936 5182 ad
1964 5129 2186 5183 Juvenc.
2211 5126 2261 5180 Ἰ.
2286 5145 2324 5190 t,
2355 5123 2495 5180 versi.
2526 5124 2652 5179 554.
2688 5123 2884 5178 Ultima
2915 5142 3067 5195 quam
3105 5125 3310 5195 νηιίηἱηιὶ
3350 5127 3471 5180 red-

1872 5201 2027 5252 datur
2060 5198 2226 5262 portio
2266 5197 2481 5251 nummi.
2516 5195 2755 5249 Avienus
2788 5197 2896 5251 i'ab.
2929 5194 2994 5251 58
3028 5215 3038 5248 :
3078 5194 3144 5249 Te
3178 5197 3330 5251 simul
3365 5214 3468 5254 tere

1875 5272 2009 5324 brevi
2033 5270 2198 5323 debile
2228 5267 2410 5338 vulgus
2442 5266 2705 5338 emet.HSic
2725 5268 2830 5321 alia
2865 5269 3082 5338 passim.

1941 5341 2072 5398 αἵθ.
2114 5340 2250 5409 Reg.
2283 5337 2472 5404 d,~0tt.
2496 5354 2520 5392 σι
2541 5379 2553 5403 ,
2583 5337 2647 5392 Et
2673 5354 2857 5409 nsanos
2878 5337 3093 5392 inducas
3135 5339 3187 5392 in
3222 5341 3466 5391 teutatio—

1877 5428 2013 5467 nem.
2057 5407 2310 5467 Sedulius
2340 5411 2546 5478 junior,
2595 5419 2781 5465 auctor
2814 5407 3126 5463 Comment.
3164 5411 3216 5463 in
3247 5410 3460 5478 Mattlt.,

1879 5485 1978 5538 hos
2000 5498 2191 5539 versus
2232 5481 2436 5549 laudat,
2466 5489 2524 5538 ut
2547 5480 2663 5536 dixi
2694 5478 3002 5548 Prolegom.
3037 5497 3090 5533 n.
3124 5479 3210 5535 56.

1874 5579 1924 5629 in
1955 5575 2162 5628 mundo.
2197 5573 2315 5628 Non
2345 5576 2579 5628 arbitror
2620 5574 2984 5626 necessarium
3013 5583 3250 5628 veterem
3278 5575 3462 5642 scrip-

1872 5658 2043 5700 ttrratn
2078 5645 2370 5700 deserere.
2421 5645 2558 5699 Infra
2591 5644 2900 5712 quadrantis
2950 5646 3138 5697 amissa
3172 5645 3461 5713 legendum

1871 5717 2082 5772 videtur
2126 5718 2372 5781 admissa,
2424 5717 2524 5768 boe
2568 5725 2669 5781 est,
2734 5716 3044 5780 commissa,
3085 5732 3182 5770 seu
3217 5724 3457 5786 peccata.

1875 5790 2009 5845 Sunt
2036 5790 2123 5858 qui
2149 5789 2328 5842 malint
2360 5787 2580 5852 amissa,
2617 5787 2668 5839 lt.
2702 5803 2749 5839 e.
2784 5786 3060 5856 dissipata.
