3912 6394
403 247 501 303 681

1773 242 1993 301 COELII
2029 242 2299 300 SEDULll

3576 246 3686 305 633

395 365 502 423 280
536 365 595 422 ln
637 367 859 436 laqueos
895 366 1153 423 tentantis
1181 372 1323 434 agat,
1355 361 1451 417 sed
1472 377 1595 417 cum
1626 361 1764 417 mala
1796 370 1982 417 nostra
2010 360 2194 436 A290
2230 360 2330 418 Hic
2374 360 2471 416 alit
2504 400 2519 427 ,
2567 359 2659 419 ille
2709 367 2869 417 necat
2916 377 2930 415 :
2988 373 3114 416 nam
3175 369 3437 435 quantum
3491 361 3682 417 sidera

543 460 779 525 Deserit,
807 461 887 515 ire
913 456 1047 515 sinit
1079 475 1091 511 :
1127 471 1250 512 nam
1282 454 1527 526 quisquis
1548 454 1678 509 retia
1707 453 1892 509 mundi

542 554 812 609 Deliciosa
843 565 1100 620 sequens,
1128 549 1309 613 luxus,
1338 558 1395 603 et
1419 546 1610 618 gaudia
1637 544 1850 600 blandas

541 644 867 701 Perditionis
897 653 1066 711 amat,
1100 643 1240 697 Deus
1271 641 1433 705 hunc,
1465 640 1677 694 virtutis
1700 648 1933 721 amator,

552 736 792 807 Linquit,
824 745 880 792 et
915 736 1240 808 ingreditur,
1270 750 1373 805 qua
1402 748 1462 789 se
1491 732 1717 788 tentatio
1747 731 1915 787 ducit.

401 828 507 885 285
544 830 625 884 Ab
659 827 758 883 hac
787 843 916 899 ergo
946 829 1137 900 pedem
1169 838 1317 884 retro
1343 826 1625 892 iaciamus,
1652 832 1710 879 et
1738 834 1952 880 arctum

543 921 707 994 235
744 920 924 979 Corde
968 931 1222 997 petamus
1269 919 1391 987 iter,
1443 917 1621 974 tenuis
1667 933 1773 988 qua
1794 918 1985 973 semita

1629 1009 1921 1082 [monstrat

537 1109 624 1167 lre
648 1125 748 1179 per
775 1120 1058 1181 angustam
1086 1122 1251 1179 regna
1278 1106 1347 1162 ad
1378 1106 1623 1164 coelestia
1648 1117 1881 1176 portam.

617 1206 675 1263 Si
707 1206 955 1278 cupimus
984 1204 1158 1259 vitare
1187 1203 1422 1269 malum,
1452 1190 1715 1257 debemus
1742 1200 1926 1264 adire,

544 1296 861 1369 Sectarique
883 1297 1082 1353 bonum
1100 1311 1116 1362 ;
1143 1294 1229 1351 hic
1248 1295 1373 1366 quia
1390 1293 1604 1360 liberat,
1621 1293 1710 1349 ille
1726 1291 1992 1347 trucidat:

3398 454 3609 529 [terris,

2236 546 2379 616 Ignis
2416 544 2595 616 aquis,
2627 544 2808 602 lumen
2837 548 3098 614 tenebris,
3138 546 3433 604 concordia
3486 548 3681 616 bellis,

2236 638 2361 694 Vita
2390 639 2707 709 sepulturis,
2738 650 2941 696 tantum
2980 642 3126 697 bona
3156 640 3371 710 longius
3410 639 3615 695 absunt

2238 729 2536 786 Dissociata
2595 730 2772 788 malis.
2834 732 3090 788 Dextrum
3153 732 3524 802 quicumque.
3581 746 3687 788 ne-

3303 824 3613 897 [cesse,est,

2234 918 2342 972 Ant
2371 917 2565 993 laevum
2594 916 2873 988 gradiatur
2900 916 3022 973 iter.
3055 917 3163 974 Sed
3191 917 3391 972 dextra
3416 919 3686 974 bonorum

2092 1010 2198 1067 295
2237 1009 2398 1082 236
2431 1008 2635 1066 Semita
2673 1011 2999 1081 conspicuos
3029 1019 3188 1067 vocat
3233 1014 3288 1066 ln
3334 1025 3436 1067 sua
3492 1011 3688 1083 gaudia

3394 1104 3613 1178 [justos.

2238 1197 2404 1267 lnqne
2429 1204 2573 1266 tuos,
2599 1196 2943 1261 Patriarcha,
2977 1198 3150 1253 sinus:
3176 1208 3232 1254 at
3253 1193 3390 1253 laeva
3415 1200 3685 1255 malorum

2245 1288 2477 1346 Exercet
2508 1304 2717 1360 poenas,
2749 1299 2803 1345 et
2826 1289 2892 1345 ad
2922 1290 3082 1361 impia
3114 1299 3317 1347 tartara
3349 1290 3534 1347 mittit.
3676 1294 3679 1297 ’

1735 1398 1917 1463 opos
1957 1382 2341 1463 PASCHALE.

400 1520 491 1597 qui
535 1526 671 1581 lucis
692 1526 810 1597 [via,
842 1526 988 1592 pacis
1011 1534 1066 1581 et
1092 1524 1305 1593 semita,
1336 1524 1391 1579 in
1416 1524 1637 1595 laqueos
1666 1537 1988 1593 quemquam

401 1620 719 1673 tentationis
766 1619 1016 1684 inducat,
1066 1620 1160 1673 sed
1209 1618 1508 1673 abhorrens
1548 1616 1990 1671 divinistmonitis

360 1755 371 1762 .
400 1728 509 1768 non
541 1722 828 1781 parentes,
859 1728 980 1767 eum
1017 1727 1112 1768 eos
1144 1712 1387 1779 deserit,
1437 1712 1662 1766 introire
1704 1710 1987 1781 permittit.

400 1803 604 1858 Omnes
625 1804 791 1867 enim,
824 1804 915 1873 qui
944 1803 1148 1857 lubrica
1182 1813 1453 1857 sectantes
1480 1801 1664 1856 mundi
1710 1803 1987 1870 contagia,

400 1894 609 1976 retibus
647 1893 923 1948 deliciosis
970 1894 1185 1957 inclusi,
1220 1894 1378 1949 luxus
1419 1893 1628 1947 blandae
1677 1892 1991 1962 perditionis

2096 1520 2329 1591 antiquae
2355 1528 2527 1575 actus.
2571 1518 2812 1591 Namque
2853 1519 3060 1575 fructus
3107 1520 3337 1591 intelligi
3380 1519 3694 1592 evangelica

2097 1612 2260 1668 lectio
2307 1610 2636 1681 declaravit,
2676 1611 2768 1667 ubi
2819 1604 3077 1668 Dominus
3122 1614 3301 1668 varius
3349 1614 3691 1669 diversorum

2097 1716 2307 1763 mentes
2350 1708 2624 1777 aperiens,
2655 1722 2721 1762 ex
2746 1707 2859 1763 suis
2886 1721 3157 1777 quemque
3191 1706 3475 1773 fructibus,
3507 1706 3557 1761 id
3584 1718 3693 1775 est,

2096 1818 2162 1858 ex
2195 1802 2449 1871 operibus
2469 1802 2630 1871 jussit
2656 1800 2897 1871 agnosci,
2932 1801 3156 1875 dicens‘:
3197 1800 3279 1853 Ex
3314 1800 3568 1867 fructibus
3607 1817 3697 1854 eo-

2096 1912 2212 1948 rum
2232 1894 2545 1965 cognoscetis
2570 1910 2673 1947 eos.
2689 1883 2971 1962 Siquidem
2991 1902 3186 1963 quanta
3210 1886 3469 1947 distantia
3492 1894 3694 1948 caelum

402 1986 675 2044 aﬂ‘ectant.
708 2001 737 2039 a
771 1986 1021 2051 Domino,
1059 1986 1150 2055 qui
1183 1986 1329 2056 purae
1372 1986 1585 2041 virtutis
1630 1994 1839 2039 amator
1886 1992 1989 2050 est,
2022 1977 2070 2038 B
2095 1979 2375 2056 separatur
2397 2001 2425 2038 a
2451 1986 2639 2051 terris,
2672 1983 2811 2053 ignis
2841 1985 2908 2038 ab
2936 1984 3111 2053 aquis,
3146 1984 3325 2038 lumen
3355 1999 3383 2036 a
3430 1985 3693 2054 tenebris,

402 2077 671 2143 derelicti,
707 2086 934 2148 pergunt
958 2079 1186 2148 ingredi,
1215 2092 1320 2148 qua
1345 2092 1403 2132 se
1427 2078 1652 2132 tentatio
1674 2077 1993 2145 voluptuosa

398 2174 750 2241 pertraxerit.
783 2170 866 2225 Ab
910 2172 1008 2224 hac
1047 2170 1211 2240 igitur
1238 2169 1428 2239 pedem
1462 2181 1608 2226 retro
1639 2169 1872 2224 nitamur
1902 2168 1995 2222 ab-

404 2262 623 2328 ducere,
655 2264 901 2317 semitam
931 2264 1108 2332 potius
1134 2270 1477 2318 conterentes
1504 2270 1784 2332 angustam
1806 2301 1821 2326 ,
1873 2274 1994 2329 quae

403 2356 556 2410 tenui
606 2355 748 2411 calle
798 2355 982 2410 multis
1041 2355 1312 2425 incognita
1351 2354 1654 2411 cmlestium
1705 2367 1992 2425 regnorum

405 2446 549 2502 subit
576 2450 842 2503 “arduam
889 2448 1119 2504 latenter
1157 2448 1223 2503 ad
1257 2458 1488 2519 portam.
1525 2441 1631 2504 Sed
1661 2449 1819 2503 libera
1846 2464 1935 2503 nos
1963 2465 1995 2502 a

403 2541 563 2595 malo.
596 2539 730 2597 Cum
760 2541 976 2597 liberari
1009 2557 1108 2597 nos
1134 2558 1164 2597 a
1193 2544 1335 2597 malo
1362 2542 1743 2614 deprecamur,
1796 2543 1993 2598 bonum

406 2647 550 2699 esse,
581 2649 749 2712 quem
769 2634 1024 2704 petimus,
1057 2644 1116 2689 ut
1144 2649 1242 2689 nos
1269 2635 1481 2701 liberet,
1512 2635 1853 2692 conﬁtemur.
1887 2636 1995 2692 Nec

407 2726 679 2782 immerito
708 2728 997 2783 sectandas
1027 2729 1153 2793 iste,
1181 2729 1273 2800 qui
1307 2728 1533 2797 liberat,
1582 2731 1671 2785 ille
1717 2730 1997 2802 fugiendus

300 2868 307 2874 .
405 2830 509 2889 est,
539 2822 632 2891 qui
659 2823 909 2878 trucidat.
935 2823 993 2878 In
1019 2823 1123 2879 hoc
1148 2824 1295 2879 enim
1326 2838 1425 2895 per
1456 2824 1628 2881 bonos
1656 2825 1862 2881 fructus
1906 2840 1996 2881 ar—

404 2914 568 2973 bores
595 2916 718 2973 vita:
740 2915 792 2985 δ,
823 2916 877 2972 in
906 2918 998 2973 illo
1024 2932 1121 2988 per
1155 2917 1327 2973 malos
1355 2918 1506 2973 radix
1539 2918 1999 2989 praevaricationis

2104 2095 2200 2148 pax
2242 2093 2271 2131 a
2308 2077 2497 2144 bellis,
2526 2076 2629 2130 vita
2677 2075 3023 2130 nihilominus
3056 2085 3077 2114 ο
3109 2091 3138 2129 a
3168 2075 3457 2146 sepulcris,
3489 2087 3696 2134 tantum

2102 2186 2308 2241 magnae
2330 2170 2645 2224 remotionis
2673 2169 2928 2223 abscessu
2952 2168 3165 2238 longius
3196 2167 3339 2243 bona
3364 2167 3699 2222 discernun-

2101 2272 2188 2318 tur
2218 2277 2254 2318 a
2276 2262 2448 2316 malis.
2478 2261 2681 2331 Duplex
2710 2262 2908 2315 etenim
2937 2276 3154 2331 semper
3181 2261 3377 2336 electio
3422 2259 3701 2316 delibera-

2104 2355 2263 2410 tionis
2294 2364 2494 2409 nostra:
2530 2353 2814 2408 famulatur
2844 2352 3101 2417 arbitrio,
3149 2368 3257 2430 quo
3307 2352 3394 2408 vel
3443 2354 3695 2408 dextrum

2103 2458 2383 2504 teneamus
2413 2448 2707 2515 tramitem,
2740 2447 2824 2502 vel
2855 2447 3153 2511 sinistrum;
3184 2462 3293 2502 non
3336 2446 3546 2518 ignari,
3595 2461 3701 2502 nec

2099 2531 2279 2612 dubii,
2328 2542 2567 2597 dextram
2615 2543 2863 2597 semitam
2916 2554 3039 2597 esse
3064 2542 3334 2611 justorum
3368 2543 3421 2597 in
3455 2540 3695 2597 Abraha:

2100 2636 2431 2694 Patriarcbte
2476 2637 2596 2691 sinu
2643 2636 2979 2690 laetantium:
3014 2635 3203 2690 laevam
3229 2651 3360 2690 vero
3408 2635 3702 2705 profundis

2097 2729 2384 2800 impiorum
2412 2728 2688 2799 suppliciis
2713 2727 3042 2798 deputatam.
3072 2726 3229 2784 Unde
3261 2728 3441 2783 nullus
3470 2728 3536 2783 ad
3559 2728 3703 2785 alte-

2100 2838 2217 2879 rum
2242 2820 2269 2860 ἀ
2302 2838 2397 2893 per
2429 2831 2536 2876 tam
2568 2821 2771 2893 grande
2798 2822 2995 2886 chaos,
3027 2830 3082 2875 et
3110 2821 3357 2890 abrupta:
3396 2821 3560 2878 molis
3600 2823 3703 2877 im-

2102 2930 2348 2972 mensum
2381 2914 2557 2970 valeat
2586 2925 2921 2971 transmeare
2937 2913 3259 2985 periculum.
3284 2914 3409 2970 Haec
3433 2915 3704 2987 estigitur

1937 3029 2254 3090 SCHOLIA.

482 3145 607 3202 280.
651 3146 709 3225 In
741 3145 851 3201 Ott.
886 3162 924 3207 ι.
955 3161 1023 3203 ex
1050 3154 1175 3220 agat
1204 3145 1424 3225 videtur
1447 3146 1649 3202 factum
1696 3149 1824 3219 agit,
1857 3148 1999 3218 quod
2026 3150 2072 3213 C
2103 3148 2246 3219 quod
2279 3157 2454 3202 metro
2483 3158 2833 3225 congrueret,
2858 3148 3193 3225 referamus:
3223 3148 3515 3225 sedverba
3548 3153 3705 3225 codi-

412 3225 558 3273 stare
584 3217 802 3287 quidem
838 3228 1035 3287 potest.

484 3286 611 3343 184.
652 3289 837 3343 Ottob.
882 3304 930 3352 ι,
976 3286 1231 3360 Liuquet,
1278 3296 1591 3345 correctum
1636 3288 1835 3344 ibidem
1879 3289 2005 3344 Liu-

413 3361 544 3427 quit.

483 3429 613 3484 285.
655 3429 947 3496 Cellarius,
979 3440 1034 3485 et
1072 3430 1404 3485 Arntzenins
1449 3430 1735 3486 ediderunt
1766 3429 1879 3490 Nos
1906 3429 2005 3486 hac

410 3517 534 3573 ergo
564 3501 745 3570 pedem
776 3513 910 3555 retro
931 3501 1276 3573 abducamus,
1301 3512 1348 3555 et
1370 3512 1585 3555 arctum.
1614 3501 1691 3554 Ex
1721 3516 1821 3553 ms.
1853 3501 1999 3569 Lips.

414 3571 645 3636 sumpsit
675 3573 938 3641 tle‘llarius
973 3571 1081 3625 Nos
1110 3577 1229 3631 hac.
1258 3574 1349 3641 qui
1378 3581 1573 3627 contra
1604 3581 1835 3625 metrum
1880 3587 2003 3627 esse

412 3641 547 3695 dicit
570 3640 644 3694 Ab
679 3637 798 3694 Ita'c.
840 3643 907 3698 Ut
947 3642 1072 3697 huic
1118 3637 1461 3697 incommodo
1503 3651 1810 3701 occurrant.
1844 3645 2007 3697 Arut-

413 3727 535 3767 zett.
565 3721 620 3766 et
672 3711 821 3768 Meus
849 3713 1111 3767 exhibent
1142 3713 1224 3766 Ea:
1268 3716 1384 3767 hac.
1429 3714 1532 3767 Pro
1562 3724 1700 3766 retro
1731 3714 1999 3782 faciamus,

414 3783 559 3850 quod
592 3783 644 3835 in
675 3784 954 3853 codicibus
1003 3783 1228 3853 scriptis
1271 3792 1543 3852 repertum
1592 3783 1861 3836 Cellarius
1906 3784 2007 3836 du-

415 3868 534 3907 mut
576 3852 923 3906 exiSIitnahat
950 3895 964 3919 ,
1007 3857 1251 3922 reposuit
1280 3870 1343 3909 ex
1405 3855 1568 3909 Prosa
1614 3865 1751 3906 retro
1782 3853 2008 3906 abducu-

417 3939 553 3996 mus.
603 3921 692 3977 Sic
724 3923 977 3994 Virgilius
1010 3927 1043 3977 Ι.
1075 3921 1143 3991 v,
1177 3939 1322 3979 vers.
1354 3924 1495 3988 4‘28,
1520 3925 1813 3996 .Abduaerc
1846 3935 2004 3996 retro.

415 3995 486 4047 At
518 3994 860 4048 Burtnanuus
888 3996 1134 4050 defendit
1162 4006 1296 4048 retro
1328 3994 1579 4060 faciamus
1596 4010 1659 4049 ex
1688 3994 2006 4049 Casaubono

419 4064 828 4136 ad_Suetoniuni
861 4065 1090 4136 August.
1123 4080 1243 4133 cap.
1283 4066 1371 4121 16.
1418 4069 1586 4136 Aliter
1618 4066 1767 4136 hunc
1791 4080 2004 4119 versum

420 4134 969 4190 reforruaruuteddf
1000 4136 1232 4201 Poelm.,
1288 4136 1436 4201 Bis.,
1496 4135 1683 4198 Fabr.,
1732 4134 1902 4188 'forn.
1948 4139 2003 4203 5,

420 4205 560 4277 Bibl.
590 4206 833 4274 Lugduu.
884 4206 1394 4277 Patt'um.i.lugibus
1436 4208 1570 4260 hanc
1617 4207 1775 4277 igitur
1814 4207 2006 4277 studiis

419 4271 743 4340 aitemusfet
778 4286 1002 4330 aratum.
1052 4271 1455 4331 Meliusvautem
1502 4271 1657 4330 essei
1696 4276 1761 4328 ad
1805 4276 2006 4331 Sedulii

423 4357 743 4400 emis-uelum
774 4348 1044 4401 scribendi
1092 4362 1299 4402 morem
1334 4358 1692 4411 transnonere
1729 4345 1885 4399 Hanc
1911 4348 2008 4416 igi-

420 4425 507 4468 tur
548 4416 751 4485 iugibus
792 4419 1005 4479 studiis.
1052 4427 1113 4471 ut
1160 4419 1411 4472 observat
1459 4417 1829 4472 Arutzenins:
1884 4432 2006 4471 nam

2106 3235 2250 3283 cuin,
2283 3235 2405 3287 quae
2431 3219 2650 3274 retineri
2687 3229 2931 3289 possunt.
2966 3220 3164 3273 mutari
3199 3236 3304 3273 non
3336 3221 3554 3276 debent.
3594 3223 3706 3278 Du-

2106 3290 2265 3343 bitari
2297 3294 2458 3345 etiam
2492 3300 2685 3358 potest,
2717 3306 2783 3343 au
2811 3290 3064 3345 Sedulius
3096 3291 3279 3357 phrasi
3322 3293 3537 3347 nautica
3572 3310 3706 3350 usus

2106 3360 2271 3414 fuerit
2304 3376 2317 3412 :
2351 3377 2472 3413 nam
2517 3365 2689 3430 facere
2719 3362 2899 3432 pedem
2940 3368 3025 3414 est
3052 3362 3230 3416 velum
3269 3364 3611 3432 expandere,
3647 3376 3705 3421 ut

2105 3441 2323 3506 ventum
2355 3432 2649 3506 concipi_at,
2697 3433 2943 3485 extensis
2986 3433 3109 3487 imis
3159 3431 3409 3506 funibus,
3455 3436 3550 3503 qui
3607 3452 3706 3506 pes

2084 3504 2214 3576 veli
2244 3502 2520 3555 dicuntur.
2556 3501 2813 3556 Fortasse
2856 3518 2983 3571 ergo
3029 3502 3169 3568 apud
3226 3501 3509 3576 Seduliunt
3560 3501 3703 3576 retro

2107 3572 2279 3640 facere
2307 3578 2486 3643 pedem
2514 3582 2600 3626 est
2628 3588 2845 3639 navem,
2885 3588 2978 3626 seu
3012 3588 3231 3629 cursum
3267 3575 3318 3626 in
3359 3573 3700 3633 contrariam

2110 3652 2312 3711 partem
2342 3643 2600 3707 dirigere.
2626 3644 2740 3709 Qua
2769 3644 3129 3711 explicatione
3171 3644 3487 3713 metaphora
3519 3648 3583 3702 in
3614 3664 3702 3704 se-

2108 3715 2400 3783 quentibus
2433 3713 2681 3767 nunnihil
2714 3718 2905 3769 variat.
3458 3717 3465 3723 ’

2175 3782 2311 3853 987ε
2349 3783 2600 3837 Fortasse
2649 3784 2947 3839 imitatione
3002 3784 3225 3840 Juveuci
3285 3786 3385 3850 l.t,
3431 3787 3538 3843 717
3566 3830 3580 3853 ,
3626 3791 3695 3844 al.

2108 3852 2381 3926 68ᾇᾷε-Ιιεῗ
2397 3870 2486 3924 per
2513 3864 2804 3926 angustam,
2830 3853 2982 3925 justi,
3012 3872 3171 3926 supra
3197 3857 3367 3917 sidera
3398 3868 3626 3926 portam.

2179 3924 2307 3979 288.
2370 3923 2502 3992 ιιι-ε.
2544 3923 2605 3990 l,
2643 3923 2898 3979 Ottobon.
2942 3928 3005 3993 l,
3063 3925 3252 3980 Libera
3305 3923 3406 3981 nos.
3446 3948 3479 3981 a
3530 3933 3690 3985 malo.

2109 3994 2285 4066 Meus,
2312 3994 2373 4049 Si
2399 3997 2708 4066 cupiamus:
2758 3996 2917 4050 metri
2946 3998 3029 4051 lex
3077 4001 3270 4066 poscit,
3314 3998 3377 4053 Si
3430 4006 3696 4064 cupimus.

2109 4064 2215 4119 Pro
2256 4064 2474 4119 diabolo
2520 4066 2741 4138 adhibet
2791 4064 3090 4121 masculino
3131 4084 3333 4137 genere
3376 4071 3608 4138 mulum,
3645 4086 3699 4128 ut

2085 4151 2252 4191 vers.
2284 4151 2397 4202 seq.
2427 4151 2524 4205 pro
2552 4136 2662 4191 Deo
2692 4137 2902 4191 bonum.

2178 4206 2305 4261 293.
2341 4206 2437 4280 _lu_
2466 4207 2594 4276 lteg.
2630 4209 2685 4271 4,
2736 4209 2948 4262 videtur
2990 4223 3113 4263 esse
3188 4211 3323 4263 mqu
3370 4227 3469 4280 pro
3522 4218 3693 4269 matis.

2062 4331 2066 4336 ,
2108 4275 2296 4350 Fabr.,
2330 4274 2795 4350 Cellariu'skcutn
2829 4295 2960 4333 mss.
2992 4280 3137 4350 Lips.
3167 4324 3181 4345 ,
3216 4274 3436 4349 Ileins.,
3472 4284 3692 4350 Arntz.,

2111 4349 2434 4417 cuicumque.
2459 4348 2601 4417 quod
2629 4348 2749 4414 Wo;
2773 4348 2992 4403 keusius
3023 4362 3076 4404 et
3101 4348 3383 4406 Grunerns
3406 4348 3693 4412 damnant.

2110 4417 2301 4504 Melius
2325 4420 2686 4504 quidem-est.
2714 4422 3019 4504 quicumque
3066 4436 3164 4490 pro
3219 4425 3580 4504 unusquisque
3627 4432 3697 4480 si-

418 4485 685 4567 Sedulius
715 4489 940 4553 primani
978 4490 1031 4542 in
1053 4488 1199 4560 jugis
1232 4491 1513 4582 arripere
1540 4492 1710 4582 solet;
1739 4485 1878 4540 Vera
1911 4504 2007 4569 au-
2034 4526 2082 4582 Β
2108 4488 2456 4582 gttiliqatiotte
2478 4490 2609 4545 satis
2637 4485 2817 4544 obvia.
2861 4485 2945 4544 Ex
2969 4485 3145 4573 glossa
3179 4507 3307 4582 ergo
3338 4485 3392 4547 in
3451 4485 3591 4564 [ἱείς.
3638 4500 3692 4561 5,

428 4565 539 4611 tem
581 4557 848 4625 scriptura
891 4571 1003 4624 est,
1045 4557 1204 4626 (luam
1254 4558 1523 4614 Gellarins
1571 4568 1627 4613 et
1680 4558 2003 4613 Arntzenius

418 4630 538 4699 sine
583 4628 908 4683 necessitate
938 4632 1218 4695 disserunt,
1262 4630 1335 4682 Ab
1361 4629 1458 4683 hac
1482 4646 1604 4699 ergo
1643 4628 1843 4699 pedem,
1868 4637 2003 4682 retro

425 4698 699 4768 faciamus.
759 4700 835 4753 lta
884 4715 1016 4754 mss.
1065 4702 1238 4753 nostri
1280 4700 1414 4768 Reg.
1447 4701 1511 4762 l,
1541 4697 1609 4761 ’2,
1646 4702 1698 4765 4,
1733 4699 1785 4757 5.
1817 4697 1925 4753 Ott.
1959 4716 2001 4766 l,

416 4770 473 4839 ξ,
511 4767 654 4820 Vatt.
691 4776 709 4821 1
743 4808 756 4830 .
788 4774 843 4836 ‘2,
882 4770 1033 4837 Urb.,
1067 4771 1249 4833 ωιτη..
1305 4767 1467 4839 Aug..
1522 4769 1667 4833 Alb.,
1720 4784 1841 4822 cum
1873 4770 2001 4824 alibi

420 4838 642 4893 laudato
673 4839 1065 4902 vetustissimo,
1093 4852 1152 4893 ut
1177 4838 1411 4906 videtur,
1441 4840 1628 4896 codice
1650 4840 1999 4905 Tauriuensi;

419 4908 641 4971 Parrlt.,
672 4908 831 4974 Aldu,
866 4920 921 4964 et
950 4912 1070 4964 aliis
1092 4912 1270 4964 editis.
1305 4912 1379 4963 Ab
1409 4911 1726 4979 producitur
1757 4912 1827 4961 ob
1856 4913 2001 4977 aspi-

420 4984 688 5050 rationem
714 4980 992 5050 sequentis
1021 4980 1168 5034 vocis
1213 4982 1328 5041 hac,
1361 4997 1480 5050 qua:
1510 4982 1616 5033 vim
1646 4983 1997 5036 consonantis

412 5047 601 5107 habet.
637 5047 869 5104 velut'ad
905 5050 1284 5114 Prudentium,
1317 5047 1681 5115 Dracontiunt,
1710 5062 1763 5104 et
1791 5051 1996 5105 Juven-

413 5133 539 5173 cum
567 5135 712 5185 saepe
744 5123 950 5175 monui.
1002 5122 1183 5176 Minus
1216 5123 1437 5191 quidem
1470 5124 1719 5177 usitatum
1748 5132 1829 5176 est
1858 5132 1995 5176 retro

414 5191 595 5259 pedem
637 5190 916 5262 faciamus,
970 5207 1130 5262 quam
1176 5190 1316 5245 retro
1363 5194 1539 5261 pedem
1589 5194 1835 5261 feramus,
1876 5205 1986 5257 aut,

497 5318 524 5345 ει
558 5308 614 5361 1η
642 5308 826 5362 multis
858 5308 1201 5367 biltliOthecis
1231 5308 1450 5362 Patrum
1478 5307 1646 5361 subdit
1671 5323 1687 5358 :
1717 5309 1810 5362 sed
1856 5308 2004 5364 vide-

426 5390 516 5435 tur
542 5393 662 5433 cum
693 5379 976 5433 Gallandio
1009 5379 1290 5446 legendum
1325 5379 1477 5433 subit.

497 5448 523 5488 δ
554 5449 609 5503 lu
641 5456 749 5504 vet.
771 5450 893 5503 cod.
927 5460 1043 5504 erat
1065 5448 1299 5503 arborem
1324 5452 1438 5503 uiue
1458 5466 1476 5502 :
1509 5449 1560 5502 in
1609 5448 1884 5503 nonnullis
1915 5450 1994 5504 bi-

421 5520 709 5574 bliothecis
760 5520 975 5574 Patrum
1014 5524 1221 5574 arbores
1248 5520 1379 5572 vitae.
1429 5519 1740 5574 Gallandius
1793 5520 1995 5584 profert

422 5591 573 5657 arbor
604 5592 737 5643 vitae.
775 5590 1025 5644 Fortasse
1060 5591 1374 5655 pra-stiterit
1396 5593 1693 5645 rescribere
1723 5589 1875 5644 arbor
1918 5602 1991 5645 est

420 5661 555 5716 vitm.
589 5660 807 5725 Juretus
839 5676 1028 5715 vocem
1059 5672 1201 5714 actus
1231 5661 1397 5715 videri
1426 5672 1730 5727 suspectam
1754 5663 1848 5715 ait.
1885 5662 1988 5717 Re-

412 5735 564 5799 ponit
586 5728 919 5800 Galtandius,
954 5733 1267 5803 legendum,
1330 5732 1414 5786 vel
1443 5732 1848 5802 intelligendum
1892 5749 1984 5802 per

2110 4572 2164 4612 et
2213 4560 2336 4612 Ald.
2385 4560 2651 4633 ingtrusum
2694 4570 2779 4615 est
2824 4560 3182 4632 unusquisque.
3230 4560 3482 4633 Plerique
3526 4560 3692 4623 nostri

2110 4643 2240 4707 mss.
2274 4645 2394 4684 cum
2427 4631 2616 4707 Parrh.
2645 4644 2698 4686 et
2725 4633 2970 4700 plurimis
2997 4634 3120 4687 aliis
3145 4633 3333 4701 editis,
3360 4631 3691 4707 quicumque.

2108 4698 2293 4754 Arntz.
2314 4707 2534 4755 necesse
2554 4702 2673 4757 sine
2694 4698 2786 4757 cit.

2175 4769 2301 4847 294.
2337 4773 2455 4847 Ott.
2479 4775 2531 4837 l,
2568 4770 2635 4826 Ut
2662 4773 2955 4843 ;emenda,
2990 4776 3111 4827 Aut.
3142 4775 3312 4843 Meus,
3338 4780 3690 4847 gradiantur;

2106 4844 2277 4895 retine
2307 4844 2595 4911 gradiatur.
3252 4882 3256 4891 .
3340 4844 3351 4845 “
3411 4888 3427 4895 -

2173 4911 2298 4965 296.
2332 4912 2544 4986 Reg.
2584 4912 2750 4983 Inque
2779 4924 2867 4986 tuo
2903 4917 3048 4969 sinus
3090 4916 3334 4986 paradise
3366 4936 3385 4972 :
3433 4923 3531 4975 sed
3580 4921 3687 4975 for-

2102 4984 2725 5057 tassevoluitlibrarius
2753 4985 2818 5037 ad
2853 4990 3008 5041 metri
3038 4984 3303 5057 rationem
3340 4991 3508 5055 Inque
3539 5005 3649 5046 tuos
3671 5034 3686 5057 ,

2106 5055 2369 5126 paradise,
2418 5055 2578 5108 sinus.
2609 5053 2890 5109 Sententia
2924 5058 3161 5126 postulat
3190 5053 3505 5116 Patriarclta
3532 5082 3551 5117 :
3580 5053 3687 5119 ser;

2104 5124 2365 5178 moeniut
2398 5135 2482 5179 est
2512 5126 2579 5180 de
2609 5126 2731 5179 sinu
2763 5124 3049 5181 Abraham.

2110 5310 2534 5389 malos....acttts.
2560 5310 2642 5389 Ita
2664 5312 2881 5389 quidem
2899 5315 3160 5389 syntaxis
3187 5316 3426 5387 implexa
3452 5330 3555 5389 est,
3588 5320 3679 5376 sed

2104 5378 2338 5436 fortasse
2367 5398 2431 5436 ex
2463 5378 2694 5453 ingenio
2709 5385 2933 5439 Sedulii.

2179 5463 2201 5491 ο
2244 5452 2319 5505 Ita
2347 5467 2469 5508 esse
2487 5452 2543 5507 iu
2577 5465 2683 5508 vet.
2720 5455 2839 5508 cod.
2871 5465 3112 5511 notatum
3136 5458 3307 5513 voluit
3335 5459 3577 5515 Juretus.

2171 5521 2196 5558 τ’
2226 5522 2447 5576 Juretus
2491 5524 2703 5579 videtur
2749 5527 3041 5581 retinuisse
3088 5532 3290 5583 veteris
3336 5531 3545 5586 ςοάιείε
3577 5533 3678 5586 lec-

2101 5593 2515 5666 tionemqnullus
2557 5594 2872 5666 adulterum,
2915 5614 3033 5666 qua:
3071 5611 3203 5653 sane
3252 5605 3515 5656 mendosa
3566 5610 3666 5657 est.

2250 5662 2493 5745 referunt
2515 5663 2688 5745 nullus
2718 5666 2788 5719 ad
2815 5662 3074 5745 atterunt,
3104 5670 3247 5734 quod
3276 5670 3413 5729 ferri
3452 5683 3619 5745 potest
3652 5692 3664 5727 :

2091 5736 2178 5789 alii
2201 5737 2373 5789 nullus
2402 5738 2471 5790 ad
2500 5738 2720 5791 alterum
2748 5738 2896 5795 nullo
2926 5754 3115 5796 sensu.
