3912 6386
80 361 168 417 633

196 473 327 545 Ergo
378 472 554 544 agnis,
604 470 901 543 ovibusque
951 472 1044 528 Dei
1093 481 1177 529 est
1223 473 1339 530 haec
1388 472 1503 529 sola
1544 488 1637 528 vo-
1662 479 1713 538 Α

1325 565 1559 638 Utilius,

1109 355 1394 441 CARMEN
1432 355 1813 413 PASCHALE.
1855 356 2062 413 LIBER
2101 357 2188 413 lll.

3215 356 3318 413 634

1881 474 1950 529 Ει
1975 472 2116 530 bona
2146 473 2391 540 libertas,
2419 472 2655 531 evadere
2681 481 2835 529 torva
2862 476 3072 531 cruenti

1739 564 1844 625 500
1879 566 1985 623 Ora
2005 567 2141 638 lupi,
2170 567 2387 638 vitaque
2415 566 2518 622 frui
2545 582 2641 638 per
2667 580 2866 639 pascua
2890 566 3117 624 Christi.

1370 725 1544 783 Ol’US
1580 725 1970 784 PASCHALE.

74 864 208 923 nobis
231 861 456 919 libertas
484 836 767 932 optabilis,
798 868 857 915 ut
889 874 1018 915 oves
1049 869 1103 916 et
1138 860 1261 933 agni
1298 862 1495 917 summi
1535 877 1629 943 pa-

73 959 210 1016 storis
235 957 277 1010 si
310 954 571 1011 fuerimus
607 955 751 1026 tligni
800 955 1044 1025 censeri,
1098 966 1278 1010 torvos
1328 972 1631 1013 mereamur

69 1050 164 1123 lupi
189 1050 397 1106 morsus
424 1048 687 1116 evadere,
728 1057 888 1119 atque
930 1047 1245 1104 suavissima
1286 1048 1494 1105 Christi
1537 1064 1631 1120 per

1727 876 1925 933 pascua
1955 861 2083 932 largi
2116 861 2263 928 floris
2294 862 2605 921 arnmnitate
2635 864 2938 934 gratissima
2980 864 3145 920 vitam
3193 878 3314 920 car-

1728 970 1856 1028 pere
1880 956 1992 1028 jam
2019 971 2289 1023 securam.

1511 1184 1825 1243 SCHOLIA.

126 1324 242 1385 297.
291 1323 444 1379 Cant.
478 1368 492 1387 ,
523 1325 658 1393 Reg.
688 1322 743 1389 4,
785 1324 894 1378 Ott.
926 1323 979 1390 1,
1009 1322 1066 1389 2,
1121 1323 1311 1393 Rom.,
1345 1320 1477 1376 Urb.
1500 1362 1515 1387 ,
1563 1328 1619 1376 et

67 1396 331 1463 ed.Lips.,
354 1396 516 1450 ducit.
541 1392 649 1450 Ott.
687 1396 739 1456 1,
770 1409 869 1463 pro
896 1394 950 1447 d.
980 1408 1052 1460 3;,
1083 1408 1205 1447 cum
1230 1392 1469 1461 reliquis,
1503 1394 1619 1445 tuit-

66 1470 138 1535 tit,
167 1475 221 1521 tit
249 1466 506 1533 Virgilius
550 1466 585 1519 l.
626 1481 679 1519 γι
707 1464 835 1520 Ain.
866 1479 1009 1520 vers.
1041 1464 1143 1519 537
1171 1481 1182 1515 :
1208 1465 1272 1516 At
1302 1465 1429 1516 ltrva
1455 1465 1619 1517 mato-

63 1555 257 1593 rum—
286 1535 506 1591 Exercet
564 1553 759 1607 partas,
807 1544 856 1590 ct
906 1535 975 1589 ad
1008 1536 1170 1607 impia
1199 1543 1393 1587 tartara
1441 1535 1617 1607 mittit.

66 1610 309 1665 Cellarius
334 1608 507 1664 edidit
537 1605 736 1673 mittet,
788 1607 964 1678 quod,
1010 1605 1223 1672 nescio,
1265 1622 1331 1659 an
1372 1619 1502 1659 casu
1546 1605 1621 1659 illi

63 1682 335 1737 exciderit.
900 1709 905 1713 ο

124 1754 241 1807 300.
280 1751 412 1804 Post
442 1749 586 1804 hunc
614 1763 829 1803 versum
856 1749 989 1817 Reg.
1022 1750 1072 1812 l,
1104 1748 1159 1813 ‘2,
1188 1747 1306 1817 Vat.
1343 1747 1393 1810 1,
1435 1745 1622 1817 Expli-

1722 1337 1820 1443 Ἡιε
1848 1320 2165 1406 mirabilibus
2189 1322 2347 1404 signis
2394 1322 2753 1391 Redemptoris
2800 1324 3053 1395 unigeniti
3095 1321 3218 1387 Dei,
3264 1331 3313 1380 et

1777 1408 1932 1443 omini
1958 1401 2141 1443 nostri.
2168 1402 2215 1443 et
2240 1410 2406 1443 primo
2427 1396 2682 1443 anamodo
2704 1396 2771 1443 ad
2793 1398 2997 1443 nuntias
3034 1395 3306 1443 invitatus.

1777 1394 1932 1465 omini
1958 1395 2119 1446 nostri
2128 1435 2141 1454 .
2168 1402 2215 1447 et
2238 1396 2406 1465 primo
2427 1396 2682 1464 quomodo
2704 1396 2771 1448 ad
2793 1394 2997 1465 nuptias
3034 1395 3307 1461 invitatus,

1724 1462 1937 1533 hydrias
1963 1480 2054 1517 sea:
2080 1462 2557 1532 aquat'mirabiliter
2589 1466 2835 1527 conuertit
2865 1462 2919 1518 in
2950 1467 3061 1520 lene
3091 1483 3313 1522 nierum.

1728 1533 1784 1587 ltt
1819 1534 1934 1587 Vat.
1966 1533 2020 1599 2,
2056 1534 2242 1600 Rotn.,
2272 1548 2325 1590 et
2360 1550 2481 1589 meo
2510 1536 2631 1589 cod.
2653 1576 2667 1594 .
2698 1551 2803 1591 nou
2830 1536 3098 1591 indiCatur
3118 1535 3314 1591 divisio

1729 1605 1871 1659 libri.
1891 1604 1943 1658 In
1965 1604 2165 1673 Reg.4,
2181 1606 2561 1676 desiderantur
2583 1607 2807 1676 reliqua,
2824 1617 2880 1661 et
2906 1616 3021 1675 post
3047 1623 3187 1662 vers.
3206 1606 3312 1662 Ora

1730 1676 1839 1745 lupi
1859 1676 2212 1746 sequiturArs
2233 1674 2425 1730 Pharae
2436 1674 2778 1746 grammatici.
2804 1678 2987 1732 Codex
3014 1678 3316 1733 'l‘aurinen-

1730 1744 1826 1809 sis,
1856 1744 2238 1816 Explicitliber
2263 1744 2596 1811 primusnaui
2618 1747 2946 1802 Testammli.
2974 1748 3163 1816 Incipit
3188 1749 3314 1802 liber

61 1824 121 1876 cit
148 1821 266 1876 liber
297 1819 347 1874 I.
382 1820 574 1891 Incipit
611 1818 693 1873 II.
731 1819 840 1891 Ott.
876 1815 959 1880 1,:
983 1817 1221 1891 Explic_it_
1253 1816 1382 1871 liber
1424 1816 1627 1891 tSedulii
1659 1815 1704 1873 B
1730 1819 2028 1891 secundus,
2064 1815 2273 1891 Legenti
2332 1821 2434 1891 uita
2486 1827 2754 1891 perpetua.
2813 1820 2902 1891 Sic
2956 1820 3006 1891 in
3054 1817 3316 1891 Catalogo

62 1895 240 1961 primus
269 1895 385 1945 novi
412 1887 745 1944 Testameuti.
777 1888 972 1959 Incipit
1001 1887 1127 1950 liber
1159 1887 1398 1961 II.Alic_g.
1424 1889 1478 1961 ὅ,
1520 1887 1625 1941 Mi-

62 1957 285 2016 rabilium
310 1964 598 2016 ditinorum
629 1961 759 2016 liber
785 1957 1061 2015 secundus.
1092 1960 1202 2015 Ott.
1235 1959 1289 2022 2,
1321 1957 1471 2012 Finis
1500 1977 1620 2012 ora-

62 2036 201 2087 tionis
221 2032 365 2087 Iesu.
432 2031 623 2101 Incipit
664 2035 791 2087 liber
828 2032 1100 2086 secundus.
1137 2031 1394 2084 Miracnla
1428 2040 1480 2083 et
1511 2034 1624 2099 fac-

58 2100 105 2157 ia
144 2104 347 2158 Christi.
403 2103 570 2167 Urb.,
639 2104 847 2173 Egregii
887 2103 1089 2156 Sedulii
1144 2103 1367 2170 episwpi
1409 2101 1473 2156 de
1509 2104 1622 2154 novi

61 2173 356 2231 Tcstamenti
389 2176 605 2229 historia
632 2174 759 2229 liber
787 2176 1039 2228 secundus
1059 2174 1287 2244 explicit,
1315 2183 1539 2244 tractans
1560 2174 1621 2226 de

59 2248 169 2313 vita,
216 2248 506 2313 virtutibus,
550 2255 599 2300 et
643 2246 1023 2299 conversatione
1063 2241 1271 2297 Damini
1300 2244 1461 2297 nostri
1494 2241 1619 2296 Jesu

58 2314 255 2372 Christi.
289 2315 483 2385 Incipit
514 2318 741 2388 ejusdem
771 2316 895 2370 liber
918 2316 1099 2369 tertius
1135 2315 1199 2367 de
1227 2313 1509 2380 miraculis,
1543 2322 1621 2366 at-

1734 1903 1902 1960 tuss.;
1938 1898 1992 1960 at
2019 1888 2069 1941 in
2099 1888 2466 1960 descriptione
2487 1888 2794 1960 doetissimi
2820 1890 3047 1945 Comitis
3076 1888 3315 1960 Napione

1729 1959 1905 2025 solum
1936 1959 2186 2025 lcgo...er
2223 1958 2451 2014 Primus.
2504 1958 2697 2021 Incipit
2750 1959 2876 2013 liber
2904 1958 3181 2014 secundus.
3215 1960 3313 2019 Lc-

1727 2030 1867 2101 genti
1897 2033 1999 2083 vita
2029 2042 2295 2101 perpetua.
2328 2030 2383 2083 In
2419 2031 2543 2085 Alb.
2584 2029 2811 2101 Explicit
2844 2032 2961 2083 novi
3004 2029 3314 2085 Tcstammti

1727 2102 1853 2173 liber
1891 2102 2181 2173 secundus.
2222 2101 2417 2173 Incipit
2466 2103 2663 2173 tertius.
2713 2102 2816 2158 Sed
2869 2105 2983 2155 hinc
3035 2106 3121 2173 ita
3158 2102 3316 2157 intel—

1729 2171 1935 2240 ligeudn
1969 2182 2127 2234 sunt,
2153 2183 2209 2225 ut
2241 2171 2463 2241 incipiat
2502 2172 2638 2226 liber
2670 2174 2858 2226 tertius
2906 2171 3190 2238 carminis,
3226 2173 3315 2242 qui

1728 2251 1901 2296 tamen
1924 2254 2007 2297 est
2032 2242 2301 2297 secundus
2330 2244 2456 2296 novi
2486 2242 2837 2307 Testamenti,
2862 2252 2916 2297 ttt
2964 2244 3016 2297 in
3058 2244 3314 2313 Prolego—

1725 2313 1898 2368 menis
1929 2314 2147 2369 uberius
2178 2315 2500 2384 esplicatum
2533 2325 2635 2369 est.

60 2473 3293 2501 Μ

1211 2596 1555 2688 LIBER
1628 2605 2163 2688 TERTIUS.

1408 2768 1958 2792 ~——'——_

255 2909 418 2983 237
440 2908 618 2965 Prima
642 2924 754 2964 sua:
784 2908 1065 2975 Dominus,
1101 2910 1352 2966 thalamis
1374 2906 1624 2986 dignatus

1311 3005 1548 3077 [adesse,

186 3093 419 3149 Virtutis
447 3095 774 3151 documenta
804 3096 974 3165 dedit,
1007 3098 1345 3168 convivaque
1381 3115 1621 3169 praesens

180 3188 442 3257 Poscere,
495 3190 798 3266 non_pasci,
858 3194 1099 3261 veniens,
1153 3194 1437 3249 mirabile!
1469 3195 1620 3251 fusas

181 3280 240 3335 In
273 3281 459 3336 viuum
491 3276 976 3353 convertitaqnas;
1012 3288 1256 3341 amittere
1281 3286 1515 3355 gaudent

107 3372 154 3429 5‘
180 3373 455 3431 Pallorem
487 3374 699 3444 latices,
731 3380 956 3433 mutarit
984 3379 1101 3433 lmta
1129 3393 1382 3451 saporem

1872 2916 2025 2973 Unda
2064 2931 2221 2973 suum
2248 2962 2262 2987 ,
2299 2916 2487 2988 largita
2534 2931 2783 2985 merum,
2844 2929 3172 2985 mensasque
3221 2930 3320 2986 per

1828 3086 1831 3087 ν
3036 3008 3244 3082 [omnes

1872 3104 2054 3158 Dulcia
2088 3119 2192 3159 non
2223 3113 2353 3158 nato
2380 3103 2681 3158 rubuerunt
2706 3103 2899 3173 pocula
2925 3114 3125 3158 musto.

1869 3195 2108 3261 Implevil
2137 3211 2231 3250 sex
2262 3212 2391 3266 ergo
2428 3196 2575 3251 lacus
2598 3195 2702 3250 hoc
2731 3205 2949 3251 nectare
2978 3196 3270 3262 Cltrisms;

1870 3287 2032 3358 238
2061 3274 2269 3357 Quippe
2292 3286 2442 3343 ferax
2464 3288 2553 3357 qui
2582 3288 2703 3342 vitis
2733 3297 2869 3355 erat,
2904 3289 3099 3344 virtute
3121 3289 3312 3343 colona

1769 3377 1837 3435 10
1874 3381 2069 3435 Omnia
2096 3379 2453 3451 fructiﬁcans,
2486 3382 2642 3452 cujus
2665 3381 2768 3435 sub
2797 3382 3040 3452 tegmine
3073 3380 3272 3436 blando

1360 3522 1535 3579 OPUS
1571 3521 1955 3595 PASCHALE.

104 3625 283 3705 Prima
319 3628 578 3684 Dominus
610 3632 808 3701 nuptiis
835 3626 1094 3690 interesse
1123 3635 1368 3706 dignatus
1410 3639 1623 3694 virtutis
1651 3647 1694 3706 C
1727 3642 1929 3711 genita,
1960 3642 2196 3696 colorem
2227 3640 2453 3695 mulavit
2495 3639 2716 3709 pariter,
2751 3648 2804 3693 et
2841 3653 3059 3693 nomen.
3091 3636 3313 3693 Cunctis

36 3732 143 3772 suae
170 3720 497 3775 documenta
528 3724 796 3792 patefecit,
820 3726 919 3789 ubi
952 3729 1170 3781 conviva
1214 3731 1513 3800 prmcipttus
1543 3731 1625 3787 di-

32 3813 206 3867 vinam
237 3830 494 3869 reserans
526 3828 865 3885 pote~latem,
897 3837 1005 3874 non
1038 3822 1184 3891 pasci
1216 3823 1361 3877 visus
1392 3833 1491 3883 est.
1526 3825 1619 3878 sed

31 3907 261 3974 pavisse.
288 3908 587 3963 Defuerant
615 3927 844 3981 namque
868 3914 983 3965 vina
1016 3915 1369 3983 solemnibus,
1400 3926 1453 3969 et
1483 3918 1623 3971 inter

28 4000 313 4067 epularum
349 4002 593 4055 cumulos
631 4002 847 4059 ferculis
886 4019 1199 4075 aggregatos
1224 4049 1237 4070 ,
1286 4018 1488 4060 tantum
1530 4024 1623 4061 va-

28 4092 162 4142 cuati
190 4092 397 4147 calices
424 4109 570 4147 mera
603 4096 845 4150 siccitate
877 4098 1181 4163 torpebunt.
1216 4100 1491 4153 'l‘erreuus
1530 4100 1623 4155 ah-

25 4193 298 4237 scesserat
320 4195 502 4252 potus,
531 4186 741 4240 scilicet
762 4198 815 4239 ut
838 4188 1074 4241 caelestis
1105 4188 1353 4242 intraret.
1386 4170 1643 4245 (Inuwr:

27 4271 89 4323 til
132 4271 390 4329 Christus
421 4291 548 4345 ergo
574 4286 698 4332 tunc
731 4279 918 4332 latices
954 4280 1004 4332 in
1037 4279 1144 4333 vini
1172 4281 1408 4348 speciem
1440 4289 1615 4334 trans-

24 4382 235 4422 euntes.
282 4371 599 4425 Amiserunt
644 4387 825 4441 aqum,
869 4373 1009 4442 quod
1064 4384 1202 4429 natm.
1251 4387 1415 4440 sunt,
1466 4377 1617 4443 aquis

24 4458 339 4533 indigentes
383 4461 452 4518 ad
499 4473 703 4535 potum,
734 4466 981 4538 undaque
1012 4467 1241 4521 nobilior
1262 4466 1423 4536 facta,
1455 4484 1614 4539 quam

1728 3732 1959 3801 denjque
2006 3742 2241 3786 mustum
2288 3732 2446 3786 tlulcc
2489 3730 2712 3785 rubebat
2752 3731 2803 3784 in
2857 3731 3092 3799 poculis,
3124 3745 3184 3783 ac
3215 3745 3319 3799 per

1728 3827 1963 3880 omninnt
1991 3825 2224 3894 jucunda
2273 3840 2576 3879 mensarum
2616 3833 2802 3891 captos
2834 3824 3095 3876 suavitate
3122 3822 3310 3876 convi-

1728 3933 1821 3971 vas
1849 3918 2068 3973 haustus
2103 3912 2345 3972 ﬂuminei
2392 3916 2623 3970 nectaris
2666 3915 2967 3977 ebriabant.
3015 3914 3311 3982 Stupebant

1730 4008 1955 4062 fontium
2007 4011 2235 4062 ministri
2285 4023 2378 4064 sex
2428 4007 2664 4079 ltydrias,
2698 4021 2829 4075 quas
2860 4005 3011 4074 aquis
3044 4004 3305 4072 impleve-

1728 4112 1884 4165 rant,
1928 4102 2050 4155 vino
2089 4101 2420 4155 redundante
2465 4098 2729 4162 fuscatas,
2777 4097 3060 4165 subitaque
3105 4094 3306 4150 Chriin

1730 4204 1835 4247 tota
1872 4193 2003 4248 ferri
2026 4209 2096 4248 se
2125 4192 2414 4257 vindemia,
2441 4193 2636 4260 quippe
2663 4189 2753 4258 qui
2783 4188 2904 4242 vitis
2926 4188 3121 4243 aderat
3142 4188 3308 4242 virtu-

1676 4278 1678 4281 ’
1727 4288 1795 4338 tis
1824 4287 2033 4347 colona,
2074 4295 2197 4339 nata
2227 4284 2499 4339 fructifera
2539 4286 2638 4338 sub
2670 4283 2917 4337 aetherem
2944 4280 3148 4335 frondis
3188 4297 3306 4335 um-

1728 4378 1966 4445 braculo,
2003 4380 2243 4430 nutriens
2272 4390 2517 4430 racemos
2538 4374 2795 4446 spiritalis
2824 4374 3063 4444 pampini
3092 4387 3307 4444 semper

1724 4471 2036 4524 amoenitate
2064 4470 2320 4523 victuros.

1563 4606 1873 4662 SCIIULIA.

87 4722 137 4777 1.
176 4723 300 4775 Vat.
342 4721 399 4786 1,
433 4719 531 4775 Ubi
556 4736 740 4782 aquam
779 4720 837 4772 in
864 4721 1035 4773 vinum
1077 4720 1340 4772 convertit.
1374 4718 1508 4783 Reg.
1550 4718 1605 4781 ‘2,
1638 4721 1689 4778 D
1716 4718 1859 4771 aliud
1888 4718 2193 4785 symbolum
2230 4719 2410 4787 aptius
2453 4717 2577 4770 vino
2625 4716 2793 4770 rubro
2842 4714 3079 4787 inveniri
3106 4713 3299 4783 potuit.

18 4793 91 4845 De
115 4792 385 4845 miraculo
411 4807 559 4861 aqum
597 4807 853 4845 conversa:
879 4792 927 4842 in
964 4792 1158 4843 vinum.
1189 4790 1347 4841 Rom.
1376 4788 1475 4842 Ubi
1505 4788 1610 4841 Do-

14 4866 182 4916 minus
211 4871 434 4916 rocatus
461 4863 528 4915 ad
558 4862 792 4932 nuptias,
816 4865 1059 4914 conuertit
1088 4877 1276 4926 aquam
1314 4861 1366 4911 in
1415 4861 1608 4932 vinum.

80 4935 134 4987 4.
170 4936 459 4989 Cellarius
483 4949 547 4986 ex
581 4930 709 4984 mss.
736 4932 981 5000 reposuit
1004 4933 1253 4988 amittere.
1282 4945 1401 4982 cum
1448 4930 1610 4997 vulgo

12 5007 315 5072 repet-isset
344 5004 629 5057 dimittere.
660 5002 835 5055 Nostri
870 5006 1031 5056 etiam
1063 5017 1255 5055 omnes
1292 5016 1420 5072 mss.
1455 5004 1607 5072 amit—

12 5071 114 5129 tere
139 5092 267 5130 cum
300 5075 640 5130 cditionihus
664 5073 960 5138 Parrhasii,
987 5084 1043 5125 et
1074 5073 1219 5133 A'di,
1256 5071 1356 5123 nisi
1387 5072 1527 5135 quod
1560 5071 1609 5122 in

11 5148 112 5202 huc
144 5148 426 5201 mendose
452 5155 536 5198 est
560 5145 860 5211 ammittere,
894 5154 952 5197 ut
980 5143 1177 5213 legitur
1200 5145 1363 5196 etiam
1400 5144 1450 5193 in
1484 5141 1608 5194 cod.

7 5222 171 5288 Ang.,
206 5228 265 5273 et
286 5218 425 5288 Alli.

75 5283 128 5345 5⁷.
164 5290 364 5352 Cunt.,
399 5286 585 5351 Fabr.,
610 5294 662 5340 et
691 5286 933 5338 nonnulli
976 5285 1063 5339 alii
1102 5286 1330 5355 vulgati,
1357 5283 1479 5335 ltesa
1511 5292 1626 5355 pro‘

6 5361 162 5413 (tcta:
200 5362 311 5413 hoc
365 5357 732 5411 retinendum.
772 5356 1142 5411 Nebrissensis
1192 5362 1306 5409 lucc
1353 5362 1501 5406 nctit
1540 5354 1604 5404 ad

7 5434 235 5483 verbum
270 5429 589 5484 Pallorem:
622 5427 723 5493 Qui
744 5426 885 5480 color
907 5435 979 5479 est
1001 5428 1103 5479 vini
1136 5429 1315 5497 aptimi
1344 5427 1395 5477 in
1427 5438 1610 5490 genere

1 5505 106 5555 vini
126 5501 261 5565 albi,
293 5501 501 5570 gilvum
522 5498 819 5563 appellant;
848 5508 901 5570 et
929 5498 993 5550 ad
1022 5499 1246 5570 verbum
1281 5496 1563 5570 rubuerunt
1590 5509 1607 5546 :

6 5573 263 5638 Quadam
291 5566 508 5641 hydria?
539 5570 591 5621 in
614 5570 787 5641 vinum
817 5568 1024 5641 giluum,
1055 5568 1291 5641 qutedam
1317 5568 1367 5618 in
1396 5566 1609 5641 rubrum

2 5657 220 5698 mutatae
250 5638 407 5696 sunt.
452 5640 523 5695 At
552 5654 681 5693 vero
726 5638 981 5695 Sedulius
1028 5639 1244 5702 asserit,
1277 5649 1445 5701 aquas
1475 5638 1611 5687 ami-

0 5718 139 5770 sisse
162 5716 450 5785 pallorem
492 5724 819 5785 suum,an
847 5709 1143 5785 sumpsisse
1184 5709 1439 5785 pallorem
1473 5707 1602 5785 viui.

0 5776 338 5842 Notantxtri
365 5780 595 5848 eruditi,
622 5781 674 5833 in
700 5780 979 5840 Palaestina
1008 5782 1127 5833 vina
1156 5780 1258 5833 alia
1294 5794 1397 5831 non
1416 5776 1601 5842 fuisse,

1 5858 103 5914 nisi
138 5857 313 5914 rubra
343 5858 359 5919 ;
413 5860 587 5921 neque
618 5851 684 5904 ad
710 5850 907 5906 Christi
932 5851 1247 5921 sanguinem
1281 5848 1612 5921 ﬁgurandum

1698 4822 1707 4827 ι
1791 4790 1842 4841 8.
1885 4788 2052 4841 Lacus
2075 4790 2246 4842 accini
2270 4786 2416 4843 solet
2445 4803 2540 4855 pro
2560 4803 2688 4840 νηεςξ
2714 4786 2917 4855 amplo,
2952 4786 3003 4838 in
3034 4801 3141 4854 quo
3180 4801 3301 4839 mu-

1718 4870 1859 4912 stum
1892 4860 2166 4927 recipilor.
2197 4859 2289 4915 Sic
2318 4854 2531 4922 Cicero,
2563 4858 2809 4920 Ovidius,
2843 4854 3168 4921 Columella,
3198 4855 3302 4911 Ne-

1719 4932 1943 4993 tnesius,
1976 4943 2025 4981 et
2049 4931 2140 4984 alti
2168 4931 2217 4984 id
2250 4932 2473 4984 verbum
2510 4935 2857 4996 usurparunt.
3007 4968 3011 4975 .
3188 4946 3195 4949 ·

1791 5003 1842 5053 il.
1876 4999 1928 5052 ln
1962 4999 2071 5054 Ott.
2122 5004 2172 5060 1,
2214 5018 2389 5068 verax,
2417 5002 2554 5054 bene
2580 5011 2907 5064 corrccmm,
2944 5006 3000 5050 ut
3048 4996 3296 5068 videtur,

1722 5085 1819 5131 per
1863 5075 2026 5135 ferax.
2062 5073 2309 5138 Plerique
2341 5067 2508 5124 nostri
2537 5086 2669 5125 mss.
2702 5070 2864 5139 Ang.,
2900 5068 3045 5131 Alb.,
3080 5068 3211 5135 lieg.
3240 5067 3295 5139 2,

1720 5141 1773 5205 5,
1817 5140 1955 5194 Vatt.
1992 5143 2061 5207 1,,
2091 5142 2148 5206 2,
2182 5143 2350 5205 Meus,
2382 5141 2538 5205 Urb.,
2586 5143 2765 5204 ηοω,
2796 5138 2960 5205 "Reg.
2992 5139 3045 5203 1,
3092 5153 3189 5205 pro
3235 5138 3291 5191 d.

1719 5211 1932 5279 set-ipt.,
1956 5213 2063 5266 Ott.
2103 5215 2155 5274 1,
2207 5229 2234 5263 a
2264 5213 2497 5266 Secunda
2531 5228 2624 5275 m.,
2656 5226 2779 5263 cum
2818 5212 3029 5269 Arntz..
3078 5207 3294 5279 Par_rlt.,

1717 5276 1862 5343 Ald.',
1887 5294 1941 5335 ct
1967 5282 2184 5338 schedis
2206 5283 2434 5344 Poelm.,
2460 5284 2645 5334 virtute
2672 5280 2907 5333 colenda.
2934 5280 3042 5333 Ott.
3069 5278 3129 5343 2,
3158 5276 3294 5347 Reg.

1718 5353 1771 5410 1,
1796 5366 1824 5403 a
1859 5368 1938 5419 pr.
1974 5370 2069 5419 m.,
2098 5355 2197 5407 Ott.
2240 5358 2290 5418 1,
2322 5368 2349 5405 a
2385 5369 2464 5419 pr.
2492 5370 2587 5415 m.,
2621 5353 2825 5417 colona,
2855 5350 2996 5419 quod
3026 5349 3212 5408 Prosa.
3238 5358 3294 5402 et

1718 5422 1959 5491 plerique
1997 5427 2122 5477 editi
2158 5426 2414 5478 retinent.
2448 5423 2817 5477 NebrisSensis
2849 5422 3072 5487 exponit
3109 5419 3296 5472 rirtute

1715 5490 1920 5564 colona,
1954 5494 2006 5545 id
2036 5506 2128 5559 est,
2154 5490 2496 5564 agricolnnte.
2537 5495 2610 5547 Ex
2644 5505 2799 5560 prosa
2833 5491 2975 5544 aliud
3018 5491 3286 5564 arguitur:

1714 5562 1911 5643 dicitur
1961 5566 2103 5619 enim
2154 5559 2266 5619 vitis
2295 5566 2495 5619 virtutis
2525 5567 2727 5625 colona,
2766 5564 2870 5617 nisi
2903 5562 3181 5633 legendum
3220 5559 3292 5613 sit

1711 5644 1915 5688 virtute.

1786 5704 1867 5758 10.
1909 5706 2073 5772 Meus,
2118 5709 2478 5777 fructiferans;
2504 5720 2599 5774 pro
2640 5705 2696 5759 d.
2746 5722 2791 5761 s.
2826 5706 3019 5761 melius
3063 5704 3285 5774 Ῑνιιείίβ·

1715 5792 1854 5839 mus,
1888 5778 2028 5845 quod
2054 5776 2330 5848 Calpurnii
2359 5788 2518 5848 atque
2549 5776 2869 5832 Tertulliani
2914 5778 3141 5833 verbum
3172 5784 3285 5832 est:

1723 5861 1843 5901 nam
1868 5852 2098 5904 alterum
2122 5850 2185 5904 ad
2215 5850 2440 5905 barbara
2472 5848 2622 5918 rejici
2648 5848 2830 5904 debet.
