3904 6320
470 377 575 435 639

1832 350 2049 409 C(ELll‘
2077 345 2347 432 SEDULil

3621 321 3715 379 MU

507 487 577 546 50
612 485 732 544 Jam
758 480 949 555 procul
978 494 1008 534 a
1036 477 1199 534 terris
1226 474 1400 529 fuerat
1428 471 1584 537 ratis,
1614 477 1841 538 actaque
1869 464 2053 520 ﬂabris
2080 471 2132 534 Α
2192 460 2261 516 60
2299 459 2457 555 Voce
2476 452 2666 517 simul,
2693 451 2950 552 Miserere
2969 447 3132 555 citus,
3157 443 3441 555 miserere.
3476 437 3723 510 perimus,

618 576 874 636 sulcabat
902 570 1136 628 medium
1168 566 1360 638 puppis
1389 577 1577 619 secura
1605 557 1947 631 profundum,

619 671 755 728 Cum
799 665 980 723 subito
1015 663 1129 718 fera
1164 660 1336 730 surgit
1361 655 1551 723 hiems,
1584 652 1908 723 pelagusque
1938 663 2062 717 pro-

1817 741 1992 815 [cellis

622 853 884 919 Vertitur,
922 858 981 927 et
1022 845 1287 919 trepidam
1329 840 1577 915 quatiunt
1614 836 1750 893 vada
1789 835 1931 891 salsa
1974 846 2062 887 ca-

1769 929 1988 1002 [rinam.

634 1036 951 1095 Perculerat
979 1031 1206 1089 formido
1236 1029 1467 1095 animos,
1498 1038 1726 1092 seseque
1756 1015 2015 1091 putabant

526 1131 595 1192 55
630 1130 901 1201 Naufraga
929 1126 1154 1184 littoreis
1177 1123 1287 1195 jam
1318 1119 1537 1176 tendere
1568 1116 1783 1173 brachia
1809 1114 1976 1169 saxis.

636 1224 759 1294 Ipse
783 1231 959 1275 autem
980 1210 1251 1287 placidum
1281 1212 1537 1283 carpebat
1557 1219 1773 1280 pectore
1794 1217 2065 1269 somnum,

641 1314 803 1390 25.3
850 1312 1134 1383 Maiestate
1174 1309 1334 1379 vigil,
1380 1306 1503 1377 quia
1550 1319 1658 1359 non
1706 1301 1962 1358 dormitat
2013 1297 2066 1353 in

1755 1394 1951 1466 [mvum
1974 1434 1987 1458 ,

641 1500 742 1568 Qui
762 1497 1097 1569 regitlsrael,
1114 1509 1290 1566 neque
1301 1505 1527 1564 prorsus
1538 1488 1763 1544 dormiet
1785 1498 2060 1555 umquam.

646 1592 787 1662 Ergo
808 1591 897 1646 ubi
930 1590 1083 1661 pulsa
1109 1588 1293 1658 quies,
1331 1584 1538 1639 cunctis
1568 1580 1929 1637 clamantibus
1961 1590 2062 1630 una

2302 548 2520 604 Auxilio
2547 558 2800 601 succurre
2833 541 2919 611 pio
2946 558 2958 592 :
2992 538 3064 592 nil
3096 546 3219 591 vota
3250 544 3519 599 moratus,

2305 644 2613 710 Exsurgens
2643 635 2898 692 Dominus
2915 672 2928 695 ,
2962 629 3156 684 validis
3178 630 3471 683 mitescere
3492 626 3665 680 ventis

2299 732 2554 801 Imperat,
2588 738 2641 783 et
2665 726 2806 781 dicto
2831 722 2992 778 citius
3022 720 3223 774 tumida
3256 732 3476 788 aequora
3508 716 3694 786 placat.

2303 826 2418 882 Non
2449 814 2566 881 erat
2596 823 2681 877 illa
2708 819 2807 875 feri
2840 831 3053 889 pugnax
3076 813 3300 869 audacia
3332 813 3518 882 ponti,

2198 923 2267 979 65
2304 921 2358 976 lu
2379 918 2663 973 Dominum
2679 914 2911 970 tumidas
2927 925 3046 983 qua:
3062 923 3288 980 surgere
3305 914 3529 977 erigeret
3546 903 3723 969 undas,

2308 1010 2471 1085 244.
2514 1009 2625 1065 Nec
2667 1005 2954 1064 metuenda
2996 1014 3175 1058 truces
3218 999 3491 1071 agitabant
3520 998 3723 1052 ﬂamina

3469 1091 3662 1164 [vires;

2308 1198 2411 1255 Sed
2465 1199 2649 1252 laetum
2697 1193 2956 1250 exsiliens
3005 1189 3223 1246 Christo
3265 1202 3448 1252 mare,
3485 1182 3729 1253 compulit

3473 1276 3665 1349 [intum

2309 1386 2582 1456 Obsequio
2614 1383 2821 1438 fervere
2852 1380 3072 1445 fretum,
3104 1375 3406 1446 rapidoque
3436 1375 3617 1427 volatu

2311 1478 2593 1533 Moverunt
2620 1474 2811 1529 avidas
2838 1478 3123 1526 ventorum
3144 1468 3340 1539 gaudia
3376 1478 3601 1536 pennas.

2207 1576 2272 1629 7t)
2380 1572 2595 1627 interea
2622 1567 2833 1640 placido
2854 1573 3191 1618 transvectus
3213 1573 3511 1623 marmore,
3528 1555 3731 1626 puppim

1826 1675 2000 1731 Ui’US
2042 1668 2419 1731 PASCHALE.

500 1780 657 1836 fateri
690 1780 1013 1851 cogebantur
1040 1787 1095 1834 et
1125 1786 1333 1841 nautae;
1362 1776 1541 1831 cuncti
1592 1788 1650 1829 se
1688 1773 1918 1841 denique
1957 1772 2065 1840 jam
2097 1776 2143 1836 Β
2172 1783 2325 1823 suum
2360 1779 2579 1820 movere
2610 1764 2725 1817 nisa
2756 1768 2881 1816 sunt
2910 1756 3293 1815 conditorem?
3332 1753 3495 1817 absit,
3539 1760 3601 1806 ut
3644 1751 3733 1805 hoc

504 1883 703 1953 perire,
735 1892 787 1937 et
819 1889 909 1935 aut
933 1881 1230 1935 tabularum
1273 1878 1529 1932 tractibus
1571 1876 1893 1930 inhaerentes
1917 1916 1933 1938 ,
1978 1884 2072 1928 aut

458 2036 459 2039 η
506 1981 763 2039 brachiali
778 1978 1003 2050 remigio
1022 1979 1329 2049 pervolutos
1341 1977 1637 2050 scopulosis
1650 1975 1938 2031 credebant
1950 1989 2077 2027 nau-

506 2081 687 2153 fragos
716 2082 981 2135 littoribus
1004 2079 1356 2134 collidendos.
1393 2077 1635 2131 Christus
1682 2088 1856 2130 autem
1876 2117 1888 2137 ,
1922 2090 2079 2130 verus

506 2185 851 2257 gubernator,
881 2198 941 2236 ac
966 2180 1219 2252 providus
1233 2189 1281 2250 ιι,
1312 2178 1518 2234 modico
1543 2177 1787 2234 cervicali
1810 2176 2075 2245 suffultus,

510 2282 784 2342 ﬂuctuanti
817 2281 1089 2335 dormiens
1113 2280 1415 2350 quiescebat
1437 2280 1485 2333 in
1515 2280 1695 2348 puppi,
1726 2280 1926 2347 sopitus
1960 2292 2080 2332 cor—

511 2397 664 2454 pore,
706 2380 924 2452 pervigil
963 2380 1258 2449 majeSIate,
1303 2380 1390 2450 qui
1430 2380 1718 2435 secundum
1742 2377 2078 2449 prophetiam

509 2483 819 2541 Davidicam
845 2500 860 2538 :
894 2481 946 2536 Ν
951 2499 1014 2535 οη
1039 2480 1349 2545 dormitabit,
1374 2498 1532 2551 neque
1551 2480 1884 2550 dortmet,qui
1909 2490 2079 2534 custo-

515 2585 591 2639 dit
611 2582 799 2638 Israel.
814 2582 1054 2653 Cumque
1072 2582 1346 2652 discipulis
1367 2597 1468 2636 una
1490 2582 1646 2637 simul
1660 2598 1787 2637 voce
1804 2584 2081 2637 clamanti-

516 2688 639 2755 bus,
662 2685 905 2751 Domine,
922 2686 1081 2739 libera
1103 2701 1216 2752 uos,
1238 2686 1486 2755 perimus,
1506 2686 1742 2754 exsurgit
1771 2684 2077 2749 suscitatus,

504 2791 685 2846 ventis
734 2791 965 2859 imperat
1004 2798 1061 2843 ut
1103 2790 1483 2858 quiescerent,
1537 2789 1670 2841 mari
1728 2788 1970 2856 praecipit
2028 2798 2082 2841 ut

519 2882 750 2946 taceret,
783 2880 1077 2947 subitoque
1130 2877 1274 2947 ponti
1320 2876 1524 2947 pariter
1567 2877 1669 2929 iter
1692 2886 1745 2929 et
1784 2877 1925 2929 aeris
1964 2875 2079 2929 ina-

524 2975 709 3044 pinata
758 2968 1047 3040 temperies
1093 2968 1395 3039 prmsentim
1440 2966 1700 3037 proditrix
1752 2965 1809 3020 ﬁt
1855 2966 2077 3021 diviute.

513 3058 652 3135 Quid
702 3066 866 3135 igitur
915 3063 1169 3119 convenit
1214 3062 1305 3147 iila
1346 3060 1415 3114 de
1467 3068 1783 3127 tempestate
1829 3060 2084 3115 censeri?

516 3158 909 3227 Numquidnam
941 3155 967 3194 δ
1003 3154 1227 3224 pelagus
1274 3168 1445 3207 saevas
1492 3154 1666 3207 erexit
1712 3153 1976 3220 procellas
2026 3152 2075 3206 in
2106 3158 2151 3221 ρ

515 3252 799 3305 Dominum
826 3290 843 3316 ,
874 3258 968 3303 aut
1014 3248 1329 3302 seditiosum
1370 3245 1537 3300 ﬂabra
1580 3246 1846 3299 luctamen
1893 3254 2079 3297 contra

2178 1860 2443 1914 elementa
2476 1856 2828 1918 tentaveriut,
2860 1851 3002 1921 quod
3042 1850 3293 1920 injuriam
3325 1848 3597 1915 ingereret
3636 1860 3736 1899 ma-

2174 1950 2378 2020 jestati.
2422 1947 2527 2003 Sed
2571 1956 2627 2001 ut
2653 1954 2847 2001 cuncta
2887 1941 3086 1998 Christi
3120 1940 3411 1994 virtutibus
3444 1937 3626 1991 humili
3655 1938 3739 1991 tle-

2180 2044 2398 2098 votione
2441 2041 2681 2111 subjecta
2717 2040 2892 2107 potius
2934 2044 3280 2097 censeamus,
3310 2046 3472 2086 omne
3514 2028 3739 2085 creditur

2181 2135 2375 2188 fretum
2408 2132 2685 2186 Dominica
2717 2126 3064 2195 navigatione
3095 2124 3456 2189 laetissimum,
3490 2122 3629 2191 quod
3661 2136 3740 2177 ve-

2183 2224 2323 2279 nerit
2368 2224 2712 2293 obsequens,
2756 2235 2821 2275 ae
2864 2232 3195 2290 procurrens
3235 2231 3303 2271 ex
3335 2216 3459 2269 imis
3491 2214 3737 2268 undarum

2182 2319 2400 2373 sedibus
2432 2312 2924 2371 aestu‘candidiore
2954 2312 3284 2367 fervesceus.
3334 2309 3426 2366 Sic
3475 2310 3634 2363 etiam
3675 2309 3741 2364 le~

2182 2412 2325 2465 vium
2354 2424 2564 2479 prmpes
2589 2417 2777 2461 natura
2801 2416 3083 2461 ventorum
3112 2405 3359 2474 puppim,
3381 2418 3484 2474 qua
3507 2401 3741 2458 Christus

2183 2500 2496 2565 insederat,
2545 2498 2647 2552 alis
2692 2498 2898 2552 volucri
2940 2496 3281 2567 jucunditate
3306 2495 3564 2559 diffusis,
3619 2502 3742 2549 tatu-

2182 2611 2340 2664 quam
2363 2595 2509 2663 regia
2538 2593 2691 2646 ducis
2717 2603 2914 2657 castra,
2941 2600 3088 2646 cmtu
3114 2590 3415 2644 famulante
3438 2588 3737 2643 vallaverat.

2184 2686 2365 2755 Nelue
2393 2688 2532 2741 enim
2567 2686 2653 2739 cui
2684 2686 2955 2739 violentiae
2988 2684 3277 2753 petestatis
3316 2683 3530 2737 licentia
3560 2680 3742 2737 suifra-

2184 2791 2355 2851 gatur,
2385 2781 2671 2851 imperioso
2696 2774 2852 2833 facile
2876 2787 3097 2849 cogatur
3126 2777 3353 2832 obedire
3378 2778 3629 2844 Domino,
3648 2778 3742 2831 sic-

2185 2885 2242 2928 ut
2294 2889 2566 2943 :eqttorutn
2603 2883 2624 2911 ε
2657 2881 2711 2927 et
2742 2873 2921 2936 venti,
2954 2870 3152 2926 divinis
3180 2870 3386 2925 Christi
3415 2869 3736 2940 jussionibus

2186 2965 2448 3026 inclinati,
2484 2980 2674 3021 cursus
2704 2965 2886 3034 rapida
2915 2964 3283 3018 commotione
3311 2964 3617 3033 prmcipites
3642 2963 3743 3016 lano

2185 3058 2365 3129 guenti
2396 3059 2576 3112 subito
2608 3059 2907 3128 deposuere
2931 3067 3169 3126 torpore.

2251 3148 2458 3204 Interea
2480 3151 2604 3219 quin
2625 3151 2783 3204 etiam
2810 3148 3039 3220 gurgitis
3060 3149 3313 3202 dominus
3336 3148 3559 3201 lenitate
3582 3156 3743 3202 trans-

2187 3254 2370 3298 vectus
2395 3285 2408 3309 ,
2442 3245 2628 3298 relicto
2664 3244 2908 3313 navigio,
2944 3257 3037 3311 per
3062 3255 3213 3295 oram
3245 3240 3413 3295 vicini
3442 3240 3639 3296 littoris
3667 3240 3741 3294 in-

1974 3335 2299 3391 SCHOLIA.

510 3446 653 3491 vasto
680 3466 749 3477 -—
776 3434 1004 3490 Carbasa
1039 3445 1214 3505 ponto.
1258 3437 1394 3505 Quid
1436 3445 1612 3490 autem
1655 3436 1721 3489 sit
1751 3434 1934 3505 librare
1962 3451 2079 3489 car-

510 3506 664 3570 basa,
706 3504 1130 3575 intelligetur’ex
1170 3504 1361 3561 Ovidio
1395 3523 1451 3561 ιιι
1488 3506 1632 3560 Fast.
1673 3505 1795 3575 585.
1840 3504 1965 3557 Vela
1992 3522 2079 3559 ca-

510 3577 637 3631 dunt
673 3577 856 3644 primo,
888 3574 947 3629 iet
977 3576 1135 3629 dubia
1163 3578 1410 3631 librantur
1439 3577 1499 3629 ab
1530 3593 1679 3641 aura,
1711 3574 1811 3629 hoc
1839 3587 1943 3643 ρει,
1976 3593 2079 3630 non

510 3597 637 3631 cum
710 3597 856 3644 νυηο,
900 3597 946 3629 ιι
977 3597 1135 3629 auara
1163 3597 1410 3631 librantur
1439 3597 1468 3629 ιι

507 3597 881 3711 itttend’nntur,
913 3646 1007 3700 sed
1039 3648 1156 3701 laxe
1184 3649 1470 3718 agitantur.

580 3719 669 3773 50.
707 3718 823 3770 Vat.
858 3719 907 3781 1,
934 3733 965 3769 a
996 3728 1148 3771 terra.

570 3788 671 3842 .52.
720 3787 874 3840 Rom.
929 3802 1025 3852 pro
1068 3788 1123 3839 d.
1163 3804 1233 3850 s.,
1280 3789 1559 3853 Arntzen.,
1604 3785 1814 3841 schedaa
1848 3786 2078 3852 Poelm.,

513 3858 655 3912 Tunc
684 3873 779 3924 pro
801 3856 945 3910 Cuut.
983 3856 1164 3921 Rom.,
1201 3873 1497 3925 perperam.
1526 3858 1692 3910 subita
1721 3857 1900 3920 surgit.

579 3930 668 3983 55.
713 3927 855 3981 Vada
883 3926 1020 3980 salsa
1044 3943 1108 3980 ex
1143 3928 1364 3996 Virgilio
1394 3931 1426 3980 l.
1461 3943 1514 3989 v,
1547 3944 1685 3980 ψει-ε.
1722 3928 1847 3980 158.

579 3998 669 4120 fit.
714 3996 772 4051 In
815 3997 1047 4050 Monast.
1086 3996 1394 4063 Pertulerat,
1440 3998 1688 4051 mendum
1718 4008 1794 4051 est
1830 4012 1923 4066 pro
1952 3996 2079 4051 Per-

601 4078 729 4120 erat.

514 4078 729 4122 celerat.

581 4138 672 4193 56.
716 4137 771 4190 In
816 4138 948 4207 Reg.
998 4140 1021 4191 1
1064 4144 1146 4191 est
1182 4139 1458 4207 placidum,
1506 4147 1562 4193 ut
1598 4140 1653 4193 in
1697 4139 1949 4207 relituis;
1984 4141 2075 4194 sed

514 4209 689 4279 glossa
722 4223 898 4261 sereno
928 4210 1100 4275 innuit
1125 4209 1349 4279 placida.

583 4279 669 4332 57.
691 4278 930 4347 Plerique
945 4280 1111 4331 nostri
1130 4275 1255 4332 mss.
1272 4296 1391 4333 cum
1409 4278 1826 4343 Parrh.,schcd.
1844 4278 2046 4332 Parim.
2060 4325 2073 4347 ,

510 4348 658 4413 Ald”
689 4350 809 4417 quia
842 4364 961 4401 non.
994 4348 1277 4403 Nonnulla:
1324 4350 1587 4404 editiones
1629 4350 1791 4403 etiam
1843 4350 2074 4419 antiqua:

510 4434 633 4473 cum
670 4434 827 4485 prosa
856 4418 942 4488 qui
970 4436 1090 4473 non.
1125 4419 1181 4473 In
1216 4421 1329 4474 Vat.
1362 4421 1418 4483 2,
1460 4419 1677 4475 dubium
1706 4420 1828 4489 qui,
1859 4436 1925 4473 an
1954 4423 2077 4489 quia

512 4490 821 4563 legendum.
853 4490 1127 4563 ψάλλω
1154 4506 1275 4554 nou,
1306 4492 1513 4546 scilicet
1543 4494 1798 4563 majestas.

580 4562 668 4613 58.
704 4561 929 4615 Seltediu
978 4561 1290 4614 Pneltnann.
1348 4564 1586 4615 scribere
1619 4561 1815 4627 ’jnbent
1868 4577 2075 4627 prorsus

510 4646 618 4683 nec.
666 4630 771 4685 Sed
826 4640 1044 4699 praestat
1091 4632 1323 4685 retinere
1370 4632 1688 4697 scripturam
1734 4646 2071 4685 eonmrunein

2185 3436 2542 3489 clamantibus.
2561 3434 2747 3496 Vat.2,
2773 3433 3049 3494 mendose,
3078 3432 3375 3497 cunctisque
3396 3430 3735 3485 clamantibus.

2186 3506 2241 3559 In
2274 3505 2402 3567 Reg.
2428 3508 2482 3567 ‘2,
2512 3508 2709 3573 glossa,
2730 3506 2928 3575 pariter
2968 3510 3055 3556 est
3102 3503 3468 3565 clamantibus,
3500 3505 3638 3572 quod
3660 3518 3739 3557 ar-

2182 3576 2312 3646 guit,
2348 3576 2486 3629 aliud
2519 3576 2703 3629 fuisse.

2252 3646 2338 3700 (50.
2378 3647 2588 3711 Parrlt.,
2623 3647 2834 3701 schedze
2860 3645 3091 3707 Poelm.,
3118 3642 3369 3697 Miserere
3396 3642 3567 3709 Deus;
3609 3643 3740 3713 quod

2186 3733 2293 3770 non
2328 3719 2530 3782 placet:
2562 3718 2661 3770 etsi
2708 3721 2847 3770 enim
2881 3716 2930 3769 in
2966 3715 3134 3768 Prosa
3162 3723 3247 3767 est
3276 3713 3519 3777 Domine,
3570 3723 3736 3768 tamen

2182 3787 2723 3855 discipnlt'Cltristutn
2752 3787 3021 3839 Dominum
3040 3786 3281 3855 quidem,
3310 3801 3416 3838 non
3444 3785 3603 3838 Deum
3626 3794 3740 3840 tunc

2182 3853 2535 3924 appellarunt.
2569 3858 2684 3911 Vat.
2718 3859 2766 3920 1,
2792 3858 2899 3911 Ott.
2930 3856 2984 3921 2,
3008 3859 3170 3924 Ang.,
3195 3853 3442 3909 Miserere
3470 3858 3573 3909 cito
3598 3872 3617 3909 .'
3640 3857 3741 3911 ele-

2181 3930 2392 3996 gantius
2421 3928 2507 3981 alii
2538 3930 2687 3981 citus.

2248 4000 2333 4052 65.
2373 3998 2631 4066 Virgilius
2661 4015 2677 4052 ι
2709 3998 2835 4053 )Eu.
2868 3998 3009 4053 146:
3046 3995 3141 4051 Sic
3187 3997 3291 4058 ait,
3336 4006 3383 4050 et
3431 3998 3568 4050 dicto
3604 3998 3739 4051 citius

2181 4070 2385 4140 tumida
2403 4084 2606 4140 tequora
2632 4071 2821 4140 placitt.

2251 4140 2338 4192 63.
2373 4137 2641 4192 Nonnulli
2682 4140 2811 4193 editi
2882 4138 3132 4207 Obsequio
3195 4137 3384 4191 servire
3421 4154 3440 4189 :
3491 4138 3734 4207 majorem

2181 4210 2483 4279 εηιμιιειμὶιη
2541 4210 2700 4264 habet
2745 4212 2957 4279 fervere,
3001 4224 3109 4277 quo
3150 4208 3315 4279 etiam
3359 4218 3582 4279 etymon
3630 4211 3736 4277 [reti

2181 4224 2483 4276 empuasttn
2541 4224 2700 4264 habet
2745 4224 2957 4279 terrere,
3001 4224 3109 4277 quo
3150 4224 3315 4261 etlam
3359 4224 3410 4261 et
3457 4225 3582 4262 mon
3630 4224 3735 4277 [reti

2179 4278 2487 4333 denotatur.
2535 4279 2667 4333 Vide
2718 4292 2828 4334 not.
2856 4280 2923 4333 ad
2952 4280 3111 4333 verba
3139 4277 3363 4333 Jttvcnci
3396 4224 3532 4348 gela
3556 4280 3736 4349 fervida

2180 4352 2216 4401 Ι.
2251 4365 2329 4415 ιιι,
2362 4365 2502 4401 vers.
2538 4350 2657 4404 127.

2248 4420 2336 4474 (59.
2362 4419 2586 4491 Scitetlac
2616 4420 2817 4475 Poelm.
2848 4420 3064 4484 subitas,
3091 4417 3247 4491 Urb.,
3269 4419 3486 4491 Parrh.,
3515 4420 3733 4491 rapidas,

2178 4506 2283 4560 quo
2325 4491 2472 4543 ducit
2510 4490 2699 4543 Prosa.
2748 4492 2994 4559 Plerique
3039 4489 3237 4560 avidas,
3293 4490 3349 4542 h.
3379 4505 3476 4560 re.,
3529 4489 3735 4558 cupidas

2179 4558 2463 4615 obedietnli
2490 4559 2729 4615 Christo.
2766 4558 3060 4628 Ettpltcatio
3086 4558 3336 4624 Cellarii,
3376 4559 3529 4615 Venti
3553 4564 3733 4631 gaude-

2179 4631 2338 4685 bundi
2382 4635 2661 4699 refugiunt,
2720 4633 2920 4697 Christo
2968 4632 3286 4700 imperante,
3340 4633 3613 4685 contraria
3657 4639 3731 4684 est

506 4715 665 4768 neque
694 4718 923 4764 prorsus.
956 4703 1010 4754 In
1038 4701 1194 4757 Rom.
1225 4716 1379 4757 error
1412 4713 1493 4756 est
1539 4705 1794 4757 tnetricus
1833 4701 2073 4755 dormitat
2099 4726 2150 4785 ο
2180 4704 2345 4785 tuenti
2389 4704 2727 4785 _|)0cl:2,mqtti
2781 4704 2888 4767 ait,
2919 4716 3130 4785 .ventns
3176 4703 3569 4771 gaudebundos
3611 4701 3729 4785 salo

510 4785 767 4835 umquam.

574 4841 659 4893 59.
697 4842 824 4903 lleg.
868 4842 926 4903 1,
958 4842 1065 4895 Ott.
1094 4844 1117 4896 1
1143 4884 1157 4906 ,
1212 4842 1385 4897 codex
1429 4843 1826 4897 vetustissimus
1878 4842 2065 4895 Tauri-

504 4914 707 4981 nensis.
741 4910 923 4975 Cant.,
956 4914 1077 4965 edd.
1113 4912 1227 4965 Vat.
1260 4914 1311 4975 1,
1344 4914 1411 4978 2;
1444 4914 1607 4977 Mon.,
1640 4912 2060 4981 lacrymantibns.

499 4979 628 5033 Mss.
664 4981 808 5047 All).,
859 4982 988 5049 Reg.
1031 4984 1085 5046 2,
1142 4983 1205 5047 5;
1256 4982 1376 5037 Vat.
1425 4986 1477 5047 1,
1530 4979 1951 5046 Urbitt.,_Ott0|).
2003 4984 2056 5049 2,

497 5050 677 5117 ilom.,
710 5052 871 5122 Ang.,
904 5052 1050 5107 Meus
1093 5066 1212 5107 cum
1256 5052 1442 5115 Prosa,
1476 5068 1527 5107 et
1578 5056 1846 5123 plerisque
1876 5054 2056 5119 editis,

571 5179 595 5206 ⁸
628 5172 863 5235 Juretus,
911 5172 1222 5226 Gallandins
1264 5179 1319 5226 et
1356 5170 1467 5235 alii,
1509 5186 1569 5222 ac
1601 5172 1867 5240 proﬁdus;
1899 5173 2057 5237 malo,

492 5256 549 5290 ac
589 5244 845 5311 providus,
875 5258 991 5311 qua:
1025 5258 1103 5295 εει
1134 5242 1391 5305 scriptura
1422 5241 1475 5293 in
1504 5243 1819 5309 quibusdam
1856 5242 2056 5297 Biblio-

494 5311 663 5364 lltecis
698 5313 929 5370 l’atrutn.
974 5320 1027 5365 el.
1067 5312 1163 5366 fuit
1194 5314 1355 5367 eli-unt
1382 5314 1689 5383 conjectura
1719 5311 1906 5383 Jurvti.
1933 5313 2060 5366 P04-

490 5388 570 5435 tea
599 5391 890 5436 occurrunt
918 5384 1078 5436 verba
1106 5399 1170 5437 ex
1204 5382 1409 5451 psalmo
1435 5382 1556 5446 cis,
1592 5396 1733 5436 vers.
1761 5382 1812 5435 4.
1839 5385 1893 5438 In
1923 5384 2059 5437 mul-

2174 4773 2435 4839 tiltsetlttio
2472 4775 2521 4825 itt
2572 4773 2841 4827 Christum
2886 4774 3088 4828 circuut
3142 4775 3439 4827 volitantes
3488 4773 3728 4836 quodam-

2173 4843 2332 4895 modo
2355 4846 2667 4896 essultasse.
2700 4844 2879 4896 Ventis
2904 4844 3208 4897 tribuuntur
3231 4858 3446 4912 pennae.
3470 4843 3725 4898 Iuvenalis

2170 4920 2273 4967 Sat.
2311 4930 2361 4979 v,
2391 4930 2529 4967 vers.
2557 4914 2679 4972 10!.
2708 4912 2878 4967 Siccat
2906 4912 3141 4965 madidas
3164 4914 3217 4965 in
3244 4930 3447 4966 carcere
3473 4919 3675 4981 pennas.

2239 4984 2325 5038 70.
2360 4984 2513 5037 llum.
2541 4982 2639 5038 Ubi
2665 4982 2911 5037 Dominus
2933 4983 3163 5038 liberavit
3187 4986 3446 5037 hominem
3470 4984 3724 5051 quemdam

2166 5071 2198 5107 a
2226 5057 2425 5124 legione
2447 5056 2755 5108 dietrtonum.
2777 5056 2947 5120 Mons,
2971 5052 3244 5125 Legionem
3265 5056 3556 5110 dtemouuns
3578 5071 3723 5126 eapu-

2169 5171 2387 5228 Sedulio
2416 5171 2715 5227 canfundit.

2240 5254 2262 5279 π
2294 5243 2606 5298 Gallandius
2651 5241 2915 5310 coniectat
2958 5257 3221 5311 cequorum
3260 5242 3472 5308 ﬂuctus,
3504 5239 3709 5311 clventi.

2166 5312 2344 5368 Malim
2365 5316 2496 5368 sicut
2524 5314 2744 5381 wquorei
2770 5314 2919 5366 uenti.
2969 5310 3021 5364 In
3062 5324 3277 5380 cogatur
3306 5310 3708 5381 subaudiendum

2164 5397 2244 5435 (‘Sl
2275 5383 2484 5447 aliquis,
2516 5380 2607 5437 aut
2639 5400 2735 5450 pro
2766 5382 2946 5453 Neque
2990 5382 3273 5453 legendum
3306 5380 3494 5441 Nemo.
3522 5380 3704 5453 scilicet

2164 5469 2321 5508 nemo
2350 5466 2572 5523 cogatur
2602 5454 2824 5507 nheilire
2861 5450 3161 5523 imperioso
3197 5452 3442 5519 domino,
3485 5450 3703 5523 cuino-

2162 5524 2317 5578 lenne
2345 5518 2617 5593 potestatis
2637 5524 2853 5578 licentia
2874 5522 3215 5591 suffragatur.
3235 5524 3395 5593 sicut,
3420 5532 3520 5576 etc.
3540 5518 3702 5576 Obstat

2157 5592 2356 5661 tamen,
2408 5598 2550 5665 quod
2602 5610 2789 5650 omnes
2843 5596 2971 5648 editi
3026 5596 3227 5648 habent
3271 5592 3523 5665 uiolentia;
3560 5605 3578 5644 :
3611 5604 3703 5658 quo

2156 5670 2318 5721 verbo
2341 5664 2604 5722 obscurus
2634 5667 2878 5721 redditur
2906 5679 3121 5722 sensus.
3156 5664 3324 5722 Paulo
3351 5677 3472 5736 post
3496 5664 3698 5719 fortasse

2154 5736 2435 5808 legendum
2465 5747 2547 5795 est
2577 5738 2876 5794 stultissima.

487 5451 557 5505 tis
597 5451 945 5507 Bibliothccis
985 5454 1194 5506 Patron
1241 5454 1437 5519 legitur
1466 5470 1563 5508 non
1597 5453 1885 5507 dormitavit
1912 5470 1930 5506 :
1957 5455 2052 5508 sed

482 5523 820 5576 retinendum
852 5532 933 5576 est
964 5524 1276 5577 dormitabit.

545 5591 572 5630 δ
603 5593 821 5649 Juretus
865 5604 1107 5660 testatur,
1138 5597 1191 5650 in
1218 5604 1325 5647 vet.
1359 5595 1482 5649 eod.
1517 5596 1592 5649 sic
1617 5596 1717 5664 legi
1750 5593 2050 5659 Numquid-

484 5680 603 5718 nam
635 5681 651 5716 :
681 5680 841 5733 quam
876 5666 1122 5735 loquendi
1164 5668 1425 5720 rationem
1473 5666 1735 5721 similibus
1785 5669 2046 5730 exemplis

474 5736 753 5789 c02iﬂrtnat
788 5735 1032 5799 Arnohii,
1066 5748 1119 5791 et
1148 5736 1628 5805 Scduliijuninris,
1663 5736 1894 5791 auctoris
1924 5738 2047 5792 Col-

466 5804 591 5859 lect.
629 5806 679 5857 in
713 5806 907 5871 epistol
927 5822 971 5857 is
999 5807 1356 5875 l’.tn|i,-qnem
1376 5804 1518 5861 male
1539 5823 1660 5861 cum
1688 5814 1870 5861 nostro
1892 5814 2049 5876 poeta

3444 6078 3869 6209 ...ι-ε...]
