3904 6372
150 298 249 354 Gil
1244 297 1526 358 CARMEN
1568 300 1738 360 PASC

1859 302 1946 359 ΑΕ.
1991 298 2190 358 LIBER
2230 297 2316 357 Ill.
3338 304 3443 362 612

299 410 575 483 Liquerat,
604 420 657 467 et
681 412 886 469 medios
912 414 1181 470 lustrabat
1210 417 1461 481 passibus
1489 431 1685 488 agros;
1768 426 1821 485 Α
1882 415 1951 472 80
1989 415 2235 483 Efﬁgiem
2256 420 2533 484 repetens,
2553 426 2710 482 quam
2725 412 3005 469 Christum
3024 414 3200 469 cernit
3220 414 3441 472 habere.

296 505 430 559 Cum
467 506 653 574 procul
682 521 711 560 e
742 508 967 562 tumulis
1000 507 1226 577 gemino
1253 509 1488 565 stridore
1517 516 1741 565 ruentes
1988 506 2151 580 246
2178 506 2283 563 Sed
2319 520 2505 576 pecus,
2539 504 2816 560 immunda
2848 506 3094 577 gaudens
3148 506 3237 560 lue
3258 550 3271 572 ,
3306 522 3449 561 sem-

296 597 604 653 Prosiluere
635 600 767 668 viri,
798 614 934 670 quos
962 614 1065 655 non
1098 600 1240 656 mala
1265 600 1511 658 daemone
1536 617 1741 672 pauco,
1825 582 1829 586 2
2949 598 3089 672 [per
3135 600 3374 653 amicum

295 689 454 764 245
485 691 590 747 Sed
620 691 760 761 legio
784 694 1015 748 vexabat
1034 702 1213 758 atrox,
1240 709 1491 764 nexuque
1517 702 1745 751 cruento
1989 690 2274 760 Sardibus,
2306 700 2469 763 atque
2499 690 2650 746 olido
2677 699 3000 747 consuetum
3032 690 3217 747 vivere
3262 704 3444 758 emno,

187 782 259 839 75
286 784 437 838 Steva
468 784 730 839 catenatis
757 787 1039 856 gestabant
1069 786 1237 841 vincla
1272 786 1508 842 lacertis.

293 878 542 950 Angebat
564 894 777 950 quoque
801 895 958 949 paena
982 880 1199 952 duplex.
1233 880 1380 937 Heul
1412 882 1527 939 dira
1549 883 1749 940 luroris

298 972 572 1039 Conditio;
598 976 689 1044 qui
712 974 819 1029 vim
842 975 1063 1044 patitur,
1098 978 1268 1046 magis
1300 974 1391 1031 ille
1423 976 1635 1047 ligatur.

296 1065 450 1121 Tunc
476 1064 690 1121 Domini
715 1074 981 1138 praecepta
1016 1078 1280 1133 tremens,
1305 1067 1456 1124 exire
1482 1068 1744 1139 iubentis,

299 1160 535 1230 Spiritus
555 1158 741 1215 infelix
769 1159 1045 1215 hominem
1074 1175 1181 1217 non
1204 1160 1369 1217 audet
1402 1161 1579 1225 adire,

1990 784 2095 840 Pro
2127 784 2334 839 meritis
2363 783 2573 855 petiere
2604 783 2749 852 suis,
2783 784 3082 855 tristesque
3111 782 3413 855 phalanges

1996 879 2285 935 Porciuum
2342 886 2569 934 tenuere
2607 891 2828 949 gregem
2882 894 2895 931 :
2942 876 3117 949 niger,
3175 876 3446 948 hispidus,

2562 1011 2565 1015 ν
3105 968 3127 1045 [
3145 969 3376 1026 horrens

1886 1065 2177 1123 85'Talem
2232 1065 2436 1137 quippe
2464 1063 2687 1122 domum
2722 1062 2917 1135 dignus
2956 1060 3059 1118 fuit
3089 1061 3301 1133 hospes
3350 1062 3450 1117 ha-

3190 1154 3367 1230 [bere.

1496 1252 1678 1312 OPUS
1715 1252 2100 1313 PASCHALE.

150 1344 388 1403 cedebat
414 1389 427 1413 ,
462 1361 584 1401 eum
612 1353 838 1415 repente
866 1345 973 1400 duo
999 1344 1105 1400 viri
1135 1345 1425 1401 saevissimi
1470 1346 1667 1422 turba,
1696 1355 1753 1403 et

150 1440 462 1497 daemonum
494 1440 706 1510 legione
736 1439 994 1509 possessi,
1025 1438 1097 1494 de
1125 1440 1529 1509 sepulcralibus
1558 1456 1751 1495 monu-

150 1537 359 1592 mentis
383 1534 600 1590 fremitu
628 1533 933 1603 prosiluere
957 1532 1211 1587 terribili.
1245 1532 1310 1586 Et
1331 1532 1401 1587 ob
1426 1532 1530 1587 hoc
1552 1532 1749 1588 ferreis

148 1639 470 1684 eatenarum
502 1626 727 1681 nexibus
761 1625 1026 1680 iunodati.
1075 1624 1185 1679 lleu
1214 1626 1227 1677 !
1261 1628 1420 1693 quam
1452 1628 1632 1696 gravis
1664 1632 1747 1680 est

150 1720 355 1776 luroris
398 1702 645 1775 conditio
685 1719 698 1771 !
746 1718 845 1784 Qui
889 1700 998 1771 vim
1045 1718 1283 1789 sustinet
1324 1717 1637 1771 Iacerantis‘
1664 1718 1745 1772 in-

1852 1348 2015 1404 debat
2043 1360 2250 1419 gerere,
2279 1356 2529 1404 metuens
2558 1346 2800 1404 intrandi
2830 1347 3104 1404 licentiam
3136 1347 3443 1419 postulare,

1853 1455 2017 1511 pecus
2045 1439 2322 1496 immunda
2357 1441 2604 1514 sordium
2651 1440 3013 1497 obsccenitate
3057 1441 3399 1496 ltetissimum
3428 1484 3444 1510 ,

1850 1542 1904 1590 et
1922 1534 2121 1590 olentis
2147 1535 2286 1589 caeni
2316 1549 2535 1605 semper
2556 1534 2811 1590 amicitiis
2835 1535 3133 1591 involutum
3152 1577 3167 1601 ,
3198 1551 3294 1605 pro
3328 1536 3444 1591 suis

1849 1628 2004 1682 adire
2034 1628 2245 1683 meritis
2274 1627 2610 1697 impetravit.
2641 1627 2852 1699 Quippe
2886 1629 3064 1700 niger,
3096 1627 3359 1693 hirsutus,
3392 1632 3450 1683 et

1851 1720 2129 1787 horridus,
2180 1720 2412 1791 prppria:
2447 1720 2785 1792 deformitati
2840 1720 3184 1776 consimilem
3237 1719 3446 1776 studuit

149 1813 357 1877 saniae,
408 1812 557 1867 illum
590 1824 812 1866 necesse
858 1821 935 1865 εει
968 1816 1025 1864 et
1054 1810 1247 1864 vinclis
1274 1809 1581 1879 poenalibus
1612 1808 1741 1863 sub-
1775 1796 1823 1856 Β
1850 1815 2052 1884 eligere
2094 1814 2435 1873 mansionem
2463 1854 2478 1880 ,
2508 1813 2809 1885 tristesque
2839 1814 3102 1870 continuo
3148 1813 3450 1885 phalangas

146 1909 357 1977 jacere.
407 1904 812 1980 Corive‘uienter
858 1914 1040 1959 tamen
1084 1902 1312 1972 spiritus
1361 1901 1457 1957 ille
1524 1902 1743 1971 nequis-

151 2003 329 2057 simus
359 2002 505 2057 inter
548 2001 705 2057 busta
755 2000 927 2070 magis
968 1996 1245 2052 habitabat
1284 2006 1339 2052 et
1381 1999 1628 2062 cineres,
1661 1998 1746 2051 cui

152 2094 296 2151 nihil
320 2105 402 2149 est
432 2109 554 2149 cum
579 2094 687 2148 vita
719 2106 1031 2161 commune.
1064 2090 1217 2145 Tune
1244 2090 1467 2145 domino
1494 2091 1746 2145 veniente

152 2189 508 2261 perterritus,
541 2195 595 2243 et
621 2203 650 2241 a
680 2186 903 2241 sedibus
949 2193 1188 2257 purgata:
1230 2185 1431 2239 mentis
1461 2185 1738 2255 exclusus,

151 2282 209 2339 in
260 2281 553 2337 humanam
599 2271 1094 2350 rursus,elligiem,
1140 2292 1301 2347 quam
1343 2276 1616 2332 Christum
1662 2277 1740 2330 vi-

1848 1906 2121 1976 iucursus,
2169 1922 2383 1978 gregem
2416 1907 2677 1978 pervasit,
2726 1908 2976 1978 impulit,
3019 1923 3083 1963 ac
3126 1906 3441 1963 necavit-in

1851 2000 2057 2053 marina
2090 1998 2421 2068 praecipitem
2448 1999 2649 2055 ﬂuenta
2680 2002 2992 2070 poreinutn.
3018 2000 3130 2056 Nec
3154 1991 3443 2056 immerito

1850 2089 2103 2145 diabolus
2151 2091 2478 2163 generaliter
2522 2092 2720 2148 dicitur
2768 2092 3066 2157 inimicus,
3098 2093 3189 2162 qui
3233 2091 3447 2147 cunctis

1851 2185 1922 2239 sit
1951 2185 2164 2251 noxius,
2197 2196 2277 2254 ut,
2312 2195 2368 2242 et
2396 2201 2533 2259 quos
2561 2186 2700 2256 odit,
2728 2185 2977 2259 impetat,
3011 2195 3066 2243 et
3096 2202 3235 2258 quos
3266 2194 3437 2258 amat,

1846 2279 2179 2350 exstinguat.

1641 2368 1952 2429 SCHOLIA.

150 2463 226 2525 lit
244 2470 312 2524 de
334 2468 529 2524 duobus
550 2461 675 2523 uiris
714 2483 826 2538 qua:
846 2467 1050 2539 _inrasit
1078 2482 1280 2539 gregem
1310 2478 1602 2539 parcorum.
1634 2466 1737 2522 De-

154 2552 382 2614 praVate
420 2549 695 2596 exaratum
726 2536 969 2614 est_Lege
995 2536 1196 2614 Joanne
1227 2536 1322 2605 pro
1350 2536 1646 2614 Legionem.

227 2613 319 2667 72.
355 2613 545 2667 Parrlt.
571 2611 782 2679 gemini,
814 2608 1026 2664 favente
1056 2611 1251 2674 l’rosa,
1278 2608 1374 2663 sed
1404 2612 1737 2665 dissentien—

153 2686 306 2741 tibus
333 2699 487 2748 mss.,
520 2685 753 2752 altisque
780 2682 958 2737 editis.

226 2759 319 2813 75.
352 2750 688 2811 Vetustiores
719 2753 936 2809 codices
986 2750 1234 2805 scribunt
1285 2751 1599 2819 Prosiluere,
1648 2754 1739 2809 alii

158 2827 466 2882 Prosiliere.
502 2826 703 2881 [le‘hac
736 2826 991 2879 varietate
1019 2823 1288 2877 scribendi
1312 2825 1422 2877 dixi
1455 2823 1519 2877 ad
1538 2824 1738 2879 Juven-

156 2916 287 2955 cum
309 2896 500 2953 uol.ad
527 2898 563 2949 l.
592 2913 643 2962 ι,
669 2910 814 2950 vers.
848 2894 966 2951 H9.
991 2893 1167 2960 Οῑι.1,
1194 2894 1351 2954 mulo,
1381 2912 1544 2963 supra
1576 2896 1734 2961 mala,

156 2971 226 3026 ad
262 2984 428 3040 marg.
454 2967 665 3023 videtur
686 2968 897 3021 diversa
930 2965 1265 3040 lectiormale.
1300 2964 1434 3040 Urb.
1472 2966 1544 3020 ita
1582 2969 1742 3025 habet

155 3060 291 3112 quos
312 3038 410 3095 non
437 3043 571 3112 male
602 3040 832 3095 dwntone
858 3054 1056 3112 pauco;
1076 3038 1206 3112 Reg.
1232 3039 1285 3112 5,
1314 3038 1595 3112 distinguit
1615 3056 1741 3106 quos

1845 2467 1955 2592 terit
1977 2484 2138 2592 mtanu
2185 2470 2408 2527 exhibet
2450 2471 2516 2528 ad
2562 2472 2886 2544 marginem.
2918 2472 3247 2530 Arntzenius
3274 2472 3448 2531 edidit

1845 2555 1930 2592 (788
1959 2558 2022 2592 an
2051 2558 2122 2592 ('8.

1844 2550 2122 2610 gestantes.

1918 2613 2003 2686 76.
2024 2613 2156 2680 Reg.
2177 2614 2351 2677 LOtt.
2370 2616 2421 2683 1,
2442 2612 2561 2668 Vat.
2576 2614 2631 2681 2,
2646 2616 2768 2671 eod.
2788 2614 3185 2684 Heinsii,rlura,
3202 2617 3343 2686 quod
3365 2631 3448 2673 ar-

1843 2683 2133 2759 guiturex
2196 2686 2364 2759 Prosa
2397 2688 2590 2759 gravis.
2645 2686 2898 2757 Plerique
2950 2691 3085 2742 dira.
3123 2683 3283 2743 Poena
3312 2704 3442 2744 vero

1843 2755 2194 2829 eratduplex,
2215 2758 2338 2826 quia
2357 2755 2414 2812 et
2434 2757 2762 2829 daemonem,
2793 2755 2848 2813 et
2878 2760 3087 2814 vincula
3110 2760 3443 2829 patiebatur.

1917 2828 2006 2902 80.
2047 2828 2229 2902 Codex
2259 2842 2418 2882 vetus
2441 2827 2794 2902 Tauriueusjs
2828 2830 3060 2902 Efﬁgiem
3080 2827 3270 2885 reddit.
3304 2830 3440 2901 Reg.

1852 2901 1920 2971 1,
1955 2900 2102 2953 Meus
2134 2898 2207 2971 ad
2256 2913 2451 2969 marg.,
2481 2899 2701 2971 _)’ulc.,
2734 2898 2941 2968 hians},
2986 2901 3150 2956 Tor’n.
3185 2906 3246 2968 1,
3289 2898 3443 2971 Βδεῖ,

1846 2969 2050 3033 Colon,
2106 2970 2230 3024 Vet.
2274 2971 2431 3035 1,2,
2479 2969 2623 3024 Mon.
2650 3013 2664 3039 ,
2706 2971 2924 3026 schedia
2973 2973 3179 3027 Poelm.
3207 3015 3222 3038 ,
3275 2974 3475 3028 editio'

1849 3041 2053 3096 Poelut.
2077 3042 2129 3095 in
2161 3041 2700 3106 contextu,reddens,
2733 3043 2889 3111 cujus
2915 3044 3094 3113 glossa
3126 3046 3280 3097 estin
3304 3042 3441 3168 Reg.

1850 3113 1875 3167 ‘l
1920 3113 2178 3166 deserens.
2228 3114 2358 3168 licet.
2403 3112 2475 3168 2.
2526 3113 2558 3167 5
2586 3156 2600 3168 .
2643 3112 2829 3168 Ottub.
2867 3115 2928 3168 1.
2972 3115 3037 3168 2.
3074 3113 3221 3168 Vatt.
3269 3119 3327 3168 l.
3426 3156 3441 3168 .

157 3108 267 3185 non
294 3114 453 3177 mala,
478 3111 710 3185 damone
732 3126 896 3185 pauco
917 3138 988 3185 —_-
1020 3108 1125 3163 Sed
1164 3108 1299 3177 legio
1326 3109 1536 3185 vexabat
1566 3120 1741 3185 atrox.
1770 3122 1819 3185 Ci
1850 3113 1889 3185 1
1920 3113 2178 3185 deserens.
2228 3114 2358 3185 Iteg.
2403 3112 2475 3185 2,
2526 3113 2558 3167 5
2586 3156 2600 3179 ,
2643 3108 2829 3185 Ottob.
2867 3108 2939 3175 1ξ
2972 3115 3037 3179 2,
3074 3113 3221 3168 Vatt.
3269 3119 3327 3180 l,
3358 3168 3361 3173 ,

158 3184 287 3241 Vat.
318 3188 369 3247 1,
395 3200 519 3250 quos
541 3200 640 3236 non
671 3181 739 3235 de
753 3183 892 3236 mala
920 3181 1145 3253 dienione
1173 3196 1361 3253 pauco,
1385 3209 1457 3253 -τ
1481 3182 1584 3253 sed
1612 3182 1745 3253 legio

156 3256 375 3312 vexabat
415 3266 566 3308 atrox
589 3270 608 3309 :
636 3253 732 3308 sed
760 3251 1239 3323 appat'etgdeletutn
1287 3251 1379 3323 de.
1419 3251 1489 3323 in.
1513 3251 1743 3323 Regfi,

157 3328 345 3398 glossa
376 3338 456 3382 erit
487 3325 627 3384 mala
651 3354 723 3365 —
753 3319 929 3393 pestis.
964 3319 1745 3398 vonekiuscnnjeclftbat‘quos

156 3391 270 3455 non
299 3399 382 3451 ala
412 3398 645 3453 daemone
672 3391 854 3464 pauco,
902 3422 972 3457 ,—
1012 3391 1116 3447 Sed
1159 3391 1291 3463 legio
1337 3394 1553 3448 vexabat
1573 3391 1745 3459 atrox,

158 3482 414 3538 correpta
448 3471 618 3537 prima
651 3470 704 3521 in
726 3465 843 3538 ala,
865 3475 925 3519 ut
954 3464 1081 3518 alibi
1108 3465 1465 3538 quantitatem
1495 3464 1747 3521 Sedulius

161 3535 427 3613 neg'exit.
450 3535 721 3608 Rejicitur
748 3552 778 3591 a
807 3536 1076 3613 Gruuero,
1110 3536 1197 3603 qui
1227 3535 1355 3613 illud
1385 3541 1656 3613 matanon
1679 3538 1747 3593 ad

160 3606 434 3680 legionem
470 3606 810 3680 referendum
832 3608 940 3680 ait,
964 3606 1055 3660 sed
1081 3608 1450 3662 accusativum
1488 3609 1746 3680 pluralem

162 3678 332 3740 esse:
363 3683 572 3751 opinor,
605 3679 777 3735 voluit
813 3678 993 3733 dieere
1036 3680 1423 3751 nominativum
1460 3678 1741 3746 pluralem,

163 3756 273 3811 hoc
299 3749 484 3818 sensu,
516 3770 649 3819 quos
679 3766 782 3805 non
811 3749 1252 3821 ma|a__vex_abant
1277 3750 1527 3806 dmmone
1553 3767 1743 3821 pauco,

162 3827 267 3882 sed
299 3828 437 3896 legio
463 3818 616 3896 atrox
648 3821 893 3896 vexabat.
926 3818 1258 3896 Wopkensio
1303 3821 1418 3876 haec
1464 3818 1749 3896 explicatio

165 3891 614 3967 paruuli—arridet,
639 3898 728 3967 qui
757 3891 986 3967 proinde
1008 3891 1253 3967 tentabat
1278 3900 1403 3959 quos
1433 3910 1533 3946 non
1556 3895 1748 3950 dtemo-

163 3963 257 4023 ἦιξα
304 3984 502 4039 pauca,
545 3996 617 4039 τ-
664 3963 771 4039 Sed
823 3963 1219 4039 legio__vea:a_bat
1263 3974 1433 4027 atrox,
1478 3968 1747 4039 producta

162 4032 410 4097 secunda
444 4032 499 4092 in
525 4037 803 4103 daemonia,
838 4032 888 4087 ui
925 4032 1025 4087 alia
1057 4035 1196 4089 solet
1223 4049 1444 4103 peccare
1473 4036 1745 4103 Sedulius,

170 4113 259 4168 vel
290 4111 464 4177 potius
484 4126 607 4179 quos
628 4124 729 4161 non
746 4103 929 4181 malus
956 4107 1157 4181 agmine
1183 4122 1368 4181 pauco,
1397 4135 1463 4147 --
1486 4106 1592 4162 Sed
1617 4109 1751 4181 legio

163 4184 382 4238 vexabat
425 4178 594 4239 atrox,
631 4178 884 4233 nimirqu
916 4186 971 4229 ut
996 4178 1158 4229 malus
1190 4193 1287 4250 pro
1314 4179 1577 4233 dmmone-
1605 4178 1743 4250 acci-

166 4257 367 4325 piatur
401 4252 635 4307 Primam
666 4251 1039 4325 conjecturam
1082 4262 1184 4325 non
1219 4248 1374 4325 facile
1412 4248 1748 4325 admiserint.

164 4318 296 4382 cum
341 4324 595 4379 Sedulius
638 4320 764 4374 alibi
797 4320 1091 4390 secundam
1121 4318 1172 4372 in
1212 4320 1443 4377 daemone
1471 4323 1750 4390 coiripiat.

164 4397 357 4452 Altera
373 4411 493 4450 onon
527 4393 597 4447 ita
640 4394 821 4459 inepta
849 4402 930 4446 eSt
958 4407 971 4442 :
1004 4389 1095 4443 sed
1141 4390 1303 4444 etiam
1349 4391 1427 4445 sic
1462 4389 1650 4448 durior
1671 4408 1752 4451 εει

165 4466 528 4530 constructio,
553 4477 671 4532 quin
698 4464 803 4516 hoc
827 4471 980 4527 pacto
1003 4461 1298 4533 procedere
1319 4460 1539 4517 deberet
1567 4484 1580 4517 :
1605 4466 1750 4533 Quos

165 4555 279 4595 non
306 4540 480 4591 malus
499 4538 712 4606 agmine
737 4547 925 4599 pauco,
955 4532 1048 4586 sed
1074 4535 1241 4587 atroci
1265 4532 1476 4600 legione
1502 4532 1745 4593 vexabat.

165 4611 377 4667 Sensus
408 4609 494 4663 hic
514 4616 663 4662 certe
692 4615 808 4659 est:
833 4607 978 4670 Quos
1008 4617 1115 4657 non
1143 4607 1293 4673 pauci
1325 4606 1618 4673 daemones,
1654 4610 1748 4664 sed

169 4683 317 4753 legio
356 4689 507 4753 atrox
547 4678 853 4753 dictupnum
888 4675 1141 4753 ivexabat.
1172 4674 1254 4753 Ex
1284 4673 1400 4753 vat.
1439 4679 1488 4740 1,
1525 4680 1751 4750 fortasse

121 4789 127 4795 -
169 4746 265 4809 hic
287 4752 564 4806 seususita
588 4749 709 4821 erui
731 4746 923 4816 poterit
940 4761 1190 4821 question
1221 4748 1283 4799 de
1309 4747 1537 4801 dtemone
1561 4746 1746 4821 pauco,

167 4854 244 4865 ——
274 4824 381 4880 Sed
407 4822 537 4895 legio
564 4819 774 4874 restabat
803 4827 976 4895 atrox,
1030 4816 1283 4895 videlicet
1310 4836 1446 4884 quos
1476 4816 1579 4874 non
1614 4816 1752 4893 legio

168 4896 245 4951 de
273 4889 521 4949 daemone
552 4906 741 4960 pauco,
776 4890 869 4943 sed
896 4898 1069 4953 atrox,
1118 4889 1231 4942 sive
1272 4891 1464 4960 ingens
1500 4889 1747 4947 vexabat.

169 4968 327 5023 Sumi
356 4966 499 5022 enim
532 4970 709 5034 potest
737 4961 875 5030 legio
906 4973 1003 5029 pro
1037 4962 1225 5028 quavis
1258 4977 1440 5027 manu,
1464 4978 1566 5017 seu
1600 4967 1751 5031 turba

170 5038 508 5100 daemonum,
532 5051 650 5105 quise
682 5034 1154 5105 tnajor,minorve
1183 5046 1302 5086 esse
1334 5044 1528 5101 petest.
1558 5034 1751 5090 Verum

170 5110 304 5165 dum
331 5108 524 5164 melius
548 5102 747 5174 aliquid
775 5102 1015 5171 all'iilget,
1036 5110 1312 5157 teneamus
1336 5106 1561 5171 primam
1588 5108 1755 5161 inter-

174 5184 540 5250 pretationem
572 5193 639 5231 ex
670 5176 1205 5250 Gruneroﬂpetilam.
1236 5175 1319 5227 vel
1353 5177 1528 5243 potius
1553 5192 1617 5250 ex
1647 5178 1752 5231 Ne-

172 5243 465 5316 brissensi,
500 5266 586 5317 «ιω
612 5250 874 5317 exponit:
906 5243 1211 5317 Nonmala,
1245 5257 1502 5315 -—repete
1526 5248 1587 5300 ab
1617 5250 1754 5315 infe-

170 5324 425 5389 tioribus,
452 5315 723 5375 uetabant.
771 5316 950 5389 Pauca
1001 5315 1253 5389 da'mone,
1297 5348 1366 5358 —-
1404 5321 1441 5371 ἱ.
1487 5335 1554 5385 e.,
1605 5321 1756 5387 pauci

170 5387 433 5450 damones
483 5393 626 5445 mali.
677 5387 904 5458 lntelligi
950 5388 1111 5441 etiam
1158 5398 1379 5459 potest:
1414 5389 1563 5455 Quos
1618 5394 1757 5445 mala

171 5467 319 5538 legio
371 5464 631 5529 vexabat,
679 5477 784 5538 non
823 5463 1294 5538 _d'13t_uoue'pauc_o,
1326 5460 1418 5515 sed
1450 5471 1623 5526 atrox,
1658 5467 1758 5517 lioc

170 5532 283 5604 est,
336 5550 643 5590 numerosa.
676 5533 1184 5604 Suspicari‘quoque
1213 5532 1341 5604 licet
1367 5549 1492 5602 quos
1522 5550 1621 5587 non
1649 5550 1759 5586 nta—

171 5602 275 5663 cra
296 5611 527 5663 dwoione
552 5621 732 5674 pauco,
762 5634 829 5643 ——
862 5602 968 5658 Sed
996 5604 1126 5672 legio
1154 5602 1360 5656 vexabat
1390 5612 1557 5657 atrox.

254 5681 343 5733 75.
388 5679 521 5747 Reg.
555 5679 607 5743 1,
649 5681 758 5730 Utt.
796 5678 849 5737 1,
892 5676 943 5728 in
984 5684 1273 5738 contextu,
1313 5675 1514 5728 Poeltn.
1549 5676 1601 5730 in
1631 5691 1760 5731 con-

177 5762 360 5815 textu,
393 5759 677 5822 gestantes:
702 5747 1039 5822 communior
1059 5748 1301 5822 codicum
1328 5760 1483 5822 ms_s.,
1515 5758 1566 5822 et
1588 5748 1759 5802 edito-

177 5838 305 5881 rum
335 5818 603 5891 scriptura
634 5829 710 5875 εει
746 5818 1030 5888 gestabant,
1063 5834 1219 5890 quam
1248 5821 1356 5876 Utt.
1394 5819 1415 5873 1
1446 5818 1630 5876 eadem
1664 5835 1758 5875 ve-

1777 4506 1829 4566 D

1850 3183 2006 3249 Urb.,
2032 3185 2214 3251 Rom.,
2247 3156 2395 3237 ιιὲιις
2429 3156 2481 3236 ni
2534 3156 2815 3244 οὸιιῖἑέιιιῖ.
2850 3156 3201 3251 ᾸὼζἈιιῖῖξ
3224 3156 3443 3251 Ρὶιέτιιῖζ

1848 3260 2013 3325 Ang.,
2044 3264 2275 3325 repetens
2302 3270 2319 3308 :
2344 3254 2439 3327 sed
2473 3255 2525 3308 in
2555 3255 2687 3323 Reg.
2720 3257 2773 3317 2,
2808 3265 2865 3310 et
2891 3252 2998 3311 Ott.
3030 3257 3082 3322 1,
3115 3257 3262 3311 aliud
3296 3256 3446 3327 vide-

1848 3335 1935 3380 tur
1964 3324 2155 3387 fuiSse,
2178 3341 2288 3396 quo
2326 3324 2531 3391 deleto,
2571 3327 2758 3380 eadem
2790 3344 2979 3380 manus
3010 3338 3171 3381 vetus
3197 3326 3446 3397 appinxit

1847 3407 2081 3467 repetens
2112 3415 2127 3470 ς
2163 3399 2213 3452 in
2250 3397 2366 3450 Vat.
2402 3398 2425 3449 1
2460 3409 2736 3470 exaratum
2768 3408 2885 3451 erat
2910 3398 3141 3469 I'Iﬁigiem
3168 3414 3268 3452 non
3290 3415 3413 3470 repe

1848 3476 1979 3534 lens,
2029 3468 2121 3528 sed
2154 3483 2368 3523 erasum
2402 3477 2591 3535 postea
2619 3467 2721 3521 fuit
2766 3477 2889 3522 n'on.
2926 3467 3106 3523 Editio
3137 3467 3443 3525 l’oelut.’ad

1852 3555 2048 3609 marg.,
2077 3538 2244 3594 Torn.
2279 3541 2332 3601 3.
2369 3538 2541 3606 I.ips.,
2574 3539 2760 3603 Fabr.,
2798 3540 2936 3595 Bibl.
2986 3541 3155 3610 Lugd.
3201 3540 3445 3607 Patrum,

1849 3613 2075 3695 fugiens.
2121 3610 2220 3665 Ms.
2249 3610 2409 3665 Cant.
2444 3611 2702 3695 linquens.
2732 3609 2998 3695 Gelli-rius
3024 3609 3089 3665 ex
3126 3612 3443 3695 conjectura

1849 3683 2071 3738 intrusit
2114 3697 2346 3736 reverens
2377 3699 2395 3735 :
2423 3685 2516 3735 sed
2569 3683 2899 3748 coniecturis
2931 3695 3058 3737 tunc
3106 3683 3324 3737 demum
3366 3683 3444 3737 lo-

1849 3769 1969 3810 cum
1993 3752 2408 3822 relinquendum
2443 3761 2719 3820 putamus,
2771 3755 2846 3807 ait
2896 3753 3211 3816 Gruuerus,
3245 3755 3333 3806 tibi
3385 3754 3441 3808 in

1850 3824 2007 3881 codd.
2042 3824 2155 3891 apti
2188 3824 2347 3895 plane
2379 3824 2510 3877 nihil
2536 3826 2823 3891 reperitur.
2858 3825 2979 3895 ipse
3004 3840 3132 3895 ergo
3159 3824 3442 3879 Grunerus

1850 3891 2259 3970 eligitfug’ens.
2290 3894 2632 3970 Burmannus
2673 3891 2897 3963 prmfert
2914 3891 3167 3965 repetens,
3195 3897 3277 3949 vel
3300 3910 3448 3970 reco-

1803 4012 1807 4017 .
1852 3968 1992 4029 lens,
2024 3965 2184 4032 h.'e.,
2217 3967 2421 4033 animo,
2458 3977 2635 4020 mente
2682 3983 2776 4021 sua
2825 3975 3082 4032 reputans
3112 3983 3126 4021 :
3162 3983 3283 4021 nam
3314 3965 3439 4020 Cel-

1852 4038 2017 4093 larius
2036 4040 2268 4093 recolens
2289 4040 2484 4091 alicubi
2523 4039 2825 4092 invenerat.
2851 4040 3137 4092 Artnezius
3162 4046 3335 4107 putat,
3364 4052 3448 4090 re-

1852 4126 2025 4163 verens
2069 4125 2191 4164 esse
2245 4121 2432 4163 contra
2480 4120 2716 4163 mentem
2755 4109 2961 4165 Sedulii
3000 4126 3013 4163 :
3050 4125 3155 4163 nou
3198 4109 3343 4163 enim
3377 4122 3445 4163 ex

1853 4183 2154 4236 reverentia
2210 4181 2422 4234 daemon
2472 4181 2639 4247 exiit,
2687 4182 2780 4234 sed
2835 4183 2885 4234 vi
2937 4192 3157 4235 mactus
3220 4195 3285 4234 ex
3342 4178 3443 4232 im-

1854 4254 2002 4319 perio
2050 4252 2275 4306 Christi.
2324 4253 2519 4319 Aptius
2550 4253 2675 4306 huic
2704 4251 2821 4307 loco
2848 4263 3000 4320 putat
3041 4253 3244 4323 fugiens
3271 4291 3284 4315 ,
3343 4249 3439 4303 sed

1851 4338 1972 4377 eum
2017 4324 2064 4376 id
2089 4323 2143 4378 iit
2165 4338 2294 4377 mss.
2342 4338 2448 4378 non
2475 4324 2794 4385 reperiatur,
2829 4324 3044 4392 ingenio
3068 4324 3293 4389 alicujus
3322 4334 3448 4374 eru-

1853 4394 1948 4448 diti
1979 4394 2322 4465 tribuendum
2353 4404 2560 4449 censet.
2592 4394 2759 4448 Tenet
2785 4394 2946 4463 igitur
2966 4410 3086 4449 cum
3122 4410 3223 4447 ius.
3250 4392 3439 4465 Arutz.

1854 4465 2108 4536 linquens.
2162 4462 2549 4535 Antiquissima
2583 4480 2713 4520 sane
2743 4462 2828 4519 est
2870 4465 3030 4519 lcetio
3060 4465 3276 4517 reddens
3303 4507 3316 4529 ,
3357 4462 3443 4517 vel

1853 4539 2019 4589 rediit
2046 4578 2059 4599 ,
2086 4553 2255 4606 neque
2300 4538 2599 4605 spernenda
2629 4581 2642 4601 ,
2668 4537 2710 4589 si
2743 4536 2961 4590 reddens
2984 4552 3105 4591 eum
3135 4537 3311 4605 glossa
3336 4550 3443 4606 ex-

1855 4608 1979 4676 poni
2012 4604 2184 4675 possit
2211 4625 2303 4678 per
2328 4604 2588 4662 deserens.
2621 4606 2820 4662 Verum
2858 4609 2959 4661 etsi
2993 4604 3155 4661 reddo
3180 4604 3447 4678 signiﬁtal

1852 4675 2086 4741 restituo,
2118 4675 2315 4744 emitto,
2366 4680 2460 4733 edo
2484 4724 2497 4746 ,
2534 4691 2711 4733 tamen
2777 4692 2875 4747 pro
2906 4680 3085 4732 desero
3131 4675 3248 4731 nou
3287 4675 3448 4730 facile

1854 4750 2182 4806 invenietur.
2202 4753 2427 4806 Iletineo
2443 4752 2848 4821 igiturrepetens
2861 4766 2981 4804 cum
3003 4750 3272 4818 plerisque
3287 4762 3415 4821 mss.
3430 4787 3443 4811 ,

1854 4838 1958 4876 non
1986 4834 2162 4877 tamen
2192 4840 2251 4877 ea
2281 4822 2702 4891 signiﬁcatione,
2731 4837 2891 4890 quam
2924 4820 3266 4874 Burmanuus
3292 4820 3446 4877 vole-

1855 4893 1963 4946 bat.
1989 4892 2191 4955 Sensus
2214 4894 2359 4949 enim
2383 4895 2472 4948 hic
2493 4904 2597 4957 εει,
2626 4892 2740 4947 Non
2763 4892 2925 4945 audet
2975 4892 3125 4945 adire
3150 4891 3443 4954 hominem,

1854 4975 2134 5038 revertens
2165 4966 2218 5019 in
2246 4963 2501 5038 elﬁgient,
2533 4980 2699 5038 quam
2719 4965 2894 5038 cernit
2915 4960 3191 5038 Christum
3220 4960 3447 5038 habere,

1855 5037 1990 5100 sive,
2022 5036 2137 5090 Non
2168 5030 2505 5089 audetadire
2552 5030 2830 5089 hominem
2858 5030 2871 5094 ζ
2905 5044 2958 5086 et
2998 5034 3192 5088 reverti
3224 5032 3279 5085 in
3332 5030 3452 5085 clli-

1855 5107 2017 5177 giem,
2038 5123 2220 5175 quam,
2251 5116 2355 5160 etc.
2379 5106 2469 5161 Sic
2498 5106 2657 5177 paulo
2680 5116 2799 5175 post
2817 5106 2888 5177 ait
2916 5105 3105 5177 petiere
3135 5120 3309 5174 pecus,
3340 5110 3445 5177 etc.

1926 5177 2014 5231 81.
2046 5174 2297 5231 Horatius
2323 5193 2357 5237 I.
2380 5174 2540 5246 epist.
2563 5177 2620 5236 2,
2644 5174 2786 5246 vers.
2808 5175 2905 5228 26:
2940 5174 3322 5246 ι”ἱωὶδδειᾷςᾳηιιι
3345 5174 3447 5225 int-

1856 5250 2095 5309 mundus,
2127 5249 2203 5301 vel
2235 5249 2397 5300 amica
2417 5244 2537 5319 luto
2557 5264 2665 5300 sus.
2690 5245 2932 5299 Advertit
2964 5248 3123 5299 etiam
3166 5244 3449 5319 Wroitkeu-

1858 5321 1992 5385 sius,
2021 5336 2216 5391 semper
2238 5317 2541 5371 —ann‘curn
2563 5333 2849 5373 occurrere
2873 5318 3242 5391 parilerapud
3292 5317 3452 5391 Avie-

1860 5406 1984 5463 num
2013 5432 2027 5455 ,
2080 5386 2461 5463 Sj'unnacltum
2485 5430 2499 5453 ,
2532 5394 2813 5443 Aratorem
2841 5431 2855 5453 ,
2890 5388 3194 5456 llelpitliutn
3229 5403 3324 5457 per
3349 5386 3452 5457 Ity-

1860 5462 2022 5531 phen,
2058 5460 2464 5534 ut'graveolens,
2498 5477 2739 5529 semper-
2762 5476 2968 5534 avarus.

1929 5535 2018 5587 8.5.
2050 5530 2223 5588 Edim.
2259 5530 2541 5584 Parcarum
2568 5542 2787 5585 tenuere.
2818 5530 2919 5583 Alii
2957 5530 3254 5595 Porcinam,
3283 5530 3447 5584 etiam

1861 5603 2004 5658 Bt-tla
2036 5605 2102 5659 de
2144 5603 2327 5658 Meti-is
2351 5644 2365 5665 ,
2397 5613 2452 5656 et
2504 5604 2620 5671 eius
2654 5602 3060 5657 Comuentator
3085 5646 3098 5669 ,
3130 5602 3221 5670 qui
3278 5600 3440 5655 tacito

1860 5677 2099 5731 anetoris
2122 5677 2359 5738 nomine,
2394 5674 2537 5729 hunc
2569 5689 2780 5726 versum
2814 5676 3074 5727 excitant.

1932 5747 2021 5802 85.
2082 5746 2280 5801 Arator
2324 5746 2620 5800 dannonem
2662 5744 2914 5815 hospitem
2954 5746 3153 5815 pariter
3183 5752 3341 5799 vocat
3388 5743 3445 5811 2,

1864 5818 1969 5876 610
1993 5837 2006 5874 :
2031 5816 2252 5889 Hospite
2273 5818 2338 5873 sit
2360 5816 2553 5889 polluta
2584 5832 2699 5885 suo,
2730 5828 2835 5871 etc.
