  <div class='ocr_page' id='page_1' title='image "/cluster/home/n/w/nwhite01/storage/ocr_20150623/18-19/uva.x000826554/1116.png"; bbox 0 0 3912 6360; ppageno 0'>
   <div class='ocr_carea' id='block_1_1' title="bbox 204 243 302 300">
    <p class='ocr_par' dir='ltr' id='par_1_1' title="bbox 204 243 302 300">
     <span class='ocr_line' id='line_1_1' title="bbox 204 243 302 300; baseline 0 0"><span class='ocrx_word' id='word_1_1' title='bbox 204 243 302 300; x_wconf 78' lang='grc'><strong>619</strong></span> 
     </span>
    </p>
   </div>
   <div class='ocr_carea' id='block_1_2' title="bbox 1343 238 2379 304">
    <p class='ocr_par' dir='ltr' id='par_1_2' title="bbox 1343 238 2379 304">
     <span class='ocr_line' id='line_1_2' title="bbox 1343 238 2379 304; baseline 0.002 -6"><span class='ocrx_word' id='word_1_2' title='bbox 1343 238 1636 299; x_wconf 78' lang='lat' dir='ltr'><strong>CARMEN</strong></span> <span class='ocrx_word' id='word_1_3' title='bbox 1676 239 2067 302; x_wconf 79' lang='lat' dir='ltr'><strong>PASCHALE.</strong></span> <span class='ocrx_word' id='word_1_4' title='bbox 2109 243 2243 301; x_wconf 85' lang='lat' dir='ltr'><strong>LIB.</strong></span> <span class='ocrx_word' id='word_1_5' title='bbox 2286 245 2379 304; x_wconf 87' lang='lat' dir='ltr'><strong>IIl.</strong></span> 
     </span>
    </p>
   </div>
   <div class='ocr_carea' id='block_1_3' title="bbox 3437 256 3549 314">
    <p class='ocr_par' dir='ltr' id='par_1_3' title="bbox 3437 256 3549 314">
     <span class='ocr_line' id='line_1_3' title="bbox 3437 256 3549 314; baseline 0.009 -1"><span class='ocrx_word' id='word_1_6' title='bbox 3437 256 3549 314; x_wconf 70' lang='lat'><strong>650</strong></span> 
     </span>
    </p>
   </div>
   <div class='ocr_carea' id='block_1_4' title="bbox 341 358 3448 442">
    <p class='ocr_par' dir='ltr' id='par_1_4' title="bbox 341 358 3448 442">
     <span class='ocr_line' id='line_1_4' title="bbox 341 358 3448 442; baseline 0.004 -23"><span class='ocrx_word' id='word_1_7' title='bbox 341 361 634 434; x_wconf 82' lang='lat' dir='ltr'><strong>Aspiciunt</strong></span> <span class='ocrx_word' id='word_1_8' title='bbox 659 403 674 429; x_wconf 93' lang='lat'><strong>,</strong></span> <span class='ocrx_word' id='word_1_9' title='bbox 726 358 1014 431; x_wconf 81' lang='lat' dir='ltr'><strong>versisque</strong></span> <span class='ocrx_word' id='word_1_10' title='bbox 1053 358 1235 416; x_wconf 90' lang='lat' dir='ltr'><strong>modis</strong></span> <span class='ocrx_word' id='word_1_11' title='bbox 1281 374 1381 433; x_wconf 88' lang='lat' dir='ltr'><strong>per</strong></span> <span class='ocrx_word' id='word_1_12' title='bbox 1418 361 1611 435; x_wconf 89' lang='lat' dir='ltr'><strong>gaudia</strong></span> <span class='ocrx_word' id='word_1_13' title='bbox 1656 361 1815 435; x_wconf 79' lang='lat' dir='ltr'><strong>plan-</strong></span> <span class='ocrx_word' id='word_1_14' title='bbox 1847 362 2034 426; x_wconf 76' lang='lat' dir='ltr'><strong>A150</strong></span> <span class='ocrx_word' id='word_1_15' title='bbox 2070 364 2185 422; x_wconf 88' lang='lat' dir='ltr'><strong>Sub</strong></span> <span class='ocrx_word' id='word_1_16' title='bbox 2232 366 2446 422; x_wconf 84' lang='lat' dir='ltr'><strong>Domini</strong></span> <span class='ocrx_word' id='word_1_17' title='bbox 2478 368 2720 424; x_wconf 85' lang='lat' dir='ltr'><strong>micuere</strong></span> <span class='ocrx_word' id='word_1_18' title='bbox 2742 382 2932 435; x_wconf 88' lang='lat' dir='ltr'><strong>manu,</strong></span> <span class='ocrx_word' id='word_1_19' title='bbox 2968 377 3225 442; x_wconf 89' lang='lat' dir='ltr'><strong>tactuque</strong></span> <span class='ocrx_word' id='word_1_20' title='bbox 3249 387 3448 434; x_wconf 88' lang='lat' dir='ltr'><strong>sereno</strong></span> 
     </span>
    </p>
   </div>
   <div class='ocr_carea' id='block_1_5' title="bbox 1564 456 1739 531">
    <p class='ocr_par' dir='ltr' id='par_1_5' title="bbox 1564 456 1739 531">
     <span class='ocr_line' id='line_1_5' title="bbox 1564 456 1739 531; baseline -0.017 -17"><span class='ocrx_word' id='word_1_21' title='bbox 1564 456 1739 531; x_wconf 90' lang='lat' dir='ltr'><strong>[guttt.</strong></span> 
     </span>
    </p>
   </div>
   <div class='ocr_carea' id='block_1_6' title="bbox 416 550 1819 627">
    <p class='ocr_par' dir='ltr' id='par_1_6' title="bbox 416 550 1819 627">
     <span class='ocr_line' id='line_1_6' title="bbox 416 550 1819 627; baseline -0.002 -15"><span class='ocrx_word' id='word_1_22' title='bbox 416 553 578 627; x_wconf 77' lang='lat'><strong>253</strong></span> <span class='ocrx_word' id='word_1_23' title='bbox 615 551 748 610; x_wconf 88' lang='lat' dir='ltr'><strong>Inde</strong></span> <span class='ocrx_word' id='word_1_24' title='bbox 794 550 989 624; x_wconf 83' lang='lat' dir='ltr'><strong>pedem</strong></span> <span class='ocrx_word' id='word_1_25' title='bbox 1040 550 1311 621; x_wconf 77' lang='lat' dir='ltr'><strong>referens,</strong></span> <span class='ocrx_word' id='word_1_26' title='bbox 1365 553 1619 624; x_wconf 87' lang='lat' dir='ltr'><strong>geminos</strong></span> <span class='ocrx_word' id='word_1_27' title='bbox 1666 552 1819 610; x_wconf 88' lang='lat' dir='ltr'><strong>videt</strong></span> 
     </span>
    </p>
   </div>
   <div class='ocr_carea' id='block_1_7' title="bbox 1264 646 1744 721">
    <p class='ocr_par' dir='ltr' id='par_1_7' title="bbox 1264 646 1744 721">
     <span class='ocr_line' id='line_1_7' title="bbox 1264 646 1744 721; baseline 0 -18"><span class='ocrx_word' id='word_1_28' title='bbox 1264 646 1418 721; x_wconf 77' lang='lat' dir='ltr'><strong>[ecce</strong></span> <span class='ocrx_word' id='word_1_29' title='bbox 1446 658 1744 720; x_wconf 74' lang='lat' dir='ltr'><strong>sequentes</strong></span> 
     </span>
    </p>
   </div>
   <div class='ocr_carea' id='block_1_8' title="bbox 340 739 1667 814">
    <p class='ocr_par' dir='ltr' id='par_1_8' title="bbox 340 739 1667 814">
     <span class='ocr_line' id='line_1_8' title="bbox 340 739 1667 814; baseline 0.001 -17"><span class='ocrx_word' id='word_1_30' title='bbox 340 740 588 799; x_wconf 77' lang='lat' dir='ltr'><strong>Czecatos</strong></span> <span class='ocrx_word' id='word_1_31' title='bbox 616 740 856 796; x_wconf 90' lang='lat' dir='ltr'><strong>clamare</strong></span> <span class='ocrx_word' id='word_1_32' title='bbox 877 739 1027 796; x_wconf 90' lang='lat' dir='ltr'><strong>viros</strong></span> <span class='ocrx_word' id='word_1_33' title='bbox 1053 757 1066 793; x_wconf 90' lang='lat'><strong>:</strong></span> <span class='ocrx_word' id='word_1_34' title='bbox 1099 739 1203 795; x_wconf 85' lang='lat' dir='ltr'><strong>Fili</strong></span> <span class='ocrx_word' id='word_1_35' title='bbox 1235 741 1441 814; x_wconf 83' lang='lat' dir='ltr'><strong>inclyte</strong></span> <span class='ocrx_word' id='word_1_36' title='bbox 1468 741 1667 808; x_wconf 81' lang='lat' dir='ltr'><strong>David,</strong></span> 
     </span>
    </p>
   </div>
   <div class='ocr_carea' id='block_1_9' title="bbox 206 833 1742 900">
    <p class='ocr_par' dir='ltr' id='par_1_9' title="bbox 206 833 1742 900">
     <span class='ocr_line' id='line_1_9' title="bbox 206 833 1742 900; baseline 0 -10"><span class='ocrx_word' id='word_1_37' title='bbox 206 835 302 891; x_wconf 63' lang='grc'><strong>145</strong></span> <span class='ocrx_word' id='word_1_38' title='bbox 344 834 549 892; x_wconf 90' lang='lat' dir='ltr'><strong>Decute</strong></span> <span class='ocrx_word' id='word_1_39' title='bbox 578 845 878 889; x_wconf 88' lang='lat' dir='ltr'><strong>nocturnas</strong></span> <span class='ocrx_word' id='word_1_40' title='bbox 900 833 1195 890; x_wconf 72' lang='lat' dir='ltr'><strong>exstinctis</strong></span> <span class='ocrx_word' id='word_1_41' title='bbox 1221 833 1467 891; x_wconf 80' lang='lat' dir='ltr'><strong>vultibus</strong></span> <span class='ocrx_word' id='word_1_42' title='bbox 1496 834 1742 900; x_wconf 83' lang='lat' dir='ltr'><strong>umbras,</strong></span> 
     </span>
    </p>
   </div>
   <div class='ocr_carea' id='block_1_10' title="bbox 300 920 1815 999">
    <p class='ocr_par' dir='ltr' id='par_1_10' title="bbox 300 920 1815 999">
     <span class='ocr_line' id='line_1_10' title="bbox 300 920 1815 999; baseline 0.001 -15"><span class='ocrx_word' id='word_1_43' title='bbox 300 920 301 923; x_wconf 6' lang='lat' dir='ltr'><strong>I</strong></span> <span class='ocrx_word' id='word_1_44' title='bbox 342 930 410 984; x_wconf 84' lang='lat' dir='ltr'><strong>Et</strong></span> <span class='ocrx_word' id='word_1_45' title='bbox 446 929 660 984; x_wconf 87' lang='lat' dir='ltr'><strong>clarum</strong></span> <span class='ocrx_word' id='word_1_46' title='bbox 690 927 896 999; x_wconf 80' lang='lat' dir='ltr'><strong>largire</strong></span> <span class='ocrx_word' id='word_1_47' title='bbox 924 926 1096 984; x_wconf 89' lang='lat' dir='ltr'><strong>diem.</strong></span> <span class='ocrx_word' id='word_1_48' title='bbox 1130 926 1302 996; x_wconf 83' lang='lat' dir='ltr'><strong>Quam</strong></span> <span class='ocrx_word' id='word_1_49' title='bbox 1351 928 1581 985; x_wconf 82' lang='lat' dir='ltr'><strong>credere</strong></span> <span class='ocrx_word' id='word_1_50' title='bbox 1614 940 1815 997; x_wconf 89' lang='lat' dir='ltr'><strong>tutum,</strong></span> 
     </span>
    </p>
   </div>
   <div class='ocr_carea' id='block_1_11' title="bbox 338 1021 1818 1096">
    <p class='ocr_par' dir='ltr' id='par_1_11' title="bbox 338 1021 1818 1096">
     <span class='ocr_line' id='line_1_11' title="bbox 338 1021 1818 1096; baseline -0.002 -15"><span class='ocrx_word' id='word_1_51' title='bbox 338 1025 515 1093; x_wconf 86' lang='lat' dir='ltr'><strong>Quam</strong></span> <span class='ocrx_word' id='word_1_52' title='bbox 538 1038 731 1081; x_wconf 88' lang='lat' dir='ltr'><strong>sanum</strong></span> <span class='ocrx_word' id='word_1_53' title='bbox 758 1031 846 1081; x_wconf 90' lang='lat' dir='ltr'><strong>est</strong></span> <span class='ocrx_word' id='word_1_54' title='bbox 871 1036 1143 1096; x_wconf 77' lang='lat' dir='ltr'><strong>cognosse</strong></span> <span class='ocrx_word' id='word_1_55' title='bbox 1174 1021 1345 1079; x_wconf 90' lang='lat' dir='ltr'><strong>Deum</strong></span> <span class='ocrx_word' id='word_1_56' title='bbox 1374 1023 1520 1095; x_wconf 88' lang='lat' dir='ltr'><strong>tjam</strong></span> <span class='ocrx_word' id='word_1_57' title='bbox 1544 1023 1714 1080; x_wconf 90' lang='lat' dir='ltr'><strong>corde</strong></span> <span class='ocrx_word' id='word_1_58' title='bbox 1734 1023 1818 1078; x_wconf 85' lang='lat' dir='ltr'><strong>vi-</strong></span> 
     </span>
    </p>
   </div>
   <div class='ocr_carea' id='block_1_12' title="bbox 1466 1118 1740 1192">
    <p class='ocr_par' dir='ltr' id='par_1_12' title="bbox 1466 1118 1740 1192">
     <span class='ocr_line' id='line_1_12' title="bbox 1466 1118 1740 1192; baseline -0.007 -16"><span class='ocrx_word' id='word_1_59' title='bbox 1466 1118 1740 1192; x_wconf 89' lang='lat' dir='ltr'><strong>[debant,</strong></span> 
     </span>
    </p>
   </div>
   <div class='ocr_carea' id='block_1_13' title="bbox 340 1213 1807 1284">
    <p class='ocr_par' dir='ltr' id='par_1_13' title="bbox 340 1213 1807 1284">
     <span class='ocr_line' id='line_1_13' title="bbox 340 1213 1807 1284; baseline 0 -16"><span class='ocrx_word' id='word_1_60' title='bbox 340 1213 442 1283; x_wconf 87' lang='lat' dir='ltr'><strong>Qui</strong></span> <span class='ocrx_word' id='word_1_61' title='bbox 473 1213 612 1270; x_wconf 88' lang='lat' dir='ltr'><strong>lucis</strong></span> <span class='ocrx_word' id='word_1_62' title='bbox 634 1223 865 1271; x_wconf 86' lang='lat' dir='ltr'><strong>sensere</strong></span> <span class='ocrx_word' id='word_1_63' title='bbox 891 1213 1076 1280; x_wconf 89' lang='lat' dir='ltr'><strong>viam;</strong></span> <span class='ocrx_word' id='word_1_64' title='bbox 1124 1224 1251 1271; x_wconf 91' lang='lat' dir='ltr'><strong>tunc</strong></span> <span class='ocrx_word' id='word_1_65' title='bbox 1300 1230 1449 1271; x_wconf 60' lang='lat' dir='ltr'><strong>caeca</strong></span> <span class='ocrx_word' id='word_1_66' title='bbox 1488 1223 1807 1284; x_wconf 87' lang='lat' dir='ltr'><strong>precantum</strong></span> 
     </span>
    </p>
   </div>
   <div class='ocr_carea' id='block_1_14' title="bbox 339 1307 1562 1383">
    <p class='ocr_par' dir='ltr' id='par_1_14' title="bbox 339 1307 1562 1383">
     <span class='ocr_line' id='line_1_14' title="bbox 339 1307 1562 1383; baseline 0.002 -20"><span class='ocrx_word' id='word_1_67' title='bbox 339 1307 596 1377; x_wconf 90' lang='lat' dir='ltr'><strong>Lumina,</strong></span> <span class='ocrx_word' id='word_1_68' title='bbox 622 1308 823 1366; x_wconf 83' lang='lat' dir='ltr'><strong>diﬂ&#39;uso</strong></span> <span class='ocrx_word' id='word_1_69' title='bbox 843 1324 946 1367; x_wconf 87' lang='lat' dir='ltr'><strong>cett</strong></span> <span class='ocrx_word' id='word_1_70' title='bbox 976 1319 1199 1383; x_wconf 87' lang='lat' dir='ltr'><strong>torpens</strong></span> <span class='ocrx_word' id='word_1_71' title='bbox 1227 1311 1367 1383; x_wconf 91' lang='lat' dir='ltr'><strong>ignis</strong></span> <span class='ocrx_word' id='word_1_72' title='bbox 1397 1311 1562 1380; x_wconf 91' lang='lat' dir='ltr'><strong>olivo,</strong></span> 
     </span>
    </p>
   </div>
   <div class='ocr_carea' id='block_1_15' title="bbox 2071 461 3254 523">
    <p class='ocr_par' dir='ltr' id='par_1_15' title="bbox 2071 461 3254 523">
     <span class='ocr_line' id='line_1_15' title="bbox 2071 461 3254 523; baseline 0.004 -6"><span class='ocrx_word' id='word_1_73' title='bbox 2071 461 2374 518; x_wconf 90' lang='lat' dir='ltr'><strong>Instanrata</strong></span> <span class='ocrx_word' id='word_1_74' title='bbox 2398 464 2514 519; x_wconf 88' lang='lat' dir='ltr'><strong>suis</strong></span> <span class='ocrx_word' id='word_1_75' title='bbox 2544 463 2832 520; x_wconf 68' lang='lat' dir='ltr'><strong>radiat-unt</strong></span> <span class='ocrx_word' id='word_1_76' title='bbox 2860 481 2955 522; x_wconf 90' lang='lat' dir='ltr'><strong>ora</strong></span> <span class='ocrx_word' id='word_1_77' title='bbox 2990 464 3254 523; x_wconf 87' lang='lat' dir='ltr'><strong>lucernis.</strong></span> 
     </span>
    </p>
   </div>
   <div class='ocr_carea' id='block_1_16' title="bbox 2140 542 3543 638">
    <p class='ocr_par' dir='ltr' id='par_1_16' title="bbox 2140 542 3543 638">
     <span class='ocr_line' id='line_1_16' title="bbox 2140 542 3543 638; baseline 0.007 -27"><span class='ocrx_word' id='word_1_78' title='bbox 2140 556 2306 630; x_wconf 69' lang='grc'><strong>254</strong></span> <span class='ocrx_word' id='word_1_79' title='bbox 2327 558 2421 613; x_wconf 83' lang='lat' dir='ltr'><strong>His</strong></span> <span class='ocrx_word' id='word_1_80' title='bbox 2454 542 2526 614; x_wconf 68' lang='lat' dir='ltr'><strong>ita</strong></span> <span class='ocrx_word' id='word_1_81' title='bbox 2550 558 2821 630; x_wconf 86' lang='lat' dir='ltr'><strong>dimissis,</strong></span> <span class='ocrx_word' id='word_1_82' title='bbox 2847 561 2994 617; x_wconf 90' lang='lat' dir='ltr'><strong>alius</strong></span> <span class='ocrx_word' id='word_1_83' title='bbox 3016 562 3351 634; x_wconf 86' lang='lat' dir='ltr'><strong>producitur</strong></span> <span class='ocrx_word' id='word_1_84' title='bbox 3373 578 3543 638; x_wconf 62' lang='lat' dir='ltr'><strong>aeger,</strong></span> 
     </span>
    </p>
   </div>
   <div class='ocr_carea' id='block_1_17' title="bbox 2066 650 3435 731">
    <p class='ocr_par' dir='ltr' id='par_1_17' title="bbox 2066 650 3435 731">
     <span class='ocr_line' id='line_1_17' title="bbox 2066 650 3435 731; baseline 0.009 -26"><span class='ocrx_word' id='word_1_85' title='bbox 2066 650 2353 720; x_wconf 81' lang='lat' dir='ltr'><strong>Multiplici</strong></span> <span class='ocrx_word' id='word_1_86' title='bbox 2385 652 2646 724; x_wconf 79' lang='lat' dir='ltr'><strong>languore</strong></span> <span class='ocrx_word' id='word_1_87' title='bbox 2674 656 2863 726; x_wconf 90' lang='lat' dir='ltr'><strong>miser,</strong></span> <span class='ocrx_word' id='word_1_88' title='bbox 2897 657 2989 729; x_wconf 89' lang='lat' dir='ltr'><strong>qui</strong></span> <span class='ocrx_word' id='word_1_89' title='bbox 3012 673 3151 715; x_wconf 89' lang='lat' dir='ltr'><strong>voce</strong></span> <span class='ocrx_word' id='word_1_90' title='bbox 3183 658 3435 731; x_wconf 86' lang='lat' dir='ltr'><strong>relictus,</strong></span> 
     </span>
    </p>
   </div>
   <div class='ocr_carea' id='block_1_18' title="bbox 2063 743 3324 821">
    <p class='ocr_par' dir='ltr' id='par_1_18' title="bbox 2063 743 3324 821">
     <span class='ocr_line' id='line_1_18' title="bbox 2063 743 3324 821; baseline 0.01 -24"><span class='ocrx_word' id='word_1_91' title='bbox 2063 743 2267 799; x_wconf 83' lang='lat' dir='ltr'><strong>Auditu</strong></span> <span class='ocrx_word' id='word_1_92' title='bbox 2308 760 2534 815; x_wconf 89' lang='lat' dir='ltr'><strong>vacuus,</strong></span> <span class='ocrx_word' id='word_1_93' title='bbox 2571 749 2689 803; x_wconf 89' lang='lat' dir='ltr'><strong>solo</strong></span> <span class='ocrx_word' id='word_1_94' title='bbox 2722 767 2818 821; x_wconf 91' lang='lat' dir='ltr'><strong>per</strong></span> <span class='ocrx_word' id='word_1_95' title='bbox 2852 753 3033 808; x_wconf 89' lang='lat' dir='ltr'><strong>inania</strong></span> <span class='ocrx_word' id='word_1_96' title='bbox 3072 754 3324 811; x_wconf 87' lang='lat' dir='ltr'><strong>membra</strong></span> 
     </span>
    </p>
   </div>
   <div class='ocr_carea' id='block_1_19' title="bbox 1929 834 3549 918">
    <p class='ocr_par' dir='ltr' id='par_1_19' title="bbox 1929 834 3549 918">
     <span class='ocr_line' id='line_1_19' title="bbox 1929 834 3549 918; baseline 0.008 -24"><span class='ocrx_word' id='word_1_97' title='bbox 1929 834 2033 894; x_wconf 77' lang='grc'><strong>155</strong></span> <span class='ocrx_word' id='word_1_98' title='bbox 2076 836 2337 895; x_wconf 73' lang='lat' dir='ltr'><strong>Dtemone</strong></span> <span class='ocrx_word' id='word_1_99' title='bbox 2358 839 2552 910; x_wconf 90' lang='lat' dir='ltr'><strong>plenus</strong></span> <span class='ocrx_word' id='word_1_100' title='bbox 2581 851 2735 898; x_wconf 88' lang='lat' dir='ltr'><strong>erat:</strong></span> <span class='ocrx_word' id='word_1_101' title='bbox 2784 844 2931 902; x_wconf 85' lang='lat' dir='ltr'><strong>hunc</strong></span> <span class='ocrx_word' id='word_1_102' title='bbox 2961 847 3214 918; x_wconf 83' lang='lat' dir='ltr'><strong>protinus</strong></span> <span class='ocrx_word' id='word_1_103' title='bbox 3237 848 3433 906; x_wconf 86' lang='lat' dir='ltr'><strong>ordine</strong></span> <span class='ocrx_word' id='word_1_104' title='bbox 3459 864 3549 906; x_wconf 63' lang='lat' dir='ltr'><strong>sar</strong></span> 
     </span>
    </p>
   </div>
   <div class='ocr_carea' id='block_1_20' title="bbox 3339 940 3477 1016">
    <p class='ocr_par' dir='ltr' id='par_1_20' title="bbox 3339 940 3477 1016">
     <span class='ocr_line' id='line_1_20' title="bbox 3339 940 3477 1016; baseline 0 -17"><span class='ocrx_word' id='word_1_105' title='bbox 3339 940 3362 1016; x_wconf 92' lang='lat'>[</span> <span class='ocrx_word' id='word_1_106' title='bbox 3378 956 3477 999; x_wconf 89' lang='lat' dir='ltr'><strong>cro</strong></span> 
     </span>
    </p>
   </div>
   <div class='ocr_carea' id='block_1_21' title="bbox 2072 1026 3305 1103">
    <p class='ocr_par' dir='ltr' id='par_1_21' title="bbox 2072 1026 3305 1103">
     <span class='ocr_line' id='line_1_21' title="bbox 2072 1026 3305 1103; baseline 0.008 -20"><span class='ocrx_word' id='word_1_107' title='bbox 2072 1026 2300 1083; x_wconf 91' lang='lat' dir='ltr'><strong>Curavit</strong></span> <span class='ocrx_word' id='word_1_108' title='bbox 2327 1029 2503 1085; x_wconf 82' lang='lat' dir='ltr'><strong>versis</strong></span> <span class='ocrx_word' id='word_1_109' title='bbox 2542 1028 2690 1086; x_wconf 87' lang='lat' dir='ltr'><strong>Deus</strong></span> <span class='ocrx_word' id='word_1_110' title='bbox 2717 1030 2773 1085; x_wconf 90' lang='lat' dir='ltr'><strong>in</strong></span> <span class='ocrx_word' id='word_1_111' title='bbox 2800 1034 3072 1090; x_wconf 88' lang='lat' dir='ltr'><strong>contraria</strong></span> <span class='ocrx_word' id='word_1_112' title='bbox 3102 1038 3305 1103; x_wconf 80' lang='lat' dir='ltr'><strong>causis,</strong></span> 
     </span>
    </p>
   </div>
   <div class='ocr_carea' id='block_1_22' title="bbox 2072 1123 3506 1194">
    <p class='ocr_par' dir='ltr' id='par_1_22' title="bbox 2072 1123 3506 1194">
     <span class='ocr_line' id='line_1_22' title="bbox 2072 1123 3506 1194; baseline 0.006 -17"><span class='ocrx_word' id='word_1_113' title='bbox 2072 1123 2357 1180; x_wconf 66' lang='lat' dir='ltr'><strong>Dmmonio</strong></span> <span class='ocrx_word' id='word_1_114' title='bbox 2398 1140 2660 1192; x_wconf 81' lang='lat' dir='ltr'><strong>vacuatis,</strong></span> <span class='ocrx_word' id='word_1_115' title='bbox 2692 1126 2902 1194; x_wconf 90' lang='lat' dir='ltr'><strong>auditu,</strong></span> <span class='ocrx_word' id='word_1_116' title='bbox 2936 1141 2992 1184; x_wconf 92' lang='lat' dir='ltr'><strong>et</strong></span> <span class='ocrx_word' id='word_1_117' title='bbox 3020 1141 3153 1188; x_wconf 87' lang='lat' dir='ltr'><strong>voce</strong></span> <span class='ocrx_word' id='word_1_118' title='bbox 3178 1131 3506 1190; x_wconf 79' lang='lat' dir='ltr'><strong>reformans.</strong></span> 
     </span>
    </p>
   </div>
   <div class='ocr_carea' id='block_1_23' title="bbox 2170 1216 3548 1296">
    <p class='ocr_par' dir='ltr' id='par_1_23' title="bbox 2170 1216 3548 1296">
     <span class='ocr_line' id='line_1_23' title="bbox 2170 1216 3548 1296; baseline 0.008 -24"><span class='ocrx_word' id='word_1_119' title='bbox 2170 1216 2282 1273; x_wconf 86' lang='lat' dir='ltr'><strong>Nec</strong></span> <span class='ocrx_word' id='word_1_120' title='bbox 2307 1218 2487 1274; x_wconf 85' lang='lat' dir='ltr'><strong>minus</strong></span> <span class='ocrx_word' id='word_1_121' title='bbox 2508 1220 2716 1274; x_wconf 84' lang='lat' dir='ltr'><strong>interea</strong></span> <span class='ocrx_word' id='word_1_122' title='bbox 2738 1220 3160 1291; x_wconf 86' lang='lat' dir='ltr'><strong>propriosjubet</strong></span> <span class='ocrx_word' id='word_1_123' title='bbox 3177 1227 3359 1282; x_wconf 82' lang='lat' dir='ltr'><strong>omnia</strong></span> <span class='ocrx_word' id='word_1_124' title='bbox 3385 1241 3548 1296; x_wconf 74' lang='lat' dir='ltr'><strong>posse</strong></span> 
     </span>
    </p>
   </div>
   <div class='ocr_carea' id='block_1_24' title="bbox 2069 1311 3471 1391">
    <p class='ocr_par' dir='ltr' id='par_1_24' title="bbox 2069 1311 3471 1391">
     <span class='ocr_line' id='line_1_24' title="bbox 2069 1311 3471 1391; baseline 0.009 -26"><span class='ocrx_word' id='word_1_125' title='bbox 2069 1311 2401 1383; x_wconf 77' lang='lat' dir='ltr'><strong>Discipulos,</strong></span> <span class='ocrx_word' id='word_1_126' title='bbox 2440 1314 2680 1384; x_wconf 89' lang='lat' dir='ltr'><strong>totisque</strong></span> <span class='ocrx_word' id='word_1_127' title='bbox 2703 1312 2869 1371; x_wconf 89' lang='lat' dir='ltr'><strong>simul</strong></span> <span class='ocrx_word' id='word_1_128' title='bbox 2890 1316 3185 1373; x_wconf 80' lang='lat' dir='ltr'><strong>virtutibus</strong></span> <span class='ocrx_word' id='word_1_129' title='bbox 3212 1320 3471 1391; x_wconf 79' lang='lat' dir='ltr'><strong>impletis,</strong></span> 
     </span>
    </p>
   </div>
   <div class='ocr_carea' id='block_1_25' title="bbox 1559 1425 2175 1486">
    <p class='ocr_par' dir='ltr' id='par_1_25' title="bbox 1559 1425 2175 1486">
     <span class='ocr_line' id='line_1_25' title="bbox 1559 1425 2175 1486; baseline -0.003 -3"><span class='ocrx_word' id='word_1_130' title='bbox 1559 1425 1745 1485; x_wconf 72' lang='grc' dir='ltr'><strong>ΟΡυὸ</strong></span> <span class='ocrx_word' id='word_1_131' title='bbox 1784 1425 2175 1486; x_wconf 82' lang='lat' dir='ltr'><strong>PASCHALE.</strong></span> 
     </span>
    </p>
   </div>
   <div class='ocr_carea' id='block_1_26' title="bbox 198 1539 3317 1619">
    <p class='ocr_par' dir='ltr' id='par_1_26' title="bbox 198 1539 3317 1619">
     <span class='ocr_line' id='line_1_26' title="bbox 198 1539 3317 1619; baseline 0.003 -20"><span class='ocrx_word' id='word_1_132' title='bbox 198 1556 459 1619; x_wconf 85' lang='lat' dir='ltr'><strong>parentes</strong></span> <span class='ocrx_word' id='word_1_133' title='bbox 499 1546 552 1601; x_wconf 93' lang='lat' dir='ltr'><strong>in</strong></span> <span class='ocrx_word' id='word_1_134' title='bbox 594 1544 700 1600; x_wconf 84' lang='lat' dir='ltr'><strong>lilia</strong></span> <span class='ocrx_word' id='word_1_135' title='bbox 733 1552 1058 1601; x_wconf 87' lang='lat' dir='ltr'><strong>cunctantes</strong></span> <span class='ocrx_word' id='word_1_136' title='bbox 1078 1544 1321 1602; x_wconf 74' lang='lat' dir='ltr'><strong>credere</strong></span> <span class='ocrx_word' id='word_1_137' title='bbox 1357 1560 1480 1616; x_wconf 65' lang='lat' dir='ltr'><strong>quae</strong></span> <span class='ocrx_word' id='word_1_138' title='bbox 1527 1544 1821 1613; x_wconf 87' lang='lat' dir='ltr'><strong>videbant,</strong></span> <span class='ocrx_word' id='word_1_139' title='bbox 1857 1539 1905 1600; x_wconf 90' lang='lat' dir='ltr'><strong>B</strong></span> <span class='ocrx_word' id='word_1_140' title='bbox 1934 1544 2140 1616; x_wconf 85' lang='lat' dir='ltr'><strong>plicita,</strong></span> <span class='ocrx_word' id='word_1_141' title='bbox 2177 1545 2291 1602; x_wconf 87' lang='lat' dir='ltr'><strong>suis</strong></span> <span class='ocrx_word' id='word_1_142' title='bbox 2325 1547 2566 1604; x_wconf 87' lang='lat' dir='ltr'><strong>lucernis</strong></span> <span class='ocrx_word' id='word_1_143' title='bbox 2598 1548 2886 1605; x_wconf 82' lang='lat' dir='ltr'><strong>radiarnnt</strong></span> <span class='ocrx_word' id='word_1_144' title='bbox 2914 1566 3008 1605; x_wconf 88' lang='lat' dir='ltr'><strong>ora</strong></span> <span class='ocrx_word' id='word_1_145' title='bbox 3049 1550 3317 1608; x_wconf 88' lang='lat' dir='ltr'><strong>videntia.</strong></span> 
     </span>
    </p>
   </div>
   <div class='ocr_carea' id='block_1_27' title="bbox 198 1636 1821 1711">
    <p class='ocr_par' dir='ltr' id='par_1_27' title="bbox 198 1636 1821 1711">
     <span class='ocr_line' id='line_1_27' title="bbox 198 1636 1821 1711; baseline -0.002 -15"><span class='ocrx_word' id='word_1_146' title='bbox 198 1640 487 1711; x_wconf 86' lang='lat' dir='ltr'><strong>subitaque</strong></span> <span class='ocrx_word' id='word_1_147' title='bbox 518 1640 596 1695; x_wconf 90' lang='lat' dir='ltr'><strong>rei</strong></span> <span class='ocrx_word' id='word_1_148' title='bbox 635 1638 981 1710; x_wconf 86' lang='lat' dir='ltr'><strong>jnounditate</strong></span> <span class='ocrx_word' id='word_1_149' title='bbox 1017 1640 1283 1709; x_wconf 90' lang='lat' dir='ltr'><strong>permoti,</strong></span> <span class='ocrx_word' id='word_1_150' title='bbox 1331 1636 1532 1709; x_wconf 87' lang='lat' dir='ltr'><strong>gaudio</strong></span> <span class='ocrx_word' id='word_1_151' title='bbox 1560 1637 1821 1711; x_wconf 77' lang='lat' dir='ltr'><strong>lacrymis</strong></span> 
     </span>
    </p>
   </div>
   <div class='ocr_carea' id='block_1_28' title="bbox 201 1732 1489 1806">
    <p class='ocr_par' dir='ltr' id='par_1_28' title="bbox 201 1732 1489 1806">
     <span class='ocr_line' id='line_1_28' title="bbox 201 1732 1489 1806; baseline -0.005 -15"><span class='ocrx_word' id='word_1_152' title='bbox 201 1735 317 1805; x_wconf 86' lang='lat' dir='ltr'><strong>plus</strong></span> <span class='ocrx_word' id='word_1_153' title='bbox 350 1732 591 1805; x_wconf 82' lang='lat' dir='ltr'><strong>profusis</strong></span> <span class='ocrx_word' id='word_1_154' title='bbox 615 1778 629 1803; x_wconf 91' lang='lat'><strong>,</strong></span> <span class='ocrx_word' id='word_1_155' title='bbox 662 1748 836 1806; x_wconf 88' lang='lat' dir='ltr'><strong>genus</strong></span> <span class='ocrx_word' id='word_1_156' title='bbox 868 1741 1155 1788; x_wconf 85' lang='lat' dir='ltr'><strong>mutavere</strong></span> <span class='ocrx_word' id='word_1_157' title='bbox 1186 1732 1489 1803; x_wconf 84' lang='lat' dir='ltr'><strong>plangoris.</strong></span> 
     </span>
    </p>
   </div>
   <div class='ocr_carea' id='block_1_29' title="bbox 266 1822 1817 1900">
    <p class='ocr_par' dir='ltr' id='par_1_29' title="bbox 266 1822 1817 1900">
     <span class='ocr_line' id='line_1_29' title="bbox 266 1822 1817 1900; baseline -0.003 -17"><span class='ocrx_word' id='word_1_158' title='bbox 266 1827 399 1883; x_wconf 91' lang='lat' dir='ltr'><strong>Inde</strong></span> <span class='ocrx_word' id='word_1_159' title='bbox 430 1839 651 1900; x_wconf 88' lang='lat' dir='ltr'><strong>peracta</strong></span> <span class='ocrx_word' id='word_1_160' title='bbox 685 1826 943 1883; x_wconf 81' lang='lat' dir='ltr'><strong>recidivae</strong></span> <span class='ocrx_word' id='word_1_161' title='bbox 972 1826 1113 1881; x_wconf 91' lang='lat' dir='ltr'><strong>lucis</strong></span> <span class='ocrx_word' id='word_1_162' title='bbox 1141 1826 1467 1899; x_wconf 88' lang='lat' dir='ltr'><strong>operatione</strong></span> <span class='ocrx_word' id='word_1_163' title='bbox 1498 1822 1817 1889; x_wconf 82' lang='lat' dir='ltr'><strong>discedens,</strong></span> 
     </span>
    </p>
   </div>
   <div class='ocr_carea' id='block_1_30' title="bbox 198 1916 1811 1993">
    <p class='ocr_par' dir='ltr' id='par_1_30' title="bbox 198 1916 1811 1993">
     <span class='ocr_line' id='line_1_30' title="bbox 198 1916 1811 1993; baseline -0.002 -14"><span class='ocrx_word' id='word_1_164' title='bbox 198 1923 333 1980; x_wconf 90' lang='lat' dir='ltr'><strong>duos</strong></span> <span class='ocrx_word' id='word_1_165' title='bbox 384 1924 656 1993; x_wconf 85' lang='lat' dir='ltr'><strong>conspicit</strong></span> <span class='ocrx_word' id='word_1_166' title='bbox 699 1922 846 1977; x_wconf 85' lang='lat' dir='ltr'><strong>viros</strong></span> <span class='ocrx_word' id='word_1_167' title='bbox 900 1916 1117 1975; x_wconf 89' lang='lat' dir='ltr'><strong>amissis</strong></span> <span class='ocrx_word' id='word_1_168' title='bbox 1151 1919 1473 1977; x_wconf 82' lang='lat' dir='ltr'><strong>luminibus</strong></span> <span class='ocrx_word' id='word_1_169' title='bbox 1519 1920 1811 1984; x_wconf 88' lang='lat' dir='ltr'><strong>sauciatos,</strong></span> 
     </span>
    </p>
   </div>
   <div class='ocr_carea' id='block_1_31' title="bbox 199 2013 1810 2089">
    <p class='ocr_par' dir='ltr' id='par_1_31' title="bbox 199 2013 1810 2089">
     <span class='ocr_line' id='line_1_31' title="bbox 199 2013 1810 2089; baseline -0.007 -13"><span class='ocrx_word' id='word_1_170' title='bbox 199 2020 397 2076; x_wconf 87' lang='lat' dir='ltr'><strong>talibus</strong></span> <span class='ocrx_word' id='word_1_171' title='bbox 452 2033 592 2089; x_wconf 86' lang='lat' dir='ltr'><strong>pene</strong></span> <span class='ocrx_word' id='word_1_172' title='bbox 642 2016 1317 2087; x_wconf 79' lang='lat' dir='ltr'><strong>vocibusdeprecantes:</strong></span> <span class='ocrx_word' id='word_1_173' title='bbox 1349 2013 1597 2070; x_wconf 75' lang='lat' dir='ltr'><strong>Miserere</strong></span> <span class='ocrx_word' id='word_1_174' title='bbox 1627 2015 1810 2081; x_wconf 82' lang='lat' dir='ltr'><strong>nostri,</strong></span> 
     </span>
    </p>
   </div>
   <div class='ocr_carea' id='block_1_32' title="bbox 198 2110 1789 2183">
    <p class='ocr_par' dir='ltr' id='par_1_32' title="bbox 198 2110 1789 2183">
     <span class='ocr_line' id='line_1_32' title="bbox 198 2110 1789 2183; baseline -0.001 -16"><span class='ocrx_word' id='word_1_175' title='bbox 198 2113 274 2183; x_wconf 80' lang='lat' dir='ltr'><strong>fili</strong></span> <span class='ocrx_word' id='word_1_176' title='bbox 301 2112 495 2168; x_wconf 82' lang='lat' dir='ltr'><strong>David.</strong></span> <span class='ocrx_word' id='word_1_177' title='bbox 528 2112 687 2169; x_wconf 88' lang='lat' dir='ltr'><strong>Illam</strong></span> <span class='ocrx_word' id='word_1_178' title='bbox 715 2110 930 2169; x_wconf 82' lang='lat' dir='ltr'><strong>scilicet</strong></span> <span class='ocrx_word' id='word_1_179' title='bbox 962 2110 1403 2167; x_wconf 89' lang='lat' dir='ltr'><strong>misericordiam</strong></span> <span class='ocrx_word' id='word_1_180' title='bbox 1434 2110 1789 2182; x_wconf 89' lang='lat' dir='ltr'><strong>deprecaban</strong></span> 
     </span>
    </p>
   </div>
   <div class='ocr_carea' id='block_1_33' title="bbox 195 2204 1815 2275">
    <p class='ocr_par' dir='ltr' id='par_1_33' title="bbox 195 2204 1815 2275">
     <span class='ocr_line' id='line_1_33' title="bbox 195 2204 1815 2275; baseline -0.002 -12"><span class='ocrx_word' id='word_1_181' title='bbox 195 2216 301 2275; x_wconf 89' lang='lat' dir='ltr'><strong>tur,</strong></span> <span class='ocrx_word' id='word_1_182' title='bbox 354 2216 415 2262; x_wconf 88' lang='lat' dir='ltr'><strong>ut</strong></span> <span class='ocrx_word' id='word_1_183' title='bbox 466 2216 685 2263; x_wconf 87' lang='lat' dir='ltr'><strong>noctem</strong></span> <span class='ocrx_word' id='word_1_184' title='bbox 729 2221 1027 2261; x_wconf 86' lang='lat' dir='ltr'><strong>removens</strong></span> <span class='ocrx_word' id='word_1_185' title='bbox 1078 2204 1442 2274; x_wconf 81' lang='lat' dir='ltr'><strong>caligantem,</strong></span> <span class='ocrx_word' id='word_1_186' title='bbox 1477 2220 1545 2259; x_wconf 82' lang='lat' dir='ltr'><strong>ex</strong></span> <span class='ocrx_word' id='word_1_187' title='bbox 1599 2204 1815 2259; x_wconf 82' lang='lat' dir='ltr'><strong>cunctis</strong></span> 
     </span>
    </p>
   </div>
   <div class='ocr_carea' id='block_1_34' title="bbox 193 2298 1811 2369">
    <p class='ocr_par' dir='ltr' id='par_1_34' title="bbox 193 2298 1811 2369">
     <span class='ocr_line' id='line_1_34' title="bbox 193 2298 1811 2369; baseline -0.002 -12"><span class='ocrx_word' id='word_1_188' title='bbox 193 2301 337 2357; x_wconf 90' lang='lat' dir='ltr'><strong>dictu</strong></span> <span class='ocrx_word' id='word_1_189' title='bbox 372 2302 620 2357; x_wconf 86' lang='lat' dir='ltr'><strong>vultibus</strong></span> <span class='ocrx_word' id='word_1_190' title='bbox 647 2301 997 2359; x_wconf 79' lang='lat' dir='ltr'><strong>reiormaret.</strong></span> <span class='ocrx_word' id='word_1_191' title='bbox 1024 2300 1198 2369; x_wconf 87' lang='lat' dir='ltr'><strong>Quam</strong></span> <span class='ocrx_word' id='word_1_192' title='bbox 1230 2309 1407 2355; x_wconf 90' lang='lat' dir='ltr'><strong>tutum</strong></span> <span class='ocrx_word' id='word_1_193' title='bbox 1438 2307 1526 2355; x_wconf 91' lang='lat' dir='ltr'><strong>est</strong></span> <span class='ocrx_word' id='word_1_194' title='bbox 1556 2298 1811 2369; x_wconf 88' lang='lat' dir='ltr'><strong>credere,</strong></span> 
     </span>
    </p>
   </div>
   <div class='ocr_carea' id='block_1_35' title="bbox 192 2384 1817 2467">
    <p class='ocr_par' dir='ltr' id='par_1_35' title="bbox 192 2384 1817 2467">
     <span class='ocr_line' id='line_1_35' title="bbox 192 2384 1817 2467; baseline -0.001 -16"><span class='ocrx_word' id='word_1_195' title='bbox 192 2410 351 2467; x_wconf 89' lang='lat' dir='ltr'><strong>quam</strong></span> <span class='ocrx_word' id='word_1_196' title='bbox 388 2412 589 2450; x_wconf 86' lang='lat' dir='ltr'><strong>sanum</strong></span> <span class='ocrx_word' id='word_1_197' title='bbox 620 2402 707 2451; x_wconf 89' lang='lat' dir='ltr'><strong>est</strong></span> <span class='ocrx_word' id='word_1_198' title='bbox 746 2396 799 2450; x_wconf 93' lang='lat' dir='ltr'><strong>in</strong></span> <span class='ocrx_word' id='word_1_199' title='bbox 844 2394 957 2451; x_wconf 90' lang='lat' dir='ltr'><strong>Deo</strong></span> <span class='ocrx_word' id='word_1_200' title='bbox 997 2393 1245 2449; x_wconf 87' lang='lat' dir='ltr'><strong>studiose</strong></span> <span class='ocrx_word' id='word_1_201' title='bbox 1270 2384 1591 2449; x_wconf 87' lang='lat' dir='ltr'><strong>conlidere!</strong></span> <span class='ocrx_word' id='word_1_202' title='bbox 1636 2392 1817 2451; x_wconf 84' lang='lat' dir='ltr'><strong>Corde</strong></span> 
     </span>
    </p>
   </div>
   <div class='ocr_carea' id='block_1_36' title="bbox 192 2486 1817 2571">
    <p class='ocr_par' dir='ltr' id='par_1_36' title="bbox 192 2486 1817 2571">
     <span class='ocr_line' id='line_1_36' title="bbox 192 2486 1817 2571; baseline 0.002 -31"><span class='ocrx_word' id='word_1_203' title='bbox 192 2487 469 2558; x_wconf 83' lang='lat' dir='ltr'><strong>siquidem</strong></span> <span class='ocrx_word' id='word_1_204' title='bbox 494 2490 606 2560; x_wconf 84' lang='lat' dir='ltr'><strong>jam</strong></span> <span class='ocrx_word' id='word_1_205' title='bbox 641 2489 903 2545; x_wconf 87' lang='lat' dir='ltr'><strong>videbant</strong></span> <span class='ocrx_word' id='word_1_206' title='bbox 943 2488 1062 2559; x_wconf 91' lang='lat' dir='ltr'><strong>qui,</strong></span> <span class='ocrx_word' id='word_1_207' title='bbox 1094 2486 1319 2545; x_wconf 85' lang='lat' dir='ltr'><strong>Christo</strong></span> <span class='ocrx_word' id='word_1_208' title='bbox 1342 2488 1651 2571; x_wconf 81' lang='lat' dir='ltr'><strong>gradiente,</strong></span> <span class='ocrx_word' id='word_1_209' title='bbox 1676 2488 1817 2544; x_wconf 89' lang='lat' dir='ltr'><strong>lucis</strong></span> 
     </span>
    </p>
   </div>
   <div class='ocr_carea' id='block_1_37' title="bbox 191 2583 1821 2656">
    <p class='ocr_par' dir='ltr' id='par_1_37' title="bbox 191 2583 1821 2656">
     <span class='ocr_line' id='line_1_37' title="bbox 191 2583 1821 2656; baseline -0.004 -9"><span class='ocrx_word' id='word_1_210' title='bbox 191 2587 451 2647; x_wconf 85' lang='lat' dir='ltr'><strong>semitam</strong></span> <span class='ocrx_word' id='word_1_211' title='bbox 484 2584 820 2639; x_wconf 87' lang='lat' dir='ltr'><strong>sentiebant.</strong></span> <span class='ocrx_word' id='word_1_212' title='bbox 848 2583 1004 2639; x_wconf 89' lang='lat' dir='ltr'><strong>Tunc</strong></span> <span class='ocrx_word' id='word_1_213' title='bbox 1034 2584 1181 2640; x_wconf 92' lang='lat' dir='ltr'><strong>oculi</strong></span> <span class='ocrx_word' id='word_1_214' title='bbox 1206 2595 1401 2642; x_wconf 66' lang='lat' dir='ltr'><strong>moesta</strong></span> <span class='ocrx_word' id='word_1_215' title='bbox 1434 2585 1687 2656; x_wconf 89' lang='lat' dir='ltr'><strong>supplicii</strong></span> <span class='ocrx_word' id='word_1_216' title='bbox 1712 2600 1821 2641; x_wconf 76' lang='lat' dir='ltr'><strong>ca:-</strong></span> 
     </span>
    </p>
   </div>
   <div class='ocr_carea' id='block_1_38' title="bbox 190 2676 1813 2750">
    <p class='ocr_par' dir='ltr' id='par_1_38' title="bbox 190 2676 1813 2750">
     <span class='ocr_line' id='line_1_38' title="bbox 190 2676 1813 2750; baseline -0.002 -13"><span class='ocrx_word' id='word_1_217' title='bbox 190 2682 360 2739; x_wconf 82' lang='lat' dir='ltr'><strong>citate</strong></span> <span class='ocrx_word' id='word_1_218' title='bbox 401 2676 737 2747; x_wconf 84' lang='lat' dir='ltr'><strong>compressi,</strong></span> <span class='ocrx_word' id='word_1_219' title='bbox 790 2676 942 2732; x_wconf 86' lang='lat' dir='ltr'><strong>velut</strong></span> <span class='ocrx_word' id='word_1_220' title='bbox 969 2676 1099 2734; x_wconf 89' lang='lat' dir='ltr'><strong>oleo</strong></span> <span class='ocrx_word' id='word_1_221' title='bbox 1139 2686 1370 2750; x_wconf 85' lang='lat' dir='ltr'><strong>torpens</strong></span> <span class='ocrx_word' id='word_1_222' title='bbox 1418 2678 1562 2748; x_wconf 83' lang='lat' dir='ltr'><strong>ignis</strong></span> <span class='ocrx_word' id='word_1_223' title='bbox 1610 2678 1813 2746; x_wconf 80' lang='lat' dir='ltr'><strong>infuso,</strong></span> 
     </span>
    </p>
   </div>
   <div class='ocr_carea' id='block_1_39' title="bbox 191 2770 1819 2847">
    <p class='ocr_par' dir='ltr' id='par_1_39' title="bbox 191 2770 1819 2847">
     <span class='ocr_line' id='line_1_39' title="bbox 191 2770 1819 2847; baseline -0.002 -14"><span class='ocrx_word' id='word_1_224' title='bbox 191 2784 340 2835; x_wconf 83' lang='lat' dir='ltr'><strong>tactu</strong></span> <span class='ocrx_word' id='word_1_225' title='bbox 371 2774 620 2829; x_wconf 90' lang='lat' dir='ltr'><strong>micuere</strong></span> <span class='ocrx_word' id='word_1_226' title='bbox 649 2770 965 2841; x_wconf 90' lang='lat' dir='ltr'><strong>Dominico,</strong></span> <span class='ocrx_word' id='word_1_227' title='bbox 1010 2772 1320 2847; x_wconf 78' lang='lat' dir='ltr'><strong>dextraque</strong></span> <span class='ocrx_word' id='word_1_228' title='bbox 1359 2774 1687 2831; x_wconf 86' lang='lat' dir='ltr'><strong>serenitatis</strong></span> <span class='ocrx_word' id='word_1_229' title='bbox 1723 2789 1819 2845; x_wconf 85' lang='lat' dir='ltr'><strong>ap-</strong></span> 
     </span>
    </p>
   </div>
   <div class='ocr_carea' id='block_1_40' title="bbox 1999 1639 3543 1718">
    <p class='ocr_par' dir='ltr' id='par_1_40' title="bbox 1999 1639 3543 1718">
     <span class='ocr_line' id='line_1_40' title="bbox 1999 1639 3543 1718; baseline 0.007 -23"><span class='ocrx_word' id='word_1_230' title='bbox 1999 1639 2095 1695; x_wconf 88' lang='lat' dir='ltr'><strong>His</strong></span> <span class='ocrx_word' id='word_1_231' title='bbox 2132 1640 2316 1714; x_wconf 81' lang='lat' dir='ltr'><strong>itaque</strong></span> <span class='ocrx_word' id='word_1_232' title='bbox 2358 1640 2631 1708; x_wconf 87' lang='lat' dir='ltr'><strong>dimissis,</strong></span> <span class='ocrx_word' id='word_1_233' title='bbox 2680 1644 2822 1699; x_wconf 83' lang='lat' dir='ltr'><strong>alius</strong></span> <span class='ocrx_word' id='word_1_234' title='bbox 2872 1645 3083 1701; x_wconf 88' lang='lat' dir='ltr'><strong>morbis</strong></span> <span class='ocrx_word' id='word_1_235' title='bbox 3125 1657 3182 1703; x_wconf 90' lang='lat' dir='ltr'><strong>et</strong></span> <span class='ocrx_word' id='word_1_236' title='bbox 3228 1647 3543 1718; x_wconf 83' lang='lat' dir='ltr'><strong>triplicibus</strong></span> 
     </span>
    </p>
   </div>
   <div class='ocr_carea' id='block_1_41' title="bbox 1925 1735 3552 1812">
    <p class='ocr_par' dir='ltr' id='par_1_41' title="bbox 1925 1735 3552 1812">
     <span class='ocr_line' id='line_1_41' title="bbox 1925 1735 3552 1812; baseline 0.009 -21"><span class='ocrx_word' id='word_1_237' title='bbox 1925 1735 2145 1792; x_wconf 91' lang='lat' dir='ltr'><strong>oblatus</strong></span> <span class='ocrx_word' id='word_1_238' title='bbox 2188 1746 2273 1791; x_wconf 89' lang='lat' dir='ltr'><strong>est</strong></span> <span class='ocrx_word' id='word_1_239' title='bbox 2310 1736 2630 1803; x_wconf 90' lang='lat' dir='ltr'><strong>imbecillis,</strong></span> <span class='ocrx_word' id='word_1_240' title='bbox 2664 1738 2755 1807; x_wconf 85' lang='lat' dir='ltr'><strong>qui</strong></span> <span class='ocrx_word' id='word_1_241' title='bbox 2802 1754 2937 1795; x_wconf 89' lang='lat' dir='ltr'><strong>voce</strong></span> <span class='ocrx_word' id='word_1_242' title='bbox 2967 1739 3253 1812; x_wconf 87' lang='lat' dir='ltr'><strong>desertus,</strong></span> <span class='ocrx_word' id='word_1_243' title='bbox 3284 1754 3552 1805; x_wconf 78' lang='lat' dir='ltr'><strong>vacuatus</strong></span> 
     </span>
    </p>
   </div>
   <div class='ocr_carea' id='block_1_42' title="bbox 1924 1830 3549 1907">
    <p class='ocr_par' dir='ltr' id='par_1_42' title="bbox 1924 1830 3549 1907">
     <span class='ocr_line' id='line_1_42' title="bbox 1924 1830 3549 1907; baseline 0.007 -23"><span class='ocrx_word' id='word_1_244' title='bbox 1924 1830 2134 1895; x_wconf 87' lang='lat' dir='ltr'><strong>auditu,</strong></span> <span class='ocrx_word' id='word_1_245' title='bbox 2185 1846 2283 1901; x_wconf 85' lang='lat' dir='ltr'><strong>per</strong></span> <span class='ocrx_word' id='word_1_246' title='bbox 2333 1831 2517 1887; x_wconf 86' lang='lat' dir='ltr'><strong>inania</strong></span> <span class='ocrx_word' id='word_1_247' title='bbox 2576 1834 2750 1903; x_wconf 88' lang='lat' dir='ltr'><strong>raptis</strong></span> <span class='ocrx_word' id='word_1_248' title='bbox 2794 1834 2985 1890; x_wconf 89' lang='lat' dir='ltr'><strong>usibus</strong></span> <span class='ocrx_word' id='word_1_249' title='bbox 3029 1835 3298 1903; x_wconf 87' lang='lat' dir='ltr'><strong>membra,</strong></span> <span class='ocrx_word' id='word_1_250' title='bbox 3348 1838 3549 1907; x_wconf 85' lang='lat' dir='ltr'><strong>plenus</strong></span> 
     </span>
    </p>
   </div>
   <div class='ocr_carea' id='block_1_43' title="bbox 1924 1922 3544 1997">
    <p class='ocr_par' dir='ltr' id='par_1_43' title="bbox 1924 1922 3544 1997">
     <span class='ocr_line' id='line_1_43' title="bbox 1924 1922 3544 1997; baseline 0.006 -19"><span class='ocrx_word' id='word_1_251' title='bbox 1924 1922 2043 1978; x_wconf 89' lang='lat' dir='ltr'><strong>solo</strong></span> <span class='ocrx_word' id='word_1_252' title='bbox 2084 1923 2375 1979; x_wconf 89' lang='lat' dir='ltr'><strong>videbatur</strong></span> <span class='ocrx_word' id='word_1_253' title='bbox 2416 1939 2539 1980; x_wconf 90' lang='lat' dir='ltr'><strong>esse</strong></span> <span class='ocrx_word' id='word_1_254' title='bbox 2585 1925 2881 1981; x_wconf 69' lang='lat' dir='ltr'><strong>dmmonio.</strong></span> <span class='ocrx_word' id='word_1_255' title='bbox 2940 1926 3121 1997; x_wconf 90' lang='lat' dir='ltr'><strong>llunc,</strong></span> <span class='ocrx_word' id='word_1_256' title='bbox 3154 1929 3446 1987; x_wconf 81' lang='lat' dir='ltr'><strong>conversis</strong></span> <span class='ocrx_word' id='word_1_257' title='bbox 3490 1929 3544 1987; x_wconf 89' lang='lat' dir='ltr'><strong>in</strong></span> 
     </span>
    </p>
   </div>
   <div class='ocr_carea' id='block_1_44' title="bbox 1923 2008 3553 2095">
    <p class='ocr_par' dir='ltr' id='par_1_44' title="bbox 1923 2008 3553 2095">
     <span class='ocr_line' id='line_1_44' title="bbox 1923 2008 3553 2095; baseline 0.004 -21"><span class='ocrx_word' id='word_1_258' title='bbox 1923 2017 2269 2075; x_wconf 86' lang='lat' dir='ltr'><strong>contrarium</strong></span> <span class='ocrx_word' id='word_1_259' title='bbox 2310 2020 2515 2085; x_wconf 86' lang='lat' dir='ltr'><strong>causis,</strong></span> <span class='ocrx_word' id='word_1_260' title='bbox 2572 2008 2851 2074; x_wconf 79' lang='lat' dir='ltr'><strong>Dominus</strong></span> <span class='ocrx_word' id='word_1_261' title='bbox 2883 2020 3034 2089; x_wconf 81' lang='lat' dir='ltr'><strong>illico</strong></span> <span class='ocrx_word' id='word_1_262' title='bbox 3077 2023 3158 2078; x_wconf 90' lang='lat' dir='ltr'><strong>sic</strong></span> <span class='ocrx_word' id='word_1_263' title='bbox 3204 2024 3443 2095; x_wconf 75' lang='lat' dir='ltr'><strong>curavit,</strong></span> <span class='ocrx_word' id='word_1_264' title='bbox 3486 2035 3553 2081; x_wconf 86' lang='lat' dir='ltr'><strong>ut</strong></span> 
     </span>
    </p>
   </div>
   <div class='ocr_carea' id='block_1_45' title="bbox 1920 2111 3550 2184">
    <p class='ocr_par' dir='ltr' id='par_1_45' title="bbox 1920 2111 3550 2184">
     <span class='ocr_line' id='line_1_45' title="bbox 1920 2111 3550 2184; baseline 0.004 -17"><span class='ocrx_word' id='word_1_265' title='bbox 1920 2111 2196 2168; x_wconf 73' lang='lat' dir='ltr'><strong>daemonio</strong></span> <span class='ocrx_word' id='word_1_266' title='bbox 2233 2121 2526 2169; x_wconf 83' lang='lat' dir='ltr'><strong>vacuasset</strong></span> <span class='ocrx_word' id='word_1_267' title='bbox 2549 2120 2574 2149; x_wconf 72' lang='grc' dir='ltr'><strong>κ</strong></span> <span class='ocrx_word' id='word_1_268' title='bbox 2597 2112 2796 2183; x_wconf 86' lang='lat' dir='ltr'><strong>ejecto,</strong></span> <span class='ocrx_word' id='word_1_269' title='bbox 2834 2127 2971 2169; x_wconf 88' lang='lat' dir='ltr'><strong>voce</strong></span> <span class='ocrx_word' id='word_1_270' title='bbox 3004 2114 3235 2184; x_wconf 88' lang='lat' dir='ltr'><strong>pariter,</strong></span> <span class='ocrx_word' id='word_1_271' title='bbox 3273 2124 3331 2172; x_wconf 92' lang='lat' dir='ltr'><strong>et</strong></span> <span class='ocrx_word' id='word_1_272' title='bbox 3360 2114 3550 2174; x_wconf 82' lang='lat' dir='ltr'><strong>auditu</strong></span> 
     </span>
    </p>
   </div>
   <div class='ocr_carea' id='block_1_46' title="bbox 1924 2206 2495 2273">
    <p class='ocr_par' dir='ltr' id='par_1_46' title="bbox 1924 2206 2495 2273">
     <span class='ocr_line' id='line_1_46' title="bbox 1924 2206 2495 2273; baseline 0 -11"><span class='ocrx_word' id='word_1_273' title='bbox 1924 2207 2259 2273; x_wconf 86' lang='lat' dir='ltr'><strong>replevisset</strong></span> <span class='ocrx_word' id='word_1_274' title='bbox 2290 2206 2495 2265; x_wconf 84' lang='lat' dir='ltr'><strong>infuso.</strong></span> 
     </span>
    </p>
   </div>
   <div class='ocr_carea' id='block_1_47' title="bbox 1991 2294 3552 2373">
    <p class='ocr_par' dir='ltr' id='par_1_47' title="bbox 1991 2294 3552 2373">
     <span class='ocr_line' id='line_1_47' title="bbox 1991 2294 3552 2373; baseline 0.003 -17"><span class='ocrx_word' id='word_1_275' title='bbox 1991 2299 2109 2358; x_wconf 87' lang='lat' dir='ltr'><strong>Nec</strong></span> <span class='ocrx_word' id='word_1_276' title='bbox 2158 2311 2453 2358; x_wconf 89' lang='lat' dir='ltr'><strong>cunctatus</strong></span> <span class='ocrx_word' id='word_1_277' title='bbox 2502 2294 2797 2357; x_wconf 80' lang='lat' dir='ltr'><strong>duodecim</strong></span> <span class='ocrx_word' id='word_1_278' title='bbox 2839 2318 3061 2373; x_wconf 89' lang='lat' dir='ltr'><strong>quoque</strong></span> <span class='ocrx_word' id='word_1_279' title='bbox 3094 2300 3383 2372; x_wconf 86' lang='lat' dir='ltr'><strong>discipulis</strong></span> <span class='ocrx_word' id='word_1_280' title='bbox 3434 2314 3552 2361; x_wconf 78' lang='lat' dir='ltr'><strong>tan-</strong></span> 
     </span>
    </p>
   </div>
   <div class='ocr_carea' id='block_1_48' title="bbox 1926 2386 3551 2467">
    <p class='ocr_par' dir='ltr' id='par_1_48' title="bbox 1926 2386 3551 2467">
     <span class='ocr_line' id='line_1_48' title="bbox 1926 2386 3551 2467; baseline 0.004 -18"><span class='ocrx_word' id='word_1_281' title='bbox 1926 2386 2172 2451; x_wconf 81' lang='lat' dir='ltr'><strong>tumdetrt</strong></span> <span class='ocrx_word' id='word_1_282' title='bbox 2207 2395 2428 2452; x_wconf 90' lang='lat' dir='ltr'><strong>tradere</strong></span> <span class='ocrx_word' id='word_1_283' title='bbox 2464 2396 2783 2466; x_wconf 69' lang='lat' dir='ltr'><strong>potestatis,</strong></span> <span class='ocrx_word' id='word_1_284' title='bbox 2829 2394 2984 2465; x_wconf 86' lang='lat' dir='ltr'><strong>jubet</strong></span> <span class='ocrx_word' id='word_1_285' title='bbox 3025 2409 3123 2452; x_wconf 87' lang='lat' dir='ltr'><strong>eos</strong></span> <span class='ocrx_word' id='word_1_286' title='bbox 3154 2397 3337 2453; x_wconf 83' lang='lat' dir='ltr'><strong>omnia</strong></span> <span class='ocrx_word' id='word_1_287' title='bbox 3386 2412 3551 2467; x_wconf 80' lang='lat' dir='ltr'><strong>posse</strong></span> 
     </span>
    </p>
   </div>
   <div class='ocr_carea' id='block_1_49' title="bbox 1921 2473 3551 2563">
    <p class='ocr_par' dir='ltr' id='par_1_49' title="bbox 1921 2473 3551 2563">
     <span class='ocr_line' id='line_1_49' title="bbox 1921 2473 3551 2563; baseline 0.002 -17"><span class='ocrx_word' id='word_1_288' title='bbox 1921 2489 2370 2560; x_wconf 74' lang='lat' dir='ltr'><strong>perﬁcere,-qttte</strong></span> <span class='ocrx_word' id='word_1_289' title='bbox 2398 2489 2670 2546; x_wconf 89' lang='lat' dir='ltr'><strong>videbant</strong></span> <span class='ocrx_word' id='word_1_290' title='bbox 2702 2505 2761 2544; x_wconf 83' lang='lat' dir='ltr'><strong>se</strong></span> <span class='ocrx_word' id='word_1_291' title='bbox 2792 2488 3020 2561; x_wconf 78' lang='lat' dir='ltr'><strong>iecisse,</strong></span> <span class='ocrx_word' id='word_1_292' title='bbox 3056 2473 3299 2563; x_wconf 78' lang='lat' dir='ltr'><strong>totisque</strong></span> <span class='ocrx_word' id='word_1_293' title='bbox 3332 2492 3551 2551; x_wconf 84' lang='lat' dir='ltr'><strong>virtuti-</strong></span> 
     </span>
    </p>
   </div>
   <div class='ocr_carea' id='block_1_50' title="bbox 1923 2584 3547 2657">
    <p class='ocr_par' dir='ltr' id='par_1_50' title="bbox 1923 2584 3547 2657">
     <span class='ocr_line' id='line_1_50' title="bbox 1923 2584 3547 2657; baseline 0.001 -16"><span class='ocrx_word' id='word_1_294' title='bbox 1923 2584 2024 2641; x_wconf 87' lang='lat' dir='ltr'><strong>bus</strong></span> <span class='ocrx_word' id='word_1_295' title='bbox 2044 2586 2341 2655; x_wconf 85' lang='lat' dir='ltr'><strong>cpulentos</strong></span> <span class='ocrx_word' id='word_1_296' title='bbox 2362 2586 2532 2642; x_wconf 89' lang='lat' dir='ltr'><strong>mittit</strong></span> <span class='ocrx_word' id='word_1_297' title='bbox 2555 2585 2621 2640; x_wconf 90' lang='lat' dir='ltr'><strong>ad</strong></span> <span class='ocrx_word' id='word_1_298' title='bbox 2643 2586 2825 2640; x_wconf 89' lang='lat' dir='ltr'><strong>ovium</strong></span> <span class='ocrx_word' id='word_1_299' title='bbox 2852 2584 3162 2655; x_wconf 78' lang='lat' dir='ltr'><strong>indaginem</strong></span> <span class='ocrx_word' id='word_1_300' title='bbox 3186 2585 3547 2657; x_wconf 86' lang='lat' dir='ltr'><strong>perditarum,</strong></span> 
     </span>
    </p>
   </div>
   <div class='ocr_carea' id='block_1_51' title="bbox 1887 2680 3551 2753">
    <p class='ocr_par' dir='ltr' id='par_1_51' title="bbox 1887 2680 3551 2753">
     <span class='ocr_line' id='line_1_51' title="bbox 1887 2680 3551 2753; baseline 0.001 -16"><span class='ocrx_word' id='word_1_301' title='bbox 1887 2749 1889 2751; x_wconf 19' lang='grc' dir='ltr'><strong><em>ι</em></strong></span> <span class='ocrx_word' id='word_1_302' title='bbox 1920 2680 2121 2737; x_wconf 89' lang='lat' dir='ltr'><strong>domus</strong></span> <span class='ocrx_word' id='word_1_303' title='bbox 2144 2680 2358 2737; x_wconf 88' lang='lat' dir='ltr'><strong>scilicet</strong></span> <span class='ocrx_word' id='word_1_304' title='bbox 2386 2680 2577 2748; x_wconf 86' lang='lat' dir='ltr'><strong>Israel,</strong></span> <span class='ocrx_word' id='word_1_305' title='bbox 2612 2684 2741 2751; x_wconf 89' lang='lat' dir='ltr'><strong>quia</strong></span> <span class='ocrx_word' id='word_1_306' title='bbox 2774 2680 3012 2735; x_wconf 89' lang='lat' dir='ltr'><strong>necdum</strong></span> <span class='ocrx_word' id='word_1_307' title='bbox 3044 2696 3144 2749; x_wconf 89' lang='lat' dir='ltr'><strong>per</strong></span> <span class='ocrx_word' id='word_1_308' title='bbox 3182 2697 3375 2737; x_wconf 89' lang='lat' dir='ltr'><strong>omnes</strong></span> <span class='ocrx_word' id='word_1_309' title='bbox 3403 2682 3551 2753; x_wconf 76' lang='lat' dir='ltr'><strong>iugi-</strong></span> 
     </span>
    </p>
   </div>
   <div class='ocr_carea' id='block_1_52' title="bbox 1920 2770 3539 2846">
    <p class='ocr_par' dir='ltr' id='par_1_52' title="bbox 1920 2770 3539 2846">
     <span class='ocr_line' id='line_1_52' title="bbox 1920 2770 3539 2846; baseline 0.002 -18"><span class='ocrx_word' id='word_1_310' title='bbox 1920 2783 2007 2829; x_wconf 92' lang='lat' dir='ltr'><strong>ter</strong></span> <span class='ocrx_word' id='word_1_311' title='bbox 2046 2784 2241 2845; x_wconf 88' lang='lat' dir='ltr'><strong>gentes</strong></span> <span class='ocrx_word' id='word_1_312' title='bbox 2290 2773 2453 2845; x_wconf 88' lang='lat' dir='ltr'><strong>bujus</strong></span> <span class='ocrx_word' id='word_1_313' title='bbox 2505 2773 2750 2829; x_wconf 87' lang='lat' dir='ltr'><strong>nominis</strong></span> <span class='ocrx_word' id='word_1_314' title='bbox 2794 2770 3145 2843; x_wconf 85' lang='lat' dir='ltr'><strong>disperserat</strong></span> <span class='ocrx_word' id='word_1_315' title='bbox 3189 2772 3539 2846; x_wconf 75' lang='lat' dir='ltr'><strong>dignitatem.</strong></span> 
     </span>
    </p>
   </div>
   <div class='ocr_carea' id='block_1_53' title="bbox 1703 2886 2026 2946">
    <p class='ocr_par' dir='ltr' id='par_1_53' title="bbox 1703 2886 2026 2946">
     <span class='ocr_line' id='line_1_53' title="bbox 1703 2886 2026 2946; baseline 0.003 -1"><span class='ocrx_word' id='word_1_316' title='bbox 1703 2886 2026 2946; x_wconf 81' lang='lat' dir='ltr'><strong>SCHOLIA.</strong></span> 
     </span>
    </p>
   </div>
   <div class='ocr_carea' id='block_1_54' title="bbox 262 2967 3541 3055">
    <p class='ocr_par' dir='ltr' id='par_1_54' title="bbox 262 2967 3541 3055">
     <span class='ocr_line' id='line_1_54' title="bbox 262 2967 3541 3055; baseline -0.001 -14"><span class='ocrx_word' id='word_1_317' title='bbox 262 2985 390 3042; x_wconf 65' lang='grc'><strong>142.</strong></span> <span class='ocrx_word' id='word_1_318' title='bbox 416 2983 650 3042; x_wconf 86' lang='lat' dir='ltr'><strong>Codices</strong></span> <span class='ocrx_word' id='word_1_319' title='bbox 671 2981 1121 3055; x_wconf 13' lang='lat' dir='ltr'><strong>nostriruuanimi</strong></span> <span class='ocrx_word' id='word_1_320' title='bbox 1141 2996 1443 3055; x_wconf 75' lang='lat' dir='ltr'><strong>consensu,</strong></span> <span class='ocrx_word' id='word_1_321' title='bbox 1466 2981 1597 3037; x_wconf 89' lang='lat' dir='ltr'><strong>Mss.</strong></span> <span class='ocrx_word' id='word_1_322' title='bbox 1626 2980 1804 3055; x_wconf 66' lang='lat' dir='ltr'><strong>Lips.,</strong></span> <span class='ocrx_word' id='word_1_323' title='bbox 1837 2977 1885 3043; x_wconf 85' lang='lat' dir='ltr'><strong>C</strong></span> <span class='ocrx_word' id='word_1_324' title='bbox 1913 2989 1991 3055; x_wconf 71' lang='lat' dir='ltr'><strong>et,</strong></span> <span class='ocrx_word' id='word_1_325' title='bbox 2020 2977 2520 3055; x_wconf 76' lang='lat' dir='ltr'><strong>utvidetur,_Alb.,</strong></span> <span class='ocrx_word' id='word_1_326' title='bbox 2549 2967 2723 3055; x_wconf 44' lang='lat' dir='ltr'><strong>Q&#39;u_am</strong></span> <span class='ocrx_word' id='word_1_327' title='bbox 2750 2994 2936 3032; x_wconf 84' lang='lat' dir='ltr'><strong>sanum</strong></span> <span class='ocrx_word' id='word_1_328' title='bbox 2962 2975 3335 3055; x_wconf 84' lang='lat' dir='ltr'><strong>est,cognosce</strong></span> <span class='ocrx_word' id='word_1_329' title='bbox 3349 2979 3541 3055; x_wconf 73' lang='lat' dir='ltr'><strong>Deum.</strong></span> 
     </span>
    </p>
   </div>
   <div class='ocr_carea' id='block_1_55' title="bbox 190 3051 1808 3127">
    <p class='ocr_par' dir='ltr' id='par_1_55' title="bbox 190 3051 1808 3127">
     <span class='ocr_line' id='line_1_55' title="bbox 190 3051 1808 3127; baseline -0.005 -13"><span class='ocrx_word' id='word_1_330' title='bbox 190 3058 413 3127; x_wconf 81' lang='lat' dir='ltr'><strong>Heitts.,</strong></span> <span class='ocrx_word' id='word_1_331' title='bbox 441 3055 649 3113; x_wconf 87' lang='lat' dir='ltr'><strong>Bartltii</strong></span> <span class='ocrx_word' id='word_1_332' title='bbox 671 3097 685 3121; x_wconf 97' lang='lat'><strong>,</strong></span> <span class='ocrx_word' id='word_1_333' title='bbox 714 3054 953 3127; x_wconf 82' lang='lat' dir='ltr'><strong>Parrh.,</strong></span> <span class='ocrx_word' id='word_1_334' title='bbox 986 3053 1206 3109; x_wconf 70' lang='lat' dir='ltr'><strong>scheda:</strong></span> <span class='ocrx_word' id='word_1_335' title='bbox 1238 3053 1470 3121; x_wconf 88' lang='lat' dir='ltr'><strong>Poelrn.,</strong></span> <span class='ocrx_word' id='word_1_336' title='bbox 1528 3067 1593 3127; x_wconf 75' lang='lat' dir='ltr'><strong>ac</strong></span> <span class='ocrx_word' id='word_1_337' title='bbox 1652 3051 1808 3127; x_wconf 81' lang='lat' dir='ltr'><strong>multi</strong></span> 
     </span>
    </p>
   </div>
   <div class='ocr_carea' id='block_1_56' title="bbox 188 3123 1809 3202">
    <p class='ocr_par' dir='ltr' id='par_1_56' title="bbox 188 3123 1809 3202">
     <span class='ocr_line' id='line_1_56' title="bbox 188 3123 1809 3202; baseline -0.006 -16"><span class='ocrx_word' id='word_1_338' title='bbox 188 3131 343 3196; x_wconf 86' lang='lat' dir='ltr'><strong>editi,</strong></span> <span class='ocrx_word' id='word_1_339' title='bbox 380 3123 911 3202; x_wconf 66' lang='lat' dir='ltr'><strong>plangunt.fl_’oelm.</strong></span> <span class='ocrx_word' id='word_1_340' title='bbox 939 3126 1449 3202; x_wconf 50' lang='lat' dir='ltr'><strong>IDEDDIpthbCUHI</strong></span> <span class='ocrx_word' id='word_1_341' title='bbox 1495 3124 1617 3180; x_wconf 90' lang='lat' dir='ltr'><strong>aliis</strong></span> <span class='ocrx_word' id='word_1_342' title='bbox 1646 3123 1809 3202; x_wconf 79' lang='lat' dir='ltr'><strong>editis</strong></span> 
     </span>
    </p>
   </div>
   <div class='ocr_carea' id='block_1_57' title="bbox 189 3195 1809 3272">
    <p class='ocr_par' dir='ltr' id='par_1_57' title="bbox 189 3195 1809 3272">
     <span class='ocr_line' id='line_1_57' title="bbox 189 3195 1809 3272; baseline -0.007 -14"><span class='ocrx_word' id='word_1_343' title='bbox 189 3195 482 3272; x_wconf 71' lang='lat' dir='ltr'><strong>plaudunt.</strong></span> <span class='ocrx_word' id='word_1_344' title='bbox 511 3195 727 3272; x_wconf 79' lang='lat' dir='ltr'><strong>Beneid</strong></span> <span class='ocrx_word' id='word_1_345' title='bbox 757 3199 979 3272; x_wconf 81' lang='lat' dir='ltr'><strong>esseait</strong></span> <span class='ocrx_word' id='word_1_346' title='bbox 1008 3196 1403 3272; x_wconf 77' lang='lat' dir='ltr'><strong>Wopkensius,</strong></span> <span class='ocrx_word' id='word_1_347' title='bbox 1436 3196 1491 3250; x_wconf 89' lang='lat' dir='ltr'><strong>h.</strong></span> <span class='ocrx_word' id='word_1_348' title='bbox 1524 3212 1604 3272; x_wconf 73' lang='lat' dir='ltr'><strong>e._,</strong></span> <span class='ocrx_word' id='word_1_349' title='bbox 1626 3195 1809 3250; x_wconf 83' lang='lat' dir='ltr'><strong>exsul-</strong></span> 
     </span>
    </p>
   </div>
   <div class='ocr_carea' id='block_1_58' title="bbox 187 3269 1810 3344">
    <p class='ocr_par' dir='ltr' id='par_1_58' title="bbox 187 3269 1810 3344">
     <span class='ocr_line' id='line_1_58' title="bbox 187 3269 1810 3344; baseline -0.006 -14"><span class='ocrx_word' id='word_1_350' title='bbox 187 3269 308 3330; x_wconf 83' lang='lat' dir='ltr'><strong>tant</strong></span> <span class='ocrx_word' id='word_1_351' title='bbox 342 3292 355 3329; x_wconf 87' lang='lat'><strong>:</strong></span> <span class='ocrx_word' id='word_1_352' title='bbox 391 3290 573 3344; x_wconf 88' lang='lat' dir='ltr'><strong>neque</strong></span> <span class='ocrx_word' id='word_1_353' title='bbox 609 3270 695 3344; x_wconf 84' lang='lat' dir='ltr'><strong>illi</strong></span> <span class='ocrx_word' id='word_1_354' title='bbox 745 3270 1063 3337; x_wconf 83' lang='lat' dir='ltr'><strong>displiceret</strong></span> <span class='ocrx_word' id='word_1_355' title='bbox 1105 3269 1554 3344; x_wconf 72' lang='lat' dir='ltr'><strong>pangunt,__i._e.,_</strong></span> <span class='ocrx_word' id='word_1_356' title='bbox 1575 3269 1810 3344; x_wconf 76' lang='lat' dir='ltr'><strong>hymnos</strong></span> 
     </span>
    </p>
   </div>
   <div class='ocr_carea' id='block_1_59' title="bbox 186 3337 1808 3416">
    <p class='ocr_par' dir='ltr' id='par_1_59' title="bbox 186 3337 1808 3416">
     <span class='ocr_line' id='line_1_59' title="bbox 186 3337 1808 3416; baseline -0.007 -13"><span class='ocrx_word' id='word_1_357' title='bbox 186 3357 391 3403; x_wconf 88' lang='lat' dir='ltr'><strong>canunt</strong></span> <span class='ocrx_word' id='word_1_358' title='bbox 429 3366 441 3401; x_wconf 92' lang='lat'>:</span> <span class='ocrx_word' id='word_1_359' title='bbox 476 3337 704 3416; x_wconf 72' lang='lat' dir='ltr'><strong>praefert</strong></span> <span class='ocrx_word' id='word_1_360' title='bbox 732 3351 911 3416; x_wconf 79' lang='lat' dir='ltr'><strong>tamen</strong></span> <span class='ocrx_word' id='word_1_361' title='bbox 941 3337 1228 3416; x_wconf 56' lang='lat' dir='ltr'><strong>plangunt;</strong></span> <span class='ocrx_word' id='word_1_362' title='bbox 1252 3352 1309 3416; x_wconf 77' lang='lat' dir='ltr'><strong>ut</strong></span> <span class='ocrx_word' id='word_1_363' title='bbox 1341 3338 1450 3416; x_wconf 82' lang='lat' dir='ltr'><strong>diei</strong></span> <span class='ocrx_word' id='word_1_364' title='bbox 1477 3337 1623 3394; x_wconf 87' lang='lat' dir='ltr'><strong>solet</strong></span> <span class='ocrx_word' id='word_1_365' title='bbox 1652 3337 1808 3416; x_wconf 77' lang='lat' dir='ltr'><strong>ﬂere,</strong></span> 
     </span>
    </p>
   </div>
   <div class='ocr_carea' id='block_1_60' title="bbox 186 3408 1810 3490">
    <p class='ocr_par' dir='ltr' id='par_1_60' title="bbox 186 3408 1810 3490">
     <span class='ocr_line' id='line_1_60' title="bbox 186 3408 1810 3490; baseline -0.006 -17"><span class='ocrx_word' id='word_1_366' title='bbox 186 3431 278 3473; x_wconf 88' lang='lat' dir='ltr'><strong>aut</strong></span> <span class='ocrx_word' id='word_1_367' title='bbox 303 3408 603 3490; x_wconf 72' lang='lat' dir='ltr'><strong>lacryinari</strong></span> <span class='ocrx_word' id='word_1_368' title='bbox 634 3414 833 3490; x_wconf 78' lang='lat' dir='ltr'><strong>gaudio</strong></span> <span class='ocrx_word' id='word_1_369' title='bbox 867 3432 880 3468; x_wconf 91' lang='lat'><strong>:</strong></span> <span class='ocrx_word' id='word_1_370' title='bbox 922 3408 1259 3490; x_wconf 56' lang='lat' dir='ltr'><strong>quze&#39;etianl</strong></span> <span class='ocrx_word' id='word_1_371' title='bbox 1286 3408 1810 3490; x_wconf 75' lang='lat' dir='ltr'><strong>luitinterpretatio</strong></span> 
     </span>
    </p>
   </div>
   <div class='ocr_carea' id='block_1_61' title="bbox 184 3482 1811 3555">
    <p class='ocr_par' dir='ltr' id='par_1_61' title="bbox 184 3482 1811 3555">
     <span class='ocr_line' id='line_1_61' title="bbox 184 3482 1811 3555; baseline -0.006 -10"><span class='ocrx_word' id='word_1_372' title='bbox 184 3482 577 3545; x_wconf 73' lang='lat' dir='ltr'><strong>Nebrissensis</strong></span> <span class='ocrx_word' id='word_1_373' title='bbox 606 3482 728 3553; x_wconf 37' lang='lat' dir='ltr'><strong>,vet</strong></span> <span class='ocrx_word' id='word_1_374' title='bbox 762 3482 1093 3555; x_wconf 90' lang='lat' dir='ltr'><strong>glossatoris</strong></span> <span class='ocrx_word' id='word_1_375' title='bbox 1126 3486 1176 3539; x_wconf 93' lang='lat' dir='ltr'><strong>in</strong></span> <span class='ocrx_word' id='word_1_376' title='bbox 1223 3484 1360 3554; x_wconf 87' lang='lat' dir='ltr'><strong>Reg.</strong></span> <span class='ocrx_word' id='word_1_377' title='bbox 1397 3485 1419 3537; x_wconf 88' lang='lat'><strong>1</strong></span> <span class='ocrx_word' id='word_1_378' title='bbox 1462 3500 1475 3536; x_wconf 90' lang='lat'><strong>:</strong></span> <span class='ocrx_word' id='word_1_379' title='bbox 1513 3482 1595 3537; x_wconf 70' lang='lat' dir='ltr'><strong>Ex</strong></span> <span class='ocrx_word' id='word_1_380' title='bbox 1647 3483 1811 3555; x_wconf 79' lang='lat' dir='ltr'><strong>nimio</strong></span> 
     </span>
    </p>
   </div>
   <div class='ocr_carea' id='block_1_62' title="bbox 183 3554 1810 3632">
    <p class='ocr_par' dir='ltr' id='par_1_62' title="bbox 183 3554 1810 3632">
     <span class='ocr_line' id='line_1_62' title="bbox 183 3554 1810 3632; baseline -0.006 -16"><span class='ocrx_word' id='word_1_381' title='bbox 183 3561 382 3632; x_wconf 81' lang='lat' dir='ltr'><strong>gaudio</strong></span> <span class='ocrx_word' id='word_1_382' title='bbox 426 3571 472 3615; x_wconf 88' lang='lat' dir='ltr'><strong>et</strong></span> <span class='ocrx_word' id='word_1_383' title='bbox 503 3554 853 3632; x_wconf 69' lang='lat' dir='ltr'><strong>admiratione</strong></span> <span class='ocrx_word' id='word_1_384' title='bbox 882 3559 1031 3629; x_wconf 83' lang='lat' dir='ltr'><strong>ﬂent.</strong></span> <span class='ocrx_word' id='word_1_385' title='bbox 1066 3556 1183 3632; x_wconf 74' lang='lat' dir='ltr'><strong>Huc</strong></span> <span class='ocrx_word' id='word_1_386' title='bbox 1198 3558 1446 3632; x_wconf 71' lang='lat' dir='ltr'><strong>pertinet</strong></span> <span class='ocrx_word' id='word_1_387' title='bbox 1474 3601 1487 3623; x_wconf 85' lang='lat'><strong>,</strong></span> <span class='ocrx_word' id='word_1_388' title='bbox 1526 3554 1672 3632; x_wconf 77' lang='lat' dir='ltr'><strong>quod</strong></span> <span class='ocrx_word' id='word_1_389' title='bbox 1719 3571 1810 3608; x_wconf 85' lang='lat' dir='ltr'><strong>su-</strong></span> 
     </span>
    </p>
   </div>
   <div class='ocr_carea' id='block_1_63' title="bbox 187 3625 1811 3705">
    <p class='ocr_par' dir='ltr' id='par_1_63' title="bbox 187 3625 1811 3705">
     <span class='ocr_line' id='line_1_63' title="bbox 187 3625 1811 3705; baseline -0.006 -18"><span class='ocrx_word' id='word_1_390' title='bbox 187 3625 284 3705; x_wconf 76' lang='lat' dir='ltr'><strong>pra</strong></span> <span class='ocrx_word' id='word_1_391' title='bbox 319 3633 391 3705; x_wconf 80' lang='lat' dir='ltr'><strong>de</strong></span> <span class='ocrx_word' id='word_1_392' title='bbox 428 3631 711 3705; x_wconf 84' lang='lat' dir='ltr'><strong>contrario</strong></span> <span class='ocrx_word' id='word_1_393' title='bbox 720 3625 1001 3705; x_wconf 68' lang='lat' dir='ltr'><strong>plangore</strong></span> <span class='ocrx_word' id='word_1_394' title='bbox 1026 3630 1105 3683; x_wconf 89' lang='lat' dir='ltr'><strong>ait</strong></span> <span class='ocrx_word' id='word_1_395' title='bbox 1137 3647 1149 3680; x_wconf 94' lang='lat'>:</span> <span class='ocrx_word' id='word_1_396' title='bbox 1188 3625 1527 3705; x_wconf 36' lang='lat' dir='ltr'><strong>Plang‘orque</strong></span> <span class='ocrx_word' id='word_1_397' title='bbox 1565 3627 1811 3705; x_wconf 68' lang='lat' dir='ltr'><strong>frequens</strong></span> 
     </span>
    </p>
   </div>
   <div class='ocr_carea' id='block_1_64' title="bbox 188 3697 1805 3777">
    <p class='ocr_par' dir='ltr' id='par_1_64' title="bbox 188 3697 1805 3777">
     <span class='ocr_line' id='line_1_64' title="bbox 188 3697 1805 3777; baseline -0.006 -19"><span class='ocrx_word' id='word_1_398' title='bbox 188 3697 511 3777; x_wconf 72' lang='lat' dir='ltr'><strong>confuderat</strong></span> <span class='ocrx_word' id='word_1_399' title='bbox 532 3703 691 3777; x_wconf 69' lang='lat' dir='ltr'><strong>mdes.</strong></span> <span class='ocrx_word' id='word_1_400' title='bbox 718 3697 889 3777; x_wconf 73' lang='lat' dir='ltr'><strong>Favet</strong></span> <span class='ocrx_word' id='word_1_401' title='bbox 909 3716 1094 3777; x_wconf 64' lang='lat' dir='ltr'><strong>prosa,</strong></span> <span class='ocrx_word' id='word_1_402' title='bbox 1123 3707 1180 3754; x_wconf 90' lang='lat' dir='ltr'><strong>et</strong></span> <span class='ocrx_word' id='word_1_403' title='bbox 1207 3697 1404 3777; x_wconf 80' lang='lat' dir='ltr'><strong>similis</strong></span> <span class='ocrx_word' id='word_1_404' title='bbox 1438 3699 1590 3752; x_wconf 88' lang='lat' dir='ltr'><strong>locus</strong></span> <span class='ocrx_word' id='word_1_405' title='bbox 1616 3697 1805 3777; x_wconf 51' lang='lat' dir='ltr'><strong>Victri-</strong></span> 
     </span>
    </p>
   </div>
   <div class='ocr_carea' id='block_1_65' title="bbox 187 3768 1803 3843">
    <p class='ocr_par' dir='ltr' id='par_1_65' title="bbox 187 3768 1803 3843">
     <span class='ocr_line' id='line_1_65' title="bbox 187 3768 1803 3843; baseline -0.007 -10"><span class='ocrx_word' id='word_1_406' title='bbox 187 3768 299 3833; x_wconf 81' lang='lat' dir='ltr'><strong>rini</strong></span> <span class='ocrx_word' id='word_1_407' title='bbox 352 3773 716 3832; x_wconf 83' lang='lat' dir='ltr'><strong>Pictaviensis</strong></span> <span class='ocrx_word' id='word_1_408' title='bbox 738 3773 809 3828; x_wconf 90' lang='lat' dir='ltr'><strong>de</strong></span> <span class='ocrx_word' id='word_1_409' title='bbox 838 3772 888 3827; x_wconf 86' lang='lat' dir='ltr'><strong>.l.</strong></span> <span class='ocrx_word' id='word_1_410' title='bbox 909 3768 989 3827; x_wconf 77' lang='grc' dir='ltr'><strong>Ὀ.</strong></span> <span class='ocrx_word' id='word_1_411' title='bbox 1029 3774 1137 3843; x_wconf 83' lang='lat' dir='ltr'><strong>Deo</strong></span> <span class='ocrx_word' id='word_1_412' title='bbox 1162 3778 1217 3843; x_wconf 83' lang='lat' dir='ltr'><strong>et</strong></span> <span class='ocrx_word' id='word_1_413' title='bbox 1245 3769 1487 3843; x_wconf 79' lang='lat' dir='ltr'><strong>homine,</strong></span> <span class='ocrx_word' id='word_1_414' title='bbox 1518 3784 1661 3843; x_wconf 84' lang='lat' dir='ltr'><strong>vers.</strong></span> <span class='ocrx_word' id='word_1_415' title='bbox 1697 3768 1803 3843; x_wconf 82' lang='lat'><strong>59_:</strong></span> 
     </span>
    </p>
   </div>
   <div class='ocr_carea' id='block_1_66' title="bbox 185 3838 1809 3918">
    <p class='ocr_par' dir='ltr' id='par_1_66' title="bbox 185 3838 1809 3918">
     <span class='ocr_line' id='line_1_66' title="bbox 185 3838 1809 3918; baseline -0.006 -15"><span class='ocrx_word' id='word_1_416' title='bbox 185 3848 513 3918; x_wconf 75' lang='lat' dir='ltr'><strong>lassumque</strong></span> <span class='ocrx_word' id='word_1_417' title='bbox 552 3845 866 3900; x_wconf 84' lang='lat' dir='ltr'><strong>cadaver—</strong></span> <span class='ocrx_word' id='word_1_418' title='bbox 887 3842 1109 3899; x_wconf 81' lang='lat' dir='ltr'><strong>Prosilit</strong></span> <span class='ocrx_word' id='word_1_419' title='bbox 1153 3840 1274 3896; x_wconf 85' lang='lat' dir='ltr'><strong>ante</strong></span> <span class='ocrx_word' id='word_1_420' title='bbox 1315 3838 1494 3895; x_wconf 88' lang='lat' dir='ltr'><strong>oculos</strong></span> <span class='ocrx_word' id='word_1_421' title='bbox 1521 3857 1539 3895; x_wconf 88' lang='lat'><strong><em>:</em></strong></span> <span class='ocrx_word' id='word_1_422' title='bbox 1570 3841 1718 3894; x_wconf 69' lang='lat' dir='ltr'><strong>laetus</strong></span> <span class='ocrx_word' id='word_1_423' title='bbox 1748 3840 1809 3909; x_wconf 82' lang='lat' dir='ltr'><strong>ﬁt</strong></span> 
     </span>
    </p>
   </div>
   <div class='ocr_carea' id='block_1_67' title="bbox 187 3921 722 3992">
    <p class='ocr_par' dir='ltr' id='par_1_67' title="bbox 187 3921 722 3992">
     <span class='ocr_line' id='line_1_67' title="bbox 187 3921 722 3992; baseline -0.009 -16"><span class='ocrx_word' id='word_1_424' title='bbox 187 3923 418 3992; x_wconf 81' lang='lat' dir='ltr'><strong>plangor</strong></span> <span class='ocrx_word' id='word_1_425' title='bbox 438 3921 495 3992; x_wconf 80' lang='lat' dir='ltr'><strong>in</strong></span> <span class='ocrx_word' id='word_1_426' title='bbox 524 3933 722 3992; x_wconf 64' lang='lat' dir='ltr'><strong>omnes.</strong></span> 
     </span>
    </p>
   </div>
   <div class='ocr_carea' id='block_1_68' title="bbox 261 3982 1805 4052">
    <p class='ocr_par' dir='ltr' id='par_1_68' title="bbox 261 3982 1805 4052">
     <span class='ocr_line' id='line_1_68' title="bbox 261 3982 1805 4052; baseline -0.006 -5"><span class='ocrx_word' id='word_1_427' title='bbox 261 3982 394 4047; x_wconf 50' lang='lat'><strong>155.</strong></span> <span class='ocrx_word' id='word_1_428' title='bbox 433 3991 593 4045; x_wconf 89' lang='lat' dir='ltr'><strong>Rom.</strong></span> <span class='ocrx_word' id='word_1_429' title='bbox 625 3987 703 4052; x_wconf 79' lang='lat' dir='ltr'><strong>De</strong></span> <span class='ocrx_word' id='word_1_430' title='bbox 730 3986 930 4041; x_wconf 84' lang='lat' dir='ltr'><strong>duobus</strong></span> <span class='ocrx_word' id='word_1_431' title='bbox 951 3986 1101 4041; x_wconf 76' lang='lat' dir='ltr'><strong>crecis</strong></span> <span class='ocrx_word' id='word_1_432' title='bbox 1145 3983 1455 4052; x_wconf 77' lang='lat' dir='ltr'><strong>illuminatis</strong></span> <span class='ocrx_word' id='word_1_433' title='bbox 1492 4002 1522 4039; x_wconf 90' lang='lat' dir='ltr'><strong>a</strong></span> <span class='ocrx_word' id='word_1_434' title='bbox 1555 3982 1805 4038; x_wconf 88' lang='lat' dir='ltr'><strong>Domino.</strong></span> 
     </span>
    </p>
   </div>
   <div class='ocr_carea' id='block_1_69' title="bbox 185 4048 1805 4128">
    <p class='ocr_par' dir='ltr' id='par_1_69' title="bbox 185 4048 1805 4128">
     <span class='ocr_line' id='line_1_69' title="bbox 185 4048 1805 4128; baseline -0.004 -11"><span class='ocrx_word' id='word_1_435' title='bbox 185 4061 365 4126; x_wconf 74' lang='lat' dir='ltr'><strong>Meus,</strong></span> <span class='ocrx_word' id='word_1_436' title='bbox 412 4060 549 4116; x_wconf 61' lang='lat' dir='ltr'><strong>Caeci</strong></span> <span class='ocrx_word' id='word_1_437' title='bbox 578 4048 682 4114; x_wconf 82' lang='lat' dir='ltr'><strong>duo</strong></span> <span class='ocrx_word' id='word_1_438' title='bbox 715 4059 907 4113; x_wconf 84' lang='lat' dir='ltr'><strong>vident.</strong></span> <span class='ocrx_word' id='word_1_439' title='bbox 942 4057 1079 4113; x_wconf 87' lang='lat' dir='ltr'><strong>Urb.</strong></span> <span class='ocrx_word' id='word_1_440' title='bbox 1112 4048 1261 4123; x_wconf 66' lang='lat' dir='ltr'><strong>Unde</strong></span> <span class='ocrx_word' id='word_1_441' title='bbox 1312 4058 1515 4128; x_wconf 85' lang='lat' dir='ltr'><strong>pedem.</strong></span> <span class='ocrx_word' id='word_1_442' title='bbox 1575 4056 1695 4111; x_wconf 81' lang='lat' dir='ltr'><strong>Vat.</strong></span> <span class='ocrx_word' id='word_1_443' title='bbox 1752 4055 1805 4123; x_wconf 84' lang='lat'><strong>1,</strong></span> 
     </span>
    </p>
   </div>
   <div class='ocr_carea' id='block_1_70' title="bbox 186 4130 1191 4199">
    <p class='ocr_par' dir='ltr' id='par_1_70' title="bbox 186 4130 1191 4199">
     <span class='ocr_line' id='line_1_70' title="bbox 186 4130 1191 4199; baseline -0.003 -12"><span class='ocrx_word' id='word_1_444' title='bbox 186 4131 325 4188; x_wconf 82' lang='lat' dir='ltr'><strong>Inde</strong></span> <span class='ocrx_word' id='word_1_445' title='bbox 356 4133 540 4199; x_wconf 84' lang='lat' dir='ltr'><strong>pedes,</strong></span> <span class='ocrx_word' id='word_1_446' title='bbox 566 4130 687 4187; x_wconf 88' lang='lat' dir='ltr'><strong>ead.</strong></span> <span class='ocrx_word' id='word_1_447' title='bbox 716 4138 823 4185; x_wconf 89' lang='lat' dir='ltr'><strong>vet.</strong></span> <span class='ocrx_word' id='word_1_448' title='bbox 855 4147 955 4193; x_wconf 92' lang='lat' dir='ltr'><strong>tn.,</strong></span> <span class='ocrx_word' id='word_1_449' title='bbox 987 4131 1191 4199; x_wconf 84' lang='lat' dir='ltr'><strong>pedem.</strong></span> 
     </span>
    </p>
   </div>
   <div class='ocr_carea' id='block_1_71' title="bbox 262 4198 1809 4271">
    <p class='ocr_par' dir='ltr' id='par_1_71' title="bbox 262 4198 1809 4271">
     <span class='ocr_line' id='line_1_71' title="bbox 262 4198 1809 4271; baseline -0.004 -11"><span class='ocrx_word' id='word_1_450' title='bbox 262 4198 391 4260; x_wconf 68' lang='grc'><strong>144.</strong></span> <span class='ocrx_word' id='word_1_451' title='bbox 446 4198 618 4266; x_wconf 81' lang='lat' dir='ltr'><strong>Meus,</strong></span> <span class='ocrx_word' id='word_1_452' title='bbox 651 4199 898 4269; x_wconf 83' lang='lat' dir='ltr'><strong>clamore,</strong></span> <span class='ocrx_word' id='word_1_453' title='bbox 946 4198 1095 4271; x_wconf 83' lang='lat' dir='ltr'><strong>quod</strong></span> <span class='ocrx_word' id='word_1_454' title='bbox 1123 4200 1294 4255; x_wconf 85' lang='lat' dir='ltr'><strong>edidit</strong></span> <span class='ocrx_word' id='word_1_455' title='bbox 1343 4198 1667 4255; x_wconf 88' lang='lat' dir='ltr'><strong>Fabricius:</strong></span> <span class='ocrx_word' id='word_1_456' title='bbox 1709 4199 1809 4255; x_wconf 86' lang='lat' dir='ltr'><strong>sed</strong></span> 
     </span>
    </p>
   </div>
   <div class='ocr_carea' id='block_1_72' title="bbox 184 4273 826 4333">
    <p class='ocr_par' dir='ltr' id='par_1_72' title="bbox 184 4273 826 4333">
     <span class='ocr_line' id='line_1_72' title="bbox 184 4273 826 4333; baseline -0.012 0"><span class='ocrx_word' id='word_1_457' title='bbox 184 4276 547 4333; x_wconf 90' lang='lat' dir='ltr'><strong>retinendum</strong></span> <span class='ocrx_word' id='word_1_458' title='bbox 579 4273 826 4327; x_wconf 85' lang='lat' dir='ltr'><strong>clamare.</strong></span> 
     </span>
    </p>
   </div>
   <div class='ocr_carea' id='block_1_73' title="bbox 260 4341 1810 4404">
    <p class='ocr_par' dir='ltr' id='par_1_73' title="bbox 260 4341 1810 4404">
     <span class='ocr_line' id='line_1_73' title="bbox 260 4341 1810 4404; baseline -0.004 0"><span class='ocrx_word' id='word_1_459' title='bbox 260 4349 392 4404; x_wconf 72' lang='lat' dir='ltr'><strong>MS.</strong></span> <span class='ocrx_word' id='word_1_460' title='bbox 441 4351 645 4401; x_wconf 81' lang='lat' dir='ltr'><strong>Omnes</strong></span> <span class='ocrx_word' id='word_1_461' title='bbox 688 4358 818 4398; x_wconf 89' lang='lat' dir='ltr'><strong>mss.</strong></span> <span class='ocrx_word' id='word_1_462' title='bbox 880 4343 1053 4398; x_wconf 88' lang='lat' dir='ltr'><strong>nostri</strong></span> <span class='ocrx_word' id='word_1_463' title='bbox 1110 4341 1320 4398; x_wconf 86' lang='lat' dir='ltr'><strong>Decute.</strong></span> <span class='ocrx_word' id='word_1_464' title='bbox 1374 4343 1704 4398; x_wconf 85' lang='lat' dir='ltr'><strong>Parrhasius</strong></span> <span class='ocrx_word' id='word_1_465' title='bbox 1754 4352 1810 4398; x_wconf 89' lang='lat' dir='ltr'><strong>et</strong></span> 
     </span>
    </p>
   </div>
   <div class='ocr_carea' id='block_1_74' title="bbox 186 4414 1805 4489">
    <p class='ocr_par' dir='ltr' id='par_1_74' title="bbox 186 4414 1805 4489">
     <span class='ocr_line' id='line_1_74' title="bbox 186 4414 1805 4489; baseline -0.002 -15"><span class='ocrx_word' id='word_1_466' title='bbox 186 4423 446 4489; x_wconf 78' lang='lat' dir='ltr'><strong>plerique</strong></span> <span class='ocrx_word' id='word_1_467' title='bbox 484 4416 616 4470; x_wconf 86' lang='lat' dir='ltr'><strong>editi</strong></span> <span class='ocrx_word' id='word_1_468' title='bbox 648 4414 881 4489; x_wconf 64' lang='lat' dir='ltr'><strong>Discute.</strong></span> <span class='ocrx_word' id='word_1_469' title='bbox 909 4415 1175 4489; x_wconf 73' lang='lat' dir='ltr'><strong>Cellarius</strong></span> <span class='ocrx_word' id='word_1_470' title='bbox 1199 4430 1321 4471; x_wconf 90' lang='lat' dir='ltr'><strong>cum</strong></span> <span class='ocrx_word' id='word_1_471' title='bbox 1353 4416 1805 4489; x_wconf 30' lang='lat' dir='ltr'><strong>pluribus‘mem-</strong></span> 
     </span>
    </p>
   </div>
   <div class='ocr_carea' id='block_1_75' title="bbox 184 4484 1805 4556">
    <p class='ocr_par' dir='ltr' id='par_1_75' title="bbox 184 4484 1805 4556">
     <span class='ocr_line' id='line_1_75' title="bbox 184 4484 1805 4556; baseline -0.004 -9"><span class='ocrx_word' id='word_1_472' title='bbox 184 4484 377 4547; x_wconf 77' lang='lat' dir='ltr'><strong>brutiis</strong></span> <span class='ocrx_word' id='word_1_473' title='bbox 408 4488 652 4544; x_wconf 87' lang='lat' dir='ltr'><strong>restituit</strong></span> <span class='ocrx_word' id='word_1_474' title='bbox 688 4484 905 4542; x_wconf 82' lang='lat' dir='ltr'><strong>Decute.</strong></span> <span class='ocrx_word' id='word_1_475' title='bbox 940 4486 1075 4543; x_wconf 81' lang='lat' dir='ltr'><strong>Vide</strong></span> <span class='ocrx_word' id='word_1_476' title='bbox 1106 4488 1142 4541; x_wconf 88' lang='grc' dir='ltr'><strong>Ι.</strong></span> <span class='ocrx_word' id='word_1_477' title='bbox 1171 4504 1232 4555; x_wconf 86' lang='grc' dir='ltr'><strong>ιι,</strong></span> <span class='ocrx_word' id='word_1_478' title='bbox 1259 4502 1407 4543; x_wconf 89' lang='lat' dir='ltr'><strong>vers.</strong></span> <span class='ocrx_word' id='word_1_479' title='bbox 1438 4487 1563 4556; x_wconf 72' lang='grc'><strong>154,</strong></span> <span class='ocrx_word' id='word_1_480' title='bbox 1595 4486 1805 4542; x_wconf 84' lang='lat' dir='ltr'><strong>Decutit</strong></span> 
     </span>
    </p>
   </div>
   <div class='ocr_carea' id='block_1_76' title="bbox 182 4559 1144 4636">
    <p class='ocr_par' dir='ltr' id='par_1_76' title="bbox 182 4559 1144 4636">
     <span class='ocr_line' id='line_1_76' title="bbox 182 4559 1144 4636; baseline -0.005 -17"><span class='ocrx_word' id='word_1_481' title='bbox 182 4560 645 4636; x_wconf 23' lang='lat' dir='ltr'><strong>expulsas‘illtrsis</strong></span> <span class='ocrx_word' id='word_1_482' title='bbox 668 4560 893 4636; x_wconf 57' lang='lat' dir='ltr'><strong>uultibus</strong></span> <span class='ocrx_word' id='word_1_483' title='bbox 916 4559 1144 4636; x_wconf 65' lang='lat' dir='ltr'><strong>umbras.</strong></span> 
     </span>
    </p>
   </div>
   <div class='ocr_carea' id='block_1_77' title="bbox 200 4629 1802 4696">
    <p class='ocr_par' dir='ltr' id='par_1_77' title="bbox 200 4629 1802 4696">
     <span class='ocr_line' id='line_1_77' title="bbox 200 4629 1802 4696; baseline -0.001 -7"><span class='ocrx_word' id='word_1_484' title='bbox 200 4634 214 4647; x_wconf 84' lang='lat'><strong>&#39;</strong></span> <span class='ocrx_word' id='word_1_485' title='bbox 249 4629 389 4691; x_wconf 65' lang='grc'><strong>146.</strong></span> <span class='ocrx_word' id='word_1_486' title='bbox 446 4633 564 4685; x_wconf 80' lang='lat' dir='ltr'><strong>Vat.</strong></span> <span class='ocrx_word' id='word_1_487' title='bbox 592 4633 642 4686; x_wconf 92' lang='lat'><strong>1.</strong></span> <span class='ocrx_word' id='word_1_488' title='bbox 677 4629 745 4684; x_wconf 86' lang='lat' dir='ltr'><strong>Et</strong></span> <span class='ocrx_word' id='word_1_489' title='bbox 775 4633 916 4685; x_wconf 89' lang='lat' dir='ltr'><strong>clare</strong></span> <span class='ocrx_word' id='word_1_490' title='bbox 941 4648 959 4685; x_wconf 89' lang='lat'><strong><em>:</em></strong></span> <span class='ocrx_word' id='word_1_491' title='bbox 990 4631 1105 4696; x_wconf 87' lang='lat' dir='ltr'><strong>alii,</strong></span> <span class='ocrx_word' id='word_1_492' title='bbox 1137 4630 1205 4684; x_wconf 82' lang='lat' dir='ltr'><strong>Et</strong></span> <span class='ocrx_word' id='word_1_493' title='bbox 1236 4632 1455 4686; x_wconf 86' lang='lat' dir='ltr'><strong>clarum.</strong></span> <span class='ocrx_word' id='word_1_494' title='bbox 1486 4630 1598 4687; x_wconf 86' lang='lat' dir='ltr'><strong>Ott.</strong></span> <span class='ocrx_word' id='word_1_495' title='bbox 1626 4632 1683 4694; x_wconf 74' lang='grc'>2,</span> <span class='ocrx_word' id='word_1_496' title='bbox 1714 4632 1802 4687; x_wconf 90' lang='lat' dir='ltr'><strong>ed.</strong></span> 
     </span>
    </p>
   </div>
   <div class='ocr_carea' id='block_1_78' title="bbox 182 4702 1796 4777">
    <p class='ocr_par' dir='ltr' id='par_1_78' title="bbox 182 4702 1796 4777">
     <span class='ocr_line' id='line_1_78' title="bbox 182 4702 1796 4777; baseline -0.002 -14"><span class='ocrx_word' id='word_1_497' title='bbox 182 4707 364 4777; x_wconf 67' lang='lat' dir='ltr'><strong>Lips,</strong></span> <span class='ocrx_word' id='word_1_498' title='bbox 401 4714 579 4758; x_wconf 85' lang='lat' dir='ltr'><strong>tutum</strong></span> <span class='ocrx_word' id='word_1_499' title='bbox 610 4712 703 4757; x_wconf 83' lang='lat' dir='ltr'><strong>est.</strong></span> <span class='ocrx_word' id='word_1_500' title='bbox 731 4704 882 4759; x_wconf 86' lang='lat' dir='ltr'><strong>Meus</strong></span> <span class='ocrx_word' id='word_1_501' title='bbox 931 4704 1211 4770; x_wconf 89' lang='lat' dir='ltr'><strong>mendose,</strong></span> <span class='ocrx_word' id='word_1_502' title='bbox 1246 4714 1395 4757; x_wconf 86' lang='lat' dir='ltr'><strong>tuum</strong></span> <span class='ocrx_word' id='word_1_503' title='bbox 1412 4715 1505 4777; x_wconf 84' lang='lat' dir='ltr'><strong>est.</strong></span> <span class='ocrx_word' id='word_1_504' title='bbox 1538 4702 1595 4758; x_wconf 88' lang='lat' dir='ltr'><strong>In</strong></span> <span class='ocrx_word' id='word_1_505' title='bbox 1628 4705 1740 4758; x_wconf 84' lang='lat' dir='ltr'><strong>Utt.</strong></span> <span class='ocrx_word' id='word_1_506' title='bbox 1778 4706 1796 4760; x_wconf 98' lang='grc'><strong>1</strong></span> 
     </span>
    </p>
   </div>
   <div class='ocr_carea' id='block_1_79' title="bbox 180 4775 1802 4845">
    <p class='ocr_par' dir='ltr' id='par_1_79' title="bbox 180 4775 1802 4845">
     <span class='ocr_line' id='line_1_79' title="bbox 180 4775 1802 4845; baseline -0.003 -12"><span class='ocrx_word' id='word_1_507' title='bbox 180 4775 609 4835; x_wconf 60' lang='grc' dir='ltr'><strong>νίᾶθιὶιγῐυὶδδυ</strong></span> <span class='ocrx_word' id='word_1_508' title='bbox 633 4787 817 4840; x_wconf 84' lang='lat' dir='ltr'><strong>totum,</strong></span> <span class='ocrx_word' id='word_1_509' title='bbox 841 4778 1040 4831; x_wconf 78' lang='lat' dir='ltr'><strong>factum</strong></span> <span class='ocrx_word' id='word_1_510' title='bbox 1062 4784 1228 4828; x_wconf 83' lang='lat' dir='ltr'><strong>tutum</strong></span> <span class='ocrx_word' id='word_1_511' title='bbox 1246 4792 1367 4829; x_wconf 88' lang='lat' dir='ltr'><strong>eum</strong></span> <span class='ocrx_word' id='word_1_512' title='bbox 1392 4775 1575 4845; x_wconf 88' lang='lat' dir='ltr'><strong>glossa</strong></span> <span class='ocrx_word' id='word_1_513' title='bbox 1597 4792 1802 4843; x_wconf 72' lang='lat' dir='ltr'><strong>sanum,</strong></span> 
     </span>
    </p>
   </div>
   <div class='ocr_carea' id='block_1_80' title="bbox 180 4848 1806 4922">
    <p class='ocr_par' dir='ltr' id='par_1_80' title="bbox 180 4848 1806 4922">
     <span class='ocr_line' id='line_1_80' title="bbox 180 4848 1806 4922; baseline -0.001 -17"><span class='ocrx_word' id='word_1_514' title='bbox 180 4852 428 4922; x_wconf 78' lang='lat' dir='ltr'><strong>ﬁrmum.</strong></span> <span class='ocrx_word' id='word_1_515' title='bbox 490 4848 814 4905; x_wconf 84' lang='lat' dir='ltr'><strong>Cutntnnnis</strong></span> <span class='ocrx_word' id='word_1_516' title='bbox 858 4848 1099 4903; x_wconf 89' lang='lat' dir='ltr'><strong>omnium</strong></span> <span class='ocrx_word' id='word_1_517' title='bbox 1156 4851 1429 4919; x_wconf 84' lang='lat' dir='ltr'><strong>scriptura</strong></span> <span class='ocrx_word' id='word_1_518' title='bbox 1480 4857 1649 4902; x_wconf 83' lang='lat' dir='ltr'><strong>tutum</strong></span> <span class='ocrx_word' id='word_1_519' title='bbox 1688 4850 1806 4905; x_wconf 87' lang='lat' dir='ltr'><strong>sine</strong></span> 
     </span>
    </p>
   </div>
   <div class='ocr_carea' id='block_1_81' title="bbox 179 4934 1833 4986">
    <p class='ocr_par' dir='ltr' id='par_1_81' title="bbox 179 4934 1833 4986">
     <span class='ocr_line' id='line_1_81' title="bbox 179 4934 1833 4986; baseline -0.002 -6"><span class='ocrx_word' id='word_1_520' title='bbox 179 4934 278 4980; x_wconf 70' lang='grc' dir='ltr'><strong>εει.</strong></span> <span class='ocrx_word' id='word_1_521' title='bbox 1816 4936 1833 4986; x_wconf 67' lang='grc' dir='ltr'><strong>Ι</strong></span> 
     </span>
    </p>
   </div>
   <div class='ocr_carea' id='block_1_82' title="bbox 255 4991 1799 5063">
    <p class='ocr_par' dir='ltr' id='par_1_82' title="bbox 255 4991 1799 5063">
     <span class='ocr_line' id='line_1_82' title="bbox 255 4991 1799 5063; baseline -0.003 -11"><span class='ocrx_word' id='word_1_522' title='bbox 255 4998 388 5051; x_wconf 61' lang='grc'><strong>147.</strong></span> <span class='ocrx_word' id='word_1_523' title='bbox 438 4993 633 5050; x_wconf 88' lang='lat' dir='ltr'><strong>Parrlt.</strong></span> <span class='ocrx_word' id='word_1_524' title='bbox 666 4992 835 5060; x_wconf 84' lang='lat' dir='ltr'><strong>Quam</strong></span> <span class='ocrx_word' id='word_1_525' title='bbox 863 5007 1054 5046; x_wconf 78' lang='lat' dir='ltr'><strong>sanum</strong></span> <span class='ocrx_word' id='word_1_526' title='bbox 1098 4993 1165 5047; x_wconf 84' lang='lat' dir='ltr'><strong>sit</strong></span> <span class='ocrx_word' id='word_1_527' title='bbox 1207 5009 1353 5047; x_wconf 85' lang='lat' dir='ltr'><strong>nosse</strong></span> <span class='ocrx_word' id='word_1_528' title='bbox 1380 4991 1572 5048; x_wconf 84' lang='lat' dir='ltr'><strong>Deum.</strong></span> <span class='ocrx_word' id='word_1_529' title='bbox 1611 4993 1744 5063; x_wconf 88' lang='lat' dir='ltr'><strong>Reg.</strong></span> <span class='ocrx_word' id='word_1_530' title='bbox 1778 4995 1799 5047; x_wconf 88' lang='lat' dir='ltr'><strong>I</strong></span> 
     </span>
    </p>
   </div>
   <div class='ocr_carea' id='block_1_83' title="bbox 181 5064 1809 5137">
    <p class='ocr_par' dir='ltr' id='par_1_83' title="bbox 181 5064 1809 5137">
     <span class='ocr_line' id='line_1_83' title="bbox 181 5064 1809 5137; baseline -0.002 -15"><span class='ocrx_word' id='word_1_531' title='bbox 181 5067 236 5122; x_wconf 92' lang='lat' dir='ltr'><strong>in</strong></span> <span class='ocrx_word' id='word_1_532' title='bbox 287 5079 587 5129; x_wconf 80' lang='lat' dir='ltr'><strong>contextu.</strong></span> <span class='ocrx_word' id='word_1_533' title='bbox 629 5064 760 5137; x_wconf 82' lang='lat' dir='ltr'><strong>Reg.</strong></span> <span class='ocrx_word' id='word_1_534' title='bbox 792 5068 848 5130; x_wconf 64' lang='grc' dir='ltr'><strong>τε,</strong></span> <span class='ocrx_word' id='word_1_535' title='bbox 878 5066 934 5132; x_wconf 82' lang='grc'><strong>5,</strong></span> <span class='ocrx_word' id='word_1_536' title='bbox 983 5064 1095 5118; x_wconf 88' lang='lat' dir='ltr'><strong>Ott.</strong></span> <span class='ocrx_word' id='word_1_537' title='bbox 1136 5066 1155 5118; x_wconf 89' lang='lat'><strong>1</strong></span> <span class='ocrx_word' id='word_1_538' title='bbox 1195 5080 1224 5118; x_wconf 90' lang='lat' dir='ltr'><strong>a</strong></span> <span class='ocrx_word' id='word_1_539' title='bbox 1253 5070 1365 5121; x_wconf 86' lang='lat' dir='ltr'><strong>sec.</strong></span> <span class='ocrx_word' id='word_1_540' title='bbox 1404 5082 1504 5131; x_wconf 89' lang='lat' dir='ltr'><strong>tn.,</strong></span> <span class='ocrx_word' id='word_1_541' title='bbox 1552 5064 1700 5130; x_wconf 80' lang='lat' dir='ltr'><strong>Ald.,</strong></span> <span class='ocrx_word' id='word_1_542' title='bbox 1755 5077 1809 5119; x_wconf 76' lang='lat' dir='ltr'><strong>et</strong></span> 
     </span>
    </p>
   </div>
   <div class='ocr_carea' id='block_1_84' title="bbox 180 5137 1805 5208">
    <p class='ocr_par' dir='ltr' id='par_1_84' title="bbox 180 5137 1805 5208">
     <span class='ocr_line' id='line_1_84' title="bbox 180 5137 1805 5208; baseline -0.002 -13"><span class='ocrx_word' id='word_1_543' title='bbox 180 5140 343 5195; x_wconf 89' lang='lat' dir='ltr'><strong>multi</strong></span> <span class='ocrx_word' id='word_1_544' title='bbox 366 5140 529 5202; x_wconf 83' lang='lat' dir='ltr'><strong>editi,</strong></span> <span class='ocrx_word' id='word_1_545' title='bbox 556 5138 725 5203; x_wconf 80' lang='lat' dir='ltr'><strong>Quam</strong></span> <span class='ocrx_word' id='word_1_546' title='bbox 748 5153 931 5190; x_wconf 88' lang='lat' dir='ltr'><strong>sanum</strong></span> <span class='ocrx_word' id='word_1_547' title='bbox 955 5146 1026 5208; x_wconf 71' lang='lat' dir='ltr'><strong>est</strong></span> <span class='ocrx_word' id='word_1_548' title='bbox 1043 5152 1290 5208; x_wconf 83' lang='lat' dir='ltr'><strong>cognosse</strong></span> <span class='ocrx_word' id='word_1_549' title='bbox 1313 5137 1501 5192; x_wconf 85' lang='lat' dir='ltr'><strong>Deum.</strong></span> <span class='ocrx_word' id='word_1_550' title='bbox 1520 5137 1595 5191; x_wconf 85' lang='lat' dir='ltr'><strong>Ita</strong></span> <span class='ocrx_word' id='word_1_551' title='bbox 1618 5142 1805 5191; x_wconf 77' lang='lat' dir='ltr'><strong>Arntz.</strong></span> 
     </span>
    </p>
   </div>
   <div class='ocr_carea' id='block_1_85' title="bbox 182 5206 1806 5282">
    <p class='ocr_par' dir='ltr' id='par_1_85' title="bbox 182 5206 1806 5282">
     <span class='ocr_line' id='line_1_85' title="bbox 182 5206 1806 5282; baseline -0.002 -17"><span class='ocrx_word' id='word_1_552' title='bbox 182 5214 310 5265; x_wconf 83' lang='lat' dir='ltr'><strong>sine</strong></span> <span class='ocrx_word' id='word_1_553' title='bbox 340 5221 448 5267; x_wconf 87' lang='lat' dir='ltr'><strong>est.</strong></span> <span class='ocrx_word' id='word_1_554' title='bbox 480 5210 581 5265; x_wconf 60' lang='grc' dir='ltr'><strong>Μ».</strong></span> <span class='ocrx_word' id='word_1_555' title='bbox 611 5210 930 5273; x_wconf 76' lang='lat' dir='ltr'><strong>Burmanni,</strong></span> <span class='ocrx_word' id='word_1_556' title='bbox 982 5206 1119 5282; x_wconf 60' lang='lat' dir='ltr'><strong>Reg.</strong></span> <span class='ocrx_word' id='word_1_557' title='bbox 1154 5211 1174 5261; x_wconf 92' lang='grc'><strong>1</strong></span> <span class='ocrx_word' id='word_1_558' title='bbox 1213 5209 1277 5263; x_wconf 89' lang='lat' dir='ltr'><strong>ad</strong></span> <span class='ocrx_word' id='word_1_559' title='bbox 1307 5226 1457 5282; x_wconf 82' lang='lat' dir='ltr'><strong>marg</strong></span> <span class='ocrx_word' id='word_1_560' title='bbox 1514 5226 1611 5279; x_wconf 92' lang='lat' dir='ltr'><strong>pro</strong></span> <span class='ocrx_word' id='word_1_561' title='bbox 1641 5211 1695 5263; x_wconf 89' lang='lat' dir='ltr'><strong>d.</strong></span> <span class='ocrx_word' id='word_1_562' title='bbox 1732 5226 1806 5275; x_wconf 90' lang='lat' dir='ltr'><strong>s.,</strong></span> 
     </span>
    </p>
   </div>
   <div class='ocr_carea' id='block_1_86' title="bbox 184 5278 1807 5351">
    <p class='ocr_par' dir='ltr' id='par_1_86' title="bbox 184 5278 1807 5351">
     <span class='ocr_line' id='line_1_86' title="bbox 184 5278 1807 5351; baseline -0.002 -14"><span class='ocrx_word' id='word_1_563' title='bbox 184 5282 363 5351; x_wconf 83' lang='lat' dir='ltr'><strong>Quam</strong></span> <span class='ocrx_word' id='word_1_564' title='bbox 426 5283 631 5335; x_wconf 85' lang='lat' dir='ltr'><strong>clarum</strong></span> <span class='ocrx_word' id='word_1_565' title='bbox 678 5292 751 5336; x_wconf 86' lang='lat' dir='ltr'><strong>est</strong></span> <span class='ocrx_word' id='word_1_566' title='bbox 782 5296 1026 5351; x_wconf 84' lang='lat' dir='ltr'><strong>cog_nosse</strong></span> <span class='ocrx_word' id='word_1_567' title='bbox 1072 5278 1257 5351; x_wconf 63' lang='lat' dir='ltr'><strong>Qeum.</strong></span> <span class='ocrx_word' id='word_1_568' title='bbox 1313 5278 1477 5336; x_wconf 46' lang='lat' dir='ltr'><strong>Ottfi</strong></span> <span class='ocrx_word' id='word_1_569' title='bbox 1513 5278 1543 5336; x_wconf 85' lang='lat' dir='ltr'><strong>a</strong></span> <span class='ocrx_word' id='word_1_570' title='bbox 1577 5298 1658 5350; x_wconf 88' lang='lat' dir='ltr'><strong>pr.</strong></span> <span class='ocrx_word' id='word_1_571' title='bbox 1707 5298 1807 5345; x_wconf 85' lang='lat' dir='ltr'><strong>tn.,</strong></span> 
     </span>
    </p>
   </div>
   <div class='ocr_carea' id='block_1_87' title="bbox 183 5349 1810 5421">
    <p class='ocr_par' dir='ltr' id='par_1_87' title="bbox 183 5349 1810 5421">
     <span class='ocr_line' id='line_1_87' title="bbox 183 5349 1810 5421; baseline 0.001 -15"><span class='ocrx_word' id='word_1_572' title='bbox 183 5349 366 5421; x_wconf 74' lang='lat' dir='ltr'><strong>Quam</strong></span> <span class='ocrx_word' id='word_1_573' title='bbox 385 5355 600 5406; x_wconf 72' lang='lat' dir='ltr'><strong>clarum</strong></span> <span class='ocrx_word' id='word_1_574' title='bbox 628 5353 828 5407; x_wconf 79' lang='lat' dir='ltr'><strong>novisse</strong></span> <span class='ocrx_word' id='word_1_575' title='bbox 849 5349 1037 5406; x_wconf 86' lang='lat' dir='ltr'><strong>Deum.</strong></span> <span class='ocrx_word' id='word_1_576' title='bbox 1070 5349 1219 5405; x_wconf 85' lang='lat' dir='ltr'><strong>Meus</strong></span> <span class='ocrx_word' id='word_1_577' title='bbox 1244 5352 1295 5406; x_wconf 89' lang='lat' dir='ltr'><strong>itt</strong></span> <span class='ocrx_word' id='word_1_578' title='bbox 1323 5349 1603 5418; x_wconf 83' lang='lat' dir='ltr'><strong>contextu,</strong></span> <span class='ocrx_word' id='word_1_579' title='bbox 1644 5352 1810 5418; x_wconf 84' lang='lat' dir='ltr'><strong>Quam</strong></span> 
     </span>
    </p>
   </div>
   <div class='ocr_carea' id='block_1_88' title="bbox 178 5422 1806 5494">
    <p class='ocr_par' dir='ltr' id='par_1_88' title="bbox 178 5422 1806 5494">
     <span class='ocr_line' id='line_1_88' title="bbox 178 5422 1806 5494; baseline -0.001 -15"><span class='ocrx_word' id='word_1_580' title='bbox 178 5443 375 5479; x_wconf 76' lang='lat' dir='ltr'><strong>sartum</strong></span> <span class='ocrx_word' id='word_1_581' title='bbox 406 5426 613 5477; x_wconf 79' lang='lat' dir='ltr'><strong>novisse</strong></span> <span class='ocrx_word' id='word_1_582' title='bbox 643 5423 826 5477; x_wconf 89' lang='lat' dir='ltr'><strong>Deum.</strong></span> <span class='ocrx_word' id='word_1_583' title='bbox 852 5423 1001 5479; x_wconf 81' lang='lat' dir='ltr'><strong>Meus</strong></span> <span class='ocrx_word' id='word_1_584' title='bbox 1023 5438 1120 5493; x_wconf 90' lang='lat' dir='ltr'><strong>pro</strong></span> <span class='ocrx_word' id='word_1_585' title='bbox 1141 5422 1193 5475; x_wconf 87' lang='lat' dir='ltr'><strong>d.</strong></span> <span class='ocrx_word' id='word_1_586' title='bbox 1214 5440 1260 5474; x_wconf 92' lang='lat' dir='ltr'><strong>s.</strong></span> <span class='ocrx_word' id='word_1_587' title='bbox 1294 5440 1603 5494; x_wconf 87' lang='lat' dir='ltr'><strong>perperam,</strong></span> <span class='ocrx_word' id='word_1_588' title='bbox 1634 5426 1806 5493; x_wconf 82' lang='lat' dir='ltr'><strong>Quam</strong></span> 
     </span>
    </p>
   </div>
   <div class='ocr_carea' id='block_1_89' title="bbox 181 5494 1805 5567">
    <p class='ocr_par' dir='ltr' id='par_1_89' title="bbox 181 5494 1805 5567">
     <span class='ocr_line' id='line_1_89' title="bbox 181 5494 1805 5567; baseline -0.001 -16"><span class='ocrx_word' id='word_1_589' title='bbox 181 5498 397 5561; x_wconf 74' lang='lat' dir='ltr'><strong>clarum</strong></span> <span class='ocrx_word' id='word_1_590' title='bbox 457 5506 891 5567; x_wconf 16' lang='lat' dir='ltr'><strong>estkcognoscere</strong></span> <span class='ocrx_word' id='word_1_591' title='bbox 944 5494 1132 5548; x_wconf 81' lang='lat' dir='ltr'><strong>Deum.</strong></span> <span class='ocrx_word' id='word_1_592' title='bbox 1168 5494 1350 5560; x_wconf 89' lang='lat' dir='ltr'><strong>Rom.,</strong></span> <span class='ocrx_word' id='word_1_593' title='bbox 1405 5498 1571 5560; x_wconf 80' lang='lat' dir='ltr'><strong>Quam</strong></span> <span class='ocrx_word' id='word_1_594' title='bbox 1614 5514 1805 5552; x_wconf 82' lang='lat' dir='ltr'><strong>sanum</strong></span> 
     </span>
    </p>
   </div>
   <div class='ocr_carea' id='block_1_90' title="bbox 178 5565 1797 5640">
    <p class='ocr_par' dir='ltr' id='par_1_90' title="bbox 178 5565 1797 5640">
     <span class='ocr_line' id='line_1_90' title="bbox 178 5565 1797 5640; baseline -0.001 -17"><span class='ocrx_word' id='word_1_595' title='bbox 178 5582 504 5640; x_wconf 77' lang='lat' dir='ltr'><strong>cognoscere</strong></span> <span class='ocrx_word' id='word_1_596' title='bbox 534 5565 722 5633; x_wconf 71' lang='lat' dir='ltr'><strong>Deum,</strong></span> <span class='ocrx_word' id='word_1_597' title='bbox 754 5575 1061 5623; x_wconf 82' lang='lat' dir='ltr'><strong>correctum</strong></span> <span class='ocrx_word' id='word_1_598' title='bbox 1107 5582 1354 5640; x_wconf 72' lang='lat' dir='ltr'><strong>cognosce</strong></span> <span class='ocrx_word' id='word_1_599' title='bbox 1385 5568 1569 5640; x_wconf 57' lang='lat' dir='ltr'><strong>Deum.</strong></span> <span class='ocrx_word' id='word_1_600' title='bbox 1606 5568 1723 5640; x_wconf 80' lang='lat' dir='ltr'><strong>V_at.</strong></span> <span class='ocrx_word' id='word_1_601' title='bbox 1774 5570 1797 5622; x_wconf 89' lang='grc'><strong>1</strong></span> 
     </span>
    </p>
   </div>
   <div class='ocr_carea' id='block_1_91' title="bbox 176 5637 1796 5714">
    <p class='ocr_par' dir='ltr' id='par_1_91' title="bbox 176 5637 1796 5714">
     <span class='ocr_line' id='line_1_91' title="bbox 176 5637 1796 5714; baseline -0.003 -16"><span class='ocrx_word' id='word_1_602' title='bbox 176 5637 326 5698; x_wconf 78' lang='lat' dir='ltr'><strong>male</strong></span> <span class='ocrx_word' id='word_1_603' title='bbox 352 5640 534 5705; x_wconf 81' lang='lat' dir='ltr'><strong>Quam</strong></span> <span class='ocrx_word' id='word_1_604' title='bbox 564 5654 750 5692; x_wconf 86' lang='lat' dir='ltr'><strong>sanum</strong></span> <span class='ocrx_word' id='word_1_605' title='bbox 771 5649 844 5694; x_wconf 88' lang='lat' dir='ltr'><strong>est</strong></span> <span class='ocrx_word' id='word_1_606' title='bbox 859 5637 1371 5714; x_wconf 25' lang='lat' dir='ltr'><strong>cegnoscere’Deum.</strong></span> <span class='ocrx_word' id='word_1_607' title='bbox 1403 5638 1599 5709; x_wconf 56' lang='lat' dir='ltr'><strong>Vah“),</strong></span> <span class='ocrx_word' id='word_1_608' title='bbox 1634 5638 1796 5706; x_wconf 90' lang='lat' dir='ltr'><strong>Urb.,</strong></span> 
     </span>
    </p>
   </div>
   <div class='ocr_carea' id='block_1_92' title="bbox 253 5728 1800 5800">
    <p class='ocr_par' dir='ltr' id='par_1_92' title="bbox 253 5728 1800 5800">
     <span class='ocr_line' id='line_1_92' title="bbox 253 5728 1800 5800; baseline -0.003 -13"><span class='ocrx_word' id='word_1_609' title='bbox 253 5742 279 5768; x_wconf 73' lang='grc' dir='ltr'><strong>ιι</strong></span> <span class='ocrx_word' id='word_1_610' title='bbox 311 5730 598 5787; x_wconf 83' lang='lat' dir='ltr'><strong>Observat</strong></span> <span class='ocrx_word' id='word_1_611' title='bbox 642 5728 887 5797; x_wconf 80' lang='lat' dir='ltr'><strong>Juretus,</strong></span> <span class='ocrx_word' id='word_1_612' title='bbox 919 5740 1182 5785; x_wconf 85' lang='lat' dir='ltr'><strong>vacuassct</strong></span> <span class='ocrx_word' id='word_1_613' title='bbox 1225 5744 1349 5785; x_wconf 88' lang='lat' dir='ltr'><strong>esse</strong></span> <span class='ocrx_word' id='word_1_614' title='bbox 1381 5744 1478 5800; x_wconf 91' lang='lat' dir='ltr'><strong>pro</strong></span> <span class='ocrx_word' id='word_1_615' title='bbox 1536 5739 1800 5792; x_wconf 80' lang='lat' dir='ltr'><strong>vacuaret,</strong></span> 
     </span>
    </p>
   </div>
   <div class='ocr_carea' id='block_1_93' title="bbox 177 5801 1803 5878">
    <p class='ocr_par' dir='ltr' id='par_1_93' title="bbox 177 5801 1803 5878">
     <span class='ocr_line' id='line_1_93' title="bbox 177 5801 1803 5878; baseline -0.004 -16"><span class='ocrx_word' id='word_1_616' title='bbox 177 5815 238 5862; x_wconf 88' lang='lat' dir='ltr'><strong>ut</strong></span> <span class='ocrx_word' id='word_1_617' title='bbox 264 5801 585 5878; x_wconf 82' lang='lat' dir='ltr'><strong>replevisset</strong></span> <span class='ocrx_word' id='word_1_618' title='bbox 615 5814 716 5870; x_wconf 88' lang='lat' dir='ltr'><strong>pro</strong></span> <span class='ocrx_word' id='word_1_619' title='bbox 743 5803 989 5873; x_wconf 81' lang='lat' dir='ltr'><strong>repleret,</strong></span> <span class='ocrx_word' id='word_1_620' title='bbox 1018 5811 1075 5859; x_wconf 89' lang='lat' dir='ltr'><strong>et</strong></span> <span class='ocrx_word' id='word_1_621' title='bbox 1112 5803 1147 5858; x_wconf 91' lang='lat' dir='ltr'><strong>l.</strong></span> <span class='ocrx_word' id='word_1_622' title='bbox 1177 5818 1231 5869; x_wconf 73' lang='grc' dir='ltr'><strong>γ,</strong></span> <span class='ocrx_word' id='word_1_623' title='bbox 1261 5816 1381 5873; x_wconf 83' lang='lat' dir='ltr'><strong>cap.</strong></span> <span class='ocrx_word' id='word_1_624' title='bbox 1433 5802 1490 5868; x_wconf 90' lang='lat'><strong>7,</strong></span> <span class='ocrx_word' id='word_1_625' title='bbox 1533 5804 1803 5864; x_wconf 68' lang='lat' dir='ltr'><strong>irremisse:</strong></span> 
     </span>
    </p>
   </div>
   <div class='ocr_carea' id='block_1_94' title="bbox 436 5896 953 5963">
    <p class='ocr_par' dir='ltr' id='par_1_94' title="bbox 436 5896 953 5963">
     <span class='ocr_line' id='line_1_94' title="bbox 436 5896 953 5963; baseline -0.008 0"><span class='ocrx_word' id='word_1_626' title='bbox 436 5898 728 5963; x_wconf 69' lang='grc' dir='ltr'><strong>Ριτιιοι..</strong></span> <span class='ocrx_word' id='word_1_627' title='bbox 774 5896 953 5959; x_wconf 80' lang='lat' dir='ltr'><strong>XIX.</strong></span> 
     </span>
    </p>
   </div>
   <div class='ocr_carea' id='block_1_95' title="bbox 1838 4382 1887 4443">
    <p class='ocr_par' dir='ltr' id='par_1_95' title="bbox 1838 4382 1887 4443">
     <span class='ocr_line' id='line_1_95' title="bbox 1838 4382 1887 4443; baseline 0 0"><span class='ocrx_word' id='word_1_628' title='bbox 1838 4382 1887 4443; x_wconf 87' lang='grc' dir='ltr'><strong>Ι)</strong></span> 
     </span>
    </p>
   </div>
   <div class='ocr_carea' id='block_1_96' title="bbox 1913 3048 3542 3123">
    <p class='ocr_par' dir='ltr' id='par_1_96' title="bbox 1913 3048 3542 3123">
     <span class='ocr_line' id='line_1_96' title="bbox 1913 3048 3542 3123; baseline 0.006 -25"><span class='ocrx_word' id='word_1_629' title='bbox 1913 3049 2103 3123; x_wconf 55' lang='lat' dir='ltr'><strong>Neque</strong></span> <span class='ocrx_word' id='word_1_630' title='bbox 2135 3050 2186 3105; x_wconf 90' lang='lat' dir='ltr'><strong>id</strong></span> <span class='ocrx_word' id='word_1_631' title='bbox 2216 3049 2349 3106; x_wconf 79' lang='lat' dir='ltr'><strong>ferri</strong></span> <span class='ocrx_word' id='word_1_632' title='bbox 2383 3058 2582 3123; x_wconf 80' lang='lat' dir='ltr'><strong>potest.</strong></span> <span class='ocrx_word' id='word_1_633' title='bbox 2618 3048 2791 3105; x_wconf 87' lang='lat' dir='ltr'><strong>Prosa</strong></span> <span class='ocrx_word' id='word_1_634' title='bbox 2833 3066 2934 3122; x_wconf 87' lang='lat' dir='ltr'><strong>pro</strong></span> <span class='ocrx_word' id='word_1_635' title='bbox 2978 3048 3230 3123; x_wconf 62' lang='lat' dir='ltr'><strong>cognosse</strong></span> <span class='ocrx_word' id='word_1_636' title='bbox 3273 3054 3448 3112; x_wconf 74' lang='lat' dir='ltr'><strong>refert</strong></span> <span class='ocrx_word' id='word_1_637' title='bbox 3488 3058 3542 3112; x_wconf 79' lang='lat' dir='ltr'><strong>in</strong></span> 
     </span>
    </p>
   </div>
   <div class='ocr_carea' id='block_1_97' title="bbox 1913 3122 3327 3191">
    <p class='ocr_par' dir='ltr' id='par_1_97' title="bbox 1913 3122 3327 3191">
     <span class='ocr_line' id='line_1_97' title="bbox 1913 3122 3327 3191; baseline 0 -14"><span class='ocrx_word' id='word_1_638' title='bbox 1913 3122 2028 3179; x_wconf 86' lang='lat' dir='ltr'><strong>Deo</strong></span> <span class='ocrx_word' id='word_1_639' title='bbox 2056 3123 2286 3177; x_wconf 83' lang='lat' dir='ltr'><strong>studiose</strong></span> <span class='ocrx_word' id='word_1_640' title='bbox 2311 3122 2595 3191; x_wconf 58' lang='lat' dir='ltr'><strong>conﬁdere.</strong></span> <span class='ocrx_word' id='word_1_641' title='bbox 2730 3142 2735 3147; x_wconf 49' lang='grc' dir='ltr'>η</span> <span class='ocrx_word' id='word_1_642' title='bbox 3048 3122 3051 3123; x_wconf 56' lang='grc'><strong><em>⁷</em></strong></span> <span class='ocrx_word' id='word_1_643' title='bbox 3320 3178 3327 3183; x_wconf 74' lang='grc'><em>,</em></span> 
     </span>
    </p>
   </div>
   <div class='ocr_carea' id='block_1_98' title="bbox 1989 3194 3538 3265">
    <p class='ocr_par' dir='ltr' id='par_1_98' title="bbox 1989 3194 3538 3265">
     <span class='ocr_line' id='line_1_98' title="bbox 1989 3194 3538 3265; baseline 0.003 -16"><span class='ocrx_word' id='word_1_644' title='bbox 1989 3194 2114 3250; x_wconf 72' lang='grc'><strong>148.</strong></span> <span class='ocrx_word' id='word_1_645' title='bbox 2151 3194 2335 3248; x_wconf 89' lang='lat' dir='ltr'><strong>Prima</strong></span> <span class='ocrx_word' id='word_1_646' title='bbox 2364 3208 2560 3248; x_wconf 88' lang='lat' dir='ltr'><strong>manus</strong></span> <span class='ocrx_word' id='word_1_647' title='bbox 2588 3194 2639 3247; x_wconf 91' lang='lat' dir='ltr'><strong>in</strong></span> <span class='ocrx_word' id='word_1_648' title='bbox 2674 3197 2863 3250; x_wconf 83' lang='lat' dir='ltr'><strong>Arntz.</strong></span> <span class='ocrx_word' id='word_1_649' title='bbox 2892 3208 2991 3265; x_wconf 90' lang='lat' dir='ltr'><strong>pro</strong></span> <span class='ocrx_word' id='word_1_650' title='bbox 3021 3212 3228 3251; x_wconf 81' lang='lat' dir='ltr'><strong>sensere</strong></span> <span class='ocrx_word' id='word_1_651' title='bbox 3248 3198 3441 3255; x_wconf 85' lang='lat' dir='ltr'><strong>scribit</strong></span> <span class='ocrx_word' id='word_1_652' title='bbox 3463 3201 3538 3254; x_wconf 86' lang='lat' dir='ltr'><strong>vi-</strong></span> 
     </span>
    </p>
   </div>
   <div class='ocr_carea' id='block_1_99' title="bbox 1917 3265 2488 3335">
    <p class='ocr_par' dir='ltr' id='par_1_99' title="bbox 1917 3265 2488 3335">
     <span class='ocr_line' id='line_1_99' title="bbox 1917 3265 2488 3335; baseline 0.002 -16"><span class='ocrx_word' id='word_1_653' title='bbox 1917 3266 2060 3327; x_wconf 86' lang='lat' dir='ltr'><strong>dere,</strong></span> <span class='ocrx_word' id='word_1_654' title='bbox 2098 3265 2267 3319; x_wconf 88' lang='lat' dir='ltr'><strong>invita</strong></span> <span class='ocrx_word' id='word_1_655' title='bbox 2302 3280 2488 3335; x_wconf 84' lang='lat' dir='ltr'><strong>prosa.</strong></span> 
     </span>
    </p>
   </div>
   <div class='ocr_carea' id='block_1_100' title="bbox 1993 3336 3542 3406">
    <p class='ocr_par' dir='ltr' id='par_1_100' title="bbox 1993 3336 3542 3406">
     <span class='ocr_line' id='line_1_100' title="bbox 1993 3336 3542 3406; baseline 0.005 -14"><span class='ocrx_word' id='word_1_656' title='bbox 1993 3337 2116 3393; x_wconf 69' lang='grc'><strong>149.</strong></span> <span class='ocrx_word' id='word_1_657' title='bbox 2160 3337 2295 3405; x_wconf 85' lang='lat' dir='ltr'><strong>Reg.</strong></span> <span class='ocrx_word' id='word_1_658' title='bbox 2347 3337 2372 3391; x_wconf 88' lang='lat'><strong>1</strong></span> <span class='ocrx_word' id='word_1_659' title='bbox 2427 3336 2639 3406; x_wconf 80' lang='lat' dir='ltr'><strong>defuso,</strong></span> <span class='ocrx_word' id='word_1_660' title='bbox 2671 3336 2880 3394; x_wconf 82' lang='lat' dir='ltr'><strong>factum</strong></span> <span class='ocrx_word' id='word_1_661' title='bbox 2913 3338 3134 3406; x_wconf 73' lang='lat' dir='ltr'><strong>di/I‘uso.</strong></span> <span class='ocrx_word' id='word_1_662' title='bbox 3185 3338 3459 3399; x_wconf 84' lang='lat' dir='ltr'><strong>Similiter</strong></span> <span class='ocrx_word' id='word_1_663' title='bbox 3488 3345 3542 3399; x_wconf 88' lang='lat' dir='ltr'><strong>in</strong></span> 
     </span>
    </p>
   </div>
   <div class='ocr_carea' id='block_1_101' title="bbox 1920 3408 3545 3482">
    <p class='ocr_par' dir='ltr' id='par_1_101' title="bbox 1920 3408 3545 3482">
     <span class='ocr_line' id='line_1_101' title="bbox 1920 3408 3545 3482; baseline 0.005 -18"><span class='ocrx_word' id='word_1_664' title='bbox 1920 3408 2041 3464; x_wconf 83' lang='lat' dir='ltr'><strong>Vat.</strong></span> <span class='ocrx_word' id='word_1_665' title='bbox 2096 3411 2149 3482; x_wconf 86' lang='lat'><strong>1,</strong></span> <span class='ocrx_word' id='word_1_666' title='bbox 2170 3409 2657 3482; x_wconf 57' lang='lat' dir='ltr'><strong>defusotnutatnm</strong></span> <span class='ocrx_word' id='word_1_667' title='bbox 2690 3420 2776 3465; x_wconf 89' lang='lat' dir='ltr'><strong>est</strong></span> <span class='ocrx_word' id='word_1_668' title='bbox 2805 3410 2859 3465; x_wconf 91' lang='lat' dir='ltr'><strong>itt</strong></span> <span class='ocrx_word' id='word_1_669' title='bbox 2912 3412 3111 3482; x_wconf 77' lang='lat' dir='ltr'><strong>difuso.</strong></span> <span class='ocrx_word' id='word_1_670' title='bbox 3165 3411 3424 3482; x_wconf 84' lang='lat' dir='ltr'><strong>Plerique</strong></span> <span class='ocrx_word' id='word_1_671' title='bbox 3450 3417 3545 3472; x_wconf 76' lang='lat' dir='ltr'><strong>alii</strong></span> 
     </span>
    </p>
   </div>
   <div class='ocr_carea' id='block_1_102' title="bbox 1915 3480 3547 3557">
    <p class='ocr_par' dir='ltr' id='par_1_102' title="bbox 1915 3480 3547 3557">
     <span class='ocr_line' id='line_1_102' title="bbox 1915 3480 3547 3557; baseline -0.002 -22"><span class='ocrx_word' id='word_1_672' title='bbox 1915 3496 2053 3557; x_wconf 84' lang='lat' dir='ltr'><strong>mss.</strong></span> <span class='ocrx_word' id='word_1_673' title='bbox 2088 3480 2307 3557; x_wconf 74' lang='lat' dir='ltr'><strong>di/fuso.</strong></span> <span class='ocrx_word' id='word_1_674' title='bbox 2334 3480 2482 3557; x_wconf 62' lang='lat' dir='ltr'><strong>Editi</strong></span> <span class='ocrx_word' id='word_1_675' title='bbox 2513 3482 2691 3557; x_wconf 80' lang='lat' dir='ltr'><strong>etiam</strong></span> <span class='ocrx_word' id='word_1_676' title='bbox 2729 3480 3372 3557; x_wconf 12' lang='lat' dir='ltr'><strong>variantiBurﬁntattntts</strong></span> <span class='ocrx_word' id='word_1_677' title='bbox 3418 3502 3547 3557; x_wconf 82' lang='lat' dir='ltr'><strong>pro-</strong></span> 
     </span>
    </p>
   </div>
   <div class='ocr_carea' id='block_1_103' title="bbox 1915 3552 3544 3621">
    <p class='ocr_par' dir='ltr' id='par_1_103' title="bbox 1915 3552 3544 3621">
     <span class='ocr_line' id='line_1_103' title="bbox 1915 3552 3544 3621; baseline 0.001 -13"><span class='ocrx_word' id='word_1_678' title='bbox 1915 3553 2075 3608; x_wconf 88' lang='lat' dir='ltr'><strong>babat</strong></span> <span class='ocrx_word' id='word_1_679' title='bbox 2107 3552 2315 3621; x_wconf 80' lang='lat' dir='ltr'><strong>defuso.</strong></span> <span class='ocrx_word' id='word_1_680' title='bbox 2352 3553 2429 3606; x_wconf 84' lang='lat' dir='ltr'><strong>De</strong></span> <span class='ocrx_word' id='word_1_681' title='bbox 2455 3552 2558 3607; x_wconf 87' lang='lat' dir='ltr'><strong>hac</strong></span> <span class='ocrx_word' id='word_1_682' title='bbox 2579 3555 2849 3609; x_wconf 71' lang='lat' dir='ltr'><strong>varietate</strong></span> <span class='ocrx_word' id='word_1_683' title='bbox 2879 3555 3162 3611; x_wconf 83' lang='lat' dir='ltr'><strong>scribendi</strong></span> <span class='ocrx_word' id='word_1_684' title='bbox 3194 3555 3309 3612; x_wconf 76' lang='lat' dir='ltr'><strong>dixi</strong></span> <span class='ocrx_word' id='word_1_685' title='bbox 3342 3557 3397 3614; x_wconf 91' lang='lat' dir='ltr'><strong>in</strong></span> <span class='ocrx_word' id='word_1_686' title='bbox 3420 3552 3544 3616; x_wconf 76' lang='grc' dir='ltr'><strong>ὐοι.</strong></span> 
     </span>
    </p>
   </div>
   <div class='ocr_carea' id='block_1_104' title="bbox 1915 3624 2863 3693">
    <p class='ocr_par' dir='ltr' id='par_1_104' title="bbox 1915 3624 2863 3693">
     <span class='ocr_line' id='line_1_104' title="bbox 1915 3624 2863 3693; baseline 0 -14"><span class='ocrx_word' id='word_1_687' title='bbox 1915 3626 1983 3679; x_wconf 90' lang='lat' dir='ltr'><strong>ad</strong></span> <span class='ocrx_word' id='word_1_688' title='bbox 2014 3625 2374 3679; x_wconf 84' lang='lat' dir='ltr'><strong>Dracontium</strong></span> <span class='ocrx_word' id='word_1_689' title='bbox 2404 3624 2439 3678; x_wconf 90' lang='grc' dir='ltr'><strong>Ι.</strong></span> <span class='ocrx_word' id='word_1_690' title='bbox 2480 3640 2559 3693; x_wconf 84' lang='lat' dir='ltr'><strong>tu,</strong></span> <span class='ocrx_word' id='word_1_691' title='bbox 2597 3640 2739 3679; x_wconf 87' lang='lat' dir='ltr'><strong>vers.</strong></span> <span class='ocrx_word' id='word_1_692' title='bbox 2776 3626 2863 3679; x_wconf 75' lang='lat'><strong>75.</strong></span> 
     </span>
    </p>
   </div>
   <div class='ocr_carea' id='block_1_105' title="bbox 1989 3696 3518 3771">
    <p class='ocr_par' dir='ltr' id='par_1_105' title="bbox 1989 3696 3518 3771">
     <span class='ocr_line' id='line_1_105' title="bbox 1989 3696 3518 3771; baseline 0.005 -20"><span class='ocrx_word' id='word_1_693' title='bbox 1989 3696 2113 3771; x_wconf 55' lang='lat'><strong>1:50.</strong></span> <span class='ocrx_word' id='word_1_694' title='bbox 2150 3698 2367 3771; x_wconf 43' lang='lat' dir='ltr'><strong>Arma&quot;</strong></span> <span class='ocrx_word' id='word_1_695' title='bbox 2404 3696 2629 3751; x_wconf 61' lang='lat' dir='ltr'><strong>schedio</strong></span> <span class='ocrx_word' id='word_1_696' title='bbox 2659 3696 3137 3771; x_wconf 65' lang='lat' dir='ltr'><strong>Poelﬂr..’l’arrh.,</strong></span> <span class='ocrx_word' id='word_1_697' title='bbox 3176 3698 3329 3771; x_wconf 74' lang='lat' dir='ltr'><strong>Meus</strong></span> <span class='ocrx_word' id='word_1_698' title='bbox 3362 3717 3461 3771; x_wconf 90' lang='lat' dir='ltr'><strong>pro</strong></span> <span class='ocrx_word' id='word_1_699' title='bbox 3485 3704 3518 3759; x_wconf 88' lang='lat' dir='ltr'><strong>d</strong></span> 
     </span>
    </p>
   </div>
   <div class='ocr_carea' id='block_1_106' title="bbox 1914 3767 3542 3844">
    <p class='ocr_par' dir='ltr' id='par_1_106' title="bbox 1914 3767 3542 3844">
     <span class='ocr_line' id='line_1_106' title="bbox 1914 3767 3542 3844; baseline 0.006 -23"><span class='ocrx_word' id='word_1_700' title='bbox 1914 3783 1987 3833; x_wconf 89' lang='lat' dir='ltr'><strong>s.,</strong></span> <span class='ocrx_word' id='word_1_701' title='bbox 2022 3767 2157 3844; x_wconf 87' lang='lat' dir='ltr'><strong>Reg.</strong></span> <span class='ocrx_word' id='word_1_702' title='bbox 2192 3768 2248 3835; x_wconf 73' lang='lat'><strong>2,</strong></span> <span class='ocrx_word' id='word_1_703' title='bbox 2281 3767 2393 3844; x_wconf 70' lang='lat' dir='ltr'><strong>Ott.</strong></span> <span class='ocrx_word' id='word_1_704' title='bbox 2432 3772 2451 3820; x_wconf 85' lang='lat' dir='ltr'><strong>t</strong></span> <span class='ocrx_word' id='word_1_705' title='bbox 2488 3782 2674 3844; x_wconf 82' lang='lat' dir='ltr'><strong>a_sec.</strong></span> <span class='ocrx_word' id='word_1_706' title='bbox 2708 3784 2807 3844; x_wconf 90' lang='lat' dir='ltr'><strong>m_.,</strong></span> <span class='ocrx_word' id='word_1_707' title='bbox 2837 3769 3087 3844; x_wconf 77' lang='lat' dir='ltr'><strong>f_ulsere_:</strong></span> <span class='ocrx_word' id='word_1_708' title='bbox 3144 3770 3234 3824; x_wconf 82' lang='lat' dir='ltr'><strong>alii</strong></span> <span class='ocrx_word' id='word_1_709' title='bbox 3274 3767 3542 3844; x_wconf 69' lang='lat' dir='ltr'><strong>micuere;</strong></span> 
     </span>
    </p>
   </div>
   <div class='ocr_carea' id='block_1_107' title="bbox 1915 3838 3421 3911">
    <p class='ocr_par' dir='ltr' id='par_1_107' title="bbox 1915 3838 3421 3911">
     <span class='ocr_line' id='line_1_107' title="bbox 1915 3838 3421 3911; baseline 0.003 -17"><span class='ocrx_word' id='word_1_710' title='bbox 1915 3841 2057 3910; x_wconf 87' lang='lat' dir='ltr'><strong>quod</strong></span> <span class='ocrx_word' id='word_1_711' title='bbox 2098 3854 2199 3908; x_wconf 85' lang='lat' dir='ltr'><strong>pro</strong></span> <span class='ocrx_word' id='word_1_712' title='bbox 2250 3839 2433 3907; x_wconf 86' lang='lat' dir='ltr'><strong>glossa</strong></span> <span class='ocrx_word' id='word_1_713' title='bbox 2467 3838 2717 3911; x_wconf 15' lang='lat' dir='ltr'><strong>velrdts.</strong></span> <span class='ocrx_word' id='word_1_714' title='bbox 2754 3840 2809 3911; x_wconf 84' lang='lat' dir='ltr'><strong>in</strong></span> <span class='ocrx_word' id='word_1_715' title='bbox 2843 3840 2981 3907; x_wconf 73' lang='lat' dir='ltr'><strong>Reg.</strong></span> <span class='ocrx_word' id='word_1_716' title='bbox 3031 3842 3066 3894; x_wconf 74' lang='grc'>2</span> <span class='ocrx_word' id='word_1_717' title='bbox 3108 3843 3421 3911; x_wconf 76' lang='lat' dir='ltr'><strong>apponitur.</strong></span> 
     </span>
    </p>
   </div>
   <div class='ocr_carea' id='block_1_108' title="bbox 1989 3909 3546 3982">
    <p class='ocr_par' dir='ltr' id='par_1_108' title="bbox 1989 3909 3546 3982">
     <span class='ocr_line' id='line_1_108' title="bbox 1989 3909 3546 3982; baseline 0.006 -17"><span class='ocrx_word' id='word_1_718' title='bbox 1989 3911 2117 3968; x_wconf 82' lang='lat'><strong>151.</strong></span> <span class='ocrx_word' id='word_1_719' title='bbox 2150 3911 2367 3974; x_wconf 80' lang='lat' dir='ltr'><strong>Arntz.,</strong></span> <span class='ocrx_word' id='word_1_720' title='bbox 2402 3909 2621 3982; x_wconf 57' lang='lat' dir='ltr'><strong>schedia</strong></span> <span class='ocrx_word' id='word_1_721' title='bbox 2652 3910 2890 3974; x_wconf 85' lang='lat' dir='ltr'><strong>Poelnt.,</strong></span> <span class='ocrx_word' id='word_1_722' title='bbox 2934 3911 3069 3981; x_wconf 88' lang='lat' dir='ltr'><strong>Reg.</strong></span> <span class='ocrx_word' id='word_1_723' title='bbox 3100 3911 3156 3982; x_wconf 77' lang='lat'><strong>2,</strong></span> <span class='ocrx_word' id='word_1_724' title='bbox 3182 3909 3546 3975; x_wconf 69' lang='lat' dir='ltr'><strong>micuerunt:</strong></span> 
     </span>
    </p>
   </div>
   <div class='ocr_carea' id='block_1_109' title="bbox 1916 3981 3541 4053">
    <p class='ocr_par' dir='ltr' id='par_1_109' title="bbox 1916 3981 3541 4053">
     <span class='ocr_line' id='line_1_109' title="bbox 1916 3981 3541 4053; baseline 0.001 -17"><span class='ocrx_word' id='word_1_725' title='bbox 1916 3984 1968 4037; x_wconf 90' lang='lat' dir='ltr'><strong>in</strong></span> <span class='ocrx_word' id='word_1_726' title='bbox 2000 3982 2135 4051; x_wconf 81' lang='lat' dir='ltr'><strong>Reg.</strong></span> <span class='ocrx_word' id='word_1_727' title='bbox 2168 3984 2203 4035; x_wconf 65' lang='grc' dir='ltr'><strong>ι)</strong></span> <span class='ocrx_word' id='word_1_728' title='bbox 2232 3982 2437 4053; x_wconf 87' lang='lat' dir='ltr'><strong>glossa.</strong></span> <span class='ocrx_word' id='word_1_729' title='bbox 2479 3982 2564 4037; x_wconf 89' lang='lat' dir='ltr'><strong>vel</strong></span> <span class='ocrx_word' id='word_1_730' title='bbox 2596 3981 2649 4035; x_wconf 89' lang='lat' dir='ltr'><strong>d.</strong></span> <span class='ocrx_word' id='word_1_731' title='bbox 2682 3998 2753 4047; x_wconf 92' lang='lat' dir='ltr'><strong>s.,</strong></span> <span class='ocrx_word' id='word_1_732' title='bbox 2787 3983 3086 4047; x_wconf 82' lang='lat' dir='ltr'><strong>radiarunt,</strong></span> <span class='ocrx_word' id='word_1_733' title='bbox 3136 4002 3259 4053; x_wconf 71' lang='lat' dir='ltr'><strong>qua:</strong></span> <span class='ocrx_word' id='word_1_734' title='bbox 3291 4004 3541 4046; x_wconf 76' lang='lat' dir='ltr'><strong>commu—</strong></span> 
     </span>
    </p>
   </div>
   <div class='ocr_carea' id='block_1_110' title="bbox 1916 4052 3539 4124">
    <p class='ocr_par' dir='ltr' id='par_1_110' title="bbox 1916 4052 3539 4124">
     <span class='ocr_line' id='line_1_110' title="bbox 1916 4052 3539 4124; baseline 0.005 -15"><span class='ocrx_word' id='word_1_735' title='bbox 1916 4054 2040 4110; x_wconf 80' lang='lat' dir='ltr'><strong>nior</strong></span> <span class='ocrx_word' id='word_1_736' title='bbox 2069 4063 2155 4109; x_wconf 84' lang='lat' dir='ltr'><strong>est</strong></span> <span class='ocrx_word' id='word_1_737' title='bbox 2181 4052 2364 4109; x_wconf 77' lang='lat' dir='ltr'><strong>IeCtio.</strong></span> <span class='ocrx_word' id='word_1_738' title='bbox 2400 4052 2542 4108; x_wconf 85' lang='lat' dir='ltr'><strong>Editi</strong></span> <span class='ocrx_word' id='word_1_739' title='bbox 2577 4054 2825 4124; x_wconf 86' lang='lat' dir='ltr'><strong>plerique</strong></span> <span class='ocrx_word' id='word_1_740' title='bbox 2853 4052 3161 4123; x_wconf 84' lang='lat' dir='ltr'><strong>radiarunt,</strong></span> <span class='ocrx_word' id='word_1_741' title='bbox 3196 4057 3391 4114; x_wconf 88' lang='lat' dir='ltr'><strong>Parrh.</strong></span> <span class='ocrx_word' id='word_1_742' title='bbox 3441 4066 3539 4118; x_wconf 80' lang='lat' dir='ltr'><strong>nti-</strong></span> 
     </span>
    </p>
   </div>
   <div class='ocr_carea' id='block_1_111' title="bbox 1915 4125 3463 4193">
    <p class='ocr_par' dir='ltr' id='par_1_111' title="bbox 1915 4125 3463 4193">
     <span class='ocr_line' id='line_1_111' title="bbox 1915 4125 3463 4193; baseline 0.005 -13"><span class='ocrx_word' id='word_1_743' title='bbox 1915 4139 2153 4180; x_wconf 86' lang='lat' dir='ltr'><strong>cuerunt.</strong></span> <span class='ocrx_word' id='word_1_744' title='bbox 2190 4127 2245 4181; x_wconf 92' lang='lat' dir='ltr'><strong>In</strong></span> <span class='ocrx_word' id='word_1_745' title='bbox 2274 4125 2387 4181; x_wconf 91' lang='lat' dir='ltr'><strong>Ott.</strong></span> <span class='ocrx_word' id='word_1_746' title='bbox 2418 4129 2437 4180; x_wconf 80' lang='grc'><strong>1</strong></span> <span class='ocrx_word' id='word_1_747' title='bbox 2476 4128 2752 4193; x_wconf 89' lang='lat' dir='ltr'><strong>posterior</strong></span> <span class='ocrx_word' id='word_1_748' title='bbox 2776 4143 2974 4182; x_wconf 89' lang='lat' dir='ltr'><strong>manus</strong></span> <span class='ocrx_word' id='word_1_749' title='bbox 3005 4128 3130 4183; x_wconf 77' lang='lat' dir='ltr'><strong>fecit</strong></span> <span class='ocrx_word' id='word_1_750' title='bbox 3165 4135 3463 4188; x_wconf 82' lang='lat' dir='ltr'><strong>radiaruut.</strong></span> 
     </span>
    </p>
   </div>
   <div class='ocr_carea' id='block_1_112' title="bbox 1993 4196 3540 4270">
    <p class='ocr_par' dir='ltr' id='par_1_112' title="bbox 1993 4196 3540 4270">
     <span class='ocr_line' id='line_1_112' title="bbox 1993 4196 3540 4270; baseline 0.007 -18"><span class='ocrx_word' id='word_1_751' title='bbox 1993 4197 2120 4253; x_wconf 70' lang='lat'><strong>152.</strong></span> <span class='ocrx_word' id='word_1_752' title='bbox 2154 4198 2312 4252; x_wconf 88' lang='lat' dir='ltr'><strong>Rom.</strong></span> <span class='ocrx_word' id='word_1_753' title='bbox 2353 4196 2429 4252; x_wconf 87' lang='lat' dir='ltr'><strong>De</strong></span> <span class='ocrx_word' id='word_1_754' title='bbox 2457 4198 2687 4269; x_wconf 85' lang='lat' dir='ltr'><strong>quodam</strong></span> <span class='ocrx_word' id='word_1_755' title='bbox 2713 4214 2875 4270; x_wconf 72' lang='lat' dir='ltr'><strong>a’gro.</strong></span> <span class='ocrx_word' id='word_1_756' title='bbox 2932 4200 3145 4256; x_wconf 86' lang='lat' dir='ltr'><strong>Poelm.</strong></span> <span class='ocrx_word' id='word_1_757' title='bbox 3205 4202 3540 4265; x_wconf 74' lang='lat' dir='ltr'><strong>Dwmom‘um</strong></span> 
     </span>
    </p>
   </div>
   <div class='ocr_carea' id='block_1_113' title="bbox 1917 4273 2855 4325">
    <p class='ocr_par' dir='ltr' id='par_1_113' title="bbox 1917 4273 2855 4325">
     <span class='ocr_line' id='line_1_113' title="bbox 1917 4273 2855 4325; baseline 0.001 -3"><span class='ocrx_word' id='word_1_758' title='bbox 1917 4282 2117 4323; x_wconf 88' lang='lat' dir='ltr'><strong>mutum</strong></span> <span class='ocrx_word' id='word_1_759' title='bbox 2147 4273 2376 4325; x_wconf 81' lang='lat' dir='ltr'><strong>eiicitur.</strong></span> <span class='ocrx_word' id='word_1_760' title='bbox 2849 4295 2855 4300; x_wconf 87' lang='lat'><strong><em>-</em></strong></span> 
     </span>
    </p>
   </div>
   <div class='ocr_carea' id='block_1_114' title="bbox 1991 4341 3541 4415">
    <p class='ocr_par' dir='ltr' id='par_1_114' title="bbox 1991 4341 3541 4415">
     <span class='ocr_line' id='line_1_114' title="bbox 1991 4341 3541 4415; baseline 0.005 -18"><span class='ocrx_word' id='word_1_761' title='bbox 1991 4342 2119 4397; x_wconf 75' lang='lat'><strong>156.</strong></span> <span class='ocrx_word' id='word_1_762' title='bbox 2148 4341 2307 4415; x_wconf 81' lang='lat' dir='ltr'><strong>Urb.,</strong></span> <span class='ocrx_word' id='word_1_763' title='bbox 2334 4341 2714 4415; x_wconf 81' lang='lat' dir='ltr'><strong>Rom._errore</strong></span> <span class='ocrx_word' id='word_1_764' title='bbox 2737 4344 2971 4398; x_wconf 87' lang='lat' dir='ltr'><strong>metrico</strong></span> <span class='ocrx_word' id='word_1_765' title='bbox 2997 4355 3367 4415; x_wconf 85' lang='lat' dir='ltr'><strong>transponunt</strong></span> <span class='ocrx_word' id='word_1_766' title='bbox 3398 4349 3541 4405; x_wconf 83' lang='lat' dir='ltr'><strong>Deus</strong></span> 
     </span>
    </p>
   </div>
   <div class='ocr_carea' id='block_1_115' title="bbox 1913 4413 3538 4478">
    <p class='ocr_par' dir='ltr' id='par_1_115' title="bbox 1913 4413 3538 4478">
     <span class='ocr_line' id='line_1_115' title="bbox 1913 4413 3538 4478; baseline 0.006 -10"><span class='ocrx_word' id='word_1_767' title='bbox 1913 4415 2093 4469; x_wconf 85' lang='lat' dir='ltr'><strong>versis.</strong></span> <span class='ocrx_word' id='word_1_768' title='bbox 2128 4414 2279 4471; x_wconf 85' lang='lat' dir='ltr'><strong>Meus</strong></span> <span class='ocrx_word' id='word_1_769' title='bbox 2309 4415 2467 4469; x_wconf 82' lang='lat' dir='ltr'><strong>versis</strong></span> <span class='ocrx_word' id='word_1_770' title='bbox 2495 4413 2749 4468; x_wconf 84' lang='lat' dir='ltr'><strong>Dominus</strong></span> <span class='ocrx_word' id='word_1_771' title='bbox 2778 4418 3045 4470; x_wconf 86' lang='lat' dir='ltr'><strong>contraria</strong></span> <span class='ocrx_word' id='word_1_772' title='bbox 3072 4413 3207 4473; x_wconf 77' lang='lat' dir='ltr'><strong>:sed</strong></span> <span class='ocrx_word' id='word_1_773' title='bbox 3234 4420 3391 4476; x_wconf 88' lang='lat' dir='ltr'><strong>deest</strong></span> <span class='ocrx_word' id='word_1_774' title='bbox 3413 4437 3538 4478; x_wconf 86' lang='lat' dir='ltr'><strong>sen-</strong></span> 
     </span>
    </p>
   </div>
   <div class='ocr_carea' id='block_1_116' title="bbox 1912 4487 3535 4559">
    <p class='ocr_par' dir='ltr' id='par_1_116' title="bbox 1912 4487 3535 4559">
     <span class='ocr_line' id='line_1_116' title="bbox 1912 4487 3535 4559; baseline 0.005 -18"><span class='ocrx_word' id='word_1_775' title='bbox 1912 4501 2035 4552; x_wconf 88' lang='lat' dir='ltr'><strong>sus;</strong></span> <span class='ocrx_word' id='word_1_776' title='bbox 2064 4487 2132 4541; x_wconf 87' lang='lat' dir='ltr'><strong>ad</strong></span> <span class='ocrx_word' id='word_1_777' title='bbox 2181 4504 2353 4559; x_wconf 87' lang='lat' dir='ltr'><strong>tnarg.</strong></span> <span class='ocrx_word' id='word_1_778' title='bbox 2407 4501 2505 4556; x_wconf 89' lang='lat' dir='ltr'><strong>pro</strong></span> <span class='ocrx_word' id='word_1_779' title='bbox 2549 4487 2606 4542; x_wconf 90' lang='lat' dir='ltr'><strong>d.</strong></span> <span class='ocrx_word' id='word_1_780' title='bbox 2638 4504 2686 4541; x_wconf 88' lang='lat' dir='ltr'><strong>s.</strong></span> <span class='ocrx_word' id='word_1_781' title='bbox 2736 4498 2887 4544; x_wconf 89' lang='lat' dir='ltr'><strong>recte</strong></span> <span class='ocrx_word' id='word_1_782' title='bbox 2929 4491 3087 4544; x_wconf 86' lang='lat' dir='ltr'><strong>versis</strong></span> <span class='ocrx_word' id='word_1_783' title='bbox 3134 4488 3279 4546; x_wconf 84' lang='lat' dir='ltr'><strong>Deus</strong></span> <span class='ocrx_word' id='word_1_784' title='bbox 3323 4493 3379 4547; x_wconf 87' lang='lat' dir='ltr'><strong>in</strong></span> <span class='ocrx_word' id='word_1_785' title='bbox 3408 4510 3535 4550; x_wconf 82' lang='lat' dir='ltr'><strong>con-</strong></span> 
     </span>
    </p>
   </div>
   <div class='ocr_carea' id='block_1_117' title="bbox 1914 4562 2096 4613">
    <p class='ocr_par' dir='ltr' id='par_1_117' title="bbox 1914 4562 2096 4613">
     <span class='ocr_line' id='line_1_117' title="bbox 1914 4562 2096 4613; baseline 0 -2"><span class='ocrx_word' id='word_1_786' title='bbox 1914 4562 2096 4613; x_wconf 85' lang='lat' dir='ltr'><strong>traria.</strong></span> 
     </span>
    </p>
   </div>
   <div class='ocr_carea' id='block_1_118' title="bbox 1987 4629 3533 4715">
    <p class='ocr_par' dir='ltr' id='par_1_118' title="bbox 1987 4629 3533 4715">
     <span class='ocr_line' id='line_1_118' title="bbox 1987 4629 3533 4715; baseline 0.004 -28"><span class='ocrx_word' id='word_1_787' title='bbox 1987 4633 2111 4687; x_wconf 82' lang='lat'><strong>158.</strong></span> <span class='ocrx_word' id='word_1_788' title='bbox 2144 4631 2305 4715; x_wconf 61' lang='lat' dir='ltr'><strong>Rom.</strong></span> <span class='ocrx_word' id='word_1_789' title='bbox 2340 4629 2441 4686; x_wconf 87' lang='lat' dir='ltr'><strong>Ubi</strong></span> <span class='ocrx_word' id='word_1_790' title='bbox 2464 4630 2723 4686; x_wconf 86' lang='lat' dir='ltr'><strong>Dominus</strong></span> <span class='ocrx_word' id='word_1_791' title='bbox 2749 4631 2899 4687; x_wconf 84' lang='lat' dir='ltr'><strong>dedit</strong></span> <span class='ocrx_word' id='word_1_792' title='bbox 2920 4642 3230 4711; x_wconf 69' lang='lat' dir='ltr'><strong>potestatem</strong></span> <span class='ocrx_word' id='word_1_793' title='bbox 3261 4638 3533 4710; x_wconf 82' lang='lat' dir='ltr'><strong>discipulis</strong></span> 
     </span>
    </p>
   </div>
   <div class='ocr_carea' id='block_1_119' title="bbox 1912 4720 2292 4770">
    <p class='ocr_par' dir='ltr' id='par_1_119' title="bbox 1912 4720 2292 4770">
     <span class='ocr_line' id='line_1_119' title="bbox 1912 4720 2292 4770; baseline 0.005 -15"><span class='ocrx_word' id='word_1_794' title='bbox 1912 4720 2069 4770; x_wconf 80' lang='lat' dir='ltr'><strong>super</strong></span> <span class='ocrx_word' id='word_1_795' title='bbox 2094 4720 2292 4758; x_wconf 86' lang='lat' dir='ltr'><strong>omma.</strong></span> 
     </span>
    </p>
   </div>
   <div class='ocr_carea' id='block_1_120' title="bbox 1989 4774 3536 4849">
    <p class='ocr_par' dir='ltr' id='par_1_120' title="bbox 1989 4774 3536 4849">
     <span class='ocr_line' id='line_1_120' title="bbox 1989 4774 3536 4849; baseline 0.005 -20"><span class='ocrx_word' id='word_1_796' title='bbox 1989 4774 2112 4830; x_wconf 81' lang='lat'><strong>159.</strong></span> <span class='ocrx_word' id='word_1_797' title='bbox 2144 4777 2263 4831; x_wconf 81' lang='lat' dir='ltr'><strong>Vat.</strong></span> <span class='ocrx_word' id='word_1_798' title='bbox 2300 4776 2354 4839; x_wconf 81' lang='lat'><strong>1,</strong></span> <span class='ocrx_word' id='word_1_799' title='bbox 2385 4776 2508 4830; x_wconf 83' lang='lat' dir='ltr'><strong>totis</strong></span> <span class='ocrx_word' id='word_1_800' title='bbox 2530 4774 2807 4830; x_wconf 84' lang='lat' dir='ltr'><strong>virtutibus</strong></span> <span class='ocrx_word' id='word_1_801' title='bbox 2838 4785 2885 4830; x_wconf 86' lang='lat' dir='ltr'><strong>et</strong></span> <span class='ocrx_word' id='word_1_802' title='bbox 2913 4778 3071 4830; x_wconf 84' lang='lat' dir='ltr'><strong>simul</strong></span> <span class='ocrx_word' id='word_1_803' title='bbox 3095 4777 3333 4849; x_wconf 77' lang='lat' dir='ltr'><strong>impletis.</strong></span> <span class='ocrx_word' id='word_1_804' title='bbox 3357 4780 3536 4836; x_wconf 85' lang='lat' dir='ltr'><strong>Vonc-</strong></span> 
     </span>
    </p>
   </div>
   <div class='ocr_carea' id='block_1_121' title="bbox 1918 4848 3535 4919">
    <p class='ocr_par' dir='ltr' id='par_1_121' title="bbox 1918 4848 3535 4919">
     <span class='ocr_line' id='line_1_121' title="bbox 1918 4848 3535 4919; baseline 0.004 -17"><span class='ocrx_word' id='word_1_805' title='bbox 1918 4848 2042 4903; x_wconf 85' lang='lat' dir='ltr'><strong>kius</strong></span> <span class='ocrx_word' id='word_1_806' title='bbox 2073 4851 2170 4909; x_wconf 77' lang='lat' dir='ltr'><strong>ait,</strong></span> <span class='ocrx_word' id='word_1_807' title='bbox 2196 4864 2417 4903; x_wconf 82' lang='lat' dir='ltr'><strong>sensum</strong></span> <span class='ocrx_word' id='word_1_808' title='bbox 2441 4849 2667 4919; x_wconf 83' lang='lat' dir='ltr'><strong>exigere</strong></span> <span class='ocrx_word' id='word_1_809' title='bbox 2691 4858 2766 4902; x_wconf 85' lang='lat' dir='ltr'><strong>tot</strong></span> <span class='ocrx_word' id='word_1_810' title='bbox 2782 4864 2969 4919; x_wconf 81' lang='lat' dir='ltr'><strong>eosque</strong></span> <span class='ocrx_word' id='word_1_811' title='bbox 2997 4848 3173 4902; x_wconf 83' lang='lat' dir='ltr'><strong>simul.</strong></span> <span class='ocrx_word' id='word_1_812' title='bbox 3200 4852 3393 4906; x_wconf 77' lang='lat' dir='ltr'><strong>Merito</strong></span> <span class='ocrx_word' id='word_1_813' title='bbox 3421 4853 3535 4907; x_wconf 84' lang='lat' dir='ltr'><strong>dis—</strong></span> 
     </span>
    </p>
   </div>
   <div class='ocr_carea' id='block_1_122' title="bbox 1916 4919 3532 4991">
    <p class='ocr_par' dir='ltr' id='par_1_122' title="bbox 1916 4919 3532 4991">
     <span class='ocr_line' id='line_1_122' title="bbox 1916 4919 3532 4991; baseline 0 -16"><span class='ocrx_word' id='word_1_814' title='bbox 1916 4924 2086 4975; x_wconf 86' lang='lat' dir='ltr'><strong>sentit</strong></span> <span class='ocrx_word' id='word_1_815' title='bbox 2113 4920 2509 4991; x_wconf 73' lang='lat' dir='ltr'><strong>Woltkensins,</strong></span> <span class='ocrx_word' id='word_1_816' title='bbox 2556 4922 2647 4989; x_wconf 83' lang='lat' dir='ltr'><strong>qui</strong></span> <span class='ocrx_word' id='word_1_817' title='bbox 2703 4930 2755 4971; x_wconf 82' lang='lat' dir='ltr'><strong>et</strong></span> <span class='ocrx_word' id='word_1_818' title='bbox 2796 4919 2912 4986; x_wconf 81' lang='lat' dir='ltr'><strong>ipse</strong></span> <span class='ocrx_word' id='word_1_819' title='bbox 2954 4921 3174 4986; x_wconf 64' lang='lat' dir='ltr'><strong>Cttlljltfll</strong></span> <span class='ocrx_word' id='word_1_820' title='bbox 3205 4932 3434 4990; x_wconf 81' lang='lat' dir='ltr'><strong>talosque</strong></span> <span class='ocrx_word' id='word_1_821' title='bbox 3462 4928 3532 4977; x_wconf 86' lang='lat' dir='ltr'><strong>si—</strong></span> 
     </span>
    </p>
   </div>
   <div class='ocr_carea' id='block_1_123' title="bbox 1914 4991 3528 5060">
    <p class='ocr_par' dir='ltr' id='par_1_123' title="bbox 1914 4991 3528 5060">
     <span class='ocr_line' id='line_1_123' title="bbox 1914 4991 3528 5060; baseline 0.002 -14"><span class='ocrx_word' id='word_1_822' title='bbox 1914 4994 2049 5052; x_wconf 87' lang='lat' dir='ltr'><strong>mul.</strong></span> <span class='ocrx_word' id='word_1_823' title='bbox 2081 4995 2116 5047; x_wconf 89' lang='lat' dir='ltr'><strong>i.</strong></span> <span class='ocrx_word' id='word_1_824' title='bbox 2143 5001 2220 5056; x_wconf 59' lang='grc' dir='ltr'><strong>θ..</strong></span> <span class='ocrx_word' id='word_1_825' title='bbox 2254 5010 2453 5056; x_wconf 80' lang='lat' dir='ltr'><strong>omnes,</strong></span> <span class='ocrx_word' id='word_1_826' title='bbox 2486 4996 2582 5045; x_wconf 80' lang='lat' dir='ltr'><strong>Sed</strong></span> <span class='ocrx_word' id='word_1_827' title='bbox 2616 4991 2819 5046; x_wconf 85' lang='lat' dir='ltr'><strong>retinet</strong></span> <span class='ocrx_word' id='word_1_828' title='bbox 2863 4991 3084 5060; x_wconf 78' lang='lat' dir='ltr'><strong>totisque</strong></span> <span class='ocrx_word' id='word_1_829' title='bbox 3130 5007 3227 5059; x_wconf 89' lang='lat' dir='ltr'><strong>pro</strong></span> <span class='ocrx_word' id='word_1_830' title='bbox 3269 4994 3528 5049; x_wconf 84' lang='lat' dir='ltr'><strong>omnibus.</strong></span> 
     </span>
    </p>
   </div>
   <div class='ocr_carea' id='block_1_124' title="bbox 1915 5062 3532 5131">
    <p class='ocr_par' dir='ltr' id='par_1_124' title="bbox 1915 5062 3532 5131">
     <span class='ocr_line' id='line_1_124' title="bbox 1915 5062 3532 5131; baseline -0.002 -16"><span class='ocrx_word' id='word_1_831' title='bbox 1915 5065 2207 5121; x_wconf 84' lang='lat' dir='ltr'><strong>Notionem</strong></span> <span class='ocrx_word' id='word_1_832' title='bbox 2240 5066 2381 5120; x_wconf 87' lang='lat' dir='ltr'><strong>hanc</strong></span> <span class='ocrx_word' id='word_1_833' title='bbox 2410 5064 2560 5119; x_wconf 80' lang='lat' dir='ltr'><strong>vocis</strong></span> <span class='ocrx_word' id='word_1_834' title='bbox 2591 5074 2727 5117; x_wconf 84' lang='lat' dir='ltr'><strong>totus</strong></span> <span class='ocrx_word' id='word_1_835' title='bbox 2761 5078 2859 5131; x_wconf 91' lang='lat' dir='ltr'><strong>pro</strong></span> <span class='ocrx_word' id='word_1_836' title='bbox 2899 5062 3090 5127; x_wconf 84' lang='lat' dir='ltr'><strong>omnis,</strong></span> <span class='ocrx_word' id='word_1_837' title='bbox 3126 5064 3364 5131; x_wconf 84' lang='lat' dir='ltr'><strong>seqttiori</strong></span> <span class='ocrx_word' id='word_1_838' title='bbox 3415 5082 3532 5119; x_wconf 67' lang='grc' dir='ltr'><strong>ςιινο</strong></span> 
     </span>
    </p>
   </div>
   <div class='ocr_carea' id='block_1_125' title="bbox 1918 5131 3531 5209">
    <p class='ocr_par' dir='ltr' id='par_1_125' title="bbox 1918 5131 3531 5209">
     <span class='ocr_line' id='line_1_125' title="bbox 1918 5131 3531 5209; baseline 0.001 -19"><span class='ocrx_word' id='word_1_839' title='bbox 1918 5138 2245 5209; x_wconf 84' lang='lat' dir='ltr'><strong>adhibitam,</strong></span> <span class='ocrx_word' id='word_1_840' title='bbox 2310 5139 2362 5191; x_wconf 94' lang='lat' dir='ltr'><strong>in</strong></span> <span class='ocrx_word' id='word_1_841' title='bbox 2403 5136 2652 5209; x_wconf 41' lang='lat' dir='ltr'><strong>ingnio</strong></span> <span class='ocrx_word' id='word_1_842' title='bbox 2696 5144 2755 5209; x_wconf 85' lang='lat' dir='ltr'><strong>et</strong></span> <span class='ocrx_word' id='word_1_843' title='bbox 2799 5132 3067 5209; x_wconf 71' lang='lat' dir='ltr'><strong>Cicerone</strong></span> <span class='ocrx_word' id='word_1_844' title='bbox 3117 5131 3315 5209; x_wconf 71' lang='lat' dir='ltr'><strong>frustra</strong></span> <span class='ocrx_word' id='word_1_845' title='bbox 3362 5139 3531 5209; x_wconf 53' lang='lat' dir='ltr'><strong>qnjrri</strong></span> 
     </span>
    </p>
   </div>
   <div class='ocr_carea' id='block_1_126' title="bbox 1920 5202 3527 5270">
    <p class='ocr_par' dir='ltr' id='par_1_126' title="bbox 1920 5202 3527 5270">
     <span class='ocr_line' id='line_1_126' title="bbox 1920 5202 3527 5270; baseline -0.003 -8"><span class='ocrx_word' id='word_1_846' title='bbox 1920 5208 2157 5262; x_wconf 77' lang='lat' dir='ltr'><strong>afﬁrmat</strong></span> <span class='ocrx_word' id='word_1_847' title='bbox 2210 5202 2352 5262; x_wconf 82' lang='lat' dir='ltr'><strong>idem</strong></span> <span class='ocrx_word' id='word_1_848' title='bbox 2402 5202 2799 5267; x_wconf 67' lang='lat' dir='ltr'><strong>“&#39;opkensius.</strong></span> <span class='ocrx_word' id='word_1_849' title='bbox 2859 5202 2965 5257; x_wconf 89' lang='lat' dir='ltr'><strong>Alii</strong></span> <span class='ocrx_word' id='word_1_850' title='bbox 3024 5203 3219 5257; x_wconf 86' lang='lat' dir='ltr'><strong>similia</strong></span> <span class='ocrx_word' id='word_1_851' title='bbox 3280 5202 3527 5270; x_wconf 74' lang='lat' dir='ltr'><strong>exenipla</strong></span> 
     </span>
    </p>
   </div>
   <div class='ocr_carea' id='block_1_127' title="bbox 1918 5274 3534 5351">
    <p class='ocr_par' dir='ltr' id='par_1_127' title="bbox 1918 5274 3534 5351">
     <span class='ocr_line' id='line_1_127' title="bbox 1918 5274 3534 5351; baseline -0.007 -18"><span class='ocrx_word' id='word_1_852' title='bbox 1918 5280 2114 5351; x_wconf 76' lang='lat' dir='ltr'><strong>Plauti,</strong></span> <span class='ocrx_word' id='word_1_853' title='bbox 2146 5279 2363 5333; x_wconf 61' lang='lat' dir='ltr'><strong>thdri</strong></span> <span class='ocrx_word' id='word_1_854' title='bbox 2402 5287 2457 5333; x_wconf 89' lang='lat' dir='ltr'><strong>et</strong></span> <span class='ocrx_word' id='word_1_855' title='bbox 2489 5277 2645 5351; x_wconf 76' lang='lat' dir='ltr'><strong>llirtii</strong></span> <span class='ocrx_word' id='word_1_856' title='bbox 2681 5276 2955 5351; x_wconf 78' lang='lat' dir='ltr'><strong>allegant.</strong></span> <span class='ocrx_word' id='word_1_857' title='bbox 2998 5274 3326 5351; x_wconf 24' lang='lat' dir='ltr'><strong>(Alonjectura</strong></span> <span class='ocrx_word' id='word_1_858' title='bbox 3364 5278 3534 5351; x_wconf 78' lang='lat' dir='ltr'><strong>Wnp-</strong></span> 
     </span>
    </p>
   </div>
   <div class='ocr_carea' id='block_1_128' title="bbox 1916 5348 3529 5423">
    <p class='ocr_par' dir='ltr' id='par_1_128' title="bbox 1916 5348 3529 5423">
     <span class='ocr_line' id='line_1_128' title="bbox 1916 5348 3529 5423; baseline -0.001 -16"><span class='ocrx_word' id='word_1_859' title='bbox 1916 5349 2091 5408; x_wconf 85' lang='lat' dir='ltr'><strong>kensii</strong></span> <span class='ocrx_word' id='word_1_860' title='bbox 2121 5360 2355 5423; x_wconf 84' lang='lat' dir='ltr'><strong>totosque</strong></span> <span class='ocrx_word' id='word_1_861' title='bbox 2379 5350 2648 5423; x_wconf 76' lang='lat' dir='ltr'><strong>reperitur</strong></span> <span class='ocrx_word' id='word_1_862' title='bbox 2679 5348 2890 5423; x_wconf 83' lang='lat' dir='ltr'><strong>itt__nte0</strong></span> <span class='ocrx_word' id='word_1_863' title='bbox 2924 5348 3159 5423; x_wconf 18' lang='lat' dir='ltr'><strong>rCOtI-Ice;</strong></span> <span class='ocrx_word' id='word_1_864' title='bbox 3208 5351 3303 5403; x_wconf 79' lang='lat' dir='ltr'><strong>sed</strong></span> <span class='ocrx_word' id='word_1_865' title='bbox 3336 5348 3529 5423; x_wconf 70' lang='lat' dir='ltr'><strong>cadent</strong></span> 
     </span>
    </p>
   </div>
   <div class='ocr_carea' id='block_1_129' title="bbox 1916 5418 3533 5489">
    <p class='ocr_par' dir='ltr' id='par_1_129' title="bbox 1916 5418 3533 5489">
     <span class='ocr_line' id='line_1_129' title="bbox 1916 5418 3533 5489; baseline 0.001 -12"><span class='ocrx_word' id='word_1_866' title='bbox 1916 5438 2109 5477; x_wconf 90' lang='lat' dir='ltr'><strong>manus</strong></span> <span class='ocrx_word' id='word_1_867' title='bbox 2141 5418 2379 5477; x_wconf 82' lang='lat' dir='ltr'><strong>correxit</strong></span> <span class='ocrx_word' id='word_1_868' title='bbox 2426 5418 2665 5489; x_wconf 72' lang='lat' dir='ltr'><strong>tutisque.</strong></span> <span class='ocrx_word' id='word_1_869' title='bbox 2728 5418 2876 5472; x_wconf 86' lang='lat' dir='ltr'><strong>llanc</strong></span> <span class='ocrx_word' id='word_1_870' title='bbox 2921 5420 3209 5473; x_wconf 85' lang='lat' dir='ltr'><strong>lectionem</strong></span> <span class='ocrx_word' id='word_1_871' title='bbox 3243 5421 3533 5479; x_wconf 81' lang='lat' dir='ltr'><strong>conﬁrmat</strong></span> 
     </span>
    </p>
   </div>
   <div class='ocr_carea' id='block_1_130' title="bbox 1912 5491 3532 5565">
    <p class='ocr_par' dir='ltr' id='par_1_130' title="bbox 1912 5491 3532 5565">
     <span class='ocr_line' id='line_1_130' title="bbox 1912 5491 3532 5565; baseline 0.001 -16"><span class='ocrx_word' id='word_1_872' title='bbox 1912 5510 2119 5565; x_wconf 86' lang='lat' dir='ltr'><strong>prosa:</strong></span> <span class='ocrx_word' id='word_1_873' title='bbox 2169 5501 2226 5547; x_wconf 92' lang='lat' dir='ltr'><strong>et</strong></span> <span class='ocrx_word' id='word_1_874' title='bbox 2275 5507 2557 5562; x_wconf 85' lang='lat' dir='ltr'><strong>exponere</strong></span> <span class='ocrx_word' id='word_1_875' title='bbox 2611 5505 2926 5561; x_wconf 89' lang='lat' dir='ltr'><strong>possumus,</strong></span> <span class='ocrx_word' id='word_1_876' title='bbox 2982 5491 3222 5562; x_wconf 82' lang='lat' dir='ltr'><strong>integris,</strong></span> <span class='ocrx_word' id='word_1_877' title='bbox 3278 5496 3532 5551; x_wconf 82' lang='lat' dir='ltr'><strong>universis</strong></span> 
     </span>
    </p>
   </div>
   <div class='ocr_carea' id='block_1_131' title="bbox 1907 5565 3095 5635">
    <p class='ocr_par' dir='ltr' id='par_1_131' title="bbox 1907 5565 3095 5635">
     <span class='ocr_line' id='line_1_131' title="bbox 1907 5565 3095 5635; baseline -0.006 -15"><span class='ocrx_word' id='word_1_878' title='bbox 1907 5566 2176 5621; x_wconf 84' lang='lat' dir='ltr'><strong>virtutibus</strong></span> <span class='ocrx_word' id='word_1_879' title='bbox 2201 5565 2448 5635; x_wconf 80' lang='lat' dir='ltr'><strong>implens.</strong></span> <span class='ocrx_word' id='word_1_880' title='bbox 3092 5594 3095 5595; x_wconf 52' lang='grc' dir='ltr'><em>ν</em></span> 
     </span>
    </p>
   </div>
   <div class='ocr_carea' id='block_1_132' title="bbox 1915 5727 3537 5799">
    <p class='ocr_par' dir='ltr' id='par_1_132' title="bbox 1915 5727 3537 5799">
     <span class='ocr_line' id='line_1_132' title="bbox 1915 5727 3537 5799; baseline 0.007 -19"><span class='ocrx_word' id='word_1_881' title='bbox 1915 5746 2011 5799; x_wconf 87' lang='lat' dir='ltr'><strong>pro</strong></span> <span class='ocrx_word' id='word_1_882' title='bbox 2037 5740 2334 5783; x_wconf 84' lang='lat' dir='ltr'><strong>mereretur.</strong></span> <span class='ocrx_word' id='word_1_883' title='bbox 2410 5727 2639 5783; x_wconf 75' lang='lat' dir='ltr'><strong>Mutatio</strong></span> <span class='ocrx_word' id='word_1_884' title='bbox 2682 5727 2872 5783; x_wconf 86' lang='lat' dir='ltr'><strong>istbaec</strong></span> <span class='ocrx_word' id='word_1_885' title='bbox 2906 5737 3214 5799; x_wconf 87' lang='lat' dir='ltr'><strong>temporum</strong></span> <span class='ocrx_word' id='word_1_886' title='bbox 3251 5728 3537 5792; x_wconf 77' lang='lat' dir='ltr'><strong>familiaris</strong></span> 
     </span>
    </p>
   </div>
   <div class='ocr_carea' id='block_1_133' title="bbox 1911 5801 2937 5874">
    <p class='ocr_par' dir='ltr' id='par_1_133' title="bbox 1911 5801 2937 5874">
     <span class='ocr_line' id='line_1_133' title="bbox 1911 5801 2937 5874; baseline -0.005 -14"><span class='ocrx_word' id='word_1_887' title='bbox 1911 5813 1995 5860; x_wconf 86' lang='lat' dir='ltr'><strong>est</strong></span> <span class='ocrx_word' id='word_1_888' title='bbox 2021 5802 2380 5874; x_wconf 83' lang='lat' dir='ltr'><strong>scriptoribus</strong></span> <span class='ocrx_word' id='word_1_889' title='bbox 2410 5801 2687 5872; x_wconf 89' lang='lat' dir='ltr'><strong>sequioris</strong></span> <span class='ocrx_word' id='word_1_890' title='bbox 2733 5801 2937 5857; x_wconf 66' lang='lat' dir='ltr'><strong>aetatis.</strong></span> 
     </span>
    </p>
   </div>
   <div class='ocr_carea' id='block_1_134' title="bbox 2999 5894 3072 5954">
    <p class='ocr_par' dir='ltr' id='par_1_134' title="bbox 2999 5894 3072 5954">
     <span class='ocr_line' id='line_1_134' title="bbox 2999 5894 3072 5954; baseline 0 0"><span class='ocrx_word' id='word_1_891' title='bbox 2999 5894 3072 5954; x_wconf 76' lang='lat'><strong>21</strong></span> 
     </span>
    </p>
   </div>
  </div>
