3904 6314
441 270 541 325 651

442 388 548 448 160
586 390 686 459 lte,
709 387 807 456 ait,
834 394 889 444 et
917 386 1103 442 tristes
1131 384 1446 439 morborum
1470 381 1747 439 excludite
1771 393 1978 456 pestes,

589 482 700 541 Sed
721 482 925 538 domus
951 478 1117 534 lsrael
1142 477 1291 550 (quia
1326 475 1560 533 necdum
1592 475 1816 533 nomine
1857 486 2053 548 gentes

593 576 757 651 255
784 576 1023 630 Auxerat
1059 569 1164 628 hoc
1186 570 1427 643 omnes),
1451 569 1713 627 emtor-um
1739 567 1908 626 dicite
1933 585 2058 643 res-

1400 728 1405 749 ι
1782 662 1981 737 tuum.

604 764 898 825 Damoniis
925 763 1136 820 auferte
1166 762 1348 817 locum
1372 804 1387 830 ,
1421 757 1688 831 depellite
1717 756 1966 829 lepram;

599 864 919 933 Functaque
946 859 1231 917 subductae
1260 864 1517 914 revocate
1538 854 1803 913 cadavera
1829 854 1974 911 vitae.

464 962 565 1020 l65
603 957 935 1032 Sumpsistis
964 956 1167 1029 gratis,
1202 953 1415 1010 cunctis
1444 950 1740 1023 impendite
1767 950 1959 1021 gratis.
2030 952 2033 957 ’

594 1057 674 1112 Ac
699 1053 850 1110 velut
875 1052 980 1107 hoc
1008 1049 1218 1117 dicens,
1244 1047 1359 1118 Ego
1382 1045 1538 1103 vobis
1567 1043 1768 1116 quippe
1789 1042 2058 1099 ministris

597 1150 908 1209 Servandos
937 1145 1221 1204 committo
1240 1157 1457 1215 greges,
1480 1155 1582 1212 ego
1610 1138 1848 1210 denique
1877 1146 2061 1208 pastor

591 1244 724 1302 Sum
750 1244 931 1299 bonus
954 1283 969 1309 ,
987 1249 1042 1296 et
1065 1235 1315 1310 proprios
1334 1233 1400 1288 ad
1426 1234 1626 1289 victum
1652 1231 1854 1302 largi0r
1876 1242 2058 1301 agros.

603 1339 776 1396 Nemo
795 1336 929 1393 meis
944 1335 1159 1399 ovibus,
1178 1346 1300 1405 quae
1326 1338 1451 1387 sunt
1474 1344 1618 1397 mea,
1632 1341 1829 1399 pascua
1844 1325 2059 1383 vendat.

436 1438 559 1502 ,170
601 1436 729 1492 Haec
758 1435 816 1490 in
846 1430 1192 1504 Apostolicas
1221 1427 1347 1485 ideo
1379 1426 1535 1498 prius
1560 1422 1732 1481 edidit
1761 1437 1924 1489 aures

1847 265 2063 327 C(ELII
2105 266 2382 328 SEDULII
3662 268 3705 323 6‘
3723 270 3748 322 Ξ

2077 408 2134 471 Α

2299 384 2938 457 Omnipotens,utabliis
2947 385 3060 458 jam
3090 400 3215 442 sese
3247 392 3479 441 auctore
3504 386 3747 455 magistris

2303 477 2361 533 in
2386 478 2659 549 reliquum
2689 476 2938 535 doctrina
2965 476 3143 535 ﬂuens
3173 477 3499 533 decurreret
3535 495 3716 531 :evum.

2304 569 2553 639 Qualiter
2587 586 2652 628 ex
2685 586 2796 627 uno
2826 569 3066 642 paradisi
3099 569 3252 626 fonte
3283 571 3541 642 leguntur

2304 664 2473 739 256.
2524 665 2796 737 Quattuor
2841 665 3095 736 ingentes
3148 663 3458 735 procedere
3521 663 3748 719 cursibus

2726 829 2731 832 ξ
3490 755 3690 830 [amnes

2164 852 2270 912 175
2307 853 2392 911 Ex
2409 854 2679 926 quibusin
2699 860 2871 911 totum
2894 860 3227 925 sparguntur
3243 850 3470 906 ﬂumina
3486 850 3745 906 mundum.

2308 949 2570 1021 Quisquis
2584 950 2728 1007 enim
2743 948 2962 1005 deitatis
2973 961 3135 1018 opus,
3154 946 3422 1017 quodnon
3443 943 3669 1022 babetex
3680 960 3749 1008 se,

2306 1042 2442 1112 Sed,
2472 1043 2705 1100 Domino
2740 1041 3025 1109 tradente,
3044 1041 3220 1112 gerit,
3256 1039 3361 1097 sub
3385 1053 3610 1095 munere
3632 1053 3751 1109 puro

2312 1138 2592 1212 Suscipiet
2618 1181 2635 1207 ,
2668 1154 2805 1210 puro
2836 1138 3117 1210 dispenset
3142 1152 3373 1195 munere
3394 1181 3409 1205 ,
3445 1139 3619 1209 possit

2310 1230 2383 1288 Ut
2412 1232 2787 1302 dispensator,
2820 1248 2927 1288 non
2957 1240 3017 1287 ut
3046 1240 3320 1288 mercator
3350 1232 3579 1301 haberi,

2171 1324 2278 1381 180
2316 1322 2650 1395 Davidisqne
2677 1324 2854 1380 modis
2886 1324 3055 1385 vitam
3080 1334 3306 1381 cantare
3337 1324 3576 1381 futuram
3605 1343 3618 1390 ;

2316 1418 2540 1475 intrabo
2560 1419 2613 1474 in
2643 1419 2857 1475 Domini
2883 1419 3150 1491 requiem,
3166 1419 3291 1491 quia
3308 1420 3497 1476 nescio
3519 1434 3753 1475 mercem.

1812 1514 1994 1571 OPUS
2035 1510 2421 1572 PASCHALE.

454 1630 655 1686 Enntes
710 1642 866 1698 ergo,
912 1623 993 1677 sic
1037 1620 1297 1674 admonet
1336 1616 1480 1671 inter
1518 1614 1623 1669 alia
1671 1628 1793 1683 quae
1817 1610 2065 1681 iubebat,
2098 1611 2147 1672 Β
2172 1589 2498 1679 disciplina),
2526 1616 2585 1663 ut
2612 1608 2682 1664 ab
2702 1623 2895 1664 eorum
2918 1606 3120 1664 dehinc
3143 1609 3460 1681 magisterio
3482 1617 3757 1681 prOpagata

450 1725 756 1796 pradicate,
802 1719 1054 1781 dicentes,
1094 1713 1218 1784 quia
1249 1709 1507 1783 propiavit
1539 1723 1753 1778 regnum
1786 1706 2057 1770 caelorum,

454 1820 691 1889 infirmos
726 1822 925 1878 curate,
951 1817 1183 1864 mortuos
1214 1804 1481 1870 suscitate,
1516 1801 1755 1870 leprosos
1786 1798 2059 1862 mundule,

454 1914 719 1968 diemonas
757 1906 959 1974 ejicitc;
991 1902 1155 1976 gratis
1202 1897 1505 1968 accepistis,
1537 1894 1702 1966 gratis
1732 1893 1874 1945 date.
1904 1889 2065 1945 Tam-

454 2020 614 2076 quam
646 2002 690 2055 si
724 2000 935 2053 diceret
976 1992 1240 2064 pastorali
1274 1989 1540 2044 Dominus
1570 2000 1704 2043 cura
1748 1984 2064 2076 sollicitus:

455 2074 568 2167 ligo
614 2093 772 2149 vobis
819 2087 1094 2159 operariis
1145 2092 1338 2153 utpote
1393 2079 1693 2136 solertibus
1741 2074 2068 2137 commendo

460 2188 677 2245 cautius
703 2198 903 2256 greges
933 2182 1112 2236 bonus
1148 2186 1335 2247 pastor
1364 2176 1661 2241 exsistens,
1699 2186 1801 2243 pro
1830 2184 2063 2241 quorum

462 2280 681 2336 victuali
720 2277 919 2333 solatio
952 2272 1161 2345 proprii
1187 2270 1328 2341 juris
1358 2283 1519 2339 agros
1548 2267 1828 2337 impertio.
1873 2263 2065 2320 Nullus

468 2378 654 2445 itaque
685 2372 823 2428 meis
851 2370 1006 2441 agnis
1039 2375 1094 2423 et
1125 2365 1316 2422 ovibus
1344 2362 1542 2419 vendat
1575 2375 1772 2433 pascua
1804 2374 1938 2415 mea:
1971 2374 2063 2430 po-

468 2468 657 2524 testati
682 2464 948 2536 subjecta.
983 2460 1131 2532 quod
1164 2458 1288 2515 ideo
1315 2456 1465 2529 prius
1485 2453 1817 2525 Apostolicat
1843 2451 2067 2508 tradidit

2171 1705 2223 1760 in
2255 1716 2503 1776 posteros
2536 1703 2805 1761 deﬂueret
2836 1704 3123 1777 sequentis
3160 1706 3258 1760 sevi
3284 1704 3560 1773 doctrina,
3586 1705 3755 1760 sicutl

2170 1796 2416 1852 derivata
2452 1813 2546 1866 per
2569 1798 2733 1852 totius
2760 1797 2944 1852 mundi
2980 1796 3209 1853 limitem
3250 1789 3476 1853 ﬂumina
3509 1808 3757 1868 vagantur

2175 1891 2483 1946 innumera.
2530 1892 2787 1963 Quisquis
2838 1894 3024 1964 itaque
3073 1873 3302 1948 licitatis
3357 1908 3496 1964 opus
3534 1902 3760 1959 exercet,

2176 1986 2321 2053 quod
2351 1999 2457 2039 non
2494 1984 2780 2055 proprium
2808 1985 2972 2055 gerit,
2998 1985 3095 2041 sed
3127 1985 3361 2055 spiritali
3386 1985 3589 2055 dignus
3611 1985 3757 2041 tradi-

2178 2079 2324 2133 tione
2373 2080 2639 2150 suscepit,
2687 2080 2804 2149 puri
2848 2079 3093 2134 muneris
3136 2080 3370 2151 gratiam
3418 2091 3760 2145 consecutus,

2176 2174 2297 2244 puri
2330 2172 2574 2229 muneris
2601 2175 2795 2244 gratiae
2826 2172 2897 2229 sit
2927 2174 3185 2240 devotus,
3219 2184 3274 2228 ut
3300 2173 3658 2245 dispensator
3684 2190 3763 2245 po-

2173 2268 2301 2336 tius,
2329 2282 2487 2335 quam
2522 2266 2770 2322 videatur
2794 2282 2921 2323 esse
2949 2280 3245 2336 mercator,
3279 2276 3335 2325 et
3365 2270 3588 2325 cantico
3619 2269 3761 2324 Davi-

2171 2360 2309 2415 dica:
2338 2359 2699 2431 iucunditatis
2728 2360 2975 2432 impleto,
3027 2376 3181 2434 spem
3230 2361 3338 2417 sibi
3370 2362 3496 2416 vita:
3526 2363 3605 2417 sic
3647 2376 3758 2431 pro-

2176 2452 2389 2509 nuntiet
2435 2451 2684 2508 al'futura:
2721 2452 2746 2491 ι)
2780 2454 2924 2522 :Qui
2966 2472 3069 2509 non
3112 2456 3330 2527 cognovi
3371 2456 3759 2528 negotiationes,

1946 2569 2265 2628 SCHOLIA.

532 2678 652 2735 160.
685 2678 845 2731 Rom.
881 2672 1081 2743 pellite,
1136 2670 1291 2743 Meus
1335 2668 1613 2737 expellite;
1640 2667 1735 2743 alii
1780 2664 2061 2743 eecliidite,

457 2750 601 2823 quod
630 2750 823 2804 melius
844 2736 928 2801 est
948 2786 978 2823 1
1005 2736 1126 2823 nam
1159 2741 1323 2812 paulo
1347 2736 1490 2823 post
1531 2738 1767 2823 recurrit
1798 2736 2058 2823 depellite.

532 2824 652 2877 161.
692 2824 907 2880 Arntz.,
941 2817 1051 2871 Ott.
1083 2815 1119 2867 ‘2
1160 2807 1285 2867 cum
1347 2810 1601 2873 Mounst.,
1661 2807 2059 2878 Fabr.,Lips.,

460 2894 670 2948 Poetni.
707 2879 935 2959 aliisque
966 2886 1149 2950 editis,
1185 2884 1292 2959 Sed
1322 2882 1501 2959 domui
1533 2879 1724 2959 Israel,
1772 2879 1918 2949 quod
1968 2881 2061 2933 de-

460 2964 630 3019 fundit
647 2952 1012 3029 Wopkeusius
1033 2978 1042 3009 ;
1066 2957 1321 3009 nimirum
1344 2952 1509 3029 dicite
1530 2952 1798 3007 caelorum
1832 2966 2056 3029 regnum

457 3036 639 3089 domui
672 3020 859 3085 Israel.
895 3030 1033 3083 Fere
1082 3040 1272 3081 omnes
1305 3024 1479 3078 nostri
1512 3039 1644 3078 mss.
1686 3038 1809 3076 cum
1842 3020 2055 3092 Cappuo

1078 3079 1298 3161 ciiiiliis,
1330 3094 1435 3171 Sed
1464 3095 1646 3149 domus
1679 3092 1871 3171 Israel,
1918 3079 2061 3161 quod
2091 3079 2137 3143 C

458 3164 648 3232 contra
683 3172 1077 3241 WOpkcnsintu
1107 3178 1287 3241 tuetur
1334 3166 1638 3241 Gruncrus,
1675 3164 1928 3241 videlicet
1968 3181 2063 3241 ex-

459 3247 664 3303 cludite
696 3234 900 3314 pesles,
953 3240 1048 3295 sed
1096 3240 1292 3314 domus
1341 3237 1571 3314 lsra_el_:
1634 3234 1873 3290 nondum
1920 3237 2065 3290 enim

460 3329 657 3387 gentes
697 3308 979 3387 'alizegboc
1026 3312 1251 3365 nomine
1304 3308 1739 3387 appellabantur,
1785 3314 1851 3387 ut
1877 3316 2065 3377 postea

463 3378 659 3443 panius
691 3385 1063 3442 Abraliamum
1092 3391 1299 3448 patrem
1329 3380 1559 3449 gentium
1607 3378 1845 3443 vocavit,
1896 3390 2069 3447 gentes

463 3459 760 3514 Alit‘uhdtlli
793 3470 1003 3517 sumen,
1041 3454 1180 3507 tilios
1212 3453 1372 3504 dixit.
1426 3450 1553 3504 ll;ec
1585 3450 1967 3517 interpretatio
2015 3458 2070 3505 et

462 3532 628 3585 lectio
660 3526 967 3592 retinenda,
991 3542 1110 3596 qua:
1143 3539 1211 3579 ex
1235 3521 1531 3596 Evangelio
1552 3530 1605 3596 et
1641 3535 1802 3596 prosa
1837 3519 2070 3596 maxime

463 3603 840 3656 Conlirmatnr.
897 3592 1051 3665 Quod
1096 3603 1276 3650 autem
1322 3595 1374 3647 in
1410 3594 1647 3665 genitivo
1671 3592 2069 3665 domusultima

464 3673 812 3741 corripiatur,
848 3661 1134 3741 id'uovum
1168 3682 1274 3719 non
1308 3675 1391 3719 est
1445 3665 1496 3718 in
1538 3664 1779 3741 Sedulio.
1816 3661 1934 3717 Alia
1988 3674 2073 3741 est

465 3736 778 3810 conjectura
809 3738 1131 3809 Wopkensii
1162 3754 1371 3810 munere
1423 3751 1519 3803 pro
1565 3736 1792 3800 nomine,
1834 3750 1953 3804 qucc
1997 3736 2074 3790 si-

470 3815 673 3870 militer
702 3829 730 3867 a
768 3827 930 3881 prosa
962 3811 1110 3864 clare
1144 3809 1451 3881 damnatur.

545 3886 665 3940 162.
710 3878 920 3939 Poelm.
946 3898 1045 3953 pro
1076 3881 1132 3935 d.
1166 3896 1213 3935 s.
1243 3878 1502 3934 Sanxerat
1532 3878 1649 3943 hoc,
1683 3878 1838 3933 Rom.
1875 3878 2069 3933 ducite:

470 3960 589 4028 lege
615 3957 794 4021 dicite,
830 3955 901 4028 li.
922 3968 972 4008 e.
1000 3995 1014 4017 ,
1048 3953 1365 4028 prmdicate.

545 4019 670 4083 165.
704 4019 1125 4081 Méndutncstin
1145 4024 1275 4091 Reg.
1295 4022 1351 4089 5,
1372 4019 1659 4089 Dtemonis,
1695 4031 1748 4077 ct
1777 4022 1829 4075 in
1860 4020 2067 4077 Poclm.

471 4101 703 4170 auferre.

552 4164 669 4225 164.
714 4172 869 4225 Cant.
898 4213 910 4235 ,
946 4167 1137 4223 Parrli.
1170 4210 1182 4233 ,
1218 4165 1342 4221 Vet.
1402 4166 1460 4228 1,
1518 4165 1683 4235 Bas,
1715 4164 1882 4219 Torn.
1912 4166 1969 4231 1,
2004 4167 2070 4232 2,

474 4241 789 4311 Cunctaque.
829 4240 1138 4305 Legendum
1170 4252 1293 4293 cum
1330 4236 1603 4311 pleriSque
1631 4234 1971 4311 Functaque,
2012 4236 2069 4311 lt.

476 4327 524 4366 e.
557 4356 570 4377 ,
600 4308 873 4367 defuncta.
902 4312 991 4366 Sic
1018 4314 1161 4365 enim
1194 4313 1293 4363 hoc
1325 4309 1551 4363 verbum
1579 4308 1717 4363 sumi
1758 4309 1898 4363 solet
1922 4352 1937 4376 ,
1963 4308 2073 4362 sci-

476 4384 606 4438 licet
636 4386 863 4451 simplex
894 4399 989 4450 pro
1016 4381 1340 4449 Cttlllp:)Sil0.

2168 2665 2555 2737 typograpliico
2578 2708 2592 2729 ,
2628 2682 2752 2721 cum
2782 2666 2890 2720 duo
2921 2664 3215 2735 sequentes
3256 2664 3331 2737 ibi
3379 2665 3649 2733 legantur.
3681 2665 3761 2721 lsi-

2164 2736 2331 2792 dorus
2364 2738 2399 2791 Ι.
2426 2754 2491 2809 7v:
2530 2739 2709 2809 Etym.
2741 2780 2755 2803 ,
2800 2752 2847 2793 c.
2892 2738 2980 2799 16,
3024 2736 3122 2791 bac
3170 2736 3361 2792 eadem
3420 2738 3759 2793 similitudine

2165 2808 2335 2863 utitur
2362 2827 2373 2862 :
2412 2808 2557 2861 Inter
2582 2808 2767 2863 caztera
2797 2820 2968 2863 autem
2995 2808 3218 2861 concilia
3262 2816 3491 2875 quatuor
3528 2825 3634 2862 esse
3671 2812 3759 2863 sci-

2160 2896 2275 2933 mus
2299 2880 2609 2934 venerabiles
2630 2880 2877 2951 synodos,
2903 2896 3019 2947 qua:
3042 2890 3203 2951 totam
3222 2878 3587 2947 principaliter
3615 2880 3756 2949 ﬁdem

2163 2953 2595 3023 complsctnntnr,
2642 2953 2791 3023 quasi
2815 2962 3041 3021 quatuor
3095 2950 3407 3021 Evangelia,
3440 2951 3520 3003 re!
3561 2952 3759 3005 totidem

2166 3022 2399 3094 paradisi
2430 3024 2673 3093 ﬂumina.
2704 3022 2816 3078 Hoc
2844 3034 3002 3091 eaput
3038 3038 3065 3076 a
3097 3023 3413 3094 Rraul’roue,
3437 3024 3527 3093 qui
3560 3024 3762 3094 litymoa

2172 3094 2340 3163 logias
2368 3093 2561 3149 lsidori
2589 3095 2639 3148 in
2673 3095 2842 3149 libros
2867 3095 3118 3164 digessit,
3143 3095 3470 3148 accersitum
3500 3093 3669 3147 videri
3700 3093 3765 3150 ait

2171 3175 2463 3238 annotator
2496 3166 2684 3238 Isidori
2725 3165 2981 3238 Grialius.
3019 3164 3125 3221 Sed
3159 3168 3405 3222 rationes
3430 3206 3447 3232 ,
3481 3182 3618 3236 quas
3648 3184 3761 3238 pro-

2172 3237 2310 3299 fert,
2332 3238 2565 3308 minime
2597 3237 2647 3290 id
2675 3237 2931 3308 probant.

2247 3306 2371 3361 174.
2416 3308 2544 3362 Mss.
2575 3306 2761 3362 "eius.
2797 3313 3057 3366 Arnlzen.
3091 3308 3281 3377 irrigui
3316 3324 3415 3374 pro
3442 3309 3690 3379 ingentes.
3717 3310 3764 3365 In

2174 3377 2384 3453 Vol.2,
2438 3379 2649 3453 videtur
2691 3380 2807 3435 haec
2853 3396 2954 3434 Vox
2988 3382 3039 3434 in
3086 3380 3224 3434 duas
3273 3379 3448 3434 divisa
3482 3377 3535 3434 in
3580 3392 3761 3453 gentes,

2174 3450 2316 3519 quod
2352 3466 2458 3505 non
2482 3450 2712 3505 arridet.

2257 3522 2373 3577 176.
2421 3522 2517 3577 llic
2562 3531 2621 3593 ct
2647 3532 2943 3593 sequentes
2983 3522 3224 3592 quinque
3275 3539 3467 3579 versus
3510 3523 3707 3579 absunt
3741 3540 3765 3578 a

2175 3609 2306 3646 mss.
2345 3594 2529 3648 lleius.
2554 3636 2566 3654 .
2594 3592 2751 3649 Cant.
2774 3639 2787 3661 ,
2818 3595 2967 3664 Lips.
2998 3637 3011 3658 ,
3039 3595 3228 3649 Arntz.
3263 3637 3277 3657 ,
3305 3612 3335 3649 a
3373 3595 3579 3651 nostris
3609 3598 3768 3651 omni-

2177 3666 2273 3719 bus
2314 3666 2616 3733 codicibus,
2642 3668 2803 3721 etiam
2834 3668 2900 3720 ah
2941 3672 3078 3737 Aug.
3114 3678 3167 3721 et
3202 3668 3323 3721 ΑΗ).
3352 3700 3369 3731 ,
3402 3669 3471 3721 ab
3501 3671 3763 3737 antiquis-

2176 3737 2315 3791 simo
2344 3737 2701 3801 Taurinensi,
2730 3739 2799 3792 ab
2824 3738 2978 3803 Aldo,
3014 3740 3083 3793 ab
3112 3740 3236 3794 edd.
3274 3739 3396 3793 Vet.
3428 3744 3479 3805 1,
3512 3739 3569 3803 2,
3600 3738 3764 3805 um...

2175 3808 2322 3876 Lips.
2358 3818 2413 3863 et
2441 3812 2583 3865 aliis.
2625 3812 2805 3865 Editio
2838 3811 3045 3865 Poelui.
3094 3822 3146 3865 et
3186 3813 3309 3865 alia:
3338 3828 3433 3867 eos
3478 3812 3763 3867 exhibent:

2176 3880 2510 3953 recentiores
2554 3897 2771 3953 quoque
2809 3882 3049 3938 editores
3090 3880 3359 3938 Celtarius
3386 3924 3402 3948 ,
3451 3882 3727 3939 Gruuerus
3751 3926 3763 3947 ,

2174 3952 2524 4008 Arntzenius.
2558 3952 2841 4010 Sententia
2869 3970 3059 4009 eorum
3110 3956 3161 4008 in
3197 3970 3357 4024 prosa
3409 3956 3649 4025 legitur:
3678 3956 3761 4010 sed

2176 4040 2300 4079 cum
2335 4041 2497 4093 prosa
2543 4042 2948 4097 nonnumquam
2994 4028 3047 4080 in
3091 4027 3191 4079 alia
3222 4068 3236 4091 ,
3270 4042 3393 4097 quae
3436 4029 3489 4081 in
3536 4029 3765 4081 Carmine

2178 4113 2285 4151 non
2334 4107 2501 4159 sunt,
2548 4107 2848 4163 excurrat,
2903 4099 3097 4152 merito
3128 4100 3397 4167 suspicari
3449 4113 3762 4168 possumus.

2178 4168 2277 4224 hos
2310 4184 2497 4224 versus
2528 4168 2736 4226 Sedulii
2790 4185 2893 4223 non
2937 4185 3059 4224 esse
3082 4211 3095 4231 ,
3133 4170 3231 4223 sed
3280 4170 3513 4225 alterius
3544 4212 3557 4227 .
3590 4171 3679 4239 qui
3707 4186 3764 4225 ex

2178 4255 2336 4309 prosa
2385 4256 2479 4294 eos
2518 4242 2953 4296 concinnaverit.
2996 4239 3328 4295 Arntzcnius
3359 4258 3431 4296 ex
3463 4244 3605 4313 stylo
3646 4256 3759 4311 pio-

2179 4314 2409 4376 nuutiat,
2439 4313 2555 4367 hree
2580 4314 2647 4366 ab
2679 4313 2853 4367 aliena
2882 4328 3045 4367 manu
3079 4327 3255 4379 panno
3286 4312 3579 4367 Seduliauo
3610 4314 3763 4367 fuisse

2179 4393 2385 4438 assuta.
2420 4384 2680 4454 Equidem
2715 4393 2825 4438 tam
2854 4397 3104 4454 apertum
3157 4384 3453 4440 discrimen
3496 4386 3637 4439 inter
3676 4386 3761 4437 bos

556 4455 679 4532 165.
719 4454 1056 4532 ἇιινιιιιειιδιι.
1093 4466 1168 4516 ιι,
1203 4467 1346 4506 vers.
1381 4451 1505 4515 M2,
1545 4451 1610 4505 Et
1637 4467 1722 4506 vos
1744 4451 1889 4505 liaiid
1922 4452 2075 4508 aliter
2102 4472 2157 4532 D
2182 4465 2239 4510 et
2269 4471 2457 4532 versus
2483 4451 2843 4532 iSedulianos»
2874 4451 2979 4532 non
3033 4456 3188 4510 video
3210 4471 3437 4532 ,_nequc
3487 4456 3761 4532 difﬁculter

478 4525 640 4593 gratis
665 4530 679 4577 i
702 4525 939 4593 ispcndite
971 4524 1132 4575 (tona.

554 4594 675 4648 168.
724 4592 868 4647 Μοιι.
896 4592 1024 4645 Cum
1051 4592 1232 4657 bonus,
1268 4593 1547 4647 mendose.

554 4668 674 4719 itit).
724 4665 853 4718 Urb.
882 4674 1091 4733 questus
1116 4678 1130 4713 :
1166 4663 1283 4727 lege
1313 4680 1425 4733 qua:
1455 4674 1590 4718 sunt.

554 4737 675 4789 170.
723 4733 1088 4810 Wopkensins
1120 4734 1604 4810 interpu‘ngenilum
1635 4739 1915 4810 censetAc
1948 4739 2076 4810 (ιιρι-

478 4817 530 4862 ut
560 4810 651 4860 hoc
696 4807 903 4859 (licens:
930 4805 1107 4873 Ego...
1142 4804 1347 4873 vendat)
1366 4804 1491 4858 ΙΙ(υο
1517 4808 1572 4860 in
1599 4809 1935 4877 apostolicus,
1956 4804 2075 4867 'etc.

478 4880 642 4933 l’roszi
673 4879 834 4931 alium
861 4878 1267 4931 diSllllCliOlli‘Ill
1300 4878 1508 4931 suadet.

557 4952 677 5005 171.
724 4951 823 5004 Ms.
878 4956 1068 5003 Arntz.
1121 4948 1560 5015 niinistris:alii,
1612 4951 1823 5006 favente
1869 4969 2073 5023 prosa,

479 5024 759 5093 magistris.

550 5091 669 5147 172.
714 5098 868 5148 tlnnt.
917 5093 1227 5145 discurreret
1254 5107 1272 5144 :
1318 5091 1510 5145 melius
1562 5093 1691 5156 alii,
1743 5095 2076 5160 decurreret;

473 5182 797 5235 quamquam
849 5166 1045 5218 similia
1108 5165 1269 5216 verba
1333 5164 1713 5232 praepositione
1760 5168 1823 5221 (te
1893 5177 1947 5223 et
1995 5168 2073 5221 dis

467 5240 770 5306 composita
814 5252 960 5302 S‘J‘lle
995 5237 1134 5309 inter
1181 5250 1239 5288 se
1275 5246 1675 5303 permutantur,
1711 5254 1885 5309 neque
1925 5256 2072 5295 scm-

470 5324 564 5375 per
594 5312 899 5378 signiﬁcatu
933 5307 1365 5367 diStinguuutur.

542 5380 663 5435 175.
711 5380 1029 5434 l’arilnsius
1064 5380 1205 5433 hunc
1244 5390 1298 5433 et
1330 5396 1483 5450 seqq.
1534 5396 1723 5434 versus
1753 5392 1878 5437 octo
1908 5385 2067 5437 omit-

463 5454 523 5504 tit
559 5468 727 5520 usque
774 5454 839 5503 ad
879 5452 1014 5503 [irin
1062 5452 1415 5517 conspicuam.
1459 5454 1512 5505 In
1549 5453 1789 5507 editione
1833 5455 2065 5510 Gruncri

461 5524 807 5578 desideratur
834 5523 919 5577 hic
954 5538 1142 5575 versus
1189 5525 1444 5591 Qualiter,
1474 5524 1569 5579 sed
1621 5534 1814 5595 aperto
1867 5527 2065 5581 mendo

532 5675 554 5699 ει
585 5665 637 5718 1η
666 5663 895 5731 Vulgatis
924 5662 1186 5714 omissum
1217 5670 1298 5715 est
1329 5662 1479 5727 λιι-ιιι,
1509 5663 1592 5717 vel
1620 5673 1692 5729 ut,
1718 5674 1772 5718 et
1797 5663 1919 5719 sine
1947 5666 2056 5719 ullo

450 5749 612 5790 sensu
645 5736 842 5805 legitur
871 5732 955 5783 tlm
974 5734 1132 5798 trina,
1153 5732 1405 5805 derivata,
1434 5746 1536 5788 etc.
1563 5734 1879 5790 Gallamlius
1900 5751 2053 5790 erro-

456 5818 566 5859 .‘etn
591 5805 609 5875 j
632 5803 717 5860 un
734 5804 989 5860 advertit.
1021 5804 1072 5857 In
1098 5803 1421 5873 quibusdam
1455 5806 1674 5862 Patrum
1701 5807 2048 5865 bibliothecis

2182 4527 2445 4594 credam,
2502 4530 2678 4595 ipsum
2744 4529 3065 4588 Sedulium.
3118 4528 3364 4582 confecta
3420 4543 3616 4598 prosa,
3672 4528 3759 4581 bos

2184 4614 2398 4669 quoque
2426 4614 2615 4653 versus
2641 4600 2869 4654 carmini
2910 4598 3182 4655 addidisse
3210 4618 3222 4655 :
3256 4615 3321 4653 ex
3371 4616 3480 4667 quo
3529 4601 3759 4654 accidere

2184 4674 2357 4740 potuit
2384 4712 2397 4733 ,
2433 4681 2490 4725 ιιι
2523 4672 2577 4725 in
2604 4673 2787 4726 multis
2816 4672 3221 4741 exemplaribus
3254 4672 3658 4727 desiderentur.

2256 4744 2379 4798 177.
2422 4742 2745 4813 Wopkeusii
2788 4745 3097 4813 conjectura
3127 4742 3221 4797 sub
3254 4760 3466 4797 munere
3492 4760 3617 4815 pnro
3668 4757 3757 4812 pro

2181 4816 2275 4869 sub
2300 4817 2508 4869 nomine
2546 4832 2695 4887 puro,
2750 4826 2810 4868 ut
2850 4816 3049 4871 bibent
3102 4816 3269 4879 editi,
3307 4816 3552 4870 innititur
3599 4829 3757 4883 presse

2184 4898 2238 4940 et
2271 4889 2364 4940 toti
2394 4886 2670 4941 contextoi
2702 4905 2711 4939 :
2747 4887 2992 4954 adeoiuc
3024 4901 3087 4939 ea
3117 4887 3280 4939 lectio
3302 4886 3600 4954 recipienda
3623 4903 3648 4937 a
3670 4900 3759 4938 uo-

2184 4957 2268 5012 bis
2317 4966 2417 5012 est.
2472 4958 2587 5011 Non
2633 4958 2776 5012 enim
2824 4973 2890 5012 ex
2941 4959 3076 5010 solis
3125 4957 3464 5013 editionibus
3503 4958 3754 5025 volgatam

2181 5034 2537 5097 scripturam,
2570 5045 2689 5099 qute
2722 5030 2897 5083 minus
2928 5031 3214 5083 commoda
3244 5039 3330 5083 est
3353 5072 3366 5087 .
3406 5030 3635 5083 retinere
3662 5028 3752 5081 de-

2183 5099 2392 5154 bemus.
2432 5102 2784 5172 Respondent
2827 5111 3007 5155 autc-m
3052 5100 3167 5154 luce
3195 5101 3377 5155 versui
3430 5101 3543 5162 165,
3578 5099 3755 5168 Sump-

2181 5172 2318 5225 sistis
2340 5175 2524 5244 gratis,
2554 5174 2755 5226 cunctis
2784 5173 3065 5245 iinpendite
3091 5173 3272 5245 gratis.

2256 5246 2375 5298 ltiti.
2422 5246 2745 5300 Arntzenius
2790 5260 2857 5300 ex
2892 5260 3052 5315 prosa
3097 5244 3320 5314 conjicit
3371 5244 3749 5315 Davidicisqne:

2178 5315 2229 5369 id
2261 5328 2419 5370 certe
2441 5359 2457 5382 ,
2488 5319 2571 5371 vel
2596 5364 2608 5382 ,
2646 5327 2701 5372 ut
2729 5318 2780 5371 in
2822 5313 2956 5373 mss.
2989 5313 3313 5388 plerumque
3343 5318 3620 5388 scribitur,
3654 5313 3750 5364 Un-

2174 5389 2460 5459 vilicisqnc,
2484 5394 2650 5457 inagis
2683 5390 2892 5445 redolet
2911 5385 3745 5453 Sedulinmediti,Davidisque.

2246 5461 2368 5512 13L
2418 5460 2605 5515 .Vrscio
2634 5479 2854 5517 mercem
2879 5473 2964 5517 est
2997 5463 3183 5518 nescio
3212 5471 3486 5515 mercator
3514 5474 3662 5517 esse.
3696 5464 3747 5510 ut

2173 5532 2335 5597 paulo
2363 5543 2489 5589 ante
2520 5535 2630 5602 ait,
2668 5553 2768 5590 non
2811 5546 2865 5589 ut
2892 5547 3145 5590 mercator
3171 5533 3392 5599 haberi;
3422 5532 3505 5587 vel
3537 5548 3633 5584 non
3662 5545 3740 5581 co-

2168 5669 2418 5743 ntendunt
2452 5684 2534 5726 est
2563 5673 2762 5727 Iuntina
2797 5688 2894 5743 pro
2922 5674 3169 5741 ﬂumina.

2236 5738 2261 5815 ‘j
2294 5740 2515 5815 Juretus
2546 5738 2872 5814 Scriptuer
2897 5738 3099 5800 veteris
3129 5744 3461 5815 exemplaris
3502 5740 3735 5798 retinnit;

2162 5812 2262 5866 etsi
2288 5814 2433 5869 enim
2466 5816 2515 5871 in
2548 5812 2771 5887 Vulgata
2803 5816 3174 5889 nunt-legitur
3207 5812 3403 5888 psalm.
3434 5830 3531 5871 ιιι
3556 5853 3570 5881 ,
3598 5824 3716 5866 rcrs

3602 6186 3757 6207 Διί-ιιι.
