3904 6388
163 310 275 368 655

1439 523 1459 598 [
1488 524 1695 591 aulam,

322 614 533 685 Aspicit
565 615 857 672 invalidum
881 661 895 684 ,
929 617 1179 675 dimenso
1204 624 1451 691 Corpore
1487 634 1771 688 mancum,

335 708 676 765 Sctninccem
708 710 997 780 membris,
1025 729 1131 768 non
1160 720 1331 768 totum
1362 714 1547 771 vivere
1569 755 1583 781 ,
1625 713 1781 785 cnjus

155 800 263 858 185
304 802 466 857 Arida
498 812 805 873 torpentem
833 804 1117 861 damnarat
1145 805 1371 862 dextera
1408 798 1619 877 partem
1650 826 1663 875 ;

306 897 652 970 lmperioque
668 900 1161 973 medens,gelidam
1177 903 1517 960 recalescere
1537 902 1771 974 palmam

310 992 598 1063 Praecipit,
624 1004 677 1049 et
708 994 895 1051 reduci
924 995 1111 1051 divino
1141 1012 1298 1054 more
1324 998 1521 1067 saluti,

305 1087 1008 1161 2588ictttsemperagit,
1030 1090 1106 1146 nil
1122 1090 1287 1159 tollit,
1305 1102 1360 1148 et
1375 1094 1556 1149 omnia
1572 1091 1772 1152 reddit.

1286 312 1573 372 CARMEN
1616 312 2010 374 PASCHALE.
2057 314 2190 373 LIB.
2240 316 2331 374 Ill.

312 423 472 497 257
502 423 642 481 Exin
689 428 1039 499 conspicuam
1072 440 1363 501 synagogas
1413 430 1692 502 ingressus
1715 431 1768 486 in
1800 431 1852 491 A

3380 322 3488 377 1ιῖὶῦ

2096 432 2173 487 Ειι
2204 433 2403 489 iterum
2439 441 2654 489 veteres
2701 420 3015 489 instaurans
3054 434 3296 491 lubricus
3336 448 3485 492 artes

1878 522 1983 580 190
2020 523 2116 581 llle
2143 526 2444 599 cltelydrus
2473 528 2665 597 adest,
2693 527 2832 598 nigri
2863 527 2953 598 qui
2989 526 3117 582 felle
3150 531 3341 583 veneni

2022 619 2266 689 Lividus,
2296 622 2534 679 humano
2559 621 2759 694 gaudet
2795 622 3159 694 pinguescere
3190 621 3333 688 tabo,

2031 714 2301 787 Quodque
2328 735 2423 789 per
2446 721 2689 776 alternos
2724 721 2886 775 toties
2915 719 3254 789 disperserat
3276 735 3457 791 aegros

2036 808 2218 879 Virus,
2256 814 2306 867 itt
2343 816 2500 870 unius
2532 831 2854 889 progressus
2891 816 3106 872 viscera
3126 816 3267 873 ludit
3297 834 3308 869 :

2038 906 2138 962 Cui
2172 924 2385 976 vocem,
2420 910 2721 984 lumenque
2755 913 2898 984 tulit,
2938 913 3250 984 triplicique
3277 912 3457 968 furore

1886 1001 1987 1055 193
2026 1002 2221 1056 Saucia
2275 1004 2518 1061 membra
2569 1014 2779 1072 tenens,
2828 1018 3038 1064 tnutum
3079 1007 3387 1079 quatiebat,
3433 1015 3490 1061 et

3152 1103 3171 1177 [
3194 1103 3414 1159 orbum.

1528 1186 1707 1244 OPUS
1751 1186 2141 1248 PASCHALE.

154 1276 388 1334 introibo
418 1280 471 1334 in
514 1280 805 1351 potentiam
849 1279 1084 1336 Domini.
1134 1279 1329 1337 Nullus
1381 1296 1618 1355 namque
1647 1282 1765 1338 sine

157 1371 381 1430 Domini
409 1373 663 1447 largitate
695 1384 875 1446 potest
906 1374 1111 1433 habere
1143 1376 1402 1447 famulus,
1433 1378 1581 1449 quod
1614 1377 1771 1433 mini-

152 1477 326 1537 stret,
373 1477 468 1525 aut
506 1469 651 1525 unde
698 1468 844 1525 dona
883 1469 1198 1538 distribuat,
1230 1473 1278 1529 si
1328 1488 1435 1527 non
1476 1472 1771 1542 acceperit,

153 1579 284 1636 qua:
313 1562 613 1635 dependat.
648 1564 879 1621 Paulum
916 1564 1206 1622 audiamus
1232 1566 1543 1638 apostolum
1578 1564 1775 1620 simili-

157 1665 249 1715 ter
277 1657 397 1714 ιιωο
423 1656 698 1715 dicentem
732 1678 744 1711 :
780 1658 871 1714 Sic
903 1675 996 1713 nos
1028 1660 1288 1715 existimet
1316 1661 1495 1728 homo,
1522 1666 1575 1729 ut
1608 1659 1768 1713 mini-

153 1764 297 1809 stros
339 1752 555 1823 Christi,
598 1744 645 1807 et
694 1754 1079 1833 dispensatores
1116 1756 1481 1827 mysteriorum
1513 1752 1632 1810 Dei.
1671 1752 1774 1809 Hic

147 1852 275 1926 jam
312 1850 566 1920 quaeritur
591 1850 725 1905 inter
762 1850 1175 1921 dispensatores,
1207 1858 1261 1904 ut
1291 1848 1465 1921 ﬁdelis
1494 1849 1608 1920 quis
1636 1849 1776 1903 inve-

1879 1285 2034 1341 Tunc
2069 1286 2369 1357 imperioso
2416 1294 2677 1357 potenter
2725 1287 2934 1342 auxilio
2977 1291 3215 1360 palmam
3261 1293 3489 1359 meruit,

1880 1382 2230 1443 cessantibus
2259 1382 2499 1439 alienum
2538 1383 2591 1438 in
2637 1382 2879 1439 calorem
2922 1386 3199 1456 sanguinis
3232 1404 3495 1444 venarum

1884 1478 2145 1544 motibus,
2197 1477 2428 1534 animari
2476 1493 2587 1533 non
2631 1486 2750 1533 arte
2795 1477 3072 1546 praestitit,
3117 1480 3212 1535 sed
3252 1468 3499 1548 jubendo

1880 1574 2179 1639 concessit,
2212 1573 2402 1629 dicens
2434 1590 2448 1627 :
2483 1571 2720 1627 Extende
2743 1588 2951 1626 manuni
2982 1580 3148 1641 tuam,
3178 1583 3233 1629 et
3252 1576 3504 1631 extendit

1889 1683 2113 1723 manum
2139 1682 2316 1734 Suam,
2351 1677 2407 1725 et
2436 1669 2692 1743 restituta
2722 1675 2809 1723 est
2845 1668 2919 1733 ei,
2950 1669 3093 1724 sicut
3124 1668 3321 1725 altera.
3361 1668 3507 1726 Vere

1887 1760 1984 1819 Dei
2035 1778 2233 1820 munus
2271 1774 2356 1820 est
2402 1763 2545 1820 istud
2591 1762 2896 1835 singulare,
2954 1763 3098 1833 quod
3159 1766 3507 1823 incessanter

1847 1899 1857 1906 .
1883 1866 2127 1925 exercet,
2153 1858 2243 1927 qui
2269 1856 2521 1914 humanae
2542 1857 2705 1915 saluti
2724 1856 2803 1914 nil
2829 1856 3039 1924 adimit,
3065 1866 3121 1916 et
3141 1873 3360 1931 semper
3389 1860 3511 1916 uni-

154 1947 361 1999 uiatur.
394 1943 465 1999 Et
490 1946 687 1999 iterum
720 1955 905 1999 monet
938 1944 1084 1999 idem
1116 1944 1330 2008 doctor,
1354 1952 1412 2001 et
1435 1942 1569 1999 dicit
1597 1961 1609 1996 :
1639 1942 1776 2011 Quid

1900 1966 2042 2008 tersa
2076 1951 2332 2007 restituit.

156 2047 341 2093 autent
379 2037 561 2106 habes,
599 2038 738 2108 quod
782 2054 886 2092 non
922 2038 1216 2110 accepisti?
1241 2038 1381 2110 quod
1427 2039 1472 2091 si
1502 2035 1775 2106 accepisti,

152 2133 289 2206 quid
321 2132 591 2206 gloriaris,
617 2134 772 2205 quasi
804 2134 894 2204 qui
926 2150 1028 2188 non
1052 2134 1355 2205 acceperis?
1745 2135 1752 2147 ’

238 2228 588 2303 Synagogam
609 2228 809 2284 deinde
828 2228 1096 2284 Dominus
1119 2244 1241 2283 cum
1266 2227 1457 2285 fuisset
1480 2227 1784 2299 ingressus,

150 2320 347 2381 'cernit
379 2323 676 2379 invalidum
710 2334 937 2394 stupore
964 2324 1198 2381 dimensi
1229 2324 1479 2394 corporis
1504 2337 1784 2388 mancum,

148 2420 435 2477 membris
492 2420 827 2477 seminecem
874 2422 1157 2489 sauciatis,
1207 2431 1377 2477 totum
1429 2437 1529 2477 nec
1574 2421 1782 2486 vivere,

159 2531 273 2573 nec
295 2516 470 2585 obire,
497 2516 650 2588 cujus
674 2525 923 2574 arentem
949 2517 1205 2574 dextram
1238 2518 1377 2589 pigri
1410 2516 1649 2588 torporis
1679 2516 1790 2588 gla-

158 2612 283 2670 cies
331 2622 736 2688 amputaverat,
787 2613 1093 2684 dcsperatis
1132 2613 1322 2669 usibus
1358 2612 1474 2683 jam
1518 2611 1789 2682 sepitam.

1960 2047 2037 2102 En
2070 2047 2269 2105 iterum
2312 2048 2561 2105 lubricus
2606 2049 2767 2105 adest
2810 2050 2903 2107 ille
2931 2047 3263 2123 Cltelydrtts,
3297 2061 3351 2107 et
3404 2066 3503 2108 no-

1881 2142 2014 2197 .sius
2042 2142 2397 2210 instaurator,
2425 2143 2515 2213 qui
2553 2141 2722 2199 livido
2752 2158 2967 2198 veneno
2995 2141 3137 2199 fellis
3170 2144 3504 2215 uberrimus,

1893 2236 2017 2292 tabo
2042 2236 2405 2308 pinguescere
2431 2233 2636 2308 gaudet
2666 2234 2932 2303 humano,
2966 2236 3224 2307 quodque
3250 2251 3347 2307 per
3371 2237 3511 2292 mul-

1894 2339 1986 2386 tos
2004 2330 2232 2387 alternis
2258 2332 2604 2401 passionibus
2626 2339 2930 2402 occupatos
2951 2344 3098 2400 smpe
3123 2330 3272 2385 virus
3295 2329 3507 2401 effudit,

1896 2423 1951 2479 in
1977 2422 2328 2479 uniustotum
2355 2423 2603 2481 membra
2628 2422 2908 2480 SilWielldU
2934 2424 3234 2496 congessit,
3254 2424 3341 2480 cui
3359 2440 3511 2481 uten-

1893 2525 2004 2573 tem
2046 2519 2249 2590 rapuit,
2290 2534 2483 2575 vocem
2514 2520 2735 2589 clausit,
2774 2519 2960 2576 ltttnen
2993 2520 3290 2589 exstinxit,
3330 2521 3509 2591 tripli-

1890 2626 2094 2684 cesque
2120 2613 2285 2669 simul
2330 2612 2515 2670 clades
2556 2614 2843 2672 innectens
2873 2656 2887 2681 ,
2923 2624 3157 2682 mutum,
3193 2629 3511 2688 caecutnque

1676 2725 1993 2784 SCHOLIA.

162 2825 342 2899 gnavi
360 2826 755 2899 negotiationes,
788 2834 848 2899 ut
866 2825 953 2899 ait
984 2840 1170 2899 prosa.

244 2897 376 2955 182.
413 2893 573 2952 RM“.
604 2895 703 2952 Ubi
744 2893 1268 2954 reddidit'Dominus
1308 2915 1524 2954 manum
1574 2893 1785 2950 cuidam

166 2986 380 3043 maneo.
409 3000 481 3011 -—
506 2970 607 3025 Ms.
645 2972 834 3043 Arntz.
871 2980 924 3025 et
973 2971 1060 3043 ed.
1096 2971 1246 3043 Lips.
1278 2974 1525 3028 scribunt
1553 2965 1778 3027 Exhinc.

165 3041 549 3113 Wopkensius
577 3042 769 3098 melius
801 3054 955 3114 putat
1008 3041 1458 3108 Exin‘continuo,
1508 3046 1605 3101 vel.
1640 3043 1779 3099 Exin

168 3116 498 3189 contiguam.
524 3114 632 3172 Sed
661 3116 806 3171 nulla
838 3124 922 3171 est
946 3131 1129 3185 causa,
1163 3133 1261 3174 cur
1284 3121 1613 3191 conspicuam
1648 3118 1781 3188 reji-

166 3192 375 3245 ciatur.

250 3260 379 3316 185.
409 3261 543 3332 Reg.
580 3262 634 3326 1,
676 3260 732 3324 2,
772 3260 946 3331 Meus,
997 3261 1154 3330 Urb.,
1188 3263 1349 3317 Rom.
1393 3262 1649 3327 dimenso,
1683 3275 1776 3315 cu-

1893 2831 1995 2892 est,
2027 2824 2250 2882 retineri
2305 2828 2469 2888 debet
2502 2829 2609 2884 :ita
2669 2827 2816 2885 enim
2850 2826 3161 2897 explicatur
3190 2845 3202 2880 :
3230 2838 3305 2891 et,
3361 2832 3506 2889 sicut

1890 2900 2277 2975 setnporagit,
2296 2902 2455 2975 saluti
2484 2901 2674 2957 divino
2708 2915 2859 2956 tnore
2890 2900 3196 2955 revertenti
3230 2900 3306 2956 nil
3336 2906 3501 2975 tollit,

1889 2977 1945 3027 et
1972 2968 2151 3025 omnia
2179 2968 2383 3029 reddit.
2423 2976 2499 3031 Ita
2529 2975 2694 3030 etiam
2724 2988 2907 3041 prosa.

1962 3041 2223 3120 188.9“.
2254 3046 2537 3120 1,_s_emper
2560 3050 2632 3100 ait
2669 3060 2689 3098 :
2716 3044 2910 3120 retine
2944 3044 3095 3120 agit._
3116 3044 3501 3120 Nebrissensis

1886 3117 1964 3191 sic
1994 3114 2256 3181 extilicat,
2292 3114 2359 3171 Ν
2366 3120 2403 3174 it
2424 3114 2560 3174 tollit
2588 3133 2685 3191 pro
2712 3118 2958 3181 mercede,
2986 3114 2989 3115 ⁷
3018 3116 3096 3170 vel
3125 3119 3201 3173 nil
3230 3120 3498 3191 diminuit.

1886 3188 2001 3245 Hoc
2021 3193 2324 3247 secundum
2362 3194 2534 3261 magis
2562 3188 2762 3260 placet-
2876 3260 2919 3261 η
3339 3190 3351 3196 ί
3397 3201 3400 3203 Α

1959 3264 2082 3321 189.
2114 3264 2275 3319 Rom.
2305 3263 2383 3318 De
2410 3280 2570 3327 crrco,
2596 3271 2642 3316 et
2672 3270 2835 3315 muto.
2872 3260 3045 3326 Meus,
3091 3261 3287 3317 Caicus
3324 3277 3499 3323 mutus

163 3333 261 3405 jus
294 3342 377 3389 est
402 3309 587 3405 glo‘ssa
609 3309 665 3388 i‘n
697 3309 1068 3405 Reg.1,t;uasi
1097 3309 1394 3389 nt’ensnram
1424 3352 1523 3388 non
1539 3309 1776 3396 habente,
1807 3309 1853 3374 Ο
1885 3309 2234 3405 dwmdnincus
2261 3336 2533 3391 liberatur.
2556 3309 2625 3375 :—
2660 3333 2831 3387 Aldtts
2877 3309 3071 3397 edidii,
3106 3332 3241 3389 Ecce
3286 3309 3494 3393 iterum:

168 3418 228 3461 et
256 3408 310 3460 in
338 3405 472 3476 Reg.
503 3405 559 3470 2,
592 3406 870 3461 diminuta.
924 3406 981 3460 ιιι
1011 3405 1125 3463 Οιι.
1161 3413 1183 3462 1
1219 3410 1382 3463 etiam
1433 3423 1500 3461 t-x
1546 3405 1778 3459 demerso

168 3478 379 3533 factum
410 3488 495 3533 est
522 3477 773 3532 dimenso.
809 3478 1092 3535 Grunerus
1122 3479 1175 3536 id
1219 3488 1437 3536 secutus
1466 3488 1583 3541 est,
1633 3477 1779 3547 quod

169 3556 342 3607 etiam
377 3551 429 3605 in
482 3566 583 3605 ms.
612 3551 907 3606 Burmanni
937 3553 1209 3619 exstabat,
1241 3562 1295 3607 et
1330 3552 1689 3607 conﬁrmatur
1711 3563 1779 3619 ex

170 3638 367 3695 prosa.
412 3623 524 3679 Alii
573 3626 769 3678 mirum
821 3637 1083 3695 quantum
1138 3618 1378 3680 variant.
1436 3618 1775 3695 Vatt._1,2,

171 3693 315 3768 Reg.
370 3698 425 3763 5,
475 3695 642 3765 Ang.,
699 3692 851 3760 Ald.,'
905 3697 1113 3753 Poelm.
1169 3698 1223 3752 in
1263 3705 1549 3760 contextu,
1599 3692 1772 3763 Lips.,

174 3768 338 3837 Fab.,
367 3769 534 3834 Cell.,
566 3768 813 3837 demisso,
846 3769 988 3834 quod
1019 3770 1106 3824 vix
1156 3770 1413 3824 idoneum
1440 3782 1665 3823 sensum
1692 3781 1779 3821 re-

168 3843 333 3913 cipit.
368 3840 779 3909 Nebrissensis,
838 3841 1027 3897 Barth.
1071 3853 1125 3897 et
1167 3842 1383 3897 s‘chedm
1419 3841 1652 3913 Poeltn.,
1686 3839 1778 3913 dg-

171 3910 368 3981 iiiesso,
402 3913 455 3967 lt.
486 3930 565 3979 e.,
591 3914 867 3980 mutilata,
924 3922 983 3967 ut
1015 3916 1231 3983 exponit
1263 3911 1667 3969 Nebrissensis.
1719 3910 1779 3965 In

170 3988 313 4042 edit.
348 3986 650 4041 Poelm.ad
688 4002 859 4052 marg.
909 3982 1169 4041 demersae:
1222 4002 1376 4042 error
1405 3994 1485 4042 est
1535 3998 1633 4052 pro
1688 3982 1778 4036 de-

170 4002 313 4042 cutt.
348 4002 650 4041 roetm.au
688 4002 804 4042 mar
845 4027 859 4040 .
909 4002 1169 4041 aentcssos
1222 4002 1376 4042 error
1405 4002 1485 4042 εει
1535 4002 1633 4052 pro
1688 4002 1777 4036 ae-

170 4075 365 4115 messo.
402 4058 770 4130 Cappusotus,
807 4002 1036 4125 ἴδη-ιι,
1068 4060 1315 4124 dimerso,
1346 4059 1457 4125 vel,
1492 4068 1549 4111 ut
1581 4055 1777 4130 melius

171 4133 462 4197 scribitur,
488 4129 541 4187 in
568 4131 682 4185 Ott.
710 4134 734 4186 1
772 4147 802 4186 a
836 4149 915 4198 pr.
949 4147 1019 4185 ιιι.
1061 4132 1315 4186 demerso.
1358 4130 1545 4186 Codex
1573 4129 1770 4204 Arntz.

171 4205 427 4271 demisso,
458 4218 486 4257 a
514 4218 628 4260 sec.
672 4219 745 4258 m.
778 4213 1041 4258 mutatum
1090 4205 1141 4258 in
1196 4205 1391 4265 demso,
1441 4198 1611 4271 quod'
1638 4198 1777 4255 forte

170 4279 281 4332 erit
318 4278 581 4332 demenso.
608 4275 757 4344 Alb.,
787 4275 908 4330 Vel.
940 4276 988 4341 1,
1019 4276 1076 4340 2,
1108 4276 1277 4343 Mon.,
1310 4278 1420 4331 Ott.
1456 4274 1515 4339 ‘2,
1545 4272 1778 4325 dimisso.

252 4350 379 4405 184.
415 4348 743 4404 Arntzenius
768 4346 939 4403 edidit
965 4366 1059 4404 nec
1082 4364 1099 4401 :
1128 4360 1289 4418 atque
1340 4350 1412 4403 ita
1442 4344 1781 4418 quidetnlta-

174 4423 273 4477 bet
303 4437 531 4491 prosa;
587 4420 688 4476 sed
718 4436 850 4474 mss.
904 4420 1078 4477 nostri
1119 4415 1239 4475 cum
1286 4415 1573 4491 plerisque
1616 4415 1780 4491 editis

175 4487 307 4549 non.
327 4487 335 4491 ⁷
355 4487 525 4550 Solet
542 4502 722 4549 autem
745 4493 979 4548 alterum
1012 4508 1108 4561 pro
1133 4487 1307 4551 altero
1331 4487 1614 4562 usurpari;
1642 4499 1696 4544 et
1723 4487 1776 4542 in

175 4581 315 4621 mss.
346 4566 661 4636 frequenter
688 4566 828 4620 inter
858 4582 915 4621 se
945 4565 1379 4620 confunduntur.

255 4638 385 4694 185.
418 4632 538 4693 Vet.
571 4639 623 4701 1,
645 4638 703 4705 2,
730 4649 782 4693 et
806 4639 977 4703 Mon.,
1008 4638 1297 4692 damnaret.
1331 4638 1407 4694 Ita
1438 4636 1541 4692 fuit
1565 4632 1617 4688 in
1640 4647 1772 4688 mss.

169 4710 368 4767 Ottob.
407 4712 456 4776 1,
480 4710 668 4776 Rom.,
699 4711 836 4777 Meo,
888 4710 981 4765 sed
1008 4710 1353 4765 emendatum
1384 4720 1467 4766 est
1504 4723 1606 4779 per
1630 4707 1778 4759 dam-

170 4794 355 4838 narat.
404 4782 529 4837 Vat.
566 4783 618 4849 1,
654 4794 992 4853 repugnante
1022 4793 1219 4848 metro,
1255 4783 1603 4838 damnaverat.

256 4855 415 4930 187.__
441 4854 574 4925 Reg.
597 4853 654 4930 _1_,
680 4849 735 4922 9.,
762 4849 983 4930 βίου..
1017 4856 1067 4930 1_.
1092 4854 1147 4919 2,
1189 4853 1353 4927 Ang.,
1391 4853 1555 4930 All)”
1612 4849 1774 4930 Urb...

160 4929 360 4991 Meus,
385 4923 568 4994 Romi,
597 4926 718 4981 Vat.
746 4927 799 4992 ‘2,
825 4925 1008 4993 Cant.,
1031 4926 1244 4993 Arnlz.,
1273 4923 1554 4987 etAld.,et
1574 4923 1777 4994 reduci,

171 5002 342 5069 cujus
373 4991 564 5070 glossa'
591 5000 644 5054 in
676 5000 809 5069 Reg.
840 5000 892 5064 1,
916 4991 1125 5061 reuerti,
1172 4991 1291 5068 qua:
1324 4997 1546 5066 indicat,
1601 4991 1778 5052 reduci
1816 5032 1819 5033 ν

173 5088 306 5129 esse
334 5088 364 5126 a
387 5073 597 5141 reduco,
620 5072 856 5126 reducis:
876 5072 970 5127 sed
996 5084 1125 5125 tunc
1145 5073 1380 5127 secunda
1405 5081 1551 5126 esset
1574 5074 1777 5141 produ-

172 5145 379 5203 cenda.
416 5146 470 5201 ln
498 5145 630 5216 Reg.
656 5145 692 5199 2
733 5145 919 5215 glossa
946 5156 1027 5199 est
1058 5145 1324 5198 renteabili
1354 5161 1381 5197 a
1406 5144 1589 5216 redux,
1621 5144 1776 5199 redu-

172 5221 278 5274 ris.
314 5217 437 5272 Vat.
472 5218 523 5285 1,
555 5214 616 5271 ac
643 5217 832 5273 reddit.
870 5218 1123 5271 Parrltas.
1156 5230 1202 5271 et
1221 5216 1408 5277 reddit.
1433 5214 1595 5271 Fabr.
1616 5220 1779 5271 etiam

171 5291 374 5346 reddit.
401 5290 571 5345 Torn.
608 5291 662 5357 ὅ,
696 5300 750 5345 et
780 5290 896 5358 alii,
930 5286 1169 5353 salutem,
1202 5304 1300 5361 pro
1335 5290 1512 5343 saluti.
1545 5288 1780 5344 Arntze—

172 5364 309 5418 nius
339 5377 463 5418 cum
511 5362 731 5419 schedis
756 5361 963 5417 Poelm.
1006 5371 1061 5417 et
1084 5361 1202 5418 aliis
1249 5362 1507 5431 vulgatis,
1545 5370 1590 5414 et
1632 5361 1784 5415 reddi

171 5435 360 5489 divino
381 5451 525 5490 more
553 5435 713 5490 saluti
749 5437 875 5505 'qtti
907 5449 1012 5489 non
1057 5434 1337 5504 intelligit,
1370 5433 1497 5500 qttid
1523 5432 1623 5488 sibi
1654 5435 1787 5488 velit

170 5506 383 5563 reduci.
419 5507 585 5579 Atqui
615 5508 732 5563 haec
760 5507 1054 5578 scriptura,
1094 5520 1215 5578 quae
1239 5506 1352 5561 fere
1373 5506 1613 5560 omnium
1647 5520 1778 5561 mss.

174 5646 276 5711 15,
314 5645 574 5713 Quoniam
601 5664 705 5701 non
731 5646 943 5718 cognovi
973 5644 1348 5711 litteraturam,
1376 5643 1601 5718 introibo
1624 5643 1678 5697 in
1699 5660 1795 5713 po-

171 5720 375 5775 tentias
430 5718 660 5785 Domini,
696 5716 879 5773 tatnen
928 5718 1081 5772 tttulti
1123 5725 1343 5772 veteres
1370 5761 1383 5785 ,
1420 5725 1478 5770 ut
1527 5716 1799 5787 Hierony-

172 5808 307 5848 ωας
341 5834 357 5859 ν
393 5791 734 5863 Augustinus
763 5832 778 5856 ,
814 5789 1085 5863 Arnobius
1116 5790 1167 5843 in
1195 5787 1533 5863 Comment.,
1567 5798 1623 5842 et
1653 5788 1803 5863 lfgul-

196 5868 393 5920 crium
425 5860 761 5928 Romanum,
787 5861 1055 5916 exhibent
1104 5860 1508 5931 negotiationem
1540 5876 1635 5930 pro
1665 5861 1806 5913 litte—

185 5945 454 5992 aturam.
496 5934 553 5991 In
600 5932 946 5991 bibliothecis
996 5932 1216 5988 Patrum
1269 5932 1504 5990 fortasse
1547 5931 1806 5989 mendum

1959 3402 2085 3465 190.¹
2133 3412 2349 3471 Arntz.,
2383 3406 2569 3478 Reg.1
2608 3422 2753 3479 a_pr.
2788 3421 2890 3469 m.,
2937 3413 2993 3479 et
3012 3405 3184 3479 Qtt._1
3218 3423 3245 3461 a
3281 3424 3364 3476 pr.
3397 3428 3496 3474 tn.,

1886 3481 2058 3553 nigro,
2085 3490 2143 3537 ut
2164 3481 2307 3553 apud
2328 3475 2749 3554 Settccam_1E_tl.
2773 3492 2916 3554 vers.
2945 3477 3071 3554 55§,
3102 3477 3171 3554 Et
3199 3475 3323 3549 {eﬂe
3346 3483 3498 3554 nigro

1886 3548 2120 3608 tabidum
2142 3548 2345 3624 spumat
2380 3555 2552 3620 jecur.
2588 3550 2647 3605 In
2680 3548 2816 3621 Reg.
2911 3558 2965 3604 et
2997 3548 3108 3605 Οιι.
3144 3551 3169 3605 1
3200 3548 3494 3611 correctio

1884 3625 2085 3681 indicat
2117 3621 2276 3697 nigri.
2319 3640 2441 3693 qua:
2473 3636 2555 3679 est
2585 3621 2905 3697 communis
2936 3623 3209 3697 scriptura
3244 3641 3254 3676 :
3291 3634 3346 3678 et
3369 3643 3495 3695 pas—

1885 3699 1986 3753 sim
2008 3692 2235 3770 iqnide'tn
2262 3692 2467 3770 nigrum
2491 3700 2762 3751 venenum
2794 3692 3022 3763 dicitur,
3048 3696 3192 3766 quod
3228 3692 3493 3770 exemplis

1883 3769 2213 3825 conﬁrmare
2242 3769 2709 3839 supervacaneum
2763 3778 2919 3839 est:
2998 3837 3011 3839 A
3124 3838 3129 3839 ί
3226 3774 3232 3779 ’

1960 3843 2083 3900 192.
2117 3842 2268 3897 Meus
2311 3837 2513 3912 Quique
2538 3857 2557 3895 :
2585 3839 2778 3893 melius
2828 3837 2921 3912 alii
2978 3837 3269 3912 Quodque._
3293 3842 3482 3898 Arntz.

1883 3928 2073 3971 contra
2107 3913 2251 3985 leges
2281 3909 2469 3985 pedias
2492 3911 2698 3968 omittit
2726 3928 2845 3985 que.
2882 3910 3038 3985 Saepe
3055 3909 3109 3964 in
3134 3910 3295 3985 codd.
3324 3928 3479 3980 mss.,

1886 3989 1937 4042 id
1974 3981 2222 4042 accidere
2272 3981 2533 4041 observat
2582 3983 2933 4038 Arntzenius.
2967 3981 3130 4037 Rom.
3190 3983 3498 4052 diffuderat

1883 4076 2068 4133 ωψσε.
2099 4059 2377 4133 Sententia
2407 4064 2512 4122 est,
2543 4054 2698 4125 Quod
2721 4054 3032 4111 alternatim
3062 4054 3248 4125 plures
3297 4072 3481 4131 aegros

1886 4129 2133 4187 inliciens
2163 4129 2516 4200 disperserat,
2538 4138 2643 4200 etc.

1961 4203 2083 4259 194.
2107 4197 2382 4258 (ὶθιιιιιίιιε
2408 4200 2579 4257 edidit
2620 4199 2903 4269 iacentque,
2937 4197 3267 4267 Fabricium,
3313 4198 3474 4256 Pocl-

1886 4292 2144 4332 manuum
2178 4284 2231 4329 et
2268 4273 2557 4329 nonnullos
2583 4271 2721 4327 alios
2751 4270 2928 4325 editos
2958 4283 3198 4327 secutus.
3242 4272 3474 4330 Schedte

1884 4349 2121 4413 Poelm.,
2153 4347 2363 4412 Arntz.,
2419 4344 2610 4401 Parrh.
2642 4358 2764 4399 cum
2787 4343 2987 4399 nostris
3031 4344 3285 4399 omnibus
3310 4360 3471 4415 mss.,

1886 4422 2082 4476 melius
2107 4421 2379 4490 lumenque
2409 4434 2425 4471 :
2459 4432 2583 4490 nam
2628 4417 2842 4490 lumen,
2871 4424 2927 4470 et
2966 4416 3168 4485 saepius
3192 4416 3393 4472 lumina
3419 4418 3475 4474 in
3515 4423 3517 4425 ’

1886 4492 2103 4563 plurali,
2132 4507 2228 4561 pro
2257 4484 2429 4545 oculis
2455 4488 2695 4563 ponitur.
2723 4484 2864 4542 Tuiit
2888 4494 3035 4557 siepe
3050 4484 3355 4563 usurpatur
3376 4498 3479 4561 pro

1884 4560 2112 4643 abstulit,
2132 4560 2393 4643 nimirum
2425 4560 2661 4643 simplex
2674 4573 2789 4643 _pro
2803 4560 3148 4643 "composito.

1960 4638 2080 4693 195.
2132 4632 2409 4690 Vonckins
2437 4631 2768 4704 conjiciebat
2798 4631 2993 4688 Saucia
3022 4631 3252 4687 membra
3292 4643 3481 4690 terens.

1886 4709 1995 4766 Sed
2024 4718 2228 4776 quanto
2271 4707 2465 4762 melius
2517 4714 2605 4762 est
2634 4715 2831 4772 tenens,
2885 4704 2939 4757 lt.
2969 4719 3043 4768 e.,
3071 4714 3366 4776 occupans,
3391 4763 3397 4767 _
3418 4716 3478 4763 et

1886 4775 2267 4852 quasiditione
2288 4794 2386 4834 sua
2415 4776 2738 4852 continens!
2770 4775 2967 4852 Orbunt
3016 4777 3342 4852 simpliciter
3376 4794 3477 4849 pro

1886 4847 2159 4923 c'wco,pro
2190 4850 2313 4906 orbo
2362 4852 2523 4918 visus,
2550 4860 2639 4905 aut
2680 4847 2965 4923 nisultaud
3020 4849 3181 4904 facile
3233 4847 3478 4923 invenies

1807 4909 1862 4971 Β
1885 4909 2390 4996 apudantiqniores
2418 4909 2659 4996 Latinos.
2690 4921 2878 4996 Italico
2924 4934 3181 4996 sermone
3218 4922 3352 4996 orbo
3376 4938 3483 4979 ca:-

1887 4993 1983 5053 cus
2006 5006 2108 5054 cst.
2132 4993 2193 5050 In
2216 4997 2414 5065 glos>is
2447 4994 2637 5051 lsidOri
2674 4994 2961 5063 vestigium
2997 4993 3227 5065 aliquod
3251 5005 3480 5064 apparet

1889 5071 2050 5140 hujus
2081 5064 2521 5139 signiﬁcationis.
2567 5068 2853 5122 Contrario
2882 5064 3051 5140 modo
3073 5066 3265 5140 orbati
3303 5082 3479 5122 caecos

1887 5154 1942 5197 et
1965 5138 2281 5197 exemi-atus
2314 5156 2436 5197 sese
2460 5140 2738 5206 dicebant,
2765 5141 2888 5206 quia
2912 5138 3088 5192 oculis
3115 5138 3267 5191 liberi
3294 5150 3471 5207 requa-

1889 5217 2107 5275 bantur,
2136 5223 2195 5268 ut
2245 5229 2312 5268 ex
2353 5213 2523 5268 veteri
2572 5212 2881 5279 interprete
2905 5209 3174 5276 Apollonii
3218 5207 3370 5281 Tyrii
3425 5221 3484 5266 ct

1888 5286 2225 5356 Quintiliano
2259 5287 2513 5340 observat
2538 5282 2792 5337 Barthius
2819 5281 2857 5333 ι.
2880 5296 3092 5356 _t.vu,c.
3126 5282 3179 5335 6.
3211 5280 3483 5356 Fortuna-

1890 5350 1977 5414 tus
2003 5359 2197 5414 cadent
2226 5358 2658 5428 signiﬁcatione,
2684 5365 2844 5428 atque
2876 5350 3158 5428 Sedulius,
3209 5352 3347 5428 dixit
3388 5354 3489 5411 lib.

1888 5448 2005 5500 vttt,
2040 5446 2261 5487 carmen
2283 5426 2380 5497 25,
2412 5427 2618 5500 Jugiter
2660 5426 2749 5480 ille
2780 5426 2944 5480 sacris
2984 5426 3182 5479 meritis
3227 5426 3499 5483 illuminat

1891 5506 2062 5560 orbos.

1905 5650 1991 5697 est
2018 5640 2119 5709 Qui
2153 5654 2249 5710 pro
2278 5638 2434 5705 Quia,
2467 5646 2525 5710 ut
2557 5650 2748 5710 revera
2779 5634 3105 5710 Gallanditts
3136 5636 3329 5692 edidit.
3358 5637 3510 5710 Apo-

1910 5706 2234 5770 stoli‘verba
2263 5720 2389 5766 sunt
2417 5726 2479 5764 ex
2512 5708 2532 5763 l
2558 5708 2626 5764 ad
2653 5706 2906 5763 Corinth.
2939 5725 3064 5781 cap.
3097 5726 3173 5774 tv,
3220 5724 3366 5764 vers.
3396 5712 3449 5776 1,
3474 5709 3512 5763 2

1911 5796 1963 5843 et
1991 5786 2045 5839 7.
2079 5783 2218 5837 Intra
2250 5782 2317 5836 ad
2349 5798 2489 5837 vers.
2523 5781 2625 5840 109
2674 5782 2726 5837 in
2760 5797 2925 5853 prosa
2972 5782 3205 5851 antiqua:
3251 5780 3511 5837 mendum

1917 5856 2129 5912 videtur
2153 5870 2248 5926 pro
2274 5860 2510 5926 antiqua.
