3904 6348
429 308 537 365 655

1552 505 1664 580 [mo
1693 504 1963 577 parentis,

570 607 841 665 Sordibus
862 604 1120 671 exclusis,
1144 602 1335 660 oculos
1363 608 1528 673 atque
1552 614 1648 656 ora
1677 598 1903 655 novavit
1931 617 1947 667 ;

570 701 860 773 Verbaque
903 715 1001 772 per
1030 693 1278 766 verbum,
1313 712 1410 769 per
1445 697 1628 753 lumen
1669 694 1875 752 lumina
1917 710 2039 750 sur-

1782 790 1962 863 [gunt.

642 892 878 950 Venerat
903 899 960 948 et
990 889 1210 957 mulier,
1244 889 1436 946 morbo
1467 894 1751 945 contracta
1782 892 2021 953 vetusto,

425 988 532 1047 200
569 985 683 1044 Non
713 986 893 1051 senio,
942 981 1325 1050 tremebunda,
1376 997 1621 1054 gemens,
1662 980 1911 1051 incurva,
1945 993 2038 1035 ca-

1780 1073 1961 1149 [ducis

570 1175 844 1241 Vultibus,
879 1181 936 1230 et
961 1174 1135 1229 solam
1168 1173 1497 1245 despectans
1524 1185 1725 1228 cernua
1756 1177 1981 1226 terram.

567 1270 724 1341 Quae,
766 1268 997 1329 Domino
1049 1268 1367 1333 miserante,
1413 1266 1573 1338 juges
1616 1273 1740 1337 post
1782 1274 1909 1320 octo
1941 1262 2039 1320 de-

1708 1358 1962 1433 [cemquc

564 1460 805 1519 Membra
832 1459 975 1517 levat
1005 1472 1236 1527 messes,
1261 1456 1595 1529 ctelumque,
1621 1469 1687 1511 ac
1714 1453 1896 1511 sidera
1919 1462 2035 1509 tan-

1812 1546 1963 1622 [dem

1827 293 2050 355 CG‘JLII
2088 293 2367 356 SEDULII
3641 294 3732 352 656

571 421 737 495 259
762 418 916 477 Tunc
946 416 1206 474 Dominus
1232 412 1444 482 mundi,
1470 413 1562 468 lux
1591 418 1800 479 nostra,
1830 420 1888 468 et
1915 426 2031 470 ser-
2055 415 2105 475 A

2277 411 2441 484 260
2485 398 2712 480 Cernit,
2755 418 2810 467 et
2857 409 3144 469 ardentem
3189 410 3327 468 solis
3376 408 3732 469 reminiscitur

3349 518 3355 521 '
3396 514 3399 515 ⁷
3443 506 3666 581 [orbem,

2140 602 2247 659 203
2285 599 2481 657 Totum
2530 608 2712 658 erecta
2743 599 2975 670 videns;
3026 602 3152 675 quia
3184 616 3324 674 quos
3371 599 3547 657 malus
3572 599 3732 671 oppri-

2608 730 2646 775 ,
3330 692 3456 767 [mit
3485 692 3666 757 hostis,

2282 789 2395 851 lma
2441 796 2673 862 petunt;
2724 804 2861 863 quos
2888 790 3148 848 Christus
3195 790 3314 861 alit,
3365 791 3487 847 sine
3516 788 3629 847 labe
3657 804 3734 845 re.

3403 880 3667 957 [surgunt.

2352 977 2600 1051 Cumque
2642 976 2841 1035 dehinc
2889 978 3150 1050 populum
3184 992 3308 1037 sese
3336 978 3393 1034 in
3421 977 3628 1034 deserta
3653 991 3732 1033 se-

3444 1073 3666 1148 [cutum.

2283 1167 2354 1226 Ut
2380 1169 2594 1241 typicus
2618 1169 2854 1244 Moyses,
2887 1186 3162 1244 verusque
3191 1170 3488 1242 propheta,
3518 1167 3710 1226 videret

2279 1262 2572 1334 Antiquam
2601 1264 2810 1320 sentire
2840 1262 3041 1321 famem
3060 1306 3075 1330 ,
3108 1263 3408 1337 majoribus
3439 1264 3575 1320 actis

2136 1357 2246 1414 2t0
2283 1355 2577 1427 Antiquam
2603 1360 2931 1415 monstravit
2952 1374 3112 1429 opem
3139 1374 3154 1425 ;
3190 1368 3319 1415 tunc
3347 1359 3480 1416 alite
3510 1358 3668 1414 multo

2284 1449 2477 1507 Carnis
2528 1450 2712 1522 Opima
2764 1450 2953 1523 dedit,
3011 1453 3251 1523 geminis
3290 1452 3460 1511 modo
3516 1450 3731 1523 piscibus

3490 1544 3668 1619 [auxit.

1837 1661 1970 1721 PUS
2006 1658 2397 1720 PASCHALE.

1786 1664 1970 1722 OPUS
2006 1664 2397 1720 PASCHALE.

425 1769 691 1841 compulit
718 1766 985 1823 insanire.
1010 1763 1150 1820 Huic
1174 1761 1490 1821 misericors
1518 1761 1689 1819 totius
1712 1759 1902 1817 mundi
1924 1759 2030 1830 sal-
2061 1761 2109 1822 B
2137 1766 2246 1814 tem
2290 1755 2581 1828 aliquando
2628 1757 3005 1817 reminiscitur
3031 1774 3093 1817 se
3120 1759 3353 1817 vidisse.
3405 1760 3548 1843 Quid
3592 1759 3737 1818 dide-

429 1873 607 1933 vator,
650 1863 739 1919 lux
782 1869 992 1925 nostra,
1025 1873 1208 1915 sermo
1244 1857 1534 1930 genitoris,
1563 1855 1809 1913 obsceno
1836 1854 2036 1926 spiritu

428 1959 667 2023 turbato,
698 1955 878 2011 visum
903 1943 1161 2017 reddidit,
1195 1967 1259 2008 os
1299 1951 1539 2020 novavit,
1571 1966 1780 2023 perque
1804 1950 2033 2007 verbum

428 2050 592 2109 verba
620 2050 933 2129 proﬁciunt,
958 2062 1057 2119 per
1087 2048 1268 2101 lumen
1299 2044 1504 2101 lumina
1531 2045 1885 2102 reviviscunt.

499 2145 695 2203 Mulier
738 2159 956 2217 quoque
984 2151 1216 2198 venerat
1262 2138 1601 2211 sospitanda,
1644 2140 1817 2196 veteri
1865 2140 2038 2210 magis

428 2248 716 2297 contracta
746 2237 959 2303 morbo,
992 2249 1154 2305 quam
1184 2234 1358 2296 senio,
1393 2244 1551 2305 gestu
1576 2233 1827 2300 tremula,
1861 2231 2043 2304 gemi-

428 2335 575 2393 tibus
620 2330 855 2395 anhela,
906 2328 1149 2399 scapulis
1196 2342 1400 2395 curva,
1451 2327 1692 2383 vultibus
1737 2310 1995 2383 inclinata
2023 2369 2038 2395 ,

427 2440 757 2498 semperque
783 2424 1121 2499 despectans.
1156 2421 1414 2476 humilem
1446 2436 1645 2476 cernua
1677 2419 2039 2491 depressione

427 2521 708 2579 tellurem.
751 2518 885 2587 Quae
914 2515 1130 2571 Domini
1166 2514 1462 2570 virtutibus
1490 2513 1720 2570 allevata
1749 2523 1875 2585 post
1916 2523 2041 2579 octo

420 2613 583 2687 juges
615 2626 810 2673 annos,
859 2623 921 2664 ac
951 2608 1167 2672 decem,
1203 2605 1465 2662 membris
1515 2614 1698 2662 erecta
1753 2608 2040 2675 suspensis

424 2708 629 2766 malum
676 2712 885 2770 tuetur,
927 2716 994 2756 ac
1040 2699 1248 2768 sidera,
1298 2699 1634 2771 globumque
1664 2698 1800 2756 solis
1842 2701 2043 2758 arden-

2135 1864 2244 1920 rat,
2274 1851 2420 1908 idola
2452 1852 2721 1921 colentes,
2753 1853 3046 1923 advertite,
3072 1855 3219 1912 inter
3248 1855 3444 1924 Deum,
3475 1871 3630 1928 quem
3660 1853 3740 1911 fu-

2136 1950 2284 2022 gitis,
2315 1956 2371 2005 et
2410 1948 2744 2016 daemonem,
2771 1966 2935 2022 quem
2964 1951 3215 2022 placatis,
3249 1950 3294 2007 si
3326 1951 3531 2021 placari
3564 1961 3729 2007 tamen

2136 2046 2183 2102 is
2211 2046 2407 2117 possit,
2441 2049 2533 2117 qui
2561 2045 2765 2103 laedere
2787 2062 2896 2102 nun
2924 2046 3160 2103 desistit.
3190 2045 3399 2104 Omnes
3421 2037 3590 2116 enim,
3617 2061 3739 2118 quos

2136 2142 2234 2201 ille
2258 2142 2531 2214 possidet,
2560 2143 2951 2214 opprimuntur
2982 2162 2995 2199 :
3024 2161 3159 2217 quos
3191 2143 3454 2204 Christus
3475 2146 3603 2218 iugo
3630 2160 3740 2203 sus-

2139 2236 2382 2293 vissimae
2413 2236 2656 2293 levitatis
2684 2248 2901 2307 onerat,
2930 2238 3263 2295 allevantur.

2212 2329 2345 2386 inde
2371 2345 2497 2386 cum
2524 2331 2783 2402 pupulum
2813 2331 2865 2386 in
2893 2329 3111 2387 deserta
3142 2344 3268 2387 sese
3291 2341 3660 2402 prosecutum,
3690 2340 3742 2387 ut

2145 2424 2363 2498 Moyses
2404 2424 2647 2497 typicus,
2698 2435 2755 2481 et
2803 2424 3069 2497 propheta
3098 2441 3286 2493 verus,
3317 2426 3590 2499 sapiceret
3615 2426 3741 2483 anti-

2150 2534 2277 2591 quae
2300 2519 2480 2575 victus
2509 2518 2806 2576 sterilitate
2841 2518 3101 2589 deﬁcere,
3135 2520 3395 2576 maximis
3424 2521 3643 2593 antiqua
3662 2534 3743 2578 so-

2142 2611 2275 2668 latia
2319 2613 2601 2684 reparavit
2638 2614 2968 2685 augmentis.
3014 2613 3169 2670 Tunc
3209 2614 3483 2686 siquidem
3522 2615 3748 2687 repenti-

2144 2721 2269 2762 nam
2296 2707 2484 2763 multre
2514 2706 2760 2763 volucris
2785 2721 3035 2776 carnem,
3060 2705 3223 2764 modo
3245 2706 3485 2763 duorum
3528 2707 3749 2780 piscium

1925 2838 2242 2900 SCHOLIA.

496 2928 622 3004 196.
657 2939 865 2998 Poelm.
887 2936 955 2993 ad
985 2950 1189 3008 marg.,
1222 2934 1389 3008 Fabr.
1421 2943 1478 2991 et
1519 2934 1608 2989 alii
1644 2932 1892 3008 nonnulli
1921 2934 2044 2990 vul-

416 3019 560 3093 gati,
588 3005 1363 3093 tua:_vcra._.SciredanPoclm.
1406 3022 1534 3093 cum
1567 3005 1771 3093 nostris
1822 3020 1953 3093 mss.
1987 3015 2043 3063 et

427 3077 889 3162 praetentissimis
912 3080 1271 3162 editionibus,
1297 3079 1389 3133 lux
1404 3090 1601 3162 uestra.
1624 3077 1814 3147 Rom.,
1836 3090 2035 3149 nostra,

429 3153 594 3220 sermo
618 3176 637 3215 :
674 3164 908 3212 metrum
942 3153 1111 3223 exigit
1139 3162 1338 3223 nostra,
1367 3158 1413 3203 et
1443 3166 1633 3223 sermo.

444 3292 447 3294 _
501 3233 625 3290 197.
661 3230 812 3285 Meus
864 3220 1125 3281 mendose
1172 3221 1405 3277 Moribus
1454 3238 1552 3291 pro
1600 3221 1879 3277 Sardibus.
1934 3220 2035 3278 Ed.

426 3306 577 3376 Lips.
613 3299 893 3376 nott‘male
935 3296 1166 3376 appulsis
1195 3310 1298 3365 pro
1341 3294 1878 3376 esciusis._8edulitis
1909 3295 2039 3351 alibi

427 3365 591 3435 etiam
624 3371 848 3429 adhibet
874 3365 1096 3424 excludo
1120 3382 1219 3438 pro
1249 3365 1470 3438 expello.
1496 3367 1552 3420 S.
1584 3366 1844 3419 Damasus
1862 3382 2035 3421 carm.

427 3468 468 3516 ι,
502 3449 558 3503 in
598 3444 811 3516 Iaudem
850 3439 1105 3516 Davidis:
1154 3437 1381 3516 Sedibus
1406 3438 1655 3516 depositis
1684 3446 1912 3516 purgant
1952 3454 2041 3507 pe-

426 3506 650 3577 netralia
678 3514 885 3576 cordis;
916 3512 1009 3582 qui
1051 3525 1243 3565 versus
1276 3508 1327 3563 in
1370 3508 1557 3564 codice
1590 3506 1853 3582 Yaticano
1886 3506 2034 3565 num.

430 3591 522 3658 84,
556 3593 608 3646 in
638 3605 744 3657 quu
768 3595 851 3643 est
882 3579 1204 3639 Psalterium
1234 3597 1297 3635 es
1318 3582 1586 3658 versione
1606 3579 1662 3635 S.
1700 3580 2036 3658 Hieronymi,

429 3677 485 3723 ct
500 3652 554 3718 in
574 3652 808 3731 quodam
836 3658 1227 3731 epigrammate
1248 3653 1350 3708 sub
1453 3652 2036 3731 Hieronymiuomiue,

431 3724 629 3799 melius
661 3724 884 3799 legitur,
918 3725 1176 3799 Sardibus
1204 3724 1476 3799 expositis.
1509 3734 1653 3799 e_tc.,_
1674 3726 1883 3799 ac__legi
1917 3739 2043 3799 pos-_-

426 3816 512 3863 set
541 3795 794 3867 carpulsis,
814 3800 898 3856 vel
926 3796 1172 3853 exclusis.
1205 3797 1263 3852 In
1291 3796 1398 3850 alio
1428 3795 1693 3868 Psalterio
1722 3796 2039 3868 Hieronymi

430 3877 557 3937 cod.
592 3876 767 3931 Vatic.
799 3871 966 3933 4226.
999 3872 1333 3940 epigramma
1356 3867 1563 3923 editum
1590 3867 1907 3940 Hieronymi
1940 3883 2041 3923 no-

431 3951 580 4007 mine
611 3948 867 4003 tribuitur
898 3939 1151 4011 Damaso,
1182 3953 1238 3997 et
1267 3941 1434 3996 simili
1469 3940 1629 3995 modo
1659 3939 1878 4016 legitur,
1913 3941 2041 3997 sor-

434 4022 585 4079 dibus
612 4017 881 4085 expositis.

510 4093 633 4149 198.
663 4082 812 4147 Meus
841 4096 1099 4157 corrupte
1134 4084 1430 4154 Umbroque
1457 4101 1549 4150 per
1577 4082 1805 4157 uerbum,
1839 4100 1904 4139 ac
1943 4083 2044 4139 mi-

438 4181 539 4221 nus
574 4166 853 4230 eleganter
896 4176 986 4232 per
1016 4156 1193 4212 lucem
1242 4156 1764 4227 lumina,'quamvis
1809 4172 2042 4225 praeces-

440 4239 576 4293 serit
602 4238 693 4291 (ua:
719 4236 916 4288 nostra.

514 4309 635 4364 199.
669 4308 853 4373 Rom.,
910 4302 983 4357 De
1032 4302 1244 4356 muliere
1287 4311 1574 4355 contracta.
1622 4299 1792 4368 Meus,
1832 4299 2044 4354 Mulier

440 4398 598 4435 curva
622 4378 855 4445 erigitur.
881 4376 951 4431 Ca
963 4382 1243 4445 ppusotus,
1269 4384 1548 4440 contacta;
1582 4374 1723 4442 lege,
1749 4381 2040 4427 contracta.

443 4451 605 4513 Urb.,
634 4446 883 4514 ridicule,
912 4446 1090 4501 morbo
1121 4455 1385 4499 contracta
1413 4454 1645 4499 venusto.

515 4522 642 4576 200.
676 4521 848 4582 Meus,
894 4518 1051 4579 um,
1087 4516 1208 4570 Non
1246 4518 1388 4571 senio
1430 4516 1771 4571 tremebunda
1814 4532 2039 4587 gemens,

443 4594 533 4647 sed
561 4607 715 4644 curva
740 4588 952 4643 caducis
977 4617 1047 4627 —
1086 4587 1342 4654 Vultibus,
1378 4589 1520 4657 quod
1572 4587 1786 4653 probari
1831 4589 2041 4657 nequit.

449 4645 780 4721 Artttzenitts
821 4645 1639 4725 iuterpuugitincurra'caducis.
1680 4659 1793 4717 νει,
1832 4645 2045 4714 rititer-
2078 4645 2125 4707 Ι)

447 4736 639 4805 pungit
663 4736 898 4805 incuruo,
923 4728 1131 4805 caducis
1152 4759 1221 4768 -—
1250 4729 1512 4805 Vpltibus,
1538 4730 1681 4800 quod
1710 4746 1816 4785 non
1846 4733 2046 4786 tualum

445 4800 669 4864 scus'um
698 4801 906 4858 eflicit:
940 4800 1032 4853 sed
1069 4815 1222 4867 prosa
1250 4800 1392 4853 aliud
1422 4805 1553 4856 vult.

521 4876 647 4933 202.
677 4879 861 4929 Arntz.
892 4871 1238 4941 scriltitjugis
1259 4885 1358 4939 pro
1377 4874 1529 4943 juges
1556 4888 1621 4927 ex
1644 4874 1860 4928 diverso
1883 4875 2045 4932 modo

442 4946 769 5008 terminaudi
791 4943 1163 5012 hujuscemodi
1198 4956 1354 4995 casus
1376 4944 1845 5016 νιιηῃιθδνίυῃεὴςν
1866 4947 2044 5016 juge‘.

445 5022 685 5097 etjugis.
739 5016 1111 5097 Wotikensitts
1162 5025 1314 5097 recte
1368 5013 1610 5097 expleuit
1674 5013 2042 5097 conjecruﬁam

446 5082 675 5155 Ba'rtt‘iii,
711 5098 969 5143 reserante
996 5085 1126 5139 Deo.
1160 5086 1323 5140 Certe
1363 5082 1586 5137 Domino
1620 5082 1910 5148 miserante,
1944 5089 2048 5146 hoc

446 5176 551 5232 est,
609 5164 872 5219 heuelicio
928 5157 1161 5232 Domini,
1203 5156 1615 5232 probmn‘est,
1663 5157 1941 5232 magisque
1977 5176 2043 5215 ex

446 5227 589 5310 Styio
618 5232 1008 5310 ecclesiastico.
1055 5228 1337 5310 Fabricius
1366 5227 1535 5310 edidit
1578 5228 1726 5310 Qum,
1772 5230 2045 5310 miserante

446 5298 579 5375 D220,
601 5312 794 5381 juges:
818 5304 1070 5381 itlsecuti
1096 5310 1221 5381 sunt
1251 5298 1498 5354 nonnulli
1518 5298 1749 5381 vulgati,
1778 5314 1840 5381 ac
1861 5302 2042 5381 deleti-
2098 5311 2110 5321 ‘

384 5386 387 5389 “
447 5371 580 5436 duui
601 5371 827 5434 'sc'liedae
857 5374 1086 5432 Poelm..
1111 5373 1235 5443 quia
1264 5386 1423 5428 sucus
1449 5371 1675 5443 primam
1694 5372 1953 5441 producit.
1976 5377 2046 5428 At

447 5454 576 5523 quid
608 5449 930 5523 hocArel'et-t,
959 5460 1183 5523 cunrex
1217 5446 1460 5523 unanimi
1493 5444 1740 5497 codicum
1773 5458 2044 5523 consensu

446 5514 681 5586 duttstet,
714 5520 990 5575 Sedulium
1018 5517 1245 5587 primam
1272 5518 1323 5570 in
1338 5514 1485 5588 jugis
1508 5529 1655 5588 Saepe
1671 5514 2046 5588 corripuisse?

516 5596 643 5651 205.
670 5585 825 5647 Meus
855 5585 1111 5656 corrupte
1136 5590 1271 5643 lavat
1300 5585 1581 5658 pro—lerat.
1606 5586 1789 5646 Cant..
1815 5585 1953 5658 Reg.
1994 5591 2045 5654 1,

449 5665 633 5729 Rom.,
676 5664 850 5728 Meus,
888 5660 1164 5727 Parrbas.,
1192 5656 1351 5731 Reg.
1382 5660 1419 5731 2
1448 5675 1476 5712 a
1511 5674 1595 5729 pr.
1630 5674 1729 5725 m.,
1776 5656 2046 5731 obscure;

448 5738 574 5793 Vat.
607 5739 633 5793 1
663 5752 734 5791 ex
762 5734 1125 5797 correctione,
1165 5730 1277 5788 Ott.
1303 5729 1358 5799 2,
1391 5730 1550 5797 Urb.,
1582 5746 1801 5785 menses.
1836 5729 1967 5799 Reg.
2014 5730 2048 5784 2

453 5746 574 5793 vat.
607 5746 633 5793 1
663 5752 734 5791 ex
762 5746 1125 5797 correctione,
1165 5746 1277 5788 Utt.
1303 5746 1358 5799 2,
1394 5746 1550 5797 Ul‘D.,
1582 5746 1801 5785 menses.
1836 5746 1967 5857 negl.
2014 5746 2044 5784 2

450 5825 515 5864 ex
539 5809 897 5871 correctione,
924 5803 1058 5875 Reg.
1085 5804 1139 5874 5,
1166 5803 1319 5873 Ald.,
1343 5803 1467 5860 Vat.
1488 5802 1546 5869 2,
1578 5811 1637 5858 ut
1661 5802 1895 5870 videtur,
1971 5813 2044 5857 at.

444 5880 468 5938 1
510 5899 537 5934 ιι
576 5896 657 5951 pr.
690 5895 788 5947 m.,
830 5876 969 5947 Aug.
1004 5874 1060 5932 et
1105 5874 1261 5934 inulti
1301 5874 1452 5942 editi,
1480 5891 1689 5943 messes,
1720 5875 1865 5946 quod
1889 5875 2048 5932 unice

2146 2939 2441 2994 tenendum
2470 2955 2537 2994 ex
2563 2939 2709 2995 Luca
2739 2954 2791 2996 c.
2822 2955 2935 3005 xm,
2968 2940 3061 2997 ubi
3104 2940 3220 2996 haec
3247 2942 3450 2999 mulier
3478 2943 3637 2999 annis
3662 2943 3750 3000 de-

2145 3026 2264 3066 cem
2294 3019 2349 3067 et
2378 3021 2500 3067 octo
2532 3027 2600 3067 eo
2631 3010 2825 3086 morbo
2859 3011 3136 3086 laborasse
3164 3013 3389 3086 dicitur.
3448 3013 3635 3071 Hessis
3657 3030 3748 3086 pro

2144 3097 2288 3139 anno
2328 3098 2475 3153 stupe
2520 3084 2780 3152 sumitur,
2835 3092 2894 3138 ut
2942 3083 3127 3151 hiems,
3158 3085 3341 3153 arista.
3390 3097 3501 3143 etc.
3542 3083 3748 3153 Arnim,

2144 3154 2255 3211 Ott.
2291 3157 2314 3210 1
2348 3150 2712 3231 ili—contextu,
2746 3150 2803 3211 et
2823 3150 3119 3231 _r_tonnull:e
3150 3150 3445 3231 editiones,
3475 3169 3568 3226 et;
3598 3150 3754 3231 pleri-1

2144 3241 2251 3297 que
2280 3242 2415 3302 mss.
2450 3242 2572 3302 cum
2619 3227 2742 3302 aliis
2771 3226 3087 3302 editis,_ac.
3132 3229 3258 3284 Alb.
3288 3245 3357 3286 ex
3388 3226 3572 3302 glossa
3601 3226 3748 3287 'lerat

2145 3296 2350 3365 annos;
2382 3298 2580 3354 deinde
2611 3296 2821 3364 caelum,
2855 3316 2916 3353 ac
2941 3300 3115 3354 sidera
3144 3302 3378 3357 tandem.

2215 3370 2343 3424 20L
2379 3370 2512 3439 Reg.
2542 3372 2599 3433 2,
2635 3387 2735 3435 ac;
2765 3372 2856 3425 alii
2889 3372 3189 3439 venustius,
3221 3381 3289 3426 et.

2216 3440 2343 3519 295.
2382 3441 2500 3519 \_’et.
2535 3442 2587 3507 1,
2616 3442 2740 3512 quia
2762 3443 3302 3519 rich-emendandum
3330 3455 3437 3513 est,
3467 3447 3589 3518 quia
3608 3464 3751 3519 quas.

2218 3513 2347 3568 206.
2385 3512 2504 3566 Ima
2532 3523 2713 3585 petunt
2738 3528 2802 3568 ex
2832 3513 3061 3585 Virgilio
3090 3531 3205 3583 vm,
3237 3517 3329 3572 67.

2217 3585 2344 3657 207.
2375 3585 2559 3649 Rom.,
2595 3584 2641 3641 U
2647 3584 2711 3657 bii
2726 3585 2859 3654 pluit
2882 3584 3072 3640 manna
3095 3589 3313 3657 populis
3330 3589 3428 3643 Dei
3449 3590 3503 3644 in
3529 3590 3749 3645 deserto.

2146 3654 2337 3731 Melius
2384 3657 2629 3731 [οιξιινηηΔ
2677 3656 2915 3729 Quinque
2956 3654 3176 3731 panibus
3214 3661 3442 3731 quinque
3486 3660 3654 3717 millia
3680 3664 3753 3717 ci-

2147 3727 2351 3782 bantur.
2384 3728 2499 3783 lluc
2544 3728 2690 3784 enim
2723 3727 3185 3801 est'praécipuum
3226 3727 3421 3804 capitis
3467 3748 3753 3805 argumen-

2153 3809 2287 3855 tum.

2215 3871 2643 3949 2‘08;Pl_eriquc,
2664 3880 2836 3949 atque
2856 3872 3412 3949 vetustissimignostrj
3442 3876 3749 3949 tuss.,Reg.

2148 3944 2201 4007 1,
2232 3944 2288 4010 2,
2321 3945 2376 4011 5,
2411 3942 2562 3998 Valt.
2592 3943 2718 4010 1,2,
2749 3942 2898 4009 Alb.,
2928 3945 3191 4001 Otlobon.
3217 3947 3271 4013 1,
3293 3946 3351 4014 2,
3382 3947 3571 4015 Rom,
3594 3942 3751 4016 Augt,

2143 4016 2432 4091 Medicum
2458 4016 2645 4091 C_attt.,
2670 4016 2873 4091 Parrh.
2897 4027 2952 4091 et
2975 4018 3098 4072 aliis
3120 4018 3307 4083 editis,
3336 4020 3589 4091 scribunt
3612 4019 3755 4091 Moy-

2145 4104 2245 4143 ses.
2280 4085 2636 4161 Recentiures
2663 4103 2783 4161 cum
2813 4090 2939 4145 Ald.
2971 4097 3049 4161 et,
3076 4090 3206 4161 aliis
3232 4092 3536 4161 praeierunt
3564 4085 3750 4157 Moses,

2146 4162 2294 4229 quia,
2327 4167 2384 4215 ut
2412 4160 2650 4235 advertit
2694 4159 2997 4235 Grunerus,
3030 4158 3251 4235 Moyses
3269 4163 3620 4235 trisyllabum
3650 4163 3753 4233 prio

2112 4248 2288 4286 imam
2338 4231 2591 4301 corripit,
2644 4242 2700 4287 et
2747 4233 3041 4302 secundum
3097 4231 3387 4302 producit;
3407 4234 3609 4289 Verum
3654 4231 3754 4290 etsi

2145 4303 2392 4374 exempla
2424 4297 2675 4373 quaedam
2725 4314 2875 4371 sunt,
2924 4297 3011 4358 εί
3046 4297 3246 4374 quibus
3272 4314 3520 4372 apparet,
3576 4318 3755 4373 poetas

2144 4373 2487 4446 Christianos
2524 4374 2762 4446 primam
2796 4377 2849 4429 in
2896 4373 3103 4446 Moyses
3143 4374 3502 4446 corripuisse,
3559 4392 3751 4431 secun-

2146 4445 2270 4501 dam
2307 4445 2647 4511 produxisse,
2673 4455 2858 4501 tamen
2888 4444 3109 4501 difficile
3127 4455 3212 4502 est
3239 4444 3411 4504 inibis
3444 4447 3749 4503 nominibus

2147 4518 2388 4589 propriis
2410 4516 2767 4589 Hebraeorum
2796 4517 2973 4588 legem
2996 4526 3261 4579 statuere,
3288 4519 3356 4573 ad
3383 4535 3549 4589 quam
3574 4533 3756 4575 versus

2150 4587 2434 4659 poetarum
2465 4587 2901 4644 Christianorum
2932 4588 3126 4659 reﬁngi
3155 4587 3417 4650 debeant;
3470 4608 3596 4645 cum
3631 4605 3755 4660 poe-

2154 4671 2224 4717 tae
2251 4661 2519 4731 sequioris
2547 4662 2745 4729 aetatis,
2776 4662 2941 4718 etiam
2967 4660 3197 4725 ethnici,
3221 4676 3369 4731 saepe
3396 4662 3451 4716 in
3475 4662 3751 4730 quibusvis

2156 4732 2467 4790 nominibus
2500 4733 2733 4803 propriis
2757 4732 3052 4789 eﬂ‘erendis
3076 4748 3327 4804 magnam
3359 4733 3463 4789 sibi
3489 4734 3752 4789 licentiam

2156 4805 2535 4875 arrugaveriut
2560 4821 2572 4858 :
2602 4820 2708 4874 qua
2733 4803 2801 4861 de
2822 4820 2884 4860 re
2904 4805 3135 4860 disserui
3163 4803 3412 4874 pluribus
3439 4805 3495 4860 iu
3518 4805 3757 4861 Pruden-

2156 4878 2337 4932 tianis.
2371 4876 2524 4943 Quod
2549 4877 2748 4931 attinet
2772 4878 2993 4947 quidem
3021 4877 3086 4931 ad
3114 4875 3343 4947 Moyses,
3376 4878 3551 4946 prima
3584 4877 3755 4947 potius

2152 4959 2298 5002 esset
2327 4947 2698 5019 producenda,
2732 4964 2854 5019 rum
2884 4946 3077 5019 Graece
3114 4946 3388 5002 scribatur
3420 4964 3515 5017 per
3542 4946 3750 5019 ninega.

2155 5018 2422 5088 Quidquid
2467 5019 2519 5073 id
2552 5029 2656 5084 est,
2692 5018 2821 5071 nihil
2870 5018 3075 5085 obs-tat,
3120 5020 3416 5086 quominus
3445 5019 3649 5089 Moyses
3674 5018 3751 5071 sic

2154 5098 2439 5171 exaratum
2470 5089 2796 5171 t'ljsyllabum
2829 5091 3024 5171 sitpcr
3059 5092 3746 5171 contractionem-duarum

2154 5161 2444 5215 voc-ilium.
2479 5159 2841 5232 Trisyllabum
2876 5159 3083 5232 Moyses
3116 5161 3219 5216 hoc
3256 5162 3454 5216 eodem
3498 5160 3750 5216 librooc-

2154 5232 2327 5287 currit
2355 5231 2662 5286 vers.285.
2770 5278 2771 5281 η
2973 5231 2979 5232 “
3081 5283 3083 5286 .
3426 5242 3431 5245 λ

2222 5304 2349 5357 210.
2381 5301 2595 5364 Arntz.,
2628 5302 2796 5358 Cant.
2836 5312 2891 5359 et
2921 5303 3140 5359 schedae
3178 5304 3415 5371 Poelm.,
3455 5321 3577 5362 cum
3611 5318 3741 5359 mss.

2153 5375 2356 5430 nostris
2387 5374 2517 5438 Reg.
2548 5373 2604 5439 2,
2647 5376 2700 5434 ὗ.
2735 5375 2908 5431 Vatic.
2956 5376 3010 5443 2,
3049 5375 3169 5431 Vat.
3204 5378 3227 5431 1
3278 5392 3343 5431 ex
3386 5374 3741 5440 correctione,

2153 5447 2336 5501 Ottul).
2362 5444 2418 5513 2,
2450 5446 2613 5514 Ang.,
2649 5444 2806 5512 Urb.,
2835 5447 2985 5513 Alb.,
3019 5450 3203 5502 multo.
3236 5448 3329 5504 Sic
3359 5448 3569 5514 Parrh.,
3597 5445 3740 5511 Alit,

2155 5529 2208 5572 et
2236 5521 2415 5572 multae
2437 5520 2673 5587 antiquae
2693 5520 2987 5574 editiones.
3017 5521 3118 5575 Alii
3144 5535 3274 5575 mss.
3306 5528 3365 5576 et
3389 5521 3537 5588 editi,
3562 5517 3740 5588 multa.

2157 5588 2484 5645 Utrumlibet
2519 5586 2725 5645 rectum
2757 5600 2862 5659 est,
2894 5607 3016 5647 cum
3053 5592 3161 5645 ales
3184 5591 3256 5647 sit
3284 5601 3393 5648 tam
3441 5586 3742 5651 masculini.

2153 5676 2310 5732 quam
2344 5660 2563 5734 feminei
2596 5664 2834 5734 generis.

2220 5733 2345 5788 211.
2385 5732 2502 5789 Vel.
2540 5732 2681 5801 1,12,
2714 5735 2887 5809 Mom,
2926 5736 3147 5809 geminis
3194 5737 3353 5792 modo
3382 5735 3593 5809 μηὶιρε
3632 5743 3741 5785 α’

2153 5803 2316 5873 plum,
2349 5813 2403 5859 et
2438 5820 2489 5858 v.
2524 5820 2639 5876 seq.
2672 5807 2830 5881 pluit,
2878 5803 3033 5864 modo
3064 5809 3294 5881 piscibus
3318 5803 3485 5877 ausit,
3528 5806 3739 5863 ἑυναεο

2150 5885 2206 5932 et
2237 5886 2572 5946 praepostero
2600 5878 2815 5935 ordine.

3486 6090 3861 6179 “dum

3190 6338 3590 6348 III—am
3616 6337 3674 6344 ﬁ—
3753 6337 3840 6346 ἡ
