3896 6408
184 534 248 585 ut
1147 495 1150 498 ’
1301 504 1724 563 ιςιπιςιυιηιιιυ

1826 502 2009 555 LIBER
2053 502 2131 552 lt’.

3226 491 3331 545 ἓιῆ

190 642 349 699 “sum”.
374 636 482 699 quia
529 634 667 685 satis
715 643 789 684 εει
837 630 960 682 mihi
1004 628 1066 678 ενι
1098 626 1338 677 amicitia:
1391 624 1653 679 ηαμακερ,
1692 624 1732 673 Α
1764 618 2036 669 delictum.
2072 615 2262 664 \‘tdero
2294 628 2407 677 quc
2436 623 2521 662 tua
2553 617 2721 661 lutura
2746 611 2810 660 sit
2842 609 2891 659 itt
2920 610 3196 659 relerendu
3221 624 3322 659 scr-

188 731 282 797 qttotl
313 742 378 781 tne
402 726 567 777 credo
603 719 875 775 redamari.
904 718 1045 770 Vale.

732 827 931 881 EI'IST.
976 827 1063 879 IlI.

470 934 775 972 .~\.\l\lAClIUS
812 931 1022 969 JL‘LIANO
1063 927 1299 966 RUSTICO.

239 1016 351 1068 llunc
371 1010 629 1064 Scribendi
673 1022 865 1059 inn-cm
912 1004 1214 1070 suprrstitio
1259 1010 1458 1051 vetusta
1490 995 1673 1048 (ῖυειεςιζο

189 1107 274 1157 luit.
299 1113 342 1152 ut
367 1100 419 1151 ad
445 1098 725 1165 perwgritta
758 1094 971 1162 digressi
995 1094 1223 1160 priorem
1251 1090 1347 1141 sibi
1372 1090 1539 1140 locum
1566 1085 1675 1135 tin-

191 1196 321 1244 dicent
338 1205 436 1241 cum
454 1188 760 1240 absentibus
782 1182 1134 1250 colloquendi.
1158 1180 1259 1234 Sed
1279 1180 1496 1232 affectus
1519 1189 1678 1227 mora:

192 1286 424 1347 unpatiens,
458 1276 728 1330 scribendi
759 1277 899 1325 vices
939 1272 1192 1339 religione
1226 1268 1464 1321 mutavit.
1503 1267 1681 1330 Itaque

190 1372 425 1435 rttptalcge
466 1365 748 1424 reticendi,
806 1376 1108 1415 sermonem
1155 1371 1299 1412 tuum
1350 1355 1683 1409 lestinationo:

190 1460 434 1527 praveuio;
469 1456 725 1522 adjiciens
754 1453 952 1507 sedula:
983 1450 1310 1503 salutationis
1327 1449 1514 1500 ol‘ﬁciis
1544 1462 1685 1497 t'Utll-

192 1548 521 1601 tuendattonem
553 1546 647 1596 viri
677 1546 812 1598 inter
835 1543 1065 1610 optimos
1089 1553 1326 1607 quosque
1357 1536 1685 1594 numerandi.

192 1651 310 1704 quem
335 1636 512 1688 dudum
542 1650 569 1685 a
604 1636 907 1701 parentibus
931 1633 1151 1692 clarum,
1179 1640 1229 1681 et
1257 1628 1443 1680 aulica:
1466 1624 1689 1693 dignita-

193 1729 241 1779 tis
264 1727 483 1794 Splendor
505 1725 756 1785 excoluit,
783 1734 836 1775 et
863 1719 1186 1787 amplissima
1233 1716 1376 1769 curia
1411 1731 1515 1767 non
1547 1726 1695 1765 acce-

195 1817 251 1882 pit
268 1824 311 1866 ut
335 1831 534 1878 novum,
560 1815 651 1867 scd
682 1812 883 1878 recepit.
909 1822 965 1863 ut
985 1810 1241 1863 debitum.
1271 1808 1399 1873 Qua:
1439 1819 1613 1857 tamen
1644 1804 1694 1855 itt

192 1904 320 1957 fratre
340 1916 505 1956 nostro
532 1904 794 1969 Phibppo,
829 1898 1062 1954 secundo
1088 1898 1207 1951 loco
1242 1906 1296 1950 et
1334 1895 1536 1947 honore
1574 1906 1698 1944 cen-

1772 722 1926 759 tuone
1955 705 2177 757 curatio.
2212 702 2322 769 Ego
2368 702 2417 754 in
2450 702 2586 753 viam
2630 699 2810 751 reduxi
2850 698 3096 749 atoic.ti:e
3141 708 3331 749 nostra:

1775 795 2046 846 fortuitum
2078 806 2388 855 stuporem;
2432 804 2602 857 neque
2632 805 2692 843 ex
2721 804 2781 842 ea
2802 805 2855 840 rc
2879 788 3065 839 allec-to
3087 788 3328 854 gratiam.

1775 884 1913 936 Satis
1942 883 2064 935 tnilti
2092 881 2260 934 laudis
2289 891 2390 941 est,
2425 880 2670 931 invidiam
2704 879 2893 929 silentii
2918 878 3150 930 diluiSse.
3186 878 3331 931 Vale.

2385 990 2593 1042 EPIST.
2643 987 2726 1039 Vl.

2146 1094 2448 1131 διπηιλειιιε
2486 1094 2527 1129 Jl
2547 1094 2697 1129 ΝΛΜ)
2738 1091 2969 1128 RUSTICO.

1853 1191 1999 1241 Solet
2021 1189 2230 1255 quidem
2262 1188 2599 1247 aegritudines
2620 1186 2779 1236 animi
2803 1186 2934 1236 ratio
2960 1185 3224 1250 mitigare.
3250 1185 3340 1235 sed

1785 1279 2009 1331 fortuna:
2039 1290 2235 1330 nostri?
2265 1287 2466 1329 tantum
2500 1277 2687 1327 vulnus
2720 1288 2821 1335 est,
2848 1286 2900 1326 ιιι
2934 1278 2980 1328 ei
3012 1290 3077 1327 ne
3115 1284 3195 1325 tua
3236 1276 3347 1342 qni-

1790 1369 1904 1421 dettt
1933 1368 2208 1419 delenifica
2254 1375 2307 1417 et
2350 1364 2510 1417 suada
2554 1364 2790 1415 facundia
2848 1364 3150 1416 cicatricem
3185 1363 3351 1429 possit

1790 1458 2077 1508 obducere.
2102 1455 2232 1507 Fors
2255 1454 2352 1506 fuit
2382 1469 2447 1504 an
2478 1454 2592 1505 dies
2622 1452 2775 1520 longa
2800 1452 3117 1518 «mundoque
3147 1451 3354 1503 hebetet

1794 1550 2025 1600 laxatum
2057 1547 2297 1599 dolorem
2326 1562 2338 1595 :
2382 1545 2641 1611 siquidem
2681 1544 2832 1597 malis
2858 1546 3103 1595 omnibus
3136 1542 3251 1595 ﬁnis
3290 1542 3357 1595 dc

1795 1647 2035 1703 tempore
2072 1636 2239 1689 venit.
2278 1635 2489 1685 Interim
2521 1633 2709 1699 frigent
2756 1632 2914 1684 verba
2938 1621 3243 1695 solantiutu,
3269 1648 3358 1685 ne—

1797 1745 1896 1795 quc
1918 1742 2073 1781 aures
2103 1726 2331 1792 applic;.t
2357 1725 2593 1778 consiliis
2640 1725 2788 1775 bonis
2819 1724 3009 1775 surdus
3058 1739 3119 1775 ex
3171 1722 3357 1789 injuria

1800 1817 2027 1868 animus.
2058 1817 2267 1867 Tertius
2297 1816 2379 1865 ltic
2408 1813 2532 1864 mihi
2567 1813 2632 1865 de
2671 1812 2884 1878 optimis
2912 1812 3163 1863 fratribus
3191 1811 3362 1862 luctus

1803 1915 1901 1958 est.
1939 1907 2060 1956 Post
2100 1916 2175 1957 tot
2205 1906 2447 1956 miserias
2476 1902 2591 1967 quis
2621 1918 2724 1953 non
2754 1911 2897 1965 putet
2934 1916 3017 1953 mc
3047 1902 3362 1955 dedidiciSsc

197 1995 324 2043 senda
352 2002 500 2046 sunt:
530 1995 651 2059 quia
679 1994 797 2059 plus
826 1989 984 2041 habet
1012 1986 1182 2039 laudis
1220 1986 1271 2038 in
1305 1984 1560 2042 moribus,
1593 1996 1700 2036 ma-

1826 1996 2151 2047 tatientiatn?
2196 1998 2263 2047 At
2301 1993 2514 2059 quando
2547 1992 2921 2043 itttbecilliores
2956 2006 3053 2043 nos
3077 1992 3187 2057 ipse
3216 2004 3368 2042 casus

190 2086 338 2149 gisqne
360 2085 611 2148 probitate
644 2084 961 2147 conspicuus
990 2089 1089 2141 est,
1119 2091 1275 2144 quam
1326 2074 1550 2127 fortunat
1591 2087 1704 2124 mu-

194 2174 366 2223 neribus
387 2173 653 2238 gloriatur.
691 2172 845 2222 Plura
898 2169 1129 2220 dicerem
1156 2206 1170 2227 ,
1196 2164 1240 2218 si
1284 2174 1374 2217 aut
1406 2163 1574 2231 pudor
1594 2163 1707 2228 ejus

190 2262 368 2321 sittcret,
415 2271 501 2312 aut
545 2259 747 2329 prolixa
800 2258 1031 2310 laudatio
1078 2255 1316 2323 epistole
1376 2254 1705 2306 conveniret.

191 2348 315 2402 Certe
341 2348 457 2401 illttd
490 2349 752 2417 spondeo,
786 2356 927 2399 tuam
950 2346 1304 2398 eximietatem
1337 2344 1386 2395 in
1419 2357 1595 2394 coram
1625 2356 1707 2392 re-

192 2442 335 2503 perire
374 2453 523 2505 posse
578 2440 763 2500 multa,
812 2452 929 2504 quae
978 2436 1153 2495 tacui;
1190 2434 1333 2485 nulla
1384 2432 1709 2489 desiderare,

194 2547 284 2595 qua:
306 2532 502 2598 scripsi.
539 2529 688 2582 Vale.

766 2617 979 2671 I‘If'IS'I.
1028 2618 1109 2667 l‘i.

591 2719 893 2759 εῑιιιιλειιυδ
929 2718 1142 2755 ΜῘΜᾹΝΟ
1182 2714 1420 2754 RUSTICO.

252 2798 387 2852 Decet
430 2812 482 2851 ut
514 2799 718 2851 litteras
771 2793 1268 2859 meas-frequenter
1308 2789 1585 2857 efﬁagites,
1616 2800 1716 2838 nec

194 2901 340 2943 tamen
365 2890 610 2943 convenit
647 2899 702 2940 ut
729 2889 797 2941 de
823 2888 1037 2940 silentio
1068 2898 1226 2951 grave
1253 2880 1519 2949 quippiam
1549 2879 1719 2944 suspi-

194 2981 321 3032 ceris.
345 2981 571 3035 Oblitum
601 2994 689 3033 me
717 2980 811 3040 tui,
834 2978 974 3045 quod
1024 2977 1075 3028 in
1108 2978 1241 3026 hanc
1286 2973 1425 3025 diem
1460 2968 1717 3030 siluerim,

191 3072 430 3121 ceusuisti.
464 3076 545 3123 An
574 3068 646 3120 ita
678 3068 760 3120 vel
783 3067 884 3119 mei
913 3062 1073 3117 animi
1120 3062 1250 3115 ﬁdes
1279 3061 1473 3113 inclara
1500 3068 1602 3121 est,
1643 3056 1724 3108 vel

196 3158 252 3209 uti
272 3158 429 3212 meriti
460 3154 683 3225 angusta
712 3162 1001 3217 momenta,
1029 3161 1087 3205 ut
1118 3152 1239 3203 huic
1271 3152 1337 3202 de
1381 3164 1464 3200 tne
1490 3145 1725 3214 opinioni

194 3250 313 3303 locus
340 3265 453 3303 esse
479 3247 762 3317 debuerit!
781 3246 954 3312 Quare
991 3244 1225 3297 amicitia
1272 3238 1567 3295 communis
1611 3237 1725 3304 plus

195 3343 369 3406 Decepit
393 3343 531 3408 injur
554 3357 600 3394 te
629 3355 694 3393 ex
724 3348 812 3392 tua
837 3336 1156 3402 suapicione,
1200 3347 1354 3400 quant
1397 3345 1461 3385 ex
1506 3344 1623 3381 meo
1659 3329 1729 3380 si-

200 3431 351 3483 lentio.
381 3431 551 3483 Minus
573 3440 653 3483 est
682 3428 860 3492 enim,
874 3425 1186 3480 necessitate
1202 3420 1437 3475 ofﬁcium
1463 3419 1731 3477 deserere,

203 3533 335 3583 quam
361 3521 631 3569 voluntate
656 3520 991 3582 pra-prbpera
1013 3512 1271 3578 judicare.
1310 3508 1466 3560 Putas
1510 3504 1731 3558 solemni

196 3622 366 3675 genere
387 3606 720 3660 defensionis
744 3606 919 3657 levare
948 3598 1255 3669 peccatum?
1285 3597 1379 3650 Diu
1410 3595 1556 3657 affui,
1580 3596 1734 3660 longa

202 3697 293 3746 otia
321 3696 370 3748 in
398 3710 616 3749 secessu
642 3694 780 3747 ruris
799 3690 971 3759 exegi,
995 3688 1253 3743 tabellarii
1281 3686 1583 3739 defuerunt.
1614 3685 1736 3735 llaec

195 3787 275 3837 etsi
306 3800 418 3838 vera
449 3786 767 3851 plerumque
790 3788 929 3842 sunt,
977 3788 1150 3831 tamen
1195 3776 1505 3830 assiduitate
1542 3775 1736 3826 detrita

195 3874 238 3924 in
266 3874 508 3926 invidiam
542 3870 807 3924 mendacii
838 3866 1163 3921 reciderunt.
1199 3864 1325 3915 Mea:
1354 3860 1737 3927 occupatioms

194 3962 251 4015 ab
274 3978 360 4015 usu
406 3970 659 4024 remotae,
708 3957 838 4011 nihil
890 3954 1155 4008 mediocre
1200 3950 1537 4020 protendunt,
1588 3950 1738 4015 cujus

194 4068 287 4104 rem
314 4052 634 4104 familiarem
666 4062 799 4101 nova
828 4045 1045 4099 incessit
1074 4042 1327 4108 afﬁnitas,
1368 4050 1553 4093 contra
1572 4040 1736 4090 ratio-

196 4159 296 4196 nem
325 4144 521 4213 legum,
571 4140 882 4194 felicitatem
937 4146 1253 4203 temporum,
1300 4146 1614 4185 consensum
1649 4144 1739 4184 oa~

194 4249 400 4299 rentum,
433 4243 593 4303 pacta
628 4231 911 4299 majorum.
945 4227 1049 4280 Sed
1100 4226 1385 4293 reprimam
1418 4237 1520 4285 me,
1569 4235 1739 4287 neque

196 4326 263 4376 his
284 4328 514 4393 querelis
548 4322 777 4376 ulterius
810 4318 1148 4380 lmmorabor,
1181 4330 1313 4384 quas
1342 4312 1668 4373 tabellarius,
1697 4310 1739 4361 si

196 4417 375 4468 veritati
410 4418 619 4467 amicus
648 4422 748 4473 est,
797 4406 1096 4475 explicabit.
1142 4404 1214 4458 Ita
1254 4405 1344 4457 ﬁet
1370 4412 1425 4454 ut
1451 4412 1503 4454 et
1533 4401 1620 4452 tibi
1656 4416 1742 4449 co-

195 4506 334 4570 guitio
352 4499 635 4573 gestorum
660 4500 811 4566 plena
829 4496 1188 4565 proveniat,et
1215 4506 1314 4560 ego
1341 4490 1740 4543 excusationem

1753 3294 1798 3354 C

1807 2086 2088 2147 invenerit,
2112 2093 2258 2136 tanto
2286 2083 2453 2145 magis
2478 2082 2653 2133 doleo.
2683 2080 2825 2133 Nunc
2849 2090 2901 2133 et
2922 2079 3003 2132 illa
3027 2081 3366 2143 crudescunt,

1806 2174 1995 2237 quibus
2025 2185 2298 2237 stuporem
2340 2172 2657 2224 diuturnitas
2691 2171 2906 2223 fecerat.
2942 2169 3079 2222 lctus
3106 2172 3245 2222 enim
3278 2187 3371 2221 tto-

1808 2263 2053 2315 vissituus
2080 2263 2240 2315 ctiam
2274 2270 2483 2313 veteres
2524 2259 2703 2326 plagas
2730 2258 2913 2310 dolore
2946 2258 3218 2311 rescindit.
3269 2256 3375 2310 Nec

1810 2353 1996 2418 ignoro
2039 2353 2199 2403 multa
2247 2350 2427 2402 invicti
2465 2349 2623 2400 animi
2668 2348 2911 2413 exempla
2964 2361 3121 2412 posse
3166 2346 3375 2399 referri.

1811 2440 2045 2495 Pericles
2071 2439 2280 2492 amissis
2308 2451 2493 2491 recens
2524 2437 2703 2489 liberis
2747 2438 2889 2490 venit
2926 2436 2979 2489 in
3009 2438 3209 2488 curiam
3238 2455 3249 2487 :
3279 2436 3370 2488 sed

1816 2533 1998 2598 patria:
2022 2545 2177 2582 causa
2197 2530 2435 2595 cogebat.
2462 2530 2829 2594 Anaxagoram
2862 2526 3235 2592 philosophum
3262 2540 3378 2593 gra-

1820 2623 1900 2674 vis
1928 2622 1993 2673 tle
2026 2622 2133 2671 tilio
2162 2619 2381 2671 nuntius
2421 2633 2450 2669 a
2480 2616 2931 2684 disputationibus
2978 2629 3082 2667 non
3135 2615 3377 2675 retraxit,

1818 2713 1911 2765 sed
1943 2711 2292 2779 philosophia:
2325 2708 2601 2763 deferebat
2634 2707 2952 2759 calamitatis
2978 2721 3089 2759 sua:
3118 2708 3378 2774 negligan

1821 2804 1968 2855 tiam.
2004 2803 2067 2853 al.
2115 2801 2362 2853 lloratius
2409 2807 2582 2851 morte
2622 2797 2858 2865 pignoris
2906 2797 3116 2863 cognita
3161 2798 3385 2850 cadaver

1822 2890 1999 2944 eﬂ‘erri
2024 2890 2213 2954 jussit:
2245 2888 2337 2943 sed
2369 2889 2467 2940 hac
2490 2888 2786 2940 constantia
2805 2900 2926 2939 esse
2943 2886 3144 2949 debuit,
3174 2887 3259 2954 qui
3288 2886 3384 2939 Ca-

1825 2979 2063 3047 pitnlittllt
2086 2976 2387 3031 dedicabat.
2417 2976 2573 3028 Vides
2618 2976 2735 3042 quis
2772 2976 2899 3027 tttihi
2933 2974 3005 3026 sit
3030 2966 3238 3027 animus
3284 2992 3298 3027 :
3337 2988 3387 3027 et

1829 3078 2001 3121 tamen
2032 3068 2138 3119 vita
2167 3064 2408 3119 ducenda
2435 3075 2538 3119 est.
2570 3067 2735 3117 Amor
2758 3067 2900 3116 enim
2941 3064 3075 3117 lucis
3126 3080 3153 3116 a
3203 3074 3387 3116 natura

1825 3160 1979 3209 datus
2005 3158 2151 3209 fulcit
2168 3155 2524 3209 inﬁrmitatem
2545 3153 2763 3206 doloris.
2800 3153 2939 3206 Pene
2978 3152 3226 3220 praeterii,
3251 3157 3388 3220 quod

1831 3249 1996 3301 fuerat
2061 3246 2198 3298 inter
2260 3260 2425 3312 prima
2472 3244 2859 3297 collocandum.
2928 3242 3392 3295 Cumulatissitnas

1832 3339 2023 3407 gratia;
2077 3352 2208 3405 ago,
2265 3336 2405 3405 quod
2455 3335 2751 3401 Proiectum
2798 3333 3110 3386 familiarem
3156 3344 3391 3385 nostrum

1834 3432 2073 3485 avulsum
2105 3428 2456 3482 contubernio
2488 3436 2597 3491 tuo,
2630 3440 2752 3479 meo
2778 3425 2963 3478 solatio
2988 3425 3272 3491 deputasti.
3318 3427 3391 3477 Ex

1837 3524 1935 3574 hoc
1958 3519 2210 3587 intelligo,
2254 3527 2448 3585 quanta
2498 3517 2787 3570 necessitas
2838 3515 3021 3566 fecerit
3054 3530 3118 3567 ne
3164 3518 3389 3569 venires.

1839 3612 1945 3678 Ego
1967 3619 2140 3662 timen
2155 3609 2242 3677 qui
2265 3608 2488 3674 tcipsum
2524 3622 2626 3659 non
2654 3606 2813 3673 potui,
2837 3605 2938 3657 vidi
2969 3606 3205 3659 animum
3226 3615 3390 3663 tuum;

1836 3700 1918 3749 cui
1942 3698 2069 3751 satis
2092 3712 2194 3749 non
2218 3697 2316 3749 fuit
2347 3695 2661 3752 medicinam
2687 3695 2909 3746 fortuna:
2942 3702 3133 3746 nostra:
3162 3710 3254 3761 per
3282 3698 3363 3762 cpi
3382 3726 3395 3736 ο

1836 3789 2021 3840 stolam
2056 3788 2247 3840 facere.
2274 3786 2531 3838 Addidisti
2562 3784 2700 3835 enim
2736 3783 3014 3851 quamdam
3062 3784 3394 3851 legationem,

1837 3892 1953 3943 qua:
1984 3880 2060 3930 sui
2094 3876 2399 3929 assiduitate
2424 3877 2527 3927 vim
2554 3876 2672 3925 ntali
2714 3872 2997 3940 frangeret,
3032 3874 3147 3938 quia
3173 3888 3391 3925 noveras

1841 3968 2022 4019 Solatia
2055 3966 2347 4019 litterarum
2389 3978 2508 4016 cum
2556 3962 2784 4015 lectione
2816 3962 2971 4013 liniri.
3028 3961 3295 4028 PrOgrrssi
3346 3966 3392 4012 in

1842 4058 2022 4110 laude.
2052 4066 2163 4107 tuas
2195 4053 2581 4115 cuucludimus,
2613 4066 2733 4102 cum
2761 4050 2870 4118 ipse
2899 4051 3204 4117 religionem
3236 4057 3399 4117 magis

1841 4148 1906 4199 ad
1958 4145 2334 4197 conscientiam
2387 4157 2543 4209 quam
2602 4140 2665 4192 ad
2715 4141 2936 4209 gloriam
2990 4138 3207 4193 referas.
3264 4142 3400 4208 lltg.

1843 4234 2030 4287 habent
2056 4234 2267 4286 modum
2299 4245 2499 4293 sermo,
2523 4237 2679 4298 quem
2713 4242 2979 4297 nunquam
3002 4229 3142 4283 circa
3169 4244 3216 4285 te
3242 4232 3396 4285 halic-

1845 4325 1919 4377 bit
1946 4324 2171 4377 affectio.
2205 4322 2330 4374 Vale

2442 4408 2653 4462 EPIS'I‘.
2698 4406 2803 4459 VII.

2204 4513 2512 4554 SYIHACIIUS
2547 4514 2761 4552 πριιιικο
2801 4514 3039 4554 RUSTICO.

193 4612 342 4649 meam
378 4597 561 4664 potius
594 4590 856 4644 indicasse
886 4586 1066 4639 videar
1095 4598 1253 4653 quam
1286 4581 1546 4634 dolorem.
1589 4578 1718 4630 Vale

1919 4591 2188 4642 Arbitrum
2224 4597 2274 4641 te
2314 4600 2527 4639 assumo
2575 4587 2915 4650 epistularum
2963 4602 3222 4643 mearum.
3263 4586 3403 4654 Cape

816 4718 1029 4772 EPIS’I‘.
1055 4715 1115 4768 V.

550 4825 863 4867 SYIIACIIUS
889 4820 1102 4860 δυωηο
1140 4816 1376 4856 RUSTICO.

250 4924 407 4977 Aiunt
460 4922 558 4989 qui
601 4920 802 4972 callent
843 4914 1158 4969 rhetoricam
1204 4910 1574 4978 disciplinam,
1620 4910 1747 4960 nihil.

195 5024 297 5063 esse
344 5008 767 5068 controversiae,
816 5004 907 5056 ubi
961 5001 1149 5056 eadem
1193 5008 1419 5066 partium
1459 4998 1575 5064 jura
1610 5008 1743 5048 Sttttt.

199 5101 466 5171 Imaginem
495 5097 793 5169 proposita:
831 5093 905 5145 rei
941 5090 1209 5158 postulas!
1254 5089 1402 5142 Mitto
1450 5088 1753 5139 decanuttas

197 5194 509 5258 iudicialium
542 5186 949 5244 nteditationutn
980 5183 1239 5244 fictiones,
1278 5189 1333 5234 et
1367 5176 1540 5232 inania
1584 5181 1749 5230 sintu-

198 5283 324 5339 hera
370 5294 692 5337 causarum.
734 5275 832 5328 Vel
864 5275 976 5326 hinc
1003 5271 1198 5326 silentii
1230 5269 1397 5323 nostri
1440 5263 1757 5319 diuturnitas

198 5376 415 5430 materie
439 5372 572 5426 talis
599 5366 905 5435 exemplum
929 5372 1029 5417 est.
1056 5361 1288 5430 Objicies
1327 5358 1454 5412 mihi
1508 5356 1756 5409 dissimu-

198 5468 279 5521 lati
300 5468 464 5523 ofﬁcii
495 5461 883 5533 negligentiam
913 5476 924 5509 :
958 5461 1010 5509 in
1050 5466 1102 5509 te
1128 5457 1240 5506 hinc
1270 5452 1534 5505 referetur
1561 5446 1752 5499 oratio.

198 5556 323 5628 Ergo
346 5559 474 5627 quia
508 5569 675 5624 pares
704 5564 908 5612 sumus,
938 5548 1093 5600 dulce
1117 5541 1407 5596 colludium
1428 5547 1531 5600 est,
1564 5547 1618 5589 ut
1638 5550 1755 5589 cum

198 5625 354 5703 altero
368 5625 575 5703 neuter
598 5638 922 5710 expostulat.
955 5634 1195 5697 Veniam,
1216 5644 1372 5697 quam
1402 5627 1633 5691 dederis,
1658 5625 1760 5677 iut-

202 5740 441 5807 petrabis.
493 5734 607 5794 Sed
650 5747 749 5787 cur
775 5729 947 5797 cquis
970 5735 1141 5779 tecum
1192 5717 1583 5776 conditionibus
1622 5714 1764 5783 ago?

205 5828 442 5885 lanatae:
475 5841 642 5894 causa
687 5822 903 5879 melior,
947 5817 1034 5869 nui
1065 5812 1208 5885 prior
1229 5809 1460 5869 emendo
1490 5808 1766 5876 utriusque

462 5921 747 5979 I‘nnoL.
797 5907 1024 5970 XVIII.

1846 4684 1891 4733 si
1920 4681 2044 4748 quid
2068 4681 2133 4731 ab
2156 4678 2359 4746 rcpubl.
2379 4692 2553 4739 vacas,
2574 4677 2956 4729 oratiunculam
2984 4689 3235 4743 nostram,
3257 4680 3405 4747 cujus

1854 4770 2067 4823 edendae
2096 4768 2339 4820 fiduciam
2372 4767 2517 4819 favor
2543 4768 2734 4820 civium
2766 4768 2927 4821 dedit.
2954 4768 3081 4821 Nam
3114 4785 3235 4835 spes
3268 4786 3407 4837 szepe

1854 4864 2010 4914 alitur
2064 4859 2345 4927 exemplis,
2396 4868 2450 4912 et
2491 4860 2802 4925 placiturum
2850 4874 2969 4912 esse
3021 4858 3404 4927 praesumimus,

1856 4955 1991 5013 utr-tt
2035 4951 2152 5000 aliis
2194 4954 2300 5014 jam
2346 4948 2605 5014 placuisse
2649 4948 2960 5015 gaudemus.
3008 4948 3155 5001 Nunc
3205 4960 3406 5000 tuarum

1860 5042 2083 5103 partium
2112 5042 2233 5097 erit,
2265 5035 2614 5101 respondere,
2653 5051 2772 5090 cum
2814 5036 3026 5105 legeris,
3059 5052 3124 5089 an
3174 5037 3412 5089 debuerit

1863 5148 1944 5183 me
1964 5140 2181 5181 senatus
2201 5128 2456 5179 animare.
2476 5125 2633 5178 Certe
2655 5127 2779 5177 milii
2799 5127 2914 5177 duci
2942 5130 3065 5178 vitio
3094 5142 3197 5179 non
3220 5139 3411 5193 potest,

1856 5219 1993 5287 quod
2025 5230 2126 5271 tam
2160 5218 2294 5269 bene
2319 5214 2386 5267 de
2409 5216 2511 5265 tuis
2533 5214 2751 5265 auribus
2775 5219 3002 5281 speravi,
3034 5232 3187 5283 quant
3218 5218 3413 5283 simpli-

1858 5309 1987 5361 citer
2010 5310 2240 5375 priorum
2266 5302 2528 5370 suffragiis
2556 5302 2773 5355 credidi.
2808 5302 2953 5355 Vale.

2447 5392 2653 5465 EPIST.
2691 5412 2822 5465 vnt.

2222 5516 2525 5557 SVIIACHUS
2560 5517 2776 5554 ,ιυωΑκο
2816 5518 3053 5555 RUSTICO.
3138 5486 3147 5497 ί

1936 5620 2184 5675 Nuntium
2210 5618 2411 5671 reditus
2437 5614 2563 5681 mei,
2596 5629 2715 5668 cum
2752 5614 2978 5680 primum
3014 5614 3113 5667 ﬁda
3144 5614 3302 5682 patuit
3332 5630 3418 5665 0c-

1870 5713 2033 5775 casio,
2059 5708 2313 5764 exbibere
2341 5720 2446 5758 non
2470 5704 2676 5758 diﬂero.
2726 5701 2851 5756 Scio
2880 5686 3020 5755 enim
3072 5712 3123 5756 te
3172 5715 3418 5770 prOSpera

1872 5814 2091 5874 quaeque
2112 5798 2178 5854 de
2203 5796 2353 5852 nobis
2382 5796 2517 5851 velle
2545 5807 2887 5863 cognoscere.
2922 5794 3041 5847 Mitti
3072 5808 3282 5861 quoque
3334 5811 3422 5861 par

3153 5882 3187 5937 Ἷ
