3912 6358
214 242 313 297 657

349 357 505 432 281
521 356 817 416 Sufﬁciens
843 366 969 414 tunc
994 371 1192 413 manna
1212 356 1371 429 pluit,
1397 357 1562 413 modo
1586 356 1820 428 panibus
1846 358 1899 421 Α

1500 451 1741 507 amnium

1500 467 1585 506 am
1628 451 1741 507 lum

346 546 591 619 Quinque
636 547 790 604 dedit
839 546 1038 602 victum
1062 540 1190 617 Aper
1236 544 1385 601 milia
1438 450 1679 618 qitinqpue
1740 544 1815 599 vi-

1500 642 1711 717 [rorum
1724 684 1737 697 .

344 737 558 795 Caetera
590 736 745 793 turba
779 737 951 804 latet,
986 755 1218 796 numero
1258 755 1359 796 nec
1398 740 1676 796 clauditur
1705 740 1816 797 ullo

204 830 307 887 215
347 830 577 887 Maxima
606 845 900 902 parvorum
934 831 1076 903 legio
1098 874 1113 899 ,
1144 834 1229 888 vel
1274 834 1509 889 maxima
1550 841 1808 888 matrum.

1344 235 1634 296 CARMEN
1674 235 2066 296 PASCHALE.
2108 236 2239 295 LIB.
2283 238 2375 295 Ill.

3419 243 3523 299 θεὸς

2067 356 2248 413 Torva
2281 357 2622 427 laborantem
2648 356 2931 428 iactabant
2957 368 3181 427 aequora
3213 353 3437 427 puppim
3462 397 3478 422 ,

1918 451 2026 508 225
2063 452 2340 510 Adversus
2368 468 2493 508 nam
2534 452 2697 509 ﬂatus
2725 460 2874 519 erat;
2908 460 3039 507 tunc
3068 451 3244 507 noctis
3274 464 3458 520 opaca:

2063 549 2336 621 Tempore
2349 549 2593 605 calcatas
2612 549 2883 605 Dominus
2902 545 3315 620 superambulat
3331 542 3530 615 undas,

2060 644 2128 699 Et
2154 642 2295 699 vasti
2321 642 2524 714 premit
2553 660 2681 699 arva
2708 642 2834 699 freti
2866 687 2881 711 ,
2920 643 3240 715 glaucisque
3269 637 3492 696 ﬂuentis

2058 738 2403 795 Circumfusa
2434 754 2622 796 sacras
2650 740 2967 796 lambebant
2992 752 3267 795 marmora
3291 735 3531 809 plantas.

2063 834 2291 891 Miratur
2320 834 2624 906 stupefacta
2652 836 2870 903 cohors,
2899 836 3002 892 sub
3034 835 3173 891 calle
3207 831 3447 905 pedestri

328 926 609 996 Quodque
623 927 1326 998 magisstupeas,cophinos
1340 930 1523 983 ablata
1539 929 1819 998 replerunt
1917 927 2026 985 250
2064 928 2362 1001 Navigeras
2392 931 2636 1000 patuisse
2671 930 2788 984 vias
2818 948 2830 984 :
2862 939 2917 983 at
2943 929 3137 984 Petrus
3168 928 3403 983 amicam

342 1021 634 1095 Fragmina
716 1021 967 1077 bissenos
1008 1063 1023 1087 ,
1091 1023 1416 1094 populisque
1497 1023 1815 1079 vorantibus

1506 1116 1688 1189 [aucta
1722 1158 1737 1182 ,

338 1208 475 1279 Quae
503 1211 645 1267 redit
672 1226 703 1266 a
735 1211 970 1282 cunctis,
1004 1227 1115 1267 non
1139 1221 1225 1267 est
1246 1212 1371 1269 data
1400 1212 1560 1281 copia
1583 1212 1811 1270 mensis.

409 1309 638 1382 Jamque
668 1318 1051 1367 senescentem
1076 1310 1239 1367 calidi
1272 1310 1375 1365 sub
1392 1310 1591 1367 caerula
1625 1308 1780 1380 ponti
1844 1356 1849 1361 .

197 1407 301 1466 220
337 1408 556 1466 Oceano
584 1410 834 1487 rapiente
860 1408 1031 1479 diem,
1055 1426 1122 1467 cu
1134 1427 1183 1466 m
1211 1410 1388 1482 pallor
1410 1410 1630 1466 adesset

330 1503 543 1569 Noctis,
572 1513 629 1561 et
650 1502 934 1560 astriferas
952 1504 1241 1562 induceret
1262 1503 1533 1574 hesperus
1560 1502 1811 1569 umbras,

335 1600 499 1673 262
526 1598 825 1670 Discipuli,
876 1598 994 1655 solo
1027 1600 1192 1655 terris
1223 1599 1501 1655 residente
1526 1597 1807 1667 magistro,

334 1690 617 1749 Undosum
651 1693 861 1765 petiere
894 1693 1096 1761 salum,
1121 1693 1401 1767 ﬂuctuque
1432 1699 1703 1758 tumente,

2068 1023 2271 1079 lioctus
2314 1022 2522 1079 habere
2565 1022 2729 1079 ﬁdem
2754 1065 2767 1090 ,
2804 1020 3195 1093 Christumque
3225 1034 3533 1092 agnoscere

3004 1184 3007 1187 _
3186 1118 3429 1192 [semper
3444 1159 3461 1185 ,

2064 1217 2120 1271 In
2152 1216 2362 1271 medias
2389 1216 2674 1272 descendit
2706 1229 2899 1286 aquas,
2923 1230 3087 1283 quem
3114 1214 3308 1269 dextra
3335 1213 3536 1269 levavit

2066 1311 2364 1366 Labentem
2400 1312 2640 1379 Domini,
2673 1312 2748 1365 nil
2773 1320 2926 1365 tant‘o
2948 1311 3003 1364 in
3025 1309 3237 1381 gurgite
3270 1322 3485 1374 Passum
3512 1324 3529 1362 :

2067 1402 2230 1476 263
2273 1402 2371 1459 Cui
2420 1412 2607 1473 portus
2657 1400 2759 1457 fuit
2816 1401 2907 1457 illa
2966 1412 3181 1465 manus,
3242 1398 3531 1470 pelagique

3258 1489 3461 1565 [viator

1920 1587 2026 1645 255
2065 1589 2264 1647 Libera
2289 1605 2387 1661 per
2414 1590 2622 1645 vitreos
2644 1588 2821 1644 movit
2844 1586 3069 1658 vestigia
3100 1599 3346 1657 campos.

2133 1683 2381 1739 Genesar
2405 1682 2529 1738 inde
2559 1682 2689 1751 soli,
2726 1682 2952 1738 Domino
2979 1681 3257 1749 veniente,
3286 1679 3469 1737 coloni

1767 1798 2168 1861 PASCHALE.

666 1830 669 1831 ⁷
1546 1805 1726 1866 OPUS
1767 1805 2168 1861 PASCHALE.

112 1951 114 1953 .
198 1903 508 1963 redundare
534 1904 662 1961 fecit
681 1904 1072 1979 quantitatem.
1105 1906 1257 1962 Tunc
1297 1906 1642 1962 uberrimum
1675 1903 1819 1959 coelo
1850 1899 1899 1961 B
1926 1896 2052 1953 cido
2080 1894 2477 1967 comprimebat
2504 1895 2745 1960 incessu,
2780 1908 3045 1965 sacraque
3074 1891 3277 1949 Christi
3304 1892 3529 1966 vestigia

196 2014 395 2056 manna
438 1998 679 2066 diﬂ'udit,
727 2000 893 2056 modo
922 2001 1167 2073 quinque
1202 1998 1432 2070 panibus
1461 1998 1807 2065 distributis,

195 2096 419 2153 totidem
445 2098 688 2154 virorum
717 2099 958 2154 millibus
992 2098 1184 2168 epulas
1212 2096 1495 2153 abundare
1511 2095 1809 2153 concessit.

190 2189 413 2247 (ἔξιθι-ιε
458 2202 640 2247 motus
689 2191 865 2247 turbae
897 2192 1133 2257 delituit,
1182 2192 1496 2258 mulierum,
1548 2190 1809 2261 parvulo-

194 2300 424 2356 rumque
448 2288 799 2343 multitudine
822 2303 1111 2344 numerum
1131 2303 1236 2342 non
1263 2286 1532 2353 habente;
1557 2285 1813 2358 qttodque

190 2380 358 2452 magis
410 2381 645 2451 amplius
691 2382 1007 2449 admireris,
1057 2383 1309 2452 quisquis
1349 2383 1452 2436 ista
1485 2380 1808 2451 perlegeris,

190 2474 232 2529 si
271 2475 503 2530 necdum
537 2474 632 2529 tibi
672 2483 797 2529 nota
841 2474 1126 2542 didiceris,
1161 2484 1288 2543 post
1326 2472 1611 2541 expulsam
1656 2482 1811 2525 satu-

165 2573 319 2620 .rata:
350 2564 533 2635 plebis
570 2566 811 2621 esuriem
841 2566 1111 2633 cophinos
1142 2566 1325 2620 ablata
1359 2564 1651 2620 duodecim
1676 2564 1816 2635 frag-

142 2656 169 2664 "
189 2669 501 2713 mentorum
533 2658 710 2713 moles
736 2656 1006 2729 implevit.
1035 2656 1148 2713 Nec
1172 2666 1318 2712 tanta
1348 2655 1450 2711 fuit
1478 2657 1658 2726 ecpia,
1683 2670 1809 2711 cum

189 2750 363 2817 daret,
396 2760 607 2823 quanta
638 2749 741 2806 fuit
764 2750 819 2805 in
846 2749 1095 2821 reliquiis
1119 2750 1229 2821 jam
1265 2748 1524 2815 fastidita,
1556 2764 1679 2804 cum
1710 2749 1812 2805 tol-

192 2844 338 2900 litur.
1162 2911 1175 2917 _

259 2937 481 2995 interea
546 2938 651 2995 sub
705 2938 970 2995 caerulcae
1032 2938 1317 2994 aestuantis
1374 2938 1519 2993 unda
1575 2937 1809 2994 fervoris

190 3050 396 3092 oceano
430 3034 578 3091 diem
618 3036 959 3106 suscipiente
997 3034 1367 3105 praecipitem,
1408 3050 1531 3089 cum
1574 3034 1811 3090 stellatse

192 3132 366 3188 noctis
392 3131 707 3202 proximum
737 3146 835 3204 per
869 3130 1133 3202 pallidum
1166 3130 1441 3185 nuntiaret
1475 3130 1806 3197 adventum,

193 3226 351 3281 terris
408 3227 674 3298 magistro
720 3226 1031 3292 residente,
1075 3224 1336 3296 discipuli
1390 3225 1664 3280 marinum
1707 3226 1806 3279 soli

1920 1991 2036 2045 miti
2069 1992 2295 2063 pelagus
2323 1989 2616 2045 abluvionc
2669 1988 2965 2044 lambebat.
3018 1986 3284 2042 Mirantur
3326 2000 3528 2045 novum

1917 2083 2099 2139 subito
2125 2082 2494 2154 periclitantes
2514 2090 2820 2154 aspectum,
2850 2081 3095 2151 pedestri
3121 2080 3224 2135 sub
3244 2080 3389 2137 calle
3410 2082 3531 2140 vias

1917 2179 2165 2249 patuisse
2208 2181 2524 2251 navigeras.
2567 2180 2903 2251 Cunctisque
2951 2180 3293 2246 nutantibus,
3346 2188 3531 2235 utrum

1918 2288 2050 2329 vere
2070 2273 2347 2340 Dominus
2376 2282 2689 2343 appareret,
2714 2290 2785 2328 an
2809 2273 3001 2329 oculos
3024 2282 3171 2329 metu
3194 2272 3534 2330 discriminis

1918 2369 2277 2425 obumbratus
2311 2371 2517 2424 incerta
2560 2369 2813 2439 caliginis
2856 2368 3154 2426 simulacra
3188 2369 3529 2440 deciperent,

1921 2462 2113 2518 Petrus
2137 2462 2264 2518 ﬁdei
2296 2462 2541 2530 saucius,
2579 2472 2634 2517 et
2661 2463 2895 2529 amicus,
2923 2462 3010 2518 cui
3051 2448 3337 2519 familiaris
3358 2465 3531 2534 gratia

1918 2571 2140 2625 semper
2170 2556 2448 2612 Christum
2495 2571 2793 2628 agnoscere
2822 2557 3180 2625 concedebat,
3211 2567 3269 2613 ut
3310 2558 3376 2613 ad
3406 2574 3531 2614 eum

1917 2661 2194 2726 pergeret,
2244 2654 2563 2726 postulavit.
2612 2652 2985 2725 Vocatusque,
3030 2654 3107 2709 nil
3156 2653 3435 2723 trepidans
3473 2655 3530 2710 in

1919 2747 2131 2803 marina
2176 2747 2484 2815 descendit,
2530 2747 2679 2802 nulla
2711 2747 2997 2803 reﬂuentis
3038 2747 3199 2803 undas
3230 2732 3532 2818 rapacitate

1916 2842 2259 2908 submersus,
2288 2842 2379 2911 qui
2412 2840 2713 2896 Dominicie
2744 2856 2943 2897 manus
2971 2840 3178 2896 auxilio
3206 2841 3532 2899 sublevatus

1917 2937 2156 3008 potentis
2185 2936 2429 2992 dextera:
2456 2936 2793 2997 tutissimum
2822 2934 3163 3006 conlegisset
3188 2934 3259 2990 ad
3281 2947 3525 3006 portum,

1916 3047 2127 3104 perque
2176 3032 2384 3086 vitreos
2433 3029 2563 3084 salsi
2596 3029 2766 3084 maris
2814 3043 3039 3099 campos
3083 3030 3280 3085 callem
3333 3032 3532 3099 secuit,

1915 3136 2108 3182 contra
2139 3134 2384 3181 mentem
2427 3124 2605 3194 pelagi
2637 3123 2816 3177 viator
2855 3123 3121 3179 existens.
3157 3122 3201 3179 Ο
3226 3123 3353 3180 ﬂdei
3376 3138 3530 3181 cres-

1916 3222 2096 3277 centis
2123 3213 2525 3291 augmentum!
2561 3217 2774 3287 pridem
2807 3218 2948 3273 retia
2982 3219 3238 3290 pauperis
3278 3229 3531 3275 contem-

188 3320 437 3392 petivere
467 3320 770 3390 navigium,
798 3320 1121 3391 iurebatque
1142 3330 1345 3390 pontus
1377 3320 1689 3389 espositam
1711 3319 1809 3375 ﬂa-
1836 3303 1884 3367 C
1920 3316 2050 3388 psit,
2086 3316 2212 3371 vitae
2247 3314 2525 3379 solatium;
2558 3326 2703 3367 nunc
2743 3312 2920 3382 ipsam
2964 3312 3147 3369 renuit
3173 3312 3364 3380 vitam,
3394 3330 3529 3385 qua-

188 3412 300 3469 bris
325 3414 754 3470 adversantibus
778 3415 832 3470 in
860 3415 1131 3471 carinam.
1149 3413 1307 3474 Tunc
1330 3413 1605 3469 umbrosae
1627 3414 1808 3469 noctis

187 3520 375 3581 quarta
408 3507 528 3567 fere
565 3509 747 3581 vigilia
799 3510 1039 3566 calcatas
1088 3508 1359 3565 Dominus
1409 3488 1581 3577 super
1625 3509 1805 3566 undas

189 3605 576 3672 obambulans,
610 3604 849 3661 tumidos
896 3602 1144 3677 spumosi
1176 3603 1409 3675 gurgitis
1449 3600 1652 3659 ﬂuctus
1689 3605 1808 3675 pla-

1920 3420 2083 3468 tenus
2114 3409 2330 3465 veniret
2369 3406 2439 3463 ad
2469 3405 2771 3462 Christum.

1993 3506 2237 3564 Genesar
2268 3503 2435 3575 igitur
2460 3511 2660 3558 terram
2679 3546 2692 3569 ,
2742 3509 2889 3557 coetu
2916 3502 3213 3559 comitante
3236 3501 3534 3575 discipulo-

1922 3597 2042 3660 rum
2065 3647 2079 3669 ,
2134 3599 2327 3657 relicta
2359 3596 2617 3653 Dominus
2636 3595 2770 3669 .navi
2808 3594 3088 3663 calcabat,
3141 3595 3298 3667 cujus
3338 3597 3533 3653 incolae

1694 3698 2017 3757 SCHOLIA.

253 3795 381 3851 212.
413 3794 682 3851 Nonnulli
712 3795 915 3866 vulgati
964 3810 1149 3849 nunc:
1187 3794 1305 3861 lege
1347 3803 1504 3858 tunc,
1543 3802 1599 3849 ut
1655 3810 1801 3850 vers.

186 3865 307 3923 211).
339 3867 477 3922 Vide
522 3868 709 3935 etiam,
743 3881 866 3936 quin
890 3869 1138 3936 proxime
1169 3866 1287 3920 dixi
1318 3866 1385 3920 de
1417 3866 1520 3920 hoc
1544 3881 1726 3921 versu.

252 3940 380 3995 216.
407 3939 596 4003 Cant.,
630 3938 745 4010 Reg
776 3940 829 4003 1,
855 3937 1093 4007 5,-Urh.,
1120 3937 1309 4003 Rom.,
1341 3937 1483 3991 Vatt.
1511 3940 1564 4001 1,
1593 3940 1647 4004 2,
1675 3956 1802 3993 cum

186 4012 322 4068 ΛιιΙο
348 4023 405 4067 et
449 4012 578 4067 aliis
623 4011 783 4067 editis
807 4054 819 4075 ,
857 4012 1287 4083 Quoque/magis.
1328 4011 1470 4077 Alii,
1507 4011 1757 4083 Quodque
1786 4055 1801 4072 ,

185 4085 325 4155 quod
358 4084 601 4139 fortasse
634 4085 733 4139 fuit
764 4100 791 4137 a
827 4099 908 4151 pr.
939 4100 1010 4137 m.
1058 4084 1109 4137 in
1154 4082 1285 4153 Reg.
1335 4084 1387 4149 l,
1422 4092 1476 4155 ut
1508 4085 1559 4136 in
1609 4084 1741 4154 Reg.
1769 4085 1805 4137 2

186 4154 404 4215 videtur
440 4158 593 4223 prius
626 4157 791 4211 fuisse
817 4154 1051 4224 Quoque.
1076 4155 1315 4226 Utraque
1341 4154 1502 4209 lcetio
1529 4154 1664 4208 houa
1698 4168 1803 4211 est.

187 4228 546 4297 Desnmptum
566 4227 615 4283 id
642 4227 1075 4283 estethtveuali
1104 4240 1207 4281 sat.
1233 4233 1286 4292 t5,
1319 4242 1462 4283 vers.
1495 4227 1563 4281 87
1588 4243 1606 4280 :
1640 4226 1810 4299 thue

185 4303 345 4373 magis
366 4312 601 4371 stupeas.
636 4301 786 4357 Meus
818 4298 1078 4355 mendose
1106 4299 1308 4373 replent
1333 4314 1438 4373 pro
1464 4298 1745 4373 replerunt.

252 4371 377 4429 218.
398 4374 736 4429 Arntzcnius
762 4388 885 4427 enm
930 4371 1171 4426 (Iellario’
1190 4384 1242 4425 et
1267 4387 1368 4426 ms.
1396 4371 1609 4425 lleinsii
1636 4371 1809 4426 edidit

188 4443 519 4514 Redditaque
560 4464 615 4498 α’
639 4447 861 4499 cunctis.
896 4445 1030 4514 Reg.
1082 4446 1134 4509 1,
1177 4444 1291 4499 Ott.
1334 4448 1357 4499 1
1392 4486 1407 4506 ,
1441 4442 1668 4498 Reddita
1693 4460 1809 4511 aute

187 4519 405 4573 cunctis.
438 4518 582 4589 Reg.
632 4520 655 4571 1
717 4532 814 4587 pro
847 4517 903 4570 d.
930 4531 976 4571 s.
1017 4518 1084 4572 ab
1116 4520 1304 4572 eadem
1339 4516 1507 4571 veteri
1536 4531 1613 4589 tu.
1642 4559 1656 4581 ,
1690 4532 1808 4587 qua:

186 4588 317 4643 redit
347 4608 377 4642 a
399 4578 625 4645 cunctis.
657 4578 802 4659 quod
838 4590 1088 4659 plerique
1112 4590 1203 4642 alii
1228 4604 1357 4643 mss.
1408 4598 1462 4643 et
1483 4578 1613 4642 editi
1644 4578 1805 4642 ex'hi-

1912 3808 2210 3856 senescens,
2252 3789 2447 3845 mensis
2494 3804 2783 3861 senescens,
2814 3803 2952 3858 cum,
2975 3804 3145 3861 prope
3188 3788 3350 3846 ﬁnem
3382 3802 3530 3848 sunt.

1983 3866 2114 3921 224.
2148 3864 2318 3926 Meus,
2345 3873 2635 3929 corrupte,
2662 3860 2836 3915 Turba
2863 3860 3150 3915 labrantem
3170 3864 3440 3931 jacebant,
3474 3877 3531 3921 ct

1913 3939 2129 3995 videtur
2149 3937 2458 3991 correctum
2483 3932 2657 3987 Turba
2680 3948 2775 4004 per
2800 3934 3137 3987 Perlurbala.
3164 3932 3295 4003 Reg.
3328 3939 3377 4003 1,
3408 3954 3529 3992 rum

1916 4012 2216 4079 plerisque,
2249 4006 2501 4079 Torvaget
2547 4006 2725 4073 glossa
2758 4023 2973 4079 aspera;
3005 4007 3347 4079 sedividetur
3377 4010 3535 4076 prius

1912 4077 2083 4138 fuisse
2112 4080 2304 4135 Turba.
2334 4078 2387 4133 ln
2411 4077 2596 4133 Ottob.
2630 4079 2657 4133 1
2689 4077 2837 4133 clare
2862 4077 3055 4134 Turba.
3082 4078 3240 4145 Urh.,
3267 4091 3323 4134 et
3349 4080 3527 4139 Villit‘.

1910 4156 1967 4219 2,
1990 4153 2253 4229 jac-tabat.
2288 4152 2394 4207 Sed
2426 4150 2586 4205 lectio
2614 4152 2923 4229 communis
2947 4162 3094 4207 recte
3127 4152 3395 4221 procedit.

1992 4223 2121 4284 225.
2156 4228 2370 4288 Arnlz.,
2396 4234 2574 4276 ventus
2602 4238 2698 4289 pro
2724 4223 2900 4293 ﬂatus.

1990 4298 2117 4354 227.
2153 4297 2275 4351 Vat.
2303 4297 2359 4359 2,
2394 4295 2526 4364 Reg.
2632 4296 2921 4367 glaucique
2950 4296 3195 4366 ﬂuentis,
3226 4298 3372 4367 quod
3401 4298 3529 4354 edi-

1920 4382 2032 4427 tum
2064 4379 2149 4425 est
2174 4370 2243 4424 ab
2277 4366 2583 4441 Aldotsed
2609 4366 2764 4421 deest
2794 4382 2991 4441 sensus
3014 4410 3027 4434 ,
3062 4370 3163 4424 nisi
3189 4372 3337 4441 legas
3379 4369 3536 4441 glau-

1917 4447 2062 4517 cique
2098 4442 2285 4517 ﬂuenti
2310 4438 2569 4517 ,_scilic_et
2602 4454 2877 4517 macmora
2909 4439 3105 4517 ﬂuenti
3133 4438 3333 4517 glauci.
3367 4438 3531 4517 Was-

1917 4511 2031 4571 sius
2056 4511 2118 4569 ad
2148 4513 2284 4570 Sall.
2314 4513 2432 4567 Cat.
2454 4511 2547 4576 21,
2582 4528 2633 4579 p.
2663 4511 2758 4576 27,
2790 4527 2852 4584 ex
2878 4512 3004 4566 cod.
3034 4513 3347 4584 bibl.,publ.
3373 4514 3530 4573 Cant.

1917 4588 2047 4659 legit
2072 4589 2318 4659 siccisque
2342 4585 2576 4659 ﬂuentis,
2609 4585 2752 4659 quqd
2802 4583 3085 4640 Grunerus
3116 4597 3171 4641 et
3199 4583 3533 4644 ’Arntzenius

188 4660 334 4716 bent.
360 4651 695 4718 Arntzenius
722 4676 817 4727 pro
840 4651 945 4715 hac
972 4651 1204 4716 lectione
1228 4664 1360 4733 citat
1384 4659 1739 4733 Parrhasium
1789 4679 1801 4713 :
1836 4651 1885 4711 Ι)
1913 4651 2243 4731 praeferunt;
2267 4651 2383 4711 Non
2426 4651 2647 4727 placet,
2696 4654 2899 4733 ﬂuenta
2941 4660 3131 4733 vocari
3150 4663 3322 4733 _sicca
3346 4703 3359 4726 ,
3407 4664 3531 4733 quia

187 4734 278 4788 sed
312 4735 357 4788 is
389 4734 563 4789 edidit
592 4734 817 4789 Reddita
837 4749 953 4797 qua:
974 4734 1193 4787 cunctis.
1221 4732 1414 4787 Nostra
1440 4732 1709 4800 scriptura
1739 4748 1806 4787 ex

189 4820 369 4878 prosa,
396 4824 517 4859 cum
548 4808 775 4878 tollitur,
802 4809 951 4878 clare
976 4806 1354 4878 conﬁrmatur.

255 4878 383 4935 219.
430 4880 621 4946 Rom,
649 4877 747 4933 Ubi
800 4876 1055 4932 Dominus
1099 4877 1380 4931 ambulavit
1432 4891 1593 4948 supra
1641 4892 1801 4931 mare.

188 4948 318 5021 Reg.
370 4953 443 5016 1,
503 4952 655 5007 Meus
690 4953 743 5005 in
792 4959 1077 5015 contextu,
1102 4950 1292 5015 calidi,
1326 4949 1481 5017 cuius
1526 4948 1703 5016 gloss»
1750 4948 1803 5004 in

192 5023 352 5094 [legi
367 5069 379 5084 .
400 5025 668 5095 feruentis,
690 5024 746 5077 in
764 5038 872 5095 quo
888 5032 1068 5077 tamen
1086 5022 1316 5078 fortasse
1336 5024 1489 5092 prius
1509 5021 1611 5095 fuit
1621 5021 1801 5091 gelidi.

188 5096 274 5152 Sic
304 5097 452 5151 Meus
488 5094 607 5167 'pro
637 5097 692 5151 d.
728 5094 793 5151 s.’
815 5110 936 5150 cum
970 5096 1214 5165 reliquis.
1248 5096 1417 5166 Magis
1456 5094 1675 5149 erudita
1719 5103 1806 5149 est

188 5171 455 5238 scriptura
490 5170 653 5223 calidi
686 5185 698 5222 :
734 5169 1013 5231 fingebant
1044 5168 1185 5221 enim
1223 5180 1399 5236 poctze
1425 5210 1439 5231 ,
1469 5180 1692 5238 aequora
1726 5175 1807 5219 te-

186 5237 411 5313 pescere
440 5258 468 5295 a
522 5243 639 5295 sole
670 5242 977 5296 occidente.
1013 5238 1271 5293 Horatius
1293 5241 1331 5313 Al.
1369 5248 1542 5313 1,731”.
1570 5237 1626 5303 4,
1661 5253 1803 5292 vers.

186 5311 254 5368 29
285 5332 296 5365 :
334 5312 437 5367 Hic
472 5324 640 5367 mutat
668 5329 861 5367 merces
889 5323 1131 5380 surgente
1160 5330 1191 5365 α
1223 5311 1332 5365 sole
1360 5312 1428 5363 ad
1450 5328 1589 5374 eum,
1618 5327 1717 5379 quo
1738 5342 1809 5351 —

196 5383 505 5457 l’espertina
536 5395 671 5452 tepet
701 5387 865 5454 regio.
895 5384 1191 5439 Uvidmsl.
1230 5399 1246 5437 ι
1284 5384 1409 5439 Met.
1442 5384 1530 5457 6‘5,
1570 5381 1809 5457 Vesper,

186 5469 236 5513 et
266 5454 487 5511 occiduo
508 5472 626 5528 qua:
654 5458 828 5511 littora
857 5457 963 5510 solo
995 5465 1276 5526 tepescunt.
1302 5455 1551 5510 Tibullus
1586 5454 1621 5506 l.
1652 5469 1709 5519 ll,
1740 5454 1811 5508 el.

188 5530 221 5586 5
254 5547 267 5584 :
302 5530 522 5597 Quaque
552 5538 726 5599 patent
773 5539 947 5591 ortus,
982 5539 1027 5581 et
1068 5547 1167 5599 qua
1199 5528 1524 5593 ﬂuitantibus
1557 5529 1710 5579 undis
1740 5558 1808 5568 —

191 5600 330 5657 Solis
357 5601 673 5655 anhelantes
694 5601 856 5655 abluit
888 5604 1055 5655 omnis
1070 5617 1246 5671 equos.
1277 5600 1383 5655 Alii
1412 5610 1625 5653 veteres
1656 5610 1807 5668 puta—

189 5674 342 5743 bant,
370 5674 547 5728 solem
570 5674 816 5743 quatidic
845 5672 1065 5727 Oceano
1087 5672 1361 5742 exstingui
1389 5690 1402 5725 :
1432 5686 1499 5743 ex
1529 5686 1638 5741 quo
1658 5687 1810 5730 mare

191 5742 532 5805 recalescere
564 5742 793 5802 necesse
826 5756 965 5800 erat.
1004 5745 1210 5801 Dicitur
1260 5758 1393 5800 vero
1424 5742 1516 5815 sol,
1547 5744 1632 5798 vel
1692 5746 1811 5801 dies

194 5836 465 5877 senescens
518 5832 616 5891 pro
674 5816 941 5872 occidente
978 5831 1046 5873 eo
1100 5815 1215 5874 fere
1270 5816 1477 5883 modo,
1518 5830 1627 5885 quo
1685 5817 1812 5872 luna

1918 4728 2114 4801 plantae
2146 4733 2305 4785 sicca:
2341 4738 2500 4803 erant
2546 4746 2557 4781 :
2595 4743 2770 4803 neque
2804 4728 2855 4782 id
2902 4730 3108 4799 placuit
3149 4728 3487 4801 Wopkens’io
3512 4779 3527 4803 ,

1914 4805 2006 4875 qui
2060 4805 2173 4873 ipse
2208 4802 2537 4872 conjiciehat
2586 4802 2861 4869 mucisque
2908 4805 3148 4869 fluentis,
3186 4806 3287 4869 sed
3336 4802 3533 4861 melius

1914 4874 2239 4940 Concludit,
2269 4890 2394 4945 quae
2442 4874 2657 4942 integra
2710 4883 2857 4936 sunt,
2909 4876 3177 4930 movenda
3235 4894 3341 4931 non
3383 4894 3529 4935 esse.

1913 4947 2249 5004 Arntzenius
2280 4963 2346 5001 ex
2382 4949 2619 5001 Aratore
2649 4962 2755 5018 pro
2787 4946 3039 5015 siccisque
3078 4950 3291 5017 ﬂuentis
3326 4949 3530 5018 profert

1913 5022 1966 5076 in
2016 5025 2177 5090 epist.
2220 5018 2286 5073 ad
2336 5018 2528 5088 Vigil.,
2563 5017 2830 5072 Fluctibus
2866 5018 2921 5071 in
2950 5019 3132 5073 mediis
3164 5022 3249 5073 cui
3281 5023 3360 5074 via
3394 5025 3528 5075 sicca

1914 5095 2036 5163 fuit.
2086 5093 2191 5149 Sed
2223 5107 2399 5161 neque
2432 5094 2534 5146 hoc
2576 5093 2701 5163 loco,
2738 5090 2933 5163 ﬂuctus
2978 5102 3241 5163 vocantur
3271 5094 3392 5146 sicci
3424 5112 3441 5146 :
3473 5104 3531 5151 et

1915 5161 2171 5223 Sedulius
2196 5166 2315 5235 ipse
2340 5166 2393 5219 in
2414 5178 2576 5235 prosa
2597 5162 2747 5235 null_o
2770 5161 2930 5235 modo
2952 5164 3088 5216 sicca
3110 5161 3309 5218 ﬂuenta
3332 5164 3529 5221 innuit.

1974 5240 2117 5294 229.
2168 5233 2457 5306 Plerique,
2493 5234 2645 5289 calle.
2702 5233 2910 5307 Poelm.
2943 5277 2956 5299 ,
2997 5235 3063 5288 ad
3099 5251 3271 5307 marg.
3306 5280 3321 5303 ,
3364 5239 3527 5293 calce.

1916 5312 2069 5368 Meus
2118 5311 2172 5367 in
2223 5317 2482 5367 contextu
2536 5306 2675 5361 calce
2702 5348 2714 5371 ,
2746 5306 2814 5360 ad
2846 5320 3017 5377 marg.
3046 5306 3183 5363 calle
3208 5306 3237 5375 ,7
3257 5310 3404 5380 quod
3442 5328 3532 5366 re—

1921 5384 2235 5441 linendum.

1992 5458 2121 5513 252.
2165 5457 2337 5522 Meus,
2367 5454 2582 5508 dextera
2605 5467 2625 5506 :
2656 5458 2715 5504 ut
2744 5458 2849 5504 stet
2881 5465 3075 5506 versus
3099 5491 3117 5521 ,
3150 5454 3532 5525 reponendum

1924 5530 2129 5584 dextra.

1986 5602 2114 5657 256.
2154 5600 2349 5673 Rom._,
2373 5598 2495 5673 Δ[11ιί
2528 5593 2786 5673 Dominus
2828 5596 3033 5673 sanavit
3051 5600 3327 5669 quemdam
3368 5616 3537 5673 tegro-

1914 5682 2044 5729 tum.
2070 5673 2275 5743 Meus,
2301 5670 2383 5724 Ad
2412 5680 2611 5743 tactum
2662 5668 2811 5743 vestis
2843 5668 3152 5743 liberantur
3208 5668 3433 5743 (egroti:
3475 5676 3536 5731 in

1915 5746 2027 5803 Ott.
2060 5748 2091 5802 1η
2118 5742 2371 5799 scribitur
2398 5738 2650 5805 Genesar,
2678 5749 2733 5795 et
2765 5740 2989 5797 videtur
3022 5745 3170 5810 pritts
3200 5738 3372 5802 fuisse
3403 5744 3539 5802 Gen-

1916 5834 2095 5881 nezar;
2139 5814 2267 5872 Alb.
2300 5810 2525 5869 exhibet
2552 5810 2828 5870 Genessar.
2859 5814 3017 5871 Meus
3066 5814 3302 5873 Genesar
3330 5858 3345 5885 ,
3376 5817 3537 5888 Rom.
