3912 6352
192 320 281 375 (iii!

1600 630 1786 703 [bores

182 717 286 774 260
323 718 928 802 Nutribatgeminanda
963 722 1131 777 fames
1160 766 1173 788 ,
1202 724 1246 777 si
1280 724 1462 778 saucia
1487 723 1681 778 callem

321 814 503 869 Turba
541 830 635 883 per
668 814 942 885 ingentem
977 815 1209 886 dapibus
1234 816 1423 887 jejuna
1444 817 1671 872 rediret.

321 906 639 976 Qua‘tlexus
669 908 869 976 pietate
898 909 1068 976 Deus,
1114 914 1205 980 qui
1258 924 1479 980 semper
1522 922 1779 982 egentum

318 999 483 1054 Panis
502 999 683 1067 adest,
714 1001 1027 1072 victumque
1042 1003 1179 1057 locis
1192 1003 1311 1059 sine
1324 1001 1571 1073 frugibus
1594 1004 1784 1069 infert,

320 1092 606 1148 Piseiculis
634 1094 822 1163 paucis
844 1104 899 1149 et
926 1106 1134 1165 septem
1160 1098 1391 1165 panibus
1428 1111 1623 1167 agmen

320 1186 486 1259 266
514 1170 665 1241 Pavit
690 1201 913 1243 enorme
943 1189 1118 1243 virum
1151 1232 1164 1256 ,
1213 1196 1517 1261 prteterque
1568 1190 1782 1246 inﬁrma

1530 1280 1780 1355 [secundi

318 1372 498 1429 Sexus
528 1382 582 1428 et
611 1373 789 1429 aetatis
816 1375 1084 1429 saturavit
1112 1383 1367 1446 quattuor
1400 1374 1512 1455 illic

316 1466 483 1522 Millia
516 1477 829 1526 vescentum
855 1484 869 1535 ;
900 1468 1022 1541 plus
1052 1478 1110 1525 ut
1135 1470 1357 1527 mireris
1380 1512 1397 1538 ,
1425 1482 1478 1528 et
1514 1480 1701 1528 auctas

319 1557 477 1614 Disce
500 1560 663 1617 fuisse
685 1560 853 1633 dapes
878 1604 894 1631 ,
938 1564 1130 1635 epulas
1162 1564 1390 1621 nutrivit
1413 1564 1627 1622 edendo

1325 328 1612 404 CARMEN
1652 326 2029 387 PASCHALE.
2076 330 2201 388 LIB.
2250 331 2312 388 Ill

327 438 505 492 Tertia
537 438 628 495 lux
656 441 884 505 aderat,
917 442 1199 513 sterilique
1231 444 1281 499 in
1315 446 1539 514 caespite
1571 428 1780 499 nullum
1814 449 1857 506 Λ

325 532 644 603 Contigerat
684 535 837 605 plebs
874 544 1023 590 tanta
1068 534 1248 591 cibum
1282 578 1296 601 ,
1353 537 1656 607 nimiosque
1714 537 1790 590 la-

3395 346 3501 399 lilii

2033 446 2283 519 Vulgus,
2334 453 2612 507 etattritte
2663 464 2961 508 creverunt
3007 456 3281 511 morsibus
3334 474 3496 515 cscw.

1891 537 1998 597 270
2037 539 2445 613 Relliqniasquc
2474 560 2623 610 snas,
2659 557 2971 616 sportarum
2997 548 3235 603 culmina
3260 558 3491 621 septem,

2038 634 2271 703 Expavit
2292 635 2507 705 fugitiva
2540 636 2708 694 fames
2740 682 2753 703 ,
2806 640 2917 708 ubi,
2950 640 3223 711 fragmine
3254 655 3493 715 sumpto,

2036 725 2183 782 Vidit
2213 729 2578 785 abundantem
2612 733 2828 788 modico
2855 734 2923 789 de
2968 739 3181 791 semine
3230 750 3491 793 messem.

2108 819 2218 875 Nec
2241 831 2419 877 tamen
2446 823 2680 879 humano
2705 828 2952 895 quamvis
2975 829 3027 883 in
3052 844 3284 901 corpore
3306 828 3495 889 Chris-

2624 966 2625 975 χ
3227 925 3365 998 [tum
3398 968 3415 991 ,
3457 914 3472 928 ’

2030 1012 2189 1086 267
2221 1012 2409 1069 Matris
2457 1012 2525 1069 ab
2560 1026 2755 1069 occasu
2806 1017 3051 1073 mortalia
3100 1020 3348 1075 membra
3400 1035 3493 1092 ge-

3141 1113 3381 1185 [rentem
3400 1160 3414 1184 ,

1884 1202 1992 1262 275
2029 1202 2182 1265 Clam
2209 1202 2310 1258 fuit
2340 1218 2463 1259 esse
2490 1203 2684 1273 Deum,
2719 1204 2843 1276 quia
2875 1221 2983 1261 non
3014 1206 3370 1352 absconEiitur
3398 1227 3495 1266 un-

3245 1297 3408 1351 quam

3245 1297 3408 1351 quam

2027 1370 2170 1427 Urbs
2198 1370 2252 1424 in
2300 1376 2484 1423 monte
2514 1366 2739 1439 sedens,
2773 1367 2957 1423 modio
2986 1384 3085 1425 nec
3124 1371 3376 1428 subditur
3406 1390 3494 1431 ar—

3260 1462 3420 1535 [dens

2026 1551 2306 1626 Lycbnus,
2322 1550 2672 1607 anhelantem
2694 1549 2791 1606 sed
2814 1564 3081 1623 spargens
3100 1554 3262 1610 altius
3287 1560 3491 1627 ignem,

1524 1681 1703 1739 opus
1742 1660 2135 1735 PASCHA’LE.

170 1777 257 1824 vet
288 1770 590 1825 sauciatam
619 1813 632 1837 ,
684 1772 800 1829 dies
843 1775 1037 1829 tertius
1080 1774 1439 1842 decurrebat,
1472 1784 1528 1832 et
1554 1776 1607 1831 in
1638 1774 1774 1830 locis
1802 1776 1851 1836 Β
1880 1771 1981 1835 ris,
2029 1774 2203 1823 auctae
2224 1772 2355 1821 sunt
2380 1763 2579 1834 epulae,
2611 1764 2737 1820 dum
2768 1775 3050 1836 vorantur,
3093 1776 3147 1824 et
3172 1768 3323 1825 cibos
3346 1786 3494 1827 mor-

168 1862 317 1917 arida
367 1863 611 1920 siccitate
635 1864 839 1935 jejunis
883 1867 1086 1921 nullam
1117 1869 1295 1924 victus
1336 1871 1591 1940 attigerat
1618 1866 1772 1940 plebs

168 1955 464 2028 defatigata
516 1959 909 2026 substantiam,
966 1962 1311 2033 geminisque
1355 1965 1634 2021 laboribus
1680 1979 1774 2021 ex-

166 2049 442 2105 citandmn
475 2052 736 2123 languens
762 2053 940 2109 inedia
970 2054 1241 2110 nutriebat
1265 2056 1695 2125 incommodum,
1725 2060 1771 2114 si

168 2157 264 2213 per
300 2143 498 2198 callem
532 2146 792 2201 redituris
824 2148 1102 2227 gressibus
1148 2148 1525 2206 imminentem
1558 2152 1769 2223 longam

167 2236 413 2305 penuriae
460 2236 730 2292 sarcinam
782 2240 1012 2309 pupulns
1065 2241 1362 2297 sustineret
1399 2243 1694 2298 exhaustus
1720 2252 1764 2297 ⁸.

166 2329 275 2398 Qua
309 2330 670 2387 miseratione
701 2332 875 2387 ﬂexus
904 2335 1271 2405 omnipotens,
1306 2336 1395 2406 qui
1426 2351 1641 2407 semper
1672 2336 1772 2391 lar-
1830 2402 1833 2405 Α

165 2437 261 2493 gus
304 2425 466 2494 panis
511 2433 599 2479 est
629 2424 993 2497 indigentum,
1056 2426 1149 2483 ubi
1179 2428 1333 2484 cibos
1364 2428 1641 2499 impertit,
1678 2429 1766 2484 ubi

167 2516 350 2588 fruges
395 2519 613 2575 steriles
656 2520 958 2576 necessitas
997 2522 1318 2592 abnegarit,
1356 2523 1540 2594 paucis
1577 2524 1766 2579 admo—

164 2609 290 2664 dum
318 2609 664 2681 modicisque
709 2614 1010 2683 pisciculis,
1043 2626 1095 2670 et
1124 2624 1332 2685 septem
1360 2617 1590 2686 panibus
1618 2632 1770 2672 com-

164 2702 411 2773 minutis,
444 2705 855 2774 quatuormillia
883 2706 1120 2762 virorum
1152 2708 1441 2773 saturavit,
1475 2718 1671 2779 prmter
1692 2708 1769 2765 fe-

162 2795 433 2850 minarum
461 2812 655 2867 agmen
683 2796 1029 2865 immensum,
1064 2806 1121 2855 et
1151 2799 1501 2870 parvulorum
1536 2816 1765 2857 examen

161 2890 354 2961 apibus
384 2892 793 2963 corquandum.
858 2892 1035 2965 thue
1072 2895 1245 2965 magis
1275 2894 1423 2951 aliud
1454 2896 1575 2965 plus
1602 2895 1767 2952 mire-

1877 1864 2032 1923 sibus
2070 1860 2340 1918 enntritos
2381 1856 2613 1915 fecunda
2656 1861 2860 1916 mensis
2903 1861 3232 1919 detrimenta
3262 1881 3494 1937 genera-

1876 1968 2024 2015 runt.
2087 1955 2325 2027 Expavit
2387 1954 2641 2025 proprias
2692 1954 2866 2011 fames
2923 1956 3148 2026 fugitiva
3202 1961 3485 2031 reliquias,

1876 2064 2087 2125 septem
2142 2058 2454 2123 sportarum
2504 2050 2737 2105 cumulis
2792 2062 3158 2122 aggregatas,
3208 2055 3297 2110 ubi
3351 2057 3490 2114 tanti

1875 2149 2163 2227 iragminis
2211 2148 2465 2203 ubertate
2510 2145 2744 2203 collecta
2774 2145 2911 2202 vidit
2953 2162 3119 2218 parvo
3162 2149 3232 2205 de
3273 2154 3485 2210 semine

1874 2261 2110 2302 messem
2139 2242 2445 2299 redundare
2478 2241 2862 2311 multiplicem.

1945 2338 2205 2407 Quamvis
2242 2345 2421 2389 autem
2466 2334 2686 2389 humani
2732 2334 2979 2405 corporis
3019 2334 3270 2391 Christus
3302 2354 3331 2393 a
3371 2354 3486 2396 ma-

1872 2444 2047 2489 terna:
2091 2430 2459 2501 generationis
2502 2441 2698 2483 occasu
2739 2429 2983 2483 membra
3028 2430 3313 2486 videretur
3340 2432 3487 2490 ferro

1874 2525 2124 2581 mortalia
2153 2567 2166 2589 ,
2217 2523 2387 2577 latere
2420 2530 2597 2574 tamen
2628 2520 2774 2575 Deus
2800 2535 2921 2575 esse
2955 2537 3062 2575 non
3094 2525 3306 2590 potuit,
3357 2528 3482 2595 quia

1872 2632 1975 2673 nec
2001 2616 2201 2672 civitas
2243 2614 2300 2668 in
2328 2612 2507 2683 capite
2535 2611 2737 2666 montis
2766 2612 3131 2668 absconditur
3158 2618 3481 2684 constituta,

1876 2722 1978 2773 nec
2028 2705 2229 2761 ardens
2282 2718 2417 2760 cavo
2460 2704 2679 2773 ponitur
2721 2702 2940 2759 lucerna
2968 2705 3070 2760 sub
3098 2705 3323 2774 modio,
3383 2709 3488 2764 sed

1875 2802 2037 2858 altius
2068 2800 2280 2856 elevata
2319 2798 2520 2853 vivacis
2552 2795 2787 2853 ﬂammm
2818 2798 3127 2855 substantia
3160 2801 3342 2858 lumen
3366 2819 3483 2858 om-

1875 2896 2033 2952 nibus
2063 2895 2424 2951 administrat.
2485 2892 2683 2948 Tribus
2708 2908 2945 2964 namque
2972 2894 3260 2967 diseipulis
3290 2911 3477 2957 secum

1666 2988 1985 3047 SCHOLIA.

160 3094 305 3155 κεπτ,
346 3077 469 3134 Vat.
498 3048 731 3155 2_,1Ang
761 3125 775 3148 ,
810 3079 945 3151 Reg.
991 3081 1024 3135 5
1056 3127 1069 3153 ,
1113 3081 1236 3137 Ald.
1265 3091 1344 3155 et
1395 3082 1515 3155 alii:
1550 3082 1778 3155 Cumque

1888 3092 2059 3155 pturre
2107 3084 2268 3155 plane
2318 3082 2493 3155 otiosa
2548 3090 2650 3155 est.
2677 3082 2878 3137 Verum
2924 3086 3095 3141 nostri
3128 3102 3319 3146 omnes
3344 3109 3476 3150 mss.

160 3152 412 3228 medens:
444 3150 709 3208 meliores
734 3168 863 3207 mss.
897 3150 1068 3209 nostri
1112 3169 1236 3210 cum
1264 3153 1485 3222 Parrh.,
1532 3150 1766 3228 Dumque
1792 3159 1837 3220 Ο
1872 3150 1993 3211 cum
2024 3150 2495 3228 praestantissimis
2524 3154 2855 3210 editionibus
2882 3156 3150 3228 exhibent
3179 3170 3225 3215 et
3256 3176 3434 3221 auctas
3461 3186 3474 3221 :

244 3225 395 3279 dens.

244 3239 395 3279 aens.

160 3239 357 3351 ""3260.
393 3296 564 3362 Meus,
612 3296 887 3351 Nutrierat
928 3299 1185 3368 geminata
1232 3301 1414 3367 (mnes.
1464 3298 1719 3368 Plerique
1749 3342 1764 3366 ,

160 3367 414 3423 Nutribat
460 3368 772 3440 geminanda
826 3372 1033 3439 fames;
1064 3371 1155 3425 sed
1186 3369 1238 3423 itt
1267 3369 1397 3440 Reg.
1435 3371 1488 3439 1,
1538 3367 1768 3431 fortasse
1818 3394 1822 3399 ’

157 3440 253 3493 fuit
280 3439 627 3515 geminando:
675 3444 817 3511 quod
850 3444 1011 3515 etiam
1068 3442 1243 3495 innuit
1288 3439 1471 3511 glossa
1515 3443 1768 3515 multipli-

154 3513 323 3566 cando
354 3554 369 3576 ,
428 3512 506 3566 vel
554 3514 851 3586 crescendo.
910 3514 1288 3586 Nebrissensis
1330 3513 1555 3584 exponit
1603 3512 1767 3586 fames

155 3593 459 3658 prtesenset
494 3587 691 3658 futura.
739 3584 946 3658 Virgilii
977 3597 1063 3640 est
1092 3584 1383 3658 A_’utribat.‘

222 3655 354 3710 262.
388 3654 564 3719 Meus,
598 3656 814 3713 scitedte
836 3654 1071 3724 l'oelm.,
1108 3655 1151 3711 Τ
1156 3674 1253 3710 unc
1280 3661 1470 3727 ﬂexus;
1491 3656 1768 3726 WOpkett-

152 3730 263 3781 slus
283 3729 607 3799 suspicatur
632 3730 747 3794 Quo
776 3733 912 3799 ﬂexa
942 3734 1153 3801 pietate,
1178 3731 1260 3785 vel
1285 3728 1416 3783 Cum
1439 3734 1605 3802 ﬂexus
1651 3732 1763 3800 pie-

154 3807 280 3872 tate:
304 3804 405 3855 sed
465 3802 662 3855 retinet
712 3804 982 3872 vulgatam
1033 3803 1362 3870 scripturam
1417 3803 1522 3857 hoc
1553 3818 1763 3856 sensu:

151 3870 571 3942 Quamobrem,
629 3875 711 3929 vel
780 3870 851 3926 ob
908 3875 1050 3944 quod
1092 3873 1270 3928 ﬂexus
1318 3876 1520 3943 pietate
1571 3875 1761 3930 Deus:

149 3959 314 4017 quem
349 3960 515 4017 nsum,
541 3946 883 4017 pronominis
915 3947 1126 4000 relativi
1161 3946 1351 4014 probat
1384 3961 1451 4001 ex
1504 3946 1713 4017 llygino
1746 3988 1761 4014 ,

151 4013 326 4079 Livio,
347 4013 582 4072 Aurelio
603 4016 839 4073 Victore.
866 4016 921 4072 In
949 4013 1225 4072 nonnullis
1250 4017 1484 4088 vulgatis
1507 4013 1761 4073 tuendum

150 4098 233 4142 est
261 4098 523 4158 egentem.

218 4159 353 4212 264.
405 4159 464 4215 In
491 4158 614 4216 Vet.
648 4160 703 4227 9,
762 4161 932 4219 Mon..
982 4161 1174 4215 victum
1213 4160 1339 4215 locis
1368 4202 1383 4227 ,
1417 4159 1762 4217 desideratur

146 4248 264 4301 que.
289 4231 511 4303 Arntz.,
542 4231 693 4298 a/fert
717 4248 814 4303 pro
840 4234 1019 4303 infert.

218 4303 350 4359 2‘55.
386 4301 573 4371 C:tttl.,
607 4301 730 4359 υιιξ
752 4305 808 4372 ‘2,
836 4301 1018 4371 Etim...
1052 4304 1201 4369 ΑΗ).⁸
1235 4304 1454 4369 inerme,
1488 4304 1634 4431 Ἧιοά
1681 4306 1760 4360 Vi-

222 4382 312 4429 tur
342 4378 501 4431 prius
535 4376 700 4431 fuisse
731 4380 780 4430 in
815 4377 949 4431 Rea.
979 4378 1012 4431 2
1040 4386 1091 4431 et
1118 4375 1236 4431 Vat.
1274 4376 1325 4429 1.
1362 4375 1505 4429 Eode
1548 4396 1563 4430 ι
1594 4376 1760 4431 uerti-

149 4375 312 4429 detur
342 4378 501 4445 prius
535 4376 700 4431 fuisse
731 4380 780 4430 in
815 4377 949 4446 Reg.
979 4378 1012 4431 2
1040 4386 1091 4431 et
1118 4375 1236 4431 Vat.
1274 4376 1325 4429 1.
1362 4375 1563 4431 Eodem
1594 4376 1760 4446 perti-

150 4458 239 4501 net
266 4450 534 4503 tnendum
562 4452 614 4503 in
642 4449 775 4505 Urb.
822 4450 1020 4503 inorbo.
1071 4447 1368 4503 Munkerns
1393 4448 1459 4501 ad
1503 4448 1755 4516 Fulgent.

148 4519 324 4588 Myth.
359 4522 398 4575 Ι.
433 4536 474 4584 ι,
499 4536 551 4576 c.
583 4522 637 4588 1,
670 4523 807 4577 hanc
838 4521 1114 4577 scribendi
1177 4520 1443 4574 ratimtcm
1488 4521 1752 4575 defendit.

151 4591 413 4661 Plerique
461 4594 710 4647 scribunt
758 4610 1013 4647 enorme:
1068 4607 1246 4662 neque
1296 4594 1486 4653 rei‘ert,
1523 4590 1754 4662 primam

147 4665 377 4735 corripi,
414 4679 539 4718 nam
565 4666 705 4734 apud
738 4676 923 4734 poetas
954 4665 1233 4732 sequioris
1260 4663 1363 4717 aevi
1395 4664 1446 4717 in
1484 4666 1757 4735 composi-

148 4736 294 4790 tione
315 4754 344 4807 e
373 4752 524 4805 saepe
555 4740 876 4807 corripitur.
912 4736 1047 4807 Vide
1070 4746 1368 4807 comment.
1395 4736 1460 4789 ad
1505 4736 1721 4791 Pruden
1740 4766 1753 4775 ο

148 4810 279 4861 tium
310 4806 475 4863 Cath.
515 4806 794 4879 hymn.'8,
816 4824 959 4864 vers.
984 4806 1076 4867 64,
1101 4806 1306 4879 Corpus
1341 4823 1613 4879 enervans,
1661 4808 1752 4861 ubi

146 4880 406 4935 similiter
451 4878 620 4951 aliqui
668 4881 913 4935 scribunt
960 4880 1221 4935 inerrans.
1269 4878 1628 4951 C0d.WAI‘lllZ.
1657 4894 1756 4949 pro

149 4968 388 5017 enorme,
421 4952 507 5006 vel
539 4950 757 5019 inorme,
796 4953 959 5007 habet
984 4952 1204 5023 grande,
1248 4959 1303 5006 et
1334 4952 1388 5005 in
1412 4950 1549 5023 Reg.
1577 4951 1633 5015 2,
1675 4966 1759 5007 su-

150 5039 241 5093 pra
270 5041 485 5079 enorme
516 5041 677 5080 tnauu
690 5022 1009 5096 glossatoris
1022 5030 1300 5080 exaratum
1316 5036 1394 5076 est
1424 5022 1512 5096 Vel
1536 5024 1753 5096 grande.

148 5098 535 5154 Nebrissensis
594 5094 723 5168 legit
768 5099 929 5153 etiam
979 5095 1131 5150 Pavit
1186 5096 1408 5168 grande.
1465 5094 1773 5171 lud’factum,

146 5187 173 5222 a
207 5171 480 5230 librariis.
517 5180 573 5224 ut
605 5167 884 5239 peceatum
909 5178 1099 5224 contra
1148 5167 1381 5221 metrum
1406 5194 1407 5197 η
1431 5167 1755 5238 ell‘ngereut.

148 5243 219 5298 Ea
251 5248 475 5298 ratione
508 5244 737 5313 plurima
767 5243 872 5297 alia
904 5243 959 5296 in
1017 5240 1190 5311 poetis
1219 5239 1539 5294 christianis
1569 5254 1757 5295 corru-

167 5326 369 5370 ierunt.

148 5333 369 5442 1)θέιέῐὲ
400 5385 521 5441 Vat.
551 5385 586 5440 2
611 5430 626 5454 ,
681 5386 818 5456 Reg.
864 5387 896 5442 5
916 5429 930 5453 ,
959 5393 1017 5441 et
1048 5386 1236 5439 Arntz.
1260 5427 1274 5449 ,
1306 5382 1477 5456 Sexus
1505 5425 1520 5449 ,
1548 5386 1714 5456 aetatis
1738 5430 1753 5456 ,

148 5462 290 5529 quod
321 5457 476 5521 Ald.,
524 5457 687 5513 Fabr.
719 5455 884 5514 etalii
920 5456 1235 5529 ediderunt.
1270 5455 1632 5529 ,Verarlet-tio
1674 5465 1759 5512 est

151 5527 347 5597 Sexus,
386 5542 436 5583 et
491 5531 679 5595 mtatis,
709 5531 837 5599 qttin
857 5530 1057 5595 obstet,
1096 5527 1238 5597 quod
1265 5528 1319 5582 in
1351 5528 1576 5597 obliquo
1604 5544 1756 5583 sexus

151 5604 347 5657 ultima
390 5602 752 5669 corripiatur;
812 5618 934 5656 nam
987 5602 1041 5655 id
1065 5601 1288 5656 Sedulio
1337 5600 1606 5656 iatniliare
1648 5611 1751 5657 est.

150 5676 301 5731 Mem
333 5674 417 5728 illi
450 5690 468 5727 :
501 5672 618 5741 lege
648 5672 777 5726 illic.

217 5747 350 5803 ς267.
387 5745 509 5800 Vct.
546 5745 598 5813 1,
634 5745 797 5811 male,
828 5744 1151 5816 {vescenlcm.
1184 5743 1471 5799 Gruncrtts
1497 5760 1563 5799 ex
1595 5742 1754 5801 Cant.

149 5833 199 5878 et
230 5820 321 5876 ed.
377 5818 556 5887 Lips,
582 5817 782 5872 mireris
818 5815 1086 5872 adauctus.
1121 5815 1381 5871 Adhaeret
1422 5818 1755 5873 Arntzcnius

149 5910 271 5949 cum
302 5891 528 5949 schedis
558 5889 899 5957 Poeltnanni,
926 5891 1052 5959 quia
1076 5889 1266 5944 vocula
1296 5898 1343 5943 et
1364 5889 1590 5961 vulgata:
1623 5891 1755 5945 scri-

1784 4555 1837 4615 D

1874 3230 1927 3283 in
1956 3228 2083 3284 Urb.
2107 3243 2265 3302 error
2285 3227 2561 3302 exhgnstns
2577 3229 2757 3295 potius
2788 3226 2962 3302 innuit
2988 3237 3037 3283 et
3076 3242 3257 3287 auctas
3276 3276 3288 3296 ,
3312 3252 3475 3302 quam

1871 3302 2144 3353 adauctus.
2177 3298 2355 3353 Editio
2394 3299 2721 3374 Poelmanni
2753 3298 2817 3352 ad
2876 3315 3045 3372 marg.
3088 3298 3380 3374 adauctus,
3419 3310 3474 3365 in

1872 3380 2129 3426 contexm
2146 3379 2191 3425 et
2212 3380 2411 3423 auctas.
2440 3368 2572 3437 Conj
2583 3372 2761 3424 unctio
2783 3380 2828 3422 et
2852 3368 3025 3425 otiosa
3051 3390 3158 3429 non
3173 3387 3258 3431 est
3277 3398 3290 3432 :
3311 3368 3478 3436 mimo

1872 3444 2151 3521 eleganter
2174 3441 2463 3495 adhibetur
2480 3456 2583 3521 pro
2606 3443 2781 3495 etiam.
2807 3441 2873 3497 Ut
2892 3443 3012 3513 plus
3036 3446 3274 3518 mireris,
3302 3452 3473 3521 disce,

1871 3513 2042 3583 dapes
2071 3515 2235 3569 etiam
2270 3525 2457 3567 auctas
2478 3513 2664 3568 fuisse.

1941 3588 2069 3641 271.
2108 3586 2229 3641 Vet.
2296 3586 2435 3663 1,_2_,
2462 3586 2607 3639 Mon.
2659 3583 2906 3658 Explevit
2946 3602 2966 3641 :
2996 3590 3172 3646 retine
3220 3591 3471 3663 Expavit.

1870 3662 2019 3714 Meus
2047 3705 2059 3726 ,
2098 3670 2153 3712 ut
2185 3673 2280 3727 pro
2318 3657 2425 3712 ubi.

1942 3731 2066 3785 272.
2097 3730 2279 3797 Rom.,
2306 3729 2525 3783 medico:
2553 3730 2685 3800 lege‘
2716 3732 2941 3787 modico.
3002 3734 3056 3788 In
3113 3750 3236 3792 meo
3286 3740 3474 3798 codice

1871 3814 1995 3871 post
2026 3803 2168 3857 hunc
2210 3817 2427 3856 versum
2472 3804 2791 3857 inseruntur
2833 3804 2901 3858 1'2
2933 3822 3125 3861 versus
3171 3824 3237 3864 ex
3280 3810 3474 3868 Furtu-

1869 3885 1997 3929 nato
2029 3876 2080 3929 in
2113 3873 2236 3927 Vita
2268 3874 2326 3929 ὃ.
2379 3873 2595 3928 Martini
2630 3893 2641 3927 :
2672 3873 2891 3929 Primus
2915 3880 3051 3932 enim
3101 3882 3260 3936 docili
3284 3885 3474 3940 distin-

1867 3964 2029 4018 guens
2066 3947 2247 4000 ordine
2276 3962 2501 4006 carmen,
2534 3956 2663 4009 etc.,
2696 3947 2788 4015 qui
2815 3948 3134 4006 charactere
3160 3955 3326 4009 rubro
3347 3968 3474 4011 sunt

1867 4020 2099 4073 exarati.
2130 4020 2317 4075 Solent
2344 4019 2491 4073 enim
2518 4019 2568 4071 in
2599 4018 2878 4073 codicibus
2908 4021 3178 4089 ejusmodi
3210 4026 3361 4082 lusus
3384 4044 3473 4083 re-

1867 4092 2069 4169 periri,
2102 4100 2158 4145 et
2178 4091 2410 4169 fortassis
2436 4089 2701 4169 librarius
2722 4090 2821 4169 hos
2849 4107 3050 4169 venus
3071 4096 3311 4169 scripsit,
3348 4101 3469 4169 quia

1867 4159 1921 4216 in
1948 4164 2037 4230 eis,
2061 4173 2180 4232 post
2211 4163 2444 4233 elogium
2476 4159 2703 4215 Jnvenci
2737 4162 2993 4218 laudatur
3018 4159 3299 4221 Sedulius.

1938 4234 2064 4290 275.
2098 4237 2244 4289 Meus
2274 4253 2284 4288 :
2323 4234 2590 4300 Quomodo
2624 4233 2900 4297 Dominus,
2932 4239 3273 4302 pra'sentibus
3302 4243 3469 4299 tribus

1865 4306 2283 4384 discipttlis,»est_
2318 4304 2742 4376 transﬁguratus.
2785 4305 2947 4362 Rom.
2979 4307 3055 4361 De
3099 4307 3470 4384 Trans/igura-

1866 4379 2002 4431 tiane
2034 4378 2240 4432 Domini
2265 4379 2319 4432 in
2345 4390 2532 4431 monte.

1936 4450 2061 4503 274.
2097 4450 2229 4520 Reg,
2255 4450 2310 4519 2,
2346 4449 2407 4502 ab
2436 4450 2531 4502 hoc
2554 4464 2698 4515 casu,
2728 4463 2850 4503 cum
2884 4450 3088 4520 glossa,
3133 4456 3197 4509 ab
3222 4456 3317 4511 hoc
3348 4474 3473 4516 casu

1866 4522 2075 4602 dicitur,
2098 4524 2220 4593 quia
2248 4523 2468 4602 infantes
2495 4530 2763 4602 nascentes
2788 4531 2980 4602 (errant
3014 4534 3213 4592 petunt.
3247 4528 3304 4587 lit
3332 4530 3467 4602 Reg.

1864 4595 1914 4661 1,
1940 4592 2129 4671 glossa
2160 4605 2247 4648 est
2298 4592 2512 4657 Similis,
2544 4592 2755 4671 quando
2796 4594 2979 4649 cecidit
3011 4613 3043 4649 a
3064 4608 3237 4655 ventre
3265 4592 3467 4671 matri},

1858 4666 1951 4720 sed
1984 4666 2250 4733 scriptura
2300 4666 2611 4720 communis
2654 4665 2888 4719 aliormn
2918 4676 3005 4722 est
3033 4672 3097 4723 ab
3119 4688 3328 4728 occasu.
3366 4665 3469 4731 Po;

1861 4738 2006 4811 nitur
2036 4736 2196 4811 igitur
2226 4736 2851 4811 compositumpoccasus
2884 4755 2982 4804 pro
3031 4742 3264 4811 simplici
3292 4764 3462 4804 casus.

1858 4809 1912 4864 In
1944 4808 2076 4887 Reg.
2102 4807 2167 4887 _2,
2192 4824 2259 4862 ex
2287 4817 2570 4887 gementem
2598 4807 2738 4887 bene
2767 4823 3071 4887 correctum
3101 4807 3378 4887 gerentem.

1930 4880 2055 4933 27o.
2087 4880 2415 4934 Arnim-nius
2441 4889 2615 4943 notat,
2646 4880 2823 4933 sedere
2854 4897 2959 4936 non
2984 4880 3186 4939 dici'de
3214 4890 3349 4943 lin-is
3370 4908 3465 4946 su-

1859 4952 2228 5013 blimioribus,
2254 4954 2429 5021 qualis
2459 4963 2537 5007 est
2570 4952 2698 5006 urbs
2734 4954 2785 5005 in
2820 4966 3001 5009 monte
3024 4960 3337 5024 constituta,
3368 4963 3465 5019 sed

1859 5024 1926 5079 de
1949 5024 2248 5103 depressis,
2270 5037 2338 5103 et
2363 5025 2566 5103 planis,
2590 5039 2653 5103 ac
2677 5026 2871 5103 melius
2891 5030 3264 5103 putatjacens,
3302 5034 3343 5085 si
3368 5049 3465 5103 per

1860 5111 2005 5174 mss.
2027 5097 2234 5174 liceret.
2268 5096 2376 5174 Sed
2406 5096 2652 5174 quamvis
2704 5094 2998 5174 alimtairdo
3025 5094 3203 5153 sedere
3234 5094 3467 5174 usurpe-

1861 5178 1949 5222 tur
1976 5168 2042 5223 de
2074 5168 2174 5235 his,
2210 5184 2330 5238 quae
2365 5169 2415 5222 in
2451 5169 2609 5238 plano
2640 5176 2695 5222 et
2735 5166 2921 5223 humih
2957 5170 3076 5223 loco
3106 5183 3255 5237 sunt,
3284 5166 3464 5233 tamen

1860 5255 2004 5309 saepe
2032 5240 2324 5318 adhibetur
2347 5256 2443 5318 pro
2467 5240 2789 5318 consistere,
2824 5254 2963 5318 esse,
2995 5256 3218 5299 manere
3244 5247 3296 5300 in
3330 5264 3467 5318 quo-

1860 5327 2107 5389 cumque
2146 5312 2288 5381 loco,
2343 5313 2457 5367 sive
2503 5312 2789 5389 depresso,
2839 5312 2954 5367 sive
3010 5317 3263 5389 escelso,
3319 5312 3465 5389 q'nnd

1860 5386 2141 5440 sexcentis
2190 5396 2434 5453 veterum
2466 5384 2794 5453 scriptorum
2847 5387 3124 5457 exemplis
3161 5384 3468 5458 posse-ide.

1860 5461 2176 5512 monstrari.
2682 5522 2685 5525 Α

1930 5529 2057 5609 277.
2096 5527 2461 5609 πβριξρηείυε
2494 5527 2715 5609 conjieit
2763 5544 3014 5609 spargens
3056 5531 3223 5609 [otius
3276 5538 3465 5609 ignem.

1858 5599 1965 5657 Sed
1995 5617 2093 5657 cur
2123 5599 2409 5675 displiceat
2462 5600 2665 5675 altius.9
2709 5615 2830 5655 nam
2886 5599 3005 5675 sive
3049 5599 3467 5675 jtttigere"\-elis

1858 5691 2104 5747 spargens
2130 5674 2307 5741 altius,
2340 5670 2825 5747 sive_anltclantent
2857 5670 3264 5739 allium—sensus
3315 5697 3468 5736 com-

1862 5743 2311 5819 tn0tl'useruitnr,
2372 5753 2427 5798 ct
2455 5743 2752 5819 Evangelio
2781 5756 3206 5803 Consentanetts.
3242 5752 3465 5819 Epitlte-

1863 5830 1953 5872 tnn
1982 5816 2230 5892 anhelans
2261 5830 2405 5892 stupe
2435 5831 2463 5867 a
2510 5816 2707 5892 poetis,
2738 5827 2803 5892 _cl
2830 5834 3216 5892 nonnunquam
3244 5816 3315 5879 ab
3346 5826 3466 5881 aliis

1936 5899 1959 5925 τι
2003 5888 2260 5944 Mendosc
2288 5889 2338 5943 in
2368 5896 2475 5945 vct.
2506 5886 2628 5943 cod.
2660 5888 2918 5946 eat/tonsus
2950 5908 3047 5963 pro
3072 5886 3377 5953 exhaustus.
