3920 6392
392 292 494 351 667

534 416 811 471 Auntterat
837 434 850 483 ;
887 424 1010 469 tunc
1041 409 1223 483 praedo
1255 408 1460 476 furens,
1487 424 1549 463 ac
1574 408 1770 464 noxius
1794 408 1989 477 hostis,
2022 415 2073 473 Α

538 507 634 562 (lui
665 522 911 579 possessa
935 505 1023 559 ditt
1057 513 1139 559 est
1168 502 1332 559 alieni
1358 501 1557 558 fabrica
1582 501 1741 573 juris,

535 599 760 655 Pervasa
798 600 1035 668 migrare
1065 596 1229 651 domo
1255 595 1591 667 compulsus,
1628 596 1679 650 in
1708 594 1843 650 iram

393 692 500 750 510
535 691 764 747 Tollitur
784 704 1093 757 accensam,
1118 698 1476 760 correptaque
1497 704 1729 757 carpere
1752 689 1993 745 membra

533 783 691 859 272
736 783 970 852 Nititur,
1016 792 1073 839 et
1100 784 1332 852 frustra,
1383 778 1614 841 Domino
1647 786 1994 856 prohibente,

1600 878 1919 952 [laboraus,

538 971 691 1041 Fugit
715 972 765 1025 iu
794 972 1075 1039 obscuras,
1108 985 1280 1041 puero
1309 973 1541 1043 vivente,
1579 975 1847 1027 tenebras.

607 1065 719 1120 Rex
752 1065 913 1121 etiam
958 1065 1108 1121 solus
1157 1079 1377 1135 regum,
1430 1074 1483 1121 et
1527 1062 1790 1120 Dominus
1822 1064 1998 1120 domi—

1109 1222 1112 1225 ,
1649 1158 1668 1231 [
1698 1170 1922 1215 naulum

535 1250 653 1307 Non
684 1250 1026 1321 dedignatus,
1058 1251 1223 1308 Petro
1254 1254 1514 1322 piscante,
1546 1251 1805 1307 tributum

391 1345 495 1401 515
533 1344 763 1401 Solvere
788 1345 1120 1413 Caesareum,
1153 1346 1314 1402 medii
1341 1346 1410 1401 de
1437 1345 1652 1416 gurgite
1680 1345 1828 1419 ponti

535 1437 764 1495 ﬂantum
788 1439 929 1496 ferre
946 1438 1119 1511 jubet,
1137 1439 1381 1511 gerulum
1400 1437 1789 1496 didrachmatis
1819 1438 1990 1495 aurei.

1774 289 1988 349 C(ELII
2029 287 2301 351 BEDULll

3600 290 3704 349 663

2241 410 2417 466 locola
2454 424 2578 464 mox
2606 408 2779 481 pelagi
2805 410 3094 480 pendentia
3121 409 3205 464 ﬁla
3240 408 3556 475 momordit,

2237 503 2390 559 Jussa
2408 502 2607 557 tributa
2625 501 3160 574 ferens,graviorque
3174 510 3441 557 onerante
3453 503 3695 571 metallo,

2240 598 2374 654 Vilis
2403 598 2578 653 honor
2608 597 2770 668 piscis
2803 586 2976 668 pretio
3004 598 3210 669 majore
3239 595 3510 667 pependit.

2313 692 2473 765 273
2502 691 2907 764 Discipulisque
2938 692 3055 747 suis
3079 707 3141 748 se
3179 688 3693 761 percunctantibus,

3466 781 3627 856 [aulas

2243 877 2497 936 Ctelestis
2528 877 2689 950 regni
2715 879 2836 949 quis
2858 878 3037 949 possit
3068 876 3250 945 major
3276 876 3517 932 haberi?

2244 971 2311 1025 Ut
2350 972 2489 1023 lteus
2510 1010 2524 1033 ,
2557 980 2610 1023 et
2637 969 2829 1023 doctor
2852 967 3141 1034 mirabilis,
3172 967 3463 1032 Omnibus,
3496 967 3692 1039 inquit,

2244 1065 2464 1120 Celsior
2490 1054 2573 1117 est
2606 1063 2850 1131 humilis,
2878 1064 3205 1135 cunctisque
3228 1061 3506 1132 potentior
3532 1062 3658 1132 ibit,

2244 1156 2346 1225 Qui
2378 1158 2590 1212 cunctis
2616 1157 2899 1227 subjectus
2929 1157 3057 1224 erit,
3090 1168 3329 1227 seseque
3359 1155 3655 1223 minorem,

2101 1250 2206 1318 525
2245 1249 2493 1306 Demissa
2521 1250 2772 1318 cervice,
2802 1249 2971 1316 feret,
2999 1250 3144 1305 velut
3174 1248 3279 1304 iste
3306 1247 3524 1303 videtur

2245 1341 2539 1404 Parvulos;
2560 1348 2565 1355 ‘
2585 1351 2640 1397 et
2676 1351 2954 1399 monstrat
2985 1356 3213 1414 puerum
3244 1340 3548 1397 consistere
3569 1357 3693 1413 par-

3456 1436 3624 1510 (mm.

2097 693 2203 749 520

1752 1533 1929 1590 OPUS
1968 1530 2349 1589 PASCHALE.

391 1627 539 1684 Tunc
571 1628 753 1698 praedo
783 1627 1108 1683 furibundus
1132 1670 1145 1692 ,
1186 1637 1240 1683 et
1271 1627 1550 1696 turbidus,
1583 1629 1671 1699 qui
1707 1629 1849 1683 male
1879 1636 1986 1683 tra-
2020 1630 2065 1690 B
2096 1637 2206 1681 tum
2248 1624 2352 1680 hoc
2385 1624 2742 1682 nihilominus
2785 1626 2927 1683 facto
2958 1641 3072 1684 sua:
3114 1641 3215 1684 nos
3242 1628 3497 1685 Christus
3524 1628 3696 1685 imita-

396 1733 593 1778 ctatam
633 1721 773 1792 juris
806 1722 963 1777 alieni
997 1722 1257 1777 fabricam
1290 1721 1378 1778 diu
1414 1732 1668 1787 vexarat,
1704 1736 1985 1793 perversze

388 1817 580 1873 domus
629 1816 938 1872 habitaculo
982 1817 1355 1889 migraturus,
1405 1817 1455 1871 in
1508 1817 1642 1871 iram
1680 1815 1992 1871 stimulatur

389 1926 709 1977 accensam,
763 1920 1131 1983 correptaque
1180 1911 1424 1967 membra
1483 1911 1831 1979 discerpere,
1886 1909 1993 1964 Do—

391 2006 540 2062 mino
569 2014 811 2073 vetante,
847 2020 954 2059 non
985 2004 1311 2073 praevalens,
1339 2006 1391 2059 in
1427 2004 1636 2060 inferna
1670 2018 1841 2075 puero
1873 2019 1993 2084 pet;-

388 2099 595 2155 volavit
624 2099 813 2155 illteso.

461 2192 577 2247 Rex
607 2193 794 2261 etiam,
828 2192 919 2263 qui
952 2192 1100 2247 solus
1124 2201 1209 2248 est
1238 2207 1447 2258 regum,
1478 2202 1530 2247 et
1564 2192 1825 2247 Dominus
1860 2208 1987 2261 pro-

387 2287 551 2341 batur
596 2301 720 2341 esse
752 2286 1179 2350 dominantium,
1232 2286 1491 2341 tribtttum
1532 2301 1637 2341 non
1666 2286 1988 2356 dedignatus

386 2376 593 2434 inferre
652 2392 952 2433 cmsareum
975 2419 989 2443 ,
1032 2378 1099 2432 de
1143 2378 1367 2432 marinis
1400 2377 1652 2433 ﬂuctibus
1683 2379 1984 2448 piscantem

387 2471 1008 2542 Petrumjubeterigere
1034 2480 1336 2538 natantem,
1362 2471 1764 2527 didrachmatis
1786 2480 1810 2508 α
1835 2470 1988 2545 aurei

385 2570 730 2637 portitorem.
762 2566 917 2620 Tunc
941 2565 1200 2620 mobilior
1230 2566 1383 2620 velox
1416 2565 1689 2620 habitator
1719 2564 1984 2619 undarum

383 2661 600 2715 voravit
631 2660 894 2715 tremulas
919 2660 1067 2715 hami
1091 2659 1418 2727 decipientis
1451 2659 1700 2724 insidias,
1736 2675 1762 2711 a
1792 2648 2010 2729 genui?

382 2752 468 2810 nis
495 2752 809 2824 aequoribus
841 2752 1057 2809 calamo
1085 2750 1395 2823 ﬂagellante
1424 2752 1726 2823 suspensus
1746 2794 1760 2818 ,
1793 2752 1986 2822 piscis-

378 2861 485 2917 que
516 2845 814 2900 vilissimus
840 2844 1067 2900 divitem
1111 2844 1369 2899 deferens
1394 2845 1715 2915 pensionem
1743 2885 1757 2909 ,
1812 2844 1985 2913 pluris

377 2940 547 2997 valuit
577 2940 784 2997 honore
817 2941 1075 3015 ponderis
1104 2941 1286 3007 alieni,
1340 2956 1499 3013 quam
1528 2923 1759 3012 proprii.
1803 2940 1984 3009 Quan-

2097 1728 2239 1777 tores
2279 1719 2455 1775 voluit
2494 1734 2616 1776 esse
2658 1719 2931 1777 doctrina:
2957 1764 2973 1789 ,
3018 1723 3112 1794 .q'ui
3146 1738 3270 1779 cum
3301 1738 3536 1780 renuere
3575 1738 3695 1795 pos-

2095 1824 2177 1869 set
2205 1812 2482 1885 indignam
2515 1813 2674 1884 hujus
2704 1816 3045 1885 prsebitionis
3075 1818 3332 1888 injuriam
3365 1822 3572 1889 (utpote
3609 1821 3691 1875 cui

2099 1906 2231 1961 nihil
2273 1916 2388 1962 erat
2431 1908 2636 1963 sociale
2685 1924 2808 1966 cum
2861 1910 3065 1979 plebes,
3117 1910 3221 1967 nisi
3276 1920 3337 1965 ut
3372 1912 3695 1969 salutaribus

2097 2012 2322 2056 cunctos
2350 2001 2634 2057 beneficiis
2653 2002 2988 2077 adjuvaret),
3008 2004 3197 2059 maluit
3226 2004 3566 2075 superfluum
3593 2022 3699 2061 mu-

2098 2109 2201 2151 nus
2233 2095 2537 2162 exstilvere,
2572 2111 2732 2167 quam
2759 2099 2963 2167 petenti
2988 2098 3213 2153 cuilibet
3243 2099 3453 2169 aliquid
3481 2116 3695 2170 negare,

2099 2198 2157 2243 ut
2182 2188 2406 2258 juStitiae
2433 2188 2715 2258 conditor,
2748 2201 2803 2244 et
2827 2191 3119 2261 magister,
3154 2195 3243 2261 qui
3275 2192 3454 2246 dixit:
3486 2191 3514 2230 δ
3550 2192 3699 2247 Omni
3728 2220 3729 2223 η

2098 2284 2285 2353 ρειρηιὶ
2312 2283 2497 2349 tribue,
2534 2283 2741 2352 primus
2776 2284 3031 2357 instituta
3062 2300 3177 2339 suae
3207 2286 3347 2356 legis
3379 2286 3651 2355 impleret.

2167 2376 2409 2449 Cumque
2438 2377 2783 2448 simpliciter,
2818 2388 2876 2432 ιιι
2902 2379 3177 2442 solebant.
3216 2395 3343 2433 cum
3372 2390 3694 2450 percuncta-

2096 2486 2288 2529 rentur
2311 2474 2565 2542 apostoli,
2589 2475 2713 2544 quis
2738 2473 2911 2544 inajor
2940 2475 2990 2529 in
3018 2475 3289 2532 ccelorum
3316 2487 3505 2547 posset
3537 2492 3697 2549 regno

2098 2567 2332 2633 censeri,
2367 2578 2636 2636 tamquam
2674 2568 2835 2629 Deus,
2873 2567 3175 2639 ductorque
3200 2570 3497 2637 mirabilis,
3526 2572 3698 2626 omni.

2099 2663 2198 2717 bus
2238 2660 2499 2716 humilem
2532 2662 2815 2731 respondit
2846 2675 2968 2716 esse
2997 2662 3269 2732 putiorem
3298 2705 3313 2729 ,
3364 2660 3699 2735 cunctosque

2096 2754 2435 2825 prrrcellcre.
2459 2756 2548 2825 qui
2566 2755 2776 2809 cunctis
2802 2769 2925 2810 sese
2950 2756 3309 2811 novissimum
3333 2758 3692 2829 prtestitisset,

2097 2848 2243 2900 velut
2265 2864 2400 2917 puer
2431 2845 2754 2913 infantulus,
2782 2862 2942 2916 quem
2973 2847 3238 2916 spiritalis
3262 2850 3507 2919 exempli
3532 2850 3696 2921 gratia

2093 2939 2313 2994 tenebat
2348 2940 2399 2993 in
2436 2938 2613 2994 medio
2651 2940 3006 2994 constitutum
3039 2982 3054 3006 ,
3101 2943 3201 2995 :cvi
3254 2941 3473 2998 scilicet
3521 2943 3696 3014 pusilli

1903 3053 2220 3113 SCHOLIA.

448 3154 573 3209 509.
600 3152 712 3209 Ott.
745 3153 801 3219 2,
831 3152 993 3221 Ang.,
1039 3152 1323 3224 Perversa;
1368 3152 1487 3222 lege
1518 3151 1767 3218 Pervasa,
1799 3149 1856 3205 lt.
1902 3165 1977 3220 e.,
2011 3152 2054 3213 (1
2090 3166 2207 3207 cem
2240 3149 2549 3203 didrachma
2577 3150 2671 3224 alii
2699 3150 2944 3224 scribunt
2977 3125 3282 3224 didraéma,
3320 3151 3411 3206 alii
3444 3154 3691 3209 didrama.

378 3226 586 3280 invasa.
636 3225 817 3281 Utitur
862 3226 1023 3282 Cli‘tm
1057 3223 1379 3291 Ammianus
1413 3225 1696 3294 participio
1739 3238 1983 3295 perrasus
2020 3282 2023 3285 ,

377 3297 564 3351 eadem
614 3297 1029 3365 significatione.
1081 3296 1215 3351 Cum
1266 3290 1451 3351 Ottob.
1484 3296 1517 3348 2
1561 3290 1769 3350 faciunt
1798 3290 1979 3363 Cant.,

380 3369 548 3433 Mon.,
606 3369 752 3432 Bas,
804 3368 971 3424 Toru.
1008 3370 1059 3433 1,
1110 3369 1166 3433 2,
1223 3369 1425 3434 Etlittt.,
1482 3368 1621 3423 Bibl.
1673 3366 1875 3435 Lugd,
1932 3376 1986 3421 et

380 3455 563 3512 prosa,
621 3448 680 3492 ιιι
728 3456 869 3494 nunc
922 3440 1138 3512 quidem
1183 3441 1421 3512 legitur._
1451 3437 1632 3494 Codex
1656 3439 1979 3512 Burmanni.

378 3510 674 3576 Pervnsta;
707 3512 791 3567 ed.
826 3509 996 3584 Lips.,
1031 3509 1267 3565 Proviso.
1306 3510 1425 3584 ,Sed
1458 3527 1580 3564 eum
1616 3511 1856 3580 plerique
1890 3524 1987 3584 non

371 3585 473 3638 stri
508 3598 636 3654 inss.
709 3591 763 3637 et
816 3582 1222 3654 pratstantiores
1254 3582 1382 3637 editi
1418 3598 1602 3637 vocent
1650 3582 1985 3635 commodio-

375 3671 489 3709 rem
523 3652 749 3708 Pertvasa
780 3652 1091 3712 exhibeant.
1126 3654 1404 3707 retinenda
1439 3669 1499 3707 ea
1532 3665 1613 3707 est
1652 3672 1663 3706 :
1703 3654 1893 3719 immo,
1930 3662 1987 3707 ut

376 3726 569 3797 probat
614 3726 966 3788 Arntzenius.
1015 3724 1179 3781 etiam
1222 3728 1271 3797 in
1316 3741 1475 3796 prosa
1508 3726 1700 3781 eadem
1733 3740 1838 3779 vox
1868 3740 1987 3797 Apro

371 3794 619 3869 perversa:
650 3798 984 3853 restituenda
1022 3806 1125 3852 est.
1176 3794 1329 3852 Citat'
1368 3799 1698 3853 Arnlzenius
1746 3812 1810 3852 ex
1853 3794 1988 3851 Cas-

372 3868 615 3925 siodorio
662 3887 905 3941 pervasus
951 3881 1008 3925 et
1052 3886 1320 3939 pervasor,
1371 3878 1427 3925 et
1464 3885 1530 3926 ex
1586 3870 1841 3926 Salviano
1869 3886 1987 3938 per-

382 3957 542 3995 1³11810.

445 4013 570 4068 5111.
624 4012 796 4080 Meus,
834 4013 952 4069 Vet.
990 4016 1037 4077 1,
1066 4015 1121 4079 2,
1169 4013 1337 4082 Mum,
1374 4028 1594 4081 corpore
1624 4030 1642 4068 :
1671 4013 1845 4068 retine
1873 4029 1987 4066 car-

373 4102 489 4154 pere
521 4100 647 4156 cum
678 4086 818 4156 aliis,
849 4086 990 4156 quod
1023 4086 1292 4139 sententia
1324 4096 1378 4139 et
1408 4102 1567 4154 prosa
1600 4088 1848 4153 exigunt.

444 4157 568 4211 515.
607 4155 708 4211 Ubi
741 4154 993 4211 Dominus
1030 4159 1269 4225 pra’cvpt’t
1304 4156 1462 4211 Petro
1484 4199 1499 4223 ,
1534 4160 1666 4212 solvi
1714 4157 1981 4212 tributum.

372 4256 442 4268 --
466 4229 652 4310 Arnlz.
691 4228 800 4283 Rea:
830 4231 985 4284 etiam
1006 4224 1206 4310 regunt
1228 4230 1700 4310 solttshDominus.
1738 4224 2002 4310 Plerique

375 4300 545 4353 nostri
588 4316 720 4356 mss.
766 4316 885 4357 cunt
919 4300 1199 4355 codicibus
1228 4301 1435 4355 Heinsii
1469 4313 1523 4356 et
1554 4302 1732 4369 Lips.,
1767 4300 1985 4367 Parrh.,

374 4370 497 4424 Ald.
531 4380 582 4425 et
616 4372 734 4425 aliis
763 4375 981 4437 Optimis
1005 4373 1359 4436 editionibus,
1384 4374 1765 4429 dominantum.
1800 4373 1985 4440 Rom.,

374 4443 783 4517 dominantium,
811 4446 952 4513 quod
987 4443 1088 4498 fuit
1118 4446 1279 4498 etiam
1312 4445 1364 4499 iu
1397 4445 1533 4517 Reg.
1575 4449 1622 4512 1,
1668 4444 1763 4500 sed
1800 4448 1852 4499 in
1889 4444 1989 4501 ltoc

372 4514 439 4567 ad
469 4515 628 4567 metri
663 4516 919 4569 meliores
967 4517 1112 4583 leges
1143 4528 1452 4572 correctum
1484 4514 1566 4572 cst
1598 4518 1980 4572 dominantutn.

373 4585 558 4641 Codex
612 4588 827 4649 Arntz.,
885 4586 973 4640 ed.
1018 4561 1264 4651 'i’oeltnq
1313 4588 1479 4642 Torn.
1516 4593 1567 4654 1,
1601 4591 1658 4652 2,
1688 4590 1743 4650 5,
1786 4561 2068 4658 aliiqueD

373 4658 597 4724 vulgati,
634 4657 967 4711 dominorum
998 4675 1013 4711 :
1043 4658 1114 4710 ita
1147 4660 1354 4712 videtur
1387 4659 1553 4715 fuisse
1586 4663 1637 4715 in
1666 4661 1777 4716 Ott.
1813 4662 1863 4727 1,
1895 4660 1983 4716 ubi

373 4738 444 4803 nn
474 4744 519 4783 ιο
546 4730 1176 4803 apparetdominantnnt.
1205 4729 1407 4795 Vat.,2,
1434 4734 1549 4787 sine
1574 4735 1983 4803 conjunctione,

372 4799 484 4855 Rea:
518 4801 845 4875 etianlsolus
874 4817 1076 4875 regum,
1125 4799 1378 4875 Dominus
1404 4799 1783 4858 dominantnm.
1839 4806 1982 4875 Apo-

369 4875 561 4948 stolus,
600 4873 615 4926 Ι
648 4872 889 4948 Titnotb.
918 4871 991 4948 vt,
1029 4874 1096 4928 15
1128 4890 1141 4926 :
1176 4871 1334 4928 Solus
1358 4884 1557 4942 potens,
1585 4892 1676 4930 rea:
1713 4871 1911 4948 regunt,
1938 4886 1985 4931 et

373 4942 628 4998 Dominus
655 4944 1061 4999 dominantium.

439 5016 565 5071 515.
597 5016 699 5070 Ms.
735 5018 928 5071 Arntz.
964 5018 1153 5071 scribit
1183 5016 1492 5073 Caesarium.

445 5089 567 5143 516.
609 5087 747 5143 Valt.
782 5090 836 5157 1,
870 5088 925 5152 2.
957 5090 1077 5160 Aug
1110 5133 1123 5156 ,
1146 5089 1294 5153 Alb.,
1323 5089 1455 5155 Reg.
1491 5090 1544 5148 5.
1572 5088 1682 5144 Οιι.
1707 5090 1763 5158 2,
1798 5091 1979 5156 Rom.,

372 5158 540 5226 Meus,
574 5160 746 5226 Lips.,
780 5162 996 5217 schedio
1032 5158 1238 5216 I‘oeltn.
1270 5204 1281 5226 ,
1322 5162 1447 5218 Ald.
1476 5204 1491 5228 ,
1542 5161 1760 5228 Parrh.,
1808 5173 1862 5218 et
1890 5162 1981 5218 alii

368 5230 519 5305 editi,
554 5233 689 5305 auri.
719 5233 849 5301 Reg.
880 5234 929 5295 1,
963 5238 1070 5287 (Nl.
1112 5237 1163 5297 1,
1192 5246 1245 5288 et
1274 5234 1458 5305 plures
1482 5233 1633 5300 editi,
1656 5234 1981 5304 au:'ei,quod

367 5301 583 5381 vitletur
606 5301 774 5381 fuisse
800 5322 825 5356 τι
862 5320 941 5381 pr.
978 5323 1047 5381 tu.
1080 5305 1143 5381 in
1163 5301 1293 5376 Regi
1329 5308 1384 5375 2,
1421 5307 1508 5381 ubi
1540 5320 1684 5361 nunc
1729 5316 1814 5381 est
1840 5301 1981 5381 auri.

366 5372 424 5426 1n
456 5372 590 5441 Reg.
624 5375 672 5431 1.
703 5375 815 5429 Ott.
853 5372 901 5439 1,
933 5394 995 5431 ex
1015 5372 1146 5432 'anri
1176 5372 1398 5433 videtur
1430 5380 1626 5432 factum
1659 5380 1827 5432 aurei.
1870 5378 1982 5433 Mc-

364 5446 470 5520 lius
501 5455 582 5499 est
612 5448 760 5499 aurci
807 5446 1128 5519 disyllabum
1183 5466 1283 5520 per
1312 5446 1793 5517 coiitractionctn;
1840 5450 1982 5520 quod

362 5517 569 5593 librarii
603 5533 707 5573 non
744 5517 1126 5589 intelligemus,
1154 5517 1205 5575 in
1236 5525 1351 5576 auri
1374 5532 1785 5578 converterunt.
1814 5517 1983 5593 Wop-

361 5587 585 5645 kensius
617 5598 800 5645 tamen
835 5587 942 5644 non
992 5593 1289 5660 improbat,
1323 5596 1634 5650 didracbnta
1679 5598 1796 5650 auri
1826 5587 1982 5648 usur-

360 5663 476 5732 pari
502 5678 601 5733 pro
630 5678 819 5729 aureo,
856 5675 910 5716 ttt
944 5665 1203 5717 "nmistna
1225 5669 1448 5738 argenti,
1483 5678 1653 5722 statua
1681 5668 1831 5723 salis.
1868 5668 1979 5722 Vn-

435 5787 460 5815 δ
496 5778 657 5860 Editi,
690 5780 976 5860 dragmatis
1027 5796 1043 5833 :
1074 5782 1193 5860 lego
1227 5783 1604 5841 didrachmatis
1626 5830 1640 5854 ,
1688 5786 1768 5842 uti
1802 5786 1985 5860 legere

359 5850 515 5927 jubet
540 5849 862 5909 Gallandius
894 5870 960 5908 cx
993 5849 1257 5912 carmine.

2162 3224 2287 3278 517.
2327 3224 2502 3291 Inepte
2535 3224 2585 3274 in
2618 3222 2756 3275 Bibl.
2801 3221 2970 3289 Lugd.
3008 3221 3308 3292 prudentia,
3336 3231 3392 3279 ct
3438 3226 3488 3277 iit
3519 3225 3691 3291 Rom.,

2090 3313 2118 3349 a
2149 3310 2229 3365 pr.
2256 3309 2371 3367 im.,
2398 3295 2694 3367 pandentia,
2718 3311 2826 3367 pro
2854 3295 3156 3367 pendentia.
3188 3294 3293 3351 Pro
3322 3296 3495 3367 pisce,
3531 3298 3694 3351 incola

2093 3366 2304 3438 pelagi:
2334 3365 2410 3438 sic
2442 3365 2668 3430 Plinius,
2702 3366 2912 3431 Cicero,
2948 3366 3227 3420 Pha-drus.
3325 3365 3341 3367 “
3504 3398 3507 3399 ν

2160 3436 2286 3508 518.
2338 3436 2467 3508 Reg.
2507 3441 2557 3503 1,
2611 3437 2913 3505 Itonorante,
2962 3438 3103 3509 quod
3160 3447 3310 3494 recte
3353 3440 3690 3495 emendatum

2094 3526 2189 3581 per
2215 3518 2476 3581 onerante.

2164 3582 2289 3638 519.
2318 3580 2437 3653 Vat.
2467 3582 2518 3636 2.
2553 3582 2832 3645 mendose,
2861 3581 3106 3653 piscibus.
3138 3581 3237 3637 llic
3268 3598 3459 3638 versus
3488 3584 3695 3640 deside-

2092 3667 2243 3709 ratur
2276 3654 2325 3705 itt
2362 3652 2480 3707 Vct.
2521 3653 2570 3720 1,
2604 3654 2660 3718 2,
2700 3652 2868 3719 Mon.,
2901 3663 3079 3708 exstat
3108 3653 3163 3708 itt
3197 3657 3452 3710 Omnibus
3502 3658 3694 3713 nostris

2094 3725 2495 3794 exmuplarilns
2532 3744 2544 3779 :
2581 3741 2756 3796 neque
2780 3739 2974 3780 sensus
2999 3726 3117 3780 sine
3149 3742 3213 3778 eo
3241 3727 3509 3796 procedit.

2164 3799 2290 3853 520.
2340 3796 2499 3850 lium.
2534 3815 2547 3851 :
2582 3794 2660 3851 De
2687 3798 3091 3869 interrogatione
3117 3794 3499 3866 discipulorum
3527 3816 3545 3854 :
3572 3800 3693 3868 Quis

2092 3872 2261 3931 maior
2286 3880 2413 3945 esset
2461 3870 2517 3922 in
2565 3884 2722 3945 regno
2750 3869 3011 3924 caelorum.
3052 3869 3205 3924 Meus
3235 3888 3248 3924 :
3281 3869 3412 3945 Quis
3441 3874 3505 3925 sit
3534 3876 3693 3945 major

2094 3944 2301 4014 futurus
2326 3943 2377 3995 in
2406 3958 2565 4016 regno
2594 3943 2857 4016 (telorum.
2876 3972 2944 3981 —
2969 3945 3157 4016 Artttz.
3179 3987 3193 4010 ,
3216 3943 3325 3996 suis
3347 3960 3549 4016 semper
3570 3943 3691 3997 cnn-

2092 4013 2349 4068 (tantibus
2374 4013 2534 4082 :lt-ge
2563 4015 2671 4067 suis
2696 4031 2747 4067 se
2773 4015 3251 4086 percunctantibus,
3282 4013 3495 4069 scilicet
3526 4034 3580 4071 se
3602 4031 3692 4086 pro

2092 4103 2226 4153 enm,
2255 4098 2313 4140 ut
2348 4086 2485 4138 alias
2508 4102 2633 4139 suus
2662 4101 2756 4155 pro
2786 4088 2921 4157 ejus,
2957 4084 3055 4157 sibi
3079 4101 3175 4154 pro
3204 4087 3249 4139 ei
3277 4102 3295 4139 :
3327 4103 3450 4155 qua:
3472 4084 3688 4154 quidem

2093 4157 2349 4227 loquendi
2378 4158 2515 4211 ratio
2546 4172 2651 4209 non
2694 4155 2903 4210 temere
2944 4156 3253 4211 adhibenda
3281 4167 3387 4223 est,
3417 4159 3514 4214 sed
3548 4155 3703 4213 dam?

2094 4232 2209 4284 nari
2250 4248 2353 4283 non
2388 4227 2576 4301 debet.
2607 4228 2755 4282 Multi
2808 4229 3055 4301 scribunt
3086 4230 3508 4297 percontantibus
3542 4245 3689 4301 :qute

2093 4303 2335 4357 varietas
2361 4300 2426 4354 ad
2483 4300 2930 4369 orthographiam
2983 4301 3243 4368 pertinet.
3280 4300 3459 4365 Meus,
3498 4302 3685 4367 Rom.,

2093 4371 2273 4439 Cant.,
2325 4372 2470 4427 Vatt.
2521 4372 2667 4439 1,2,
2715 4371 2875 4432 Urb..
2920 4372 3050 4442 Reg.
3088 4371 3150 4434 5,
3196 4371 3388 4426 Parrb.
3440 4381 3499 4427 et
3538 4374 3683 4437 Abh,

2093 4444 2250 4499 unite.
2291 4447 2423 4513 Reg.
2463 4444 2521 4510 1,
2567 4444 2623 4509 2,
2676 4443 2826 4507 Alb.,
2859 4444 2971 4497 Ott.
3026 4446 3077 4510 1,
3124 4453 3180 4496 ιιι
3232 4444 3484 4505 videtur.
3520 4449 3681 4512 Aug”

2093 4518 2244 4584 aula,
2274 4518 2368 4571 sed
2404 4516 2560 4587 prius
2590 4518 2641 4570 in
2675 4517 2757 4571 bis
2790 4516 2963 4570 tribus
2997 4516 3231 4569 fortasse
3262 4514 3363 4570 fuit
3388 4515 3551 4570 culte.
3579 4517 3683 4571 l’le-

2094 4590 2249 4659 rique
2274 4589 2428 4651 editi,
2461 4589 2605 4653 aula,
2639 4590 2693 4641 lt.
2728 4587 2905 4659 e.,iu
2934 4587 3083 4659 aula.

2163 4662 2284 4716 .321.
2322 4662 2493 4727 Meus,
2532 4660 2697 4729 Regni
2746 4658 2976 4714 rtelestis.
3018 4658 3274 4728 Plerique
3309 4660 3482 4713 nostri
3518 4675 3634 4711 ιιιες.
3659 4700 3672 4722 ,

2041 4746 2046 4751 ‘
2089 4734 2204 4817 quis
2239 4734 2397 4817 possit
2431 4722 2629 4817 nt'ajo‘ri'
2657 4732 2839 4814 :71“er
2866 4731 3076 4817 Puelm:
3103 4742 3155 4785 et
3187 4722 3548 4815 plures-editi,
3581 4749 3674 4812 ina-

2083 4802 2172 4875 jor
2202 4807 2313 4875 quis
2344 4802 2522 4877 possit:
2558 4803 2887 4877 Arntzcnitts
2915 4802 3085 4857 edidit
3128 4803 3245 4875 quis
3288 4805 3460 4877 major
3485 4805 3672 4871 possit,

2091 4868 2234 4943 quod
2274 4879 2323 4931 in
2359 4868 2479 4930 A‘Ib.
2515 4879 2804 4946 reperitur.
2842 4875 2941 4929 Ms.
2974 4868 3186 4943 Arnlzi,
3212 4879 3327 4941 quis
3370 4868 3538 4943 posset
3583 4891 3677 4927 nta-

2081 4950 2172 5020 jor
2206 4965 2221 5001 :
2255 4950 2331 5002 ~ie
2360 4949 2525 5004 etiam
2558 4962 2714 5014 prosa
2747 4956 2917 5016 posset
2954 4963 3051 5020 pro
3082 4948 3264 5019 possit.
3297 4947 3577 5020 Notaudus
3606 4955 3675 5020 est

2093 5036 2223 5091 usus
2252 5022 2413 5087 hujus
2469 5021 2687 5088 phrasis
2731 5021 2893 5091 possit
2940 5016 3116 5072 haberi
3170 5034 3273 5091 pro
3313 5018 3567 5091 habeatur
3604 5016 3675 5072 vol

2093 5090 2359 5217 {tabcttdus
2406 5094 2492 5147 sit.
2520 5089 2737 5147 Similia
2790 5102 3088 5146 occurrunt
3145 5090 3280 5145 alibi
3324 5092 3469 5163 apud
3516 5089 3673 5147 Sedu-

2119 5180 2251 5217 lUlli.
2476 5192 2477 5195 ‘

2119 5180 2251 5218 111111.
2476 5192 2477 5195 ‘

2112 5304 2115 5307 Α
2165 5237 2289 5291 512.
2328 5237 2460 5307 Reg.
2498 5238 2549 5296 1.
2580 5235 2739 5303 Tum;
2769 5250 2958 5305 supra,
2995 5250 3091 5304 pro
3115 5235 3169 5288 d.
3196 5249 3273 5299 s.,
3306 5233 3396 5289 Ut.

2163 5309 2287 5362 52ἲὶ.
2319 5305 2439 5362 Vat.
2464 5313 2516 5377 1,
2543 5308 2730 5371 Rom.,
2753 5307 2969 5379 Parrb.,
3010 5308 3235 5379 Dimisso
3255 5348 3269 5369 ,
3302 5322 3401 5374 pro
3429 5305 3670 5368 Demissa,

2093 5380 2237 5449 quod
2266 5382 2459 5435 melius
2486 5381 2723 5437 videtur.
2752 5382 2938 5441 (lant,
2959 5378 3179 5434 'sclteda:
3214 5378 3453 5443 Ρ‹ι‹·1ιιι.,
3484 5380 3585 5433 Ott.
3617 5378 3669 5436 1.

2094 5452 2260 5522 Ang.,
2293 5454 2492 5523 aliique
2522 5467 2680 5519 mss.,
2712 5462 2766 5506 et
2798 5454 2982 5522 plures
3004 5450 3163 5511 editi,
3190 5454 3342 5523 gerit.
3376 5450 3486 5506 Ott.
3518 5452 3562 5511 1,
3587 5463 3670 5523 ιιι-ο

2094 5525 2147 5577 d.
2183 5519 2250 5583 ἑ..
2288 5519 2437 5589 ΑΙῡξ,
2472 5527 2606 5591 Reg.
2644 5532 2695 5589 1,
2746 5519 2819 5591 2,
2873 5523 3047 5591 Lips.,
3084 5523 3270 5584 Fabr.,
3302 5522 3470 5590 feret;
3512 5522 3596 5576 sed
3624 5519 3669 5572 in

2094 5596 2233 5665 Reg.
2265 5596 2301 5649 2
2331 5596 2476 5651 aliud
2509 5598 2628 5660 fuit,
2659 5608 2709 5650 et
2738 5597 2923 5667 glo~sa
2952 5603 3039 5650 est
3065 5604 3231 5666 gerat.
3265 5594 3488 5661 Parrb.,
3528 5599 3666 5665 geret.

2094 5666 2454 5725 Recentiores
2483 5666 2781 5740 prazl'erunt
2811 5668 2962 5739 feret.
3026 5730 3039 5737 ν,

2167 5784 2195 5823 δ
2237 5784 2576 5851 Gallandius,
2612 5787 2769 5841 Omni
2800 5784 2997 5855 petenti
3029 5794 3075 5837 te
3103 5783 3294 5855 tribue,
3324 5782 3663 5855 exi-Vulgata.

2094 5857 2228 5915 Luc.
2265 5874 2351 5928 vt,
2383 5859 2471 5916 50.
2498 5858 2627 5916 Aliae
2653 5859 2923 5923 editiones
2946 5855 3155 5913 Sedulii
3182 5859 3449 5914 omittunt
3472 5867 3537 5912 te.
