3912 6352
447 236 541 300 6⁸11
1818 236 2041 299 C(ELII
2079 238 2355 300 SEDULII

3657 242 3765 302 672

445 360 3747 390 WWW‘

1586 506 1937 603 LIBER
2013 516 2615 631 QUARTUS.

1892 697 2266 721 h-——————.

586 883 751 960 276
784 880 904 939 Jam
953 881 1198 954 placidas
1224 881 1482 939 Iordanis
1516 886 1644 955 item
1673 889 2047 952 transgressus
2074 890 2129 946 Α

1732 976 1892 1049 [aren
1902 991 1982 1042 as,

587 1072 792 1130 Iudaeae
822 1079 1065 1128 sectatus
1097 1072 1224 1139 iter,
1252 1072 1369 1127 sine
1401 1070 1621 1127 nomine
1647 1071 1875 1126 mixtum

581 1157 825 1239 Vulgus,
870 1176 923 1223 et
972 1168 1289 1223 innumeras
1322 1164 1568 1222 relevans
1612 1181 1643 1221 a
1684 1164 1840 1221 clade
1876 1173 2055 1220 cater-

1826 1257 1981 1333 [vas,

591 1355 835 1426 Suscipit
870 1355 1139 1423 inllrmos,
1172 1363 1226 1411 et
1256 1354 1350 1410 dat
1371 1352 1654 1409 discedere
1685 1368 1869 1409 sanos.

521 1451 556 1509 5
591 1452 678 1509 Nil
707 1450 869 1526 igitur
896 1465 1110 1507 summo
1133 1449 1201 1505 de
1230 1465 1289 1505 se
1335 1448 1682 1521 sperantibus
1708 1463 1950 1520 unquam

592 1546 827 1604 Dimcile
858 1555 938 1601 est
966 1538 1219 1601 conferre
1241 1542 1375 1607 Deo,
1402 1544 1487 1599 cui
1519 1558 1686 1613 prona
1718 1542 1949 1599 facultas

586 1641 767 1698 Ardua
800 1642 1049 1711 planare,
1081 1646 1137 1694 et
1163 1652 1326 1694 curva
1357 1640 1410 1693 in
1434 1637 1642 1695 directa
1667 1636 1881 1694 referre
1908 1655 1922 1703 ;

2294 880 2455 953 277
2505 880 2636 937 Nam
2679 882 2940 956 quidquid
2988 896 3180 944 natura
3210 896 3408 959 negat,
3466 886 3755 957 sejudico.

3430 978 3696 1052 [prmstaL

2305 1069 2552 1140 Namque
2588 1070 2832 1129 foramen
2873 1088 3003 1127 acus
3032 1072 3172 1129 sicut
3202 1082 3494 1145 penetrare
3527 1075 3759 1131 camelos

2200 1164 2265 1219 10
2306 1165 2675 1220 Membrorum
2708 1182 2815 1235 prae
2851 1168 2993 1223 mole
3025 1169 3233 1240 nequit,
3275 1170 3357 1224 sic
3378 1168 3552 1234 dives,
3588 1170 3758 1240 opima

2311 1260 2613 1317 Fertilitate
2644 1270 2883 1328 tumens,
2916 1271 3133 1318 tenuem
3168 1270 3273 1319 nOll
3310 1264 3486 1334 possit
3511 1262 3663 1319 adire

2310 1348 2556 1409 (imlesds
2585 1355 2734 1425 regni
2766 1353 3053 1410 ducentem
3082 1356 3146 1411 ad
3175 1358 3364 1413 limina
3391 1356 3611 1423 callem,

2212 1480 2230 1528 θ
2310 1448 2372 1503 Ni
2415 1447 2641 1504 Genitor
2672 1464 2854 1505 rerum
2889 1451 3001 1521 (qui
3044 1452 3305 1508 mundum
3336 1453 3453 1524 lege
3475 1464 3709 1521 coercet,

2234 1569 2243 1576 ο
2306 1542 2375 1599 Ει
2405 1544 2550 1599 nulla
2580 1546 2680 1600 sub
2710 1545 2828 1616 lege
2854 1556 3067 1614 manet,
3109 1548 3196 1603 cui
3226 1546 3468 1604 condere
3496 1549 3638 1605 velle
3660 1560 3757 1615 est,

2200 1639 2267 1695 15
2306 1639 2477 1708 Quem
2502 1640 2649 1695 frons
2667 1641 2814 1695 nulla
2835 1640 3001 1710 videt,
3029 1641 3124 1699 sed
3150 1652 3321 1700 totum
3346 1643 3611 1715 conspicit
3632 1643 3759 1715 ipse)

1820 1800 1999 1859 OPUS
2039 1800 2426 1859 PASCHALE.

510 1944 628 2003 Jam
657 1960 779 2001 cum
820 1944 1005 2001 denuo
1056 1942 1314 2000 Jordanis
1360 1942 1565 1998 fluenta
1613 1940 2051 2013 transgrediens,
2087 1948 2131 2009 Β
2160 1941 2299 2011 ejus,
2336 1941 2476 1995 viam
2509 1940 2722 1996 scilicet
2751 1940 3161 2013 cognitionum,
3192 1950 3249 1998 et
3275 1942 3502 1998 semitas
3526 1941 3764 1998 volunta-

440 2038 646 2097 Judtem
668 2040 920 2097 semitam
952 2038 1285 2110 praeteriret,
1331 2037 1535 2109 passim
1582 2037 1776 2107 vulgus
1822 2036 2056 2092 immen-

451 2149 589 2200 mm,
623 2144 678 2190 et
724 2143 977 2190 catervas
1003 2133 1074 2188 ab
1100 2134 1253 2188 omni
1298 2131 1566 2188 varietate
1610 2132 1885 2201 languoris
1934 2131 2054 2185 sine

448 2227 662 2283 uimine
706 2228 921 2283 curavit
970 2228 1315 2291 innumeras,
1365 2227 1613 2281 inﬁrmos
1665 2226 1965 2297 accipiens,
1997 2234 2089 2281 et2

444 2336 681 2379 cctumes
705 2333 730 2359 ἰ
754 2338 999 2378 remeare
1026 2319 1359 2379 concedens.
1383 2320 1466 2376 Nil
1494 2320 1660 2392 igitur
1686 2334 1903 2376 summo
1926 2334 2054 2376 con-

448 2416 588 2474 ferre
618 2416 847 2473 tlillicile
874 2426 959 2472 est
983 2415 1054 2472 de
1080 2432 1140 2472 se
1171 2416 1545 2487 sperantibus,
1582 2416 1833 2480 Domino,
1859 2416 1944 2471 cui
1972 2414 2051 2471 fa-

443 2512 621 2569 cultas
652 2526 821 2584 prona
854 2510 1169 2582 suppeditat
1196 2510 1225 2549 b
1258 2511 1427 2573 ardua
1457 2511 1708 2582 planare,
1735 2525 1900 2564 curva
1924 2509 2057 2564 diri-

438 2621 589 2677 gere,
624 2604 768 2677 quod
801 2614 886 2660 est
916 2605 1183 2674 superbos
1210 2606 1274 2659 ad
1306 2605 1600 2660 humiliora
1644 2604 1939 2675 deponere,
1970 2620 2059 2659 er-

444 2699 694 2753 rantibus
726 2680 981 2752 semitam
1014 2697 1417 2765 demonstrare.
1459 2696 1623 2753 Isaias
1656 2714 1893 2769 namque
1933 2715 2060 2769 pro-

443 2791 606 2864 pheta
649 2792 970 2863 magnilicus
1003 2794 1074 2847 ita
1116 2795 1363 2847 noscitur
1394 2794 1661 2854 elocutus,
1702 2790 1906 2847 Christi
1934 2808 2055 2847 cum

440 2888 790 2944 denuntiaret
830 2888 1127 2942 adventum
1160 2905 1173 2943 :
1209 2886 1277 2941 Et
1307 2898 1456 2941 erunt
1488 2903 1649 2954 prava
1678 2888 1728 2941 in
1762 2888 1980 2951 directa,
2010 2900 2058 2939 et

442 2996 629 3050 aspera
654 2980 708 3034 in
732 2980 841 3034 vias
866 2980 1070 3047 planas.
1100 2978 1373 3050 Numquid
1392 2980 1461 3035 de
1483 2981 1652 3044 saxis,
1678 2990 1765 3035 aut
1786 2980 2053 3045 sentibus,

444 3082 537 3127 aut
591 3071 807 3129 inﬂexis
858 3073 1066 3127 viarum
1124 3072 1476 3143 prophetavit
1520 3074 1875 3148 anfractibus,
1933 3090 2055 3129 cum

438 3166 688 3221 Christus
712 3166 785 3220 'ad
818 3166 1139 3221 salvandum
1170 3166 1383 3221 venerit
1417 3169 1705 3233 mundum,
1748 3185 1855 3223 nun
1882 3168 2055 3234 silvis,

440 3268 498 3315 et
551 3261 849 3328 montibus,
911 3260 1007 3317 sed
1057 3260 1329 3326 humanis
1361 3263 1612 3332 gentibus
1658 3265 2059 3320 constitutum?

2158 2045 2293 2100 tum,
2340 2051 2444 2105 qua
2497 2034 2760 2089 Dominus
2806 2035 2873 2089 ad
2924 2034 3113 2090 mundi
3161 2035 3350 2091 cordis
3403 2036 3760 2091 habitaculum

2158 2138 2316 2184 recto
2337 2129 2585 2198 graditur
2618 2128 2893 2198 ingressu.
2923 2126 3298 2199 Cogitationes
3354 2130 3558 2184 etenim
3589 2138 3642 2185 et
3674 2143 3759 2184 vo-

2158 2222 2400 2277 lunta'es
2431 2222 2531 2276 vim
2584 2229 2713 2276 sunt
2754 2216 3006 2290 operum,
3052 2237 3176 2292 quas
3218 2222 3423 2277 bonum
3464 2222 3759 2293 cujuspiatn

2157 2315 2275 2370 sive
2304 2316 2503 2370 malum
2537 2314 2852 2385 praecedere
2880 2313 3139 2370 videntur
3166 2314 3447 2370 ell'ectum.
3496 2315 3758 2385 Quidquid

2158 2427 2290 2483 ergo
2318 2412 2641 2468 naturaliter
2669 2413 2759 2468 vis
2786 2412 3046 2484 denegat,
3076 2411 3275 2467 divina:
3302 2411 3619 2467 facillimum
3644 2414 3762 2469 sub-

2152 2505 2298 2579 jacet
2336 2506 2613 2577 potestati.
2658 2507 2900 2578 Namque
2942 2508 3121 2563 bellua
3178 2507 3441 2562 Camelus
3507 2509 3757 2562 immensa

2162 2603 2303 2657 sicut
2332 2601 2575 2657 foramen
2611 2617 2739 2657 acus
2770 2608 3026 2673 exiguum
3062 2617 3163 2669 pro
3192 2601 3329 2656 tanti
3357 2603 3604 2673 corporis
3630 2601 3761 2656 mole

2164 2714 2270 2752 non
2303 2708 2481 2769 p0test
2512 2709 2884 2765 transmeare,
2915 2698 2995 2751 sic
3022 2696 3314 2765 cpulentus
3354 2695 3510 2752 dives
3536 2707 3587 2752 et
3614 2695 3762 2751 tumi-

2162 2788 2265 2844 dus
2301 2789 2486 2860 nequit
2514 2791 2580 2845 ad
2616 2806 2782 2860 regna
2815 2789 3061 2844 ccelestia
3097 2800 3318 2845 tenuem
3354 2788 3567 2860 angusti
3613 2790 3763 2843 callis

2164 2886 2395 2941 introire
2433 2902 2526 2954 per
2560 2895 2797 2955 portam,
2835 2883 2941 2940 nisi
2978 2899 3164 2938 rerum
3207 2884 3470 2954 providus
3507 2883 3764 2955 guberna—

2164 2990 2270 3049 tor,
2300 2982 2393 3053 qui
2422 2990 2594 3035 totum
2643 2980 2763 3052 lege
2806 2980 3074 3045 continet,
3118 2994 3221 3034 nec
3260 2989 3480 3033 tenetur
3519 2980 3637 3048 ipse
3674 2978 3765 3032 sub

2164 3077 2303 3147 lege,
2349 3091 2513 3149 quem
2557 3074 2703 3130 nulla
2748 3089 3004 3143 umquam
3050 3071 3221 3127 facies
3263 3072 3480 3142 aspicit,
3521 3070 3616 3127 sed
3660 3069 3764 3140 ipse

2162 3180 2360 3226 cuncta
2388 3186 2605 3239 semper
2634 3169 2888 3235 intendit,
2916 3179 3103 3224 motos
3128 3167 3236 3223 hac
3266 3166 3577 3225 conditione
3611 3165 3764 3221 disci-

2166 3266 2324 3336 pulos
2372 3267 2567 3322 talibus
2613 3265 2839 3321 l‘ovisset
2887 3264 3141 3335 alloquiis
3191 3266 3565 3320 consolator:
3618 3260 3763 3329 Apud

447 3352 563 3410 Hoc
592 3363 677 3409 est
708 3353 839 3409 illud
872 3357 1059 3419 etiam,
1116 3354 1232 3411 Vox
1267 3355 1546 3411 clamantis
1588 3359 1641 3412 in
1678 3358 1907 3427 deserto,
1935 3376 2053 3432 qnzc
2086 3353 2131 3415 C
2166 3360 2415 3417 homines
2444 3363 2549 3419 hoc
2577 3345 2915 3431 impossibile
2944 3372 3048 3427 est,
3080 3361 3223 3428 apud
3253 3361 3423 3416 Deum
3454 3370 3631 3415 autem
3658 3374 3766 3412 oni-

443 3457 655 3515 monet,
690 3462 887 3519 parare
915 3448 1058 3504 viam
1090 3448 1343 3517 Domino,
1386 3459 1565 3507 rectas
1593 3448 1772 3508 facere
1816 3454 2040 3511 semitas

2152 3448 2241 3513 nia
2276 3458 2555 3529 possibilia
2593 3456 2753 3523 sunt;
2805 3472 2913 3512 non
2955 3456 3220 3531 omnibps
3266 3456 3465 3527 quippe
3502 3454 3751 3509 divitibus

1942 3638 2264 3697 SCllOLlA.

515 3776 566 3831 1.
596 3773 710 3850 Vat.
732 3774 755 3829 1
780 3797 792 3831 :
819 3773 896 3850 De
912 3775 1089 3850 divite,
1111 3778 1202 3843 qui
1230 3792 1442 3850 regnum
1473 3778 1717 3832 calorum
1740 3778 1935 3833 intrare
1948 3797 2053 3834 non

439 3856 625 3920 potest.
659 3846 791 3974 “et.
826 3848 845 3901 1
888 3866 901 3902 :
930 3847 1028 3903 Ubi
1050 3846 1307 3903 Dominus
1332 3850 1635 3904 innumeras
1662 3852 1731 3904 ad
1760 3853 1885 3905 Adrc
1906 3862 2053 3905 sanat

443 3927 693 3973 catervas.
790 3923 1055 3974 egentium
1098 3920 1301 3974 Judtea’
1347 3937 1441 3974 ιιι-ο
1491 3923 1561 3974 ad
1592 3924 1739 3974 Adae.
1774 3925 2053 3974 ntindicat

443 3927 693 3973 catervas.
746 3920 1055 3991 Legendum
1098 3920 1301 3976 Judtetr
1347 3937 1441 3985 pro
1491 3923 1561 3975 ad
1592 3924 1739 3989 Adte,
1774 3925 2057 3978 utiudicat

443 3992 643 4062 glossa.
671 4023 742 4032 —
764 3993 873 4049 Ott.
901 3994 958 4055 El,
980 4010 1311 4061 congressus;
1340 3994 1489 4053 ΛΜ..
1517 3996 1777 4063 ingressus
1801 4013 1817 4049 :
1842 3998 2054 4052 retineo

446 4074 820 4134 transgressus.
850 4065 1018 4131 Meus,
1050 4067 1331 4129 mendose,
1367 4066 1462 4119 iste
1498 4078 1869 4136 transgressus.

516 4138 570 4193 2.
615 4136 898 4204 Nonnulli,
929 4140 1286 4192 sectuturiter.
1336 4139 1589 4205 Plerique
1625 4155 1756 4193 mss.
1792 4150 1847 4194 et
1896 4141 2051 4205 editi,

368 4222 369 4225 ‘
445 4210 665 4265 mixtum
690 4227 707 4265 :
730 4222 783 4264 et
815 4212 1044 4267 fortasse
1068 4209 1903 4267 SeduliusiinitaturJuvencum
1930 4215 1966 4267 Ι.
2000 4231 2055 4269 ιιι

447 4297 589 4337 vers.
607 4283 743 4337 760:
765 4280 1101 4353 Complentur
1120 4299 1308 4338 mensa:
1322 4285 1496 4336 milia:
1516 4285 1624 4336 sine
1648 4285 1854 4337 nomine
1872 4286 2054 4352 plebis.

451 4353 592 4409 Edit.
629 4354 802 4424 Lips.,
836 4366 1073 4418 malum,
1109 4358 1341 4410 fortasse
1372 4371 1467 4419 pro
1493 4357 1702 4408 mistum
1738 4373 1755 4409 :
1790 4359 2058 4413 multi'nlii

448 4426 579 4480 editi
612 4424 760 4480 clare
795 4437 1043 4499 nimstmn.
1076 4430 1129 4480 ln
1178 4427 1308 4495 Reg.
1362 4429 1410 4489 1.
1468 4436 1705 4481 mlestum
1755 4440 1835 4483 est
1886 4432 2055 4499 prima

450 4501 742 4567 scriptura,
780 4510 828 4549 et
859 4498 1037 4573 glossa
1065 4499 1609 4573 iit/irmunt;mt':otum
1624 4499 1793 4555 altera
1826 4498 2061 4573 scriptu-

449 4585 545 4625 ra:
581 4581 766 4624 contra
800 4570 996 4623 aecidit
1020 4570 1071 4622 in
1114 4571 1245 4636 Reg.
1278 4573 1334 4625 2.

2163 3781 2403 3836 occurrit
2431 3781 2572 3849 apud
2603 3781 2924 3850 Juvencum,
2959 3780 3205 3849 Avitum,
3244 3782 3550 3842 Aratorem,
3581 3779 3765 3834 Fortn.

2166 3861 2374 3919 natum,
2410 3866 2468 3907 ut
2493 3866 2711 3909 veteres
2737 3854 3122 3922 inscriptiones
3146 3854 3425 3913 omittam,
3456 3850 3525 3906 Sc
3553 3854 3661 3905 viro
3691 3852 3758 3911 [c-

2164 3925 2261 3989 cit,
2301 3936 2406 3980 etc.
2430 3973 2442 3993 ,
2490 3925 2559 3980 de
2588 3928 2783 3997 quibus
2816 3926 2982 3997 videri
3017 3935 3195 3987 potest
3226 3941 3276 3978 v.
3324 3940 3373 3977 c.
3412 3924 3642 3989 lgnatius
3672 3922 3763 3997 Po-

2164 4007 2353 4065 tnnza,
2401 3999 2453 4052 in
2487 3995 2655 4069 Opere
2696 3998 2910 4053 erudito
2945 3996 3047 4052 hoc
3077 4013 3220 4051 anno
3252 3997 3561 4069 l793_editu
3590 4014 3603 4050 :
3665 3995 3765 4047 No-

2163 4070 2283 4123 tizie
2328 4067 2655 4125 concernenti
2706 4072 2744 4124 il
2796 4086 2945 4123 sacro
2996 4072 3231 4142 deposito
3264 4070 3340 4142 rdi
3388 4067 3765 4142 S._Augusto!e

2164 4145 2406 4208 murtire,
2440 4154 2556 4198 etc;
2600 4142 2771 4208 Cuius
2820 4140 3076 4212 martyris
3119 4141 3435 4201 sepulcrum
3466 4140 3648 4212 Roma:
3675 4156 3765 4191 nu-

2170 4230 2264 4285 per
2309 4228 2586 4283 repertum
2622 4215 2719 4269 fuit
2750 4214 2854 4269 hoc
2883 4211 3121 4284 simplici
3159 4214 3360 4270 titulo:
3403 4211 3691 4285 Augustalis
3716 4227 3764 4264 se

2168 4290 2279 4340 vivo
2312 4290 2451 4341 fecit.

2244 4287 2471 4415 ῗοίεῧῖἱ.
2510 4360 2559 4418 ι.
2592 4358 2740 4423 Alb.,
2788 4357 2947 4423 Urb.,
2985 4358 3169 4427 Rom.,
3214 4356 3448 4421 Parrh.,
3484 4370 3581 4411 ms.
3639 4355 3763 4410 Bur-

2169 4432 2378 4500 manni,
2407 4450 2500 4500 pru
2530 4434 2695 4490 male;
2730 4433 2923 4486 melius
2944 4440 3030 4487 est
3046 4448 3154 4504 ρνω
3179 4432 3332 4495 male.
3361 4436 3603 4501 quamvis
3624 4427 3759 4482 aliud

2171 4506 2240 4559 sit
2273 4504 2325 4559 in
2360 4520 2541 4574 prosa.
2892 4544 2902 4553 .

2247 4578 2335 4633 ll.
2364 4573 2639 4632 Bentleius
2687 4576 2917 4631 Emend.
2969 4576 3035 4629 ad
3086 4576 3261 4631 Cicer.
3314 4574 3521 4643 Quzest.
3551 4573 3759 4629 Tuscul.

520 4645 576 4699 5.
602 4644 820 4719 Arum,
848 4658 881 4719 tt
900 4625 1224 4719 morteralii',
1253 4661 1283 4696 a
1315 4643 1483 4709 clade,
1518 4651 1575 4696 ut
1601 4643 1636 4698 l.
1664 4659 1743 4712 ιιι,
1776 4662 1919 4701 vers.
1952 4647 2022 4701 45
2046 4668 2056 4700 :
2084 4625 2139 4683 ID
2168 4664 2223 4719 p.
2252 4625 3469 4719 ὲϊξιῖἱ-’ἇὶλὲἕιίῦίάἰὲξιιιιέῖἑιυῖιᾝιιιιῆἇὶὲ,
3489 4625 3759 4713 ἷμιόξιὶιὶιὲ

452 4711 687 4783 Populos
710 4731 739 4766 a
757 4714 905 4768 rladc
944 4716 1146 4769 levarit.

525 4788 578 4843 8.
610 4787 795 4853 Cant,
825 4792 1034 4851 Arum,
1061 4789 1282 4843 scheibe
1306 4786 1537 4851 Poelm..
1567 4794 1787 4856 Parrlt.,
1814 4790 2057 4857 Edimb.,

452 4858 614 4939 Boil].
642 4860 830 4939 κέλης.
855 4901 866 4916 ,
1043 4862 1114 4939 1,
1149 4858 1213 4939 ἓ,
1250 4859 1367 4939 Vn}.
1408 4865 1466 4939 1,
1496 4862 1550 4932 9,
1598 4870 1730 4939 Reg.
1764 4869 1817 4931 5,
1855 4866 2055 4939 Albae!

449 4930 584 4989 Urb.
609 4979 622 5003 ,
658 4930 799 4986 Nam
831 4930 1108 5003 quidquid.
1148 4932 1278 5003 lleg.
1312 4932 1370 5000 1,
1403 4934 1456 4999 2,
1502 4930 1623 4993 cum
1663 4930 1844 4995 multis
1870 4936 2057 4999 editis,

446 5006 751 5081 prtcsertim
774 5004 1200 5081 _rccentioribus
1229 5050 1240 5068 ,
1288 5006 1355 5059 Et
1400 5009 1669 5081 quidquid.
1724 5012 1870 5065 Meus
1897 5052 1907 5069 .
1930 5080 1935 5081 γ
1962 5010 2061 5075 Qui

446 5078 724 5149 quidquid.
774 5075 1048 5154 Vonckius
1083 5092 1145 5131 ex
1182 5082 1495 5154 conjectum
1527 5075 1546 5136 ;’
1590 5084 1658 5139 Ui
1685 5080 1937 5154 quidquid
1962 5099 2057 5134 ηη-

444 5160 562 5203 tura
596 5159 767 5221 negat,
811 5164 865 5201 se
884 5150 1090 5221 judice,
1121 5164 1344 5219 ρνιιπειειι.
1383 5152 1664 5212 (ἶνιιηιυτιιδ
1695 5150 1962 5213 defendit,
1998 5155 2059 5207 Iit

481 5221 718 5293 uidquid,
754 5230 884 5288 etc.,
920 5223 1017 5275 etsi
1048 5224 1266 5287 fatetur,
1298 5226 1577 5284 duriorem
1611 5246 1732 5284 esse
1764 5229 1903 5283 hunc
1935 5242 2059 5281 ver-

441 5238 638 5347 710mm
660 5309 883 5347 nexum.
917 5290 1129 5347 Clarior
1160 5311 1241 5347 851
1270 5300 1448 5347 lectio-
1497 5318 1655 5347 utinm
1687 5303 1929 5347 nlnritttte
1959 5318 2054 5347 im—

464 5290 638 5371 ioru'in
660 5309 883 5371 nexum.
917 5290 1241 5371 Clariorem
1270 5300 1449 5359 lectio,
1497 5318 1655 5365 quain
1686 5303 1929 5371 plerique
1959 5318 2054 5351 tm—

446 5367 542 5442 stri
571 5367 791 5421 codices
824 5377 1010 5442 tenent
1036 5410 1051 5432 ,
1089 5366 1229 5421 Nam
1260 5372 1515 5442 quidquid
1542 5418 1555 5439 ,
1590 5366 1694 5431 etc:
1719 5416 1733 5439 ,
1780 5366 2061 5442 magisque

449 5438 517 5492 ad
556 5454 772 5501 prosam
800 5437 1065 5494 accedere
1101 5437 1333 5497 videtur.
1370 5437 1650 5501 A'blativus
1684 5437 2061 5501 absolutus'se

437 5512 622 5583 judice
648 5554 663 5577 ,
707 5520 921 5583 prestat
955 5527 1054 5579 pro
1094 5514 1204 5582 ipse
1240 5516 1409 5589 judea:
1435 5519 1857 5585 prmidt,siniili
1895 5517 2055 5571 modo

518 5607 804 5687 {Eulgati
829 5624 1022 5664 omnes
1048 5610 1307 5687 liahentet
1330 5618 1557 5671 columcs
1583 5636 1598 5673 :
1632 5620 1773 5687 apud
1796 5614 2062 5677 [siderum

449 5680 489 5737 l.
521 5674 762 5757 x’Etyi'u.
812 5690 997 5757 exstat
1046 5685 1161 5757 haec
1194 5699 1298 5742 vox
1333 5687 1550 5745 colomis
1583 5674 1939 5750 vel'columis.
1965 5674 2063 5757 pro

450 5764 636 5810 erecto
654 5752 715 5809 et
742 5752 1026 5810 incolumi.
1053 5756 1332 5815 Tribuitur
1356 5762 1522 5817 etiam
1556 5762 1769 5818 Plauto.

521 5825 551 5861 δ
593 5823 811 5881 Juretus
839 5826 910 5883 ita
940 5828 1217 5899 emendat,
1260 5832 1427 5888 ardua
1455 5836 1693 5904 plauore,
1720 5850 1879 5888 curm
1930 5831 2053 5886 diri-

2166 4736 2291 4775 vum
2345 4738 2541 4776 nomen
2583 4735 2665 4777 est
2696 4737 2795 4792 pro
2826 4721 3175 4791 pinguedine.
3226 4721 3395 4776 Beote
3431 4719 3559 4774 hanc
3593 4729 3757 4792 muta-

2170 4794 2369 4849 tionem
2398 4790 2727 4849 Arntzenius
2759 4790 3105 4849 condemnat.
3142 4792 3391 4847 Suinitur
3414 4793 3549 4847 enim
3582 4790 3759 4847 fertili.

2170 4874 2248 4919 tas
2281 4883 2373 4934 pro
2396 4867 2722 4921 abundantia
2747 4882 2843 4920 seu
2870 4866 3030 4934 copia
3078 4879 3281 4922 rerum.
3311 4864 3525 4931 Arntz.,
3548 4863 3756 4921 Psrrb..

2167 4939 2325 5002 Ald.,
2360 4937 2481 5009 Vat.
2518 4942 2537 4993 1
2566 4981 2579 5001 .
2610 4938 2667 5001 2,
2702 4938 2832 5009 Reg.
2868 4937 2900 4991 5
2925 4978 2938 5001 ,
2974 4945 3184 5004 posset:
3217 4939 3358 5009 quod
3393 4952 3496 4990 non
3524 4936 3756 5009 disiilicct

2170 5011 2486 5064 Arntzenio.
2537 5011 2591 5065 lu
2634 5010 2743 5063 Ott.
2791 5008 2859 5074 1,
2906 5026 2969 5063 ex
3016 5011 3176 5075 possit
3218 5008 3417 5064 tactum
3462 5022 3662 5078 posset:
3707 5008 3756 5061 in

2169 5079 2301 5151 Reg.
2336 5084 2388 5147 1,
2432 5081 2489 5149 2,
2541 5098 2605 5138 ex
2636 5090 2804 5151 posset
2833 5093 3139 5137 correctum
3171 5083 3333 5151 possit
3362 5126 3375 5149 ,
3430 5080 3562 5152 quod
3598 5082 3756 5149 inagis

2169 5157 2341 5223 placet
2372 5172 2470 5221 pro
2497 5156 2705 5227 poterit.

2240 5228 2326 5281 15.
2364 5223 2572 5281 Poelin.
2600 5225 2801 5281 claudit
2823 5227 3173 5297 parenthesin
3206 5227 3257 5280 in
3288 5227 3548 5295 conspicit.
3587 5224 3676 5276 alii
3706 5223 3753 5277 in

2164 5297 2291 5370 ipse.
2344 5300 2419 5355 De
2449 5315 2578 5355 voce
2606 5300 2936 5370 impossibilis
2958 5301 3074 5355 dixi
3105 5301 3171 5352 ad
3218 5298 3563 5353 Prudentium
3614 5311 3748 5350 vers.

2204 5372 2273 5426 35
2305 5373 2501 5438 Apoth.
2527 5414 2543 5442 ,
2580 5376 2653 5430 uti
2698 5373 2766 5429 de
2802 5373 3033 5445 simplici
3083 5371 3343 5444 possibilis
3374 5374 3441 5426 ad
3470 5371 3751 5427 Juvencum

2164 5457 2222 5509 ιι,
2258 5445 2385 5500 555.

2163 5629 2301 5684 gere,
2328 5629 2427 5685 pro
2451 5630 2580 5683 quo,
2623 5614 2820 5685 inquit.
2848 5624 3005 5670 vetus
3030 5612 3204 5668 codex
3239 5610 3468 5667 habebat
3497 5625 3646 5685 rurae
3688 5608 3752 5659 ἀι.

2163 5681 2378 5758 rigere:
2410 5681 2645 5743 fortasse
2689 5681 2832 5757 apud
2883 5686 3139 5758 Juretum
3184 5685 3467 5758 legendum
3506 5681 3747 5758 digerere.

2161 5752 2283 5815 Alio
2313 5758 2479 5814 modo
2498 5775 2605 5816 non
2636 5752 2983 5829 intelligitur,
3014 5757 3146 5830 quid
3182 5752 3457 5814 emendet.
3506 5752 3748 5810 veterum

2163 5829 2509 5901 proverbium
2541 5841 2657 5890 erat
2685 5848 2839 5886 curva
2875 5829 3155 5905 corrigere.
