3912 6358
195 284 291 339 675
1324 288 1611 348 CARMEN
1654 285 2047 349 PASCHALE.
2091 286 2219 345 LIB.
2266 286 2356 344 IV.
2968 337 2970 340 μ
3392 295 3500 353 67$

327 404 435 459 lloe
464 404 805 473 impoSsibile
827 413 908 462 eSt
933 404 1163 476 homini,
1196 406 1448 478 dixisset,
1479 418 1536 465 at
1566 410 1677 466 alto

326 502 485 575 278
532 500 800 558 Possibile
841 509 925 559 est
958 500 1051 572 jus
1084 516 1247 561 omne
1288 504 1429 572 Deo;
1486 505 1783 577 multisque

1393 598 1706 674 [molestum

327 680 589 748 Divitibus
613 691 828 748 tandem
860 690 1068 771 faceret
1093 692 1379 751 mitescere
1402 709 1651 751 censum.

325 786 457 843 Nam
489 785 741 859 proprias
780 786 919 844 bene
960 796 1157 845 tractat
1190 803 1352 859 opes,
1397 788 1654 859 cteloque
1695 802 1783 845 re-

1528 879 1712 953 [condi

222 976 288 1032 20
321 974 633 1033 Thesauros
659 974 778 1031 vult
808 974 900 1032 ille
926 991 1081 1042 suos,
1113 977 1208 1033 ubi
1234 976 1496 1048 quidquid
1531 977 1782 1045 habetur,

324 1068 440 1126 Non
472 1068 697 1125 mordax
729 1086 912 1143 aerugo
957 1081 1146 1141 vorat,
1181 1088 1286 1126 non
1324 1072 1469 1127 tinea
1513 1071 1710 1140 sulcat,

324 1164 435 1221 Nec
466 1165 608 1221 male
630 1162 908 1221 defossum
935 1164 1229 1221 famulatur
1258 1164 1469 1221 furibus
1496 1180 1712 1235 aurum,

328 1258 536 1329 Jejunis
564 1258 893 1330 quicumque
922 1258 1103 1315 cibum
1122 1302 1137 1325 ,
1170 1259 1483 1316 sitientibus
1512 1260 1787 1325 haustum,

327 1350 641 1423 Hospitibus
674 1362 902 1421 tectum,
937 1350 1096 1407 nudis
1143 1352 1373 1423 largitur
1394 1352 1677 1419 amictum,

222 1447 289 1502 25
309 1445 531 1503 Solatur
555 1461 727 1502 nexos
752 1446 804 1501 in
836 1461 1088 1515 carcere,
1134 1444 1386 1517 perlovet
1414 1460 1611 1517 :egros,

327 1541 493 1615 279
527 1544 709 1615 Atque
747 1540 872 1597 aliis
908 1540 1123 1613 largus,
1168 1540 1275 1597 sibi
1320 1549 1529 1597 tantum
1576 1548 1795 1597 constat

1465 1634 1715 1709 [egenus

2032 404 2146 463 Nec
2173 404 2341 462 dubie
2372 404 2427 461 in
2459 405 2658 463 cmlum
2692 407 2999 464 substantia
3034 411 3283 481 pervenit
3316 412 3428 485 illa,
3510 456 3513 457 ν

2027 501 2160 571 Qua:
2188 497 2413 556 Christo
2440 501 2643 559 collata
2675 502 2838 559 datur
2867 504 2971 562 sub
3000 519 3247 579 paupere
3270 506 3470 577 forma,

2030 596 2164 665 Qum
2234 593 2453 653 damnis
2499 608 2789 671 augmenta
2836 600 3019 672 capit,
3059 617 3183 673 qua:
3230 603 3509 676 spargitur

3090 690 3094 694 ‘
3214 694 3299 771 [ut
3328 698 3430 766 sit,

1922 787 1994 846 50
2032 787 2164 857 Quae
2196 790 2342 861 perit
2393 798 2451 847 ut
2480 801 2727 858 maneat,
2761 808 2882 865 qute
2912 793 3082 851 vitam
3113 800 3332 850 mortua
3364 809 3513 866 prte-

3277 885 3433 963 [stat.

2110 982 2388 1038 Przcterea
2414 981 2662 1052 geminos
2692 982 2959 1041 Dominus
2984 986 3275 1043 considere
3303 1001 3505 1058 caecos,

2038 1076 2176 1132 Dum
2226 1074 2504 1147 quoddam
2558 1074 2821 1133 transiret
2878 1077 3001 1145 iter,
3055 1078 3359 1137 comitante
3408 1095 3506 1135 ca-

3229 1173 3429 1248 [terva,

2039 1264 2360 1335 Conspicit',
2393 1266 2681 1324 eXStinctat
2711 1273 3004 1336 poscentes
3036 1282 3261 1325 munera
3287 1268 3506 1341 l‘ormm,

2040 1360 2455 1430 Flebilibusque
2480 1375 2645 1429 vagas
2677 1361 2971 1431 implentes
2998 1362 3227 1418 vocibus
3248 1379 3431 1419 auras.

1928 1452 2000 1508 55
2038 1451 2149 1507 Nec
2171 1459 2431 1508 cunctata
2455 1454 2641 1509 solens
2663 1453 2840 1524 pietas
2863 1452 3071 1510 inferre
3092 1454 3326 1512 salutem
3344 1498 3362 1526 ,

2042 1545 2209 1618 280
2244 1545 2376 1614 Quae
2416 1546 2584 1601 sentit
2614 1544 2848 1617 ﬂagrare
2885 1546 3085 1617 ﬁdem,
3130 1564 3257 1605 mox
3302 1550 3512 1609 lumina

3181 1642 3437 1718 [tangens

1533 1730 1715 1788 OPUS
1755 1730 2142 1791 PASCHALE.

193 1828 571 1901 patrimonium
601 1828 683 1883 sui
713 1842 914 1884 census
940 1837 1021 1884 est
1052 1827 1260 1894 oneris,
1292 1826 1387 1882 sed
1420 1826 1518 1893 illi,
1547 1827 1639 1897 qui
1669 1842 1790 1895 pro-
1823 1829 1870 1891 Β
1899 1829 2075 1901 tisque
2106 1830 2465 1902 largissimus,
2497 1832 2600 1889 sibi
2662 1842 2869 1897 tantum
2913 1851 3119 1908 pauper
3158 1848 3243 1895 est
3282 1849 3339 1897 et
3378 1858 3510 1914 ege-

194 1923 317 1992 pria:
347 1920 525 1976 malus
557 1932 739 1976 rector
768 1930 854 1976 est
886 1920 1334 1979 ubertatis..Nam
1363 1936 1486 1977 cum
1518 1920 1651 1976 dicit
1686 1920 1792 1976 Do-

196 2015 365 2070 minus
396 2028 496 2084 per
537 2014 860 2085 prophetam
915 2032 929 2069 :
976 2013 1177 2068 Aurum
1214 2024 1263 2069 et
1306 2024 1580 2084 argentum
1622 2032 1791 2070 meum

196 2119 280 2175 est,
326 2109 591 2174 ostendit,
639 2123 746 2163 non
786 2123 910 2164 esse
951 2108 1178 2173 malum,
1222 2108 1369 2179 quod
1415 2108 1535 2178 ejus
1582 2119 1688 2173 est,
1743 2108 1789 2164 si

193 2204 470 2275 operarius
499 2202 837 2258 illud‘bonus
867 2202 1142 2268 habuerit;
1173 2201 1304 2257 nihil
1332 2202 1541 2257 etenim
1581 2201 1787 2270 dill'ert,

196 2305 369 2351 utrum
399 2296 559 2351 bonis
590 2296 713 2367 quis
742 2296 999 2366 Operibus
1032 2296 1106 2350 nil
1137 2295 1429 2365 dependat,
1462 2312 1527 2351 an
1560 2297 1789 2367 plurima

196 2390 440 2462 malignis
489 2388 748 2445 ell‘undat.
806 2388 906 2445 llle
956 2388 1222 2460 siquidem
1266 2405 1393 2444 suas
1446 2400 1559 2444 tuto
1609 2400 1795 2445 servat

195 2499 343 2556 opes,
387 2492 447 2539 et
484 2483 743 2551 collocat,
789 2484 881 2551 qui
917 2483 1057 2539 cmlo
1100 2484 1391 2541 thesauros
1434 2487 1691 2552 occultat,
1732 2502 1795 2543 ac

193 2579 460 2647 recondit,
488 2577 579 2635 ubi
603 2594 712 2633 non
734 2576 919 2633 edacis
949 2579 1114 2633 tineae
1164 2595 1268 2635 nec
1295 2579 1560 2651 reruginis
1582 2580 1794 2636 scabrae

196 2674 482 2746 quidquam
508 2687 725 2728 morsus
752 2672 1011 2739 absumit,
1047 2688 1146 2727 nec
1171 2673 1382 2728 furibus
1408 2672 1475 2728 ad
1505 2673 1794 2729 furandum

196 2769 368 2825 aditus
404 2776 681 2825 reseratur
707 2766 965 2834 eﬂ'ossus,
996 2767 1083 2838 qui
1110 2767 1313 2837 jejunis
1353 2767 1559 2833 cibum,
1601 2768 1792 2825 sitien-

200 2863 339 2919 tibus
385 2873 595 2931 potum,
624 2861 935 2932 peregrinis
972 2860 1246 2916 ministrat
1287 2862 1604 2931 hospitium,
1657 2877 1793 2918 mce-

197 2968 308 3014 stos
328 2958 537 3013 Solatur
555 2955 607 3010 in
623 2969 865 3021 carcere,
896 2953 1045 3009 fovet
1070 2967 1249 3024 aegros
1280 2954 1330 3008 in
1355 2969 1609 3023 corpore,
1635 2970 1795 3009 cunco

1896 1942 2014 1982 nus.
2050 1927 2159 1983 Nec
2186 1928 2437 1985 dubitare
2469 1932 2589 2001 quis
2623 1931 2802 1998 debet,
2852 1933 2998 1988 illam
3043 1951 3267 2005 prorsus
3306 1938 3361 1993 in
3402 1955 3509 1997 ete-

1894 2021 2003 2075 lum
2032 2020 2395 2077 substantiam
2426 2024 2741 2093 pervenire,
2772 2041 2892 2096 qua:
2922 2029 3023 2081 sub
3068 2028 3329 2085 vilissima
3370 2048 3505 2100 pau—

1897 2114 2040 2185 peris
2073 2114 2249 2169 forma
2279 2114 2500 2169 Christo
2552 2116 2813 2185 probatur
2856 2118 3127 2188 impensa,
3168 2138 3291 2193 qme
3335 2123 3509 2182 detri-

1896 2208 2095 2262 mentis
2126 2216 2385 2279 augetur,
2417 2211 2726 2286 spargendo
2767 2220 3043 2283 servatur,
3093 2217 3240 2285 perit
3298 2227 3356 2274 ut
3395 2235 3512 2275 ma-

1896 2309 2041 2367 neat,
2090 2301 2251 2356 vitam
2278 2311 2305 2339 ει
2335 2313 2547 2358 mortua
2579 2315 2955 2373 repraesentat.

1969 2394 2182 2450 Interea
2216 2394 2345 2450 dum
2377 2398 2586 2467 populo
2620 2399 2884 2455 Dominus
2915 2402 3215 2460 comitante
3253 2406 3506 2481 vallatus,

1900 2486 2174 2541 Hiericum
2205 2486 2395 2543 luisset
2418 2505 2704 2559 egressus,
2732 2491 2872 2548 duos
2900 2494 3071 2551 oculis
3098 2508 3288 2567 captos
3317 2501 3513 2572 aspicit

1896 2578 2251 2636 considentes
2281 2582 2333 2636 in
2361 2597 2581 2652 aggere,
2613 2583 2763 2641 reddi
2793 2584 2894 2641 sibi
2921 2588 3120 2644 lumina
3144 2592 3506 2661 pastulantes.

1900 2672 2163 2729 Petebant
2212 2674 2281 2729 ita
2331 2675 2670 2733 conﬁdentes
2716 2693 2999 2750 gressuum
3036 2698 3155 2737 cum
3206 2686 3509 2745 mobilitate

1898 2766 2267 2837 considereb.
2290 2768 2395 2824 Sed
2429 2771 2688 2827 tenebrae
2721 2772 3057 2829 reluctantur
3082 2774 3352 2845 adversae,
3404 2795 3507 2837 nec

1898 2870 2147 2917 cunctata
2178 2863 2263 2917 vel
2290 2863 2563 2933 paululum
2595 2866 2767 2921 virtus
2791 2865 2901 2935 illa,
2928 2868 3115 2937 pietati
3139 2870 3215 2925 nil
3237 2871 3508 2942 abnuens,

1900 2971 2019 3024 quze
2048 2956 2277 3011 salutem
2309 2958 2593 3013 consuevit
2618 2958 2841 3028 inferre,
2872 2976 2978 3032 qua
3009 2960 3170 3019 ﬁdem
3211 2967 3384 3023 sentit
3421 2983 3511 3025 ar-

1680 3048 1999 3107 SCIIOLIA.

268 3150 356 3229 lli,
368 3148 637 3229 Plerique
663 3145 997 3229 nostri‘tnss.
1025 3160 1152 3229 cum
1182 3144 1577 3229 At‘ntn.,.Ald.,
1604 3144 1790 3229 Palis”
1820 3142 1866 3205 C
1902 3145 2154 3229 qttinferre
2176 3163 2193 3199 :
2219 3220 2229 3229 .
2251 3149 2330 3229 in.
2350 3147 2568 3229 schedis
2598 3148 3147 3229 Poelm._ascript_um
3185 3164 3304 3229 erat
3346 3156 3507 3229 fern,

199 3234 251 3281 et
288 3221 412 3278 aliis
457 3215 647 3289 editis,
697 3229 749 3271 at
793 3218 941 3273 alto:
988 3218 1235 3286 plerique
1285 3217 1457 3283 editi,
1488 3228 1537 3270 et
1566 3218 1691 3270 alto.
1733 3215 1794 3271 In

199 3295 470 3351 nonnullis
514 3291 716 3346 nostris
741 3289 892 3359 prius
920 3290 1137 3345 videtur
1170 3290 1338 3344 fuisse
1366 3298 1417 3342 et
1455 3291 1541 3343 vel
1584 3307 1645 3343 ac
1699 3303 1797 3359 pro

199 3379 272 3423 at.
303 3364 696 3434 Wopkensius,
738 3362 1108 3425 Burmannus,
1151 3362 1479 3417 Arntzenius
1505 3364 1629 3428 jure
1661 3378 1799 3431 pra:-

201 3440 379 3496 l'erunt
406 3446 483 3503 at,
517 3436 731 3490 favente
770 3450 952 3503 prosa.
996 3434 1053 3489 In
1081 3434 1193 3490 Ott.
1224 3434 1281 3498 2,
1310 3434 1528 3502 dixisse,
1554 3436 1641 3488 sed
1668 3434 1795 3500 alto,

200 3512 451 3569 mendum
487 3508 703 3563 videtur
732 3522 832 3576 pro
860 3507 1097 3571 dia-isset,
1125 3514 1171 3559 et
1202 3510 1331 3560 alto.

268 3584 357 3639 22.
388 3582 733 3636 Burmannus
760 3578 984 3648 conjicit
1015 3576 1127 3643 Nec
1155 3578 1291 3631 male
1312 3578 1601 3645 depastum,
1632 3577 1686 3632 h.
1717 3591 1796 3642 e.,

202 3655 339 3726 quod
368 3668 571 3726 avarus
598 3651 906 3726 abscondit,
937 3667 1059 3705 cum
1091 3650 1318 3726 deberet
1347 3664 1412 3704 eo
1438 3652 1514 3702 uti
1543 3660 1680 3726 :Aau‘t
1709 3664 1798 3702 ac-

201 3720 512 3799 cipiendum
561 3724 639 3777 ait
678 3738 820 3799 novo
866 3737 1028 3799 sensu
1088 3722 1336 3799 defodere
1387 3736 1483 3789 pro
1527 3720 1793 3799 eﬂ'odere:

202 3792 323 3855 nam
366 3798 516 3853 fures
557 3810 664 3851 non
707 3795 887 3850 solent
914 3810 944 3849 e
971 3794 1272 3849 visceribus
1297 3805 1451 3846 terra:
1483 3808 1676 3846 aurum
1705 3792 1800 3847 de-

203 3869 405 3925 fossum
459 3870 763 3937 surripere.
810 3866 1140 3921 Arnlzenitts
1192 3866 1457 3933 explicari
1513 3880 1677 3933 posse
1723 3864 1799 3918 ait

204 3945 334 3997 male
365 3936 629 4012 defossum
654 3981 668 4003 ,
708 3939 779 3993 ita
810 3938 1143 4012 negligenter
1176 3936 1407 4012 positum
1437 3978 1451 4001 ,
1498 3951 1553 4012 ut
1587 3937 1796 4012 facilem

202 4015 355 4071 furtis
411 4008 603 4067 ansam
655 4008 934 4080 praebeat:
991 4008 1236 4063 defendit
1284 4019 1464 4062 autem
1511 4009 1795 4063 lectionem

206 4088 342 4141 hanc
390 4078 667 4153 volgatani
700 4097 763 4135 ex
792 4080 1003 4136 Sedulii
1038 4080 1263 4148 epistola
1307 4081 1371 4134 ad
1401 4078 1812 4153 Macedoniutn,'

204 4159 357 4229 culpa
386 4157 610 4225 defossa:
636 4154 869 4229 pecunia:
894 4170 995 4229 non
1022 4169 1265 4207 carerem.
1290 4153 1418 4229 _Sed
1459 4154 1509 4206 in
1558 4154 1659 4229 hac
1686 4152 1801 4229 epi-

204 4224 343 4286 stola
369 4224 555 4284 sermo
579 4224 663 4281 est
691 4226 758 4279 de
792 4224 1049 4295 pecunia,
1095 4240 1191 4280 seu
1234 4225 1473 4290 talento,
1518 4226 1663 4292 quod
1706 4225 1801 4278 ab-

204 4302 475 4358 scondidit
517 4313 740 4364 servus,
782 4298 871 4366 qui
916 4296 1088 4352 noluit
1132 4300 1429 4366 negotiari,
1480 4296 1800 4352 timensdo—

206 4376 410 4430 minum
440 4416 454 4438 ,
505 4370 631 4442 quia
673 4376 928 4424 austerus
971 4378 1107 4424 erat.
1164 4368 1299 4442 Vera
1330 4380 1508 4424 autem
1544 4372 1681 4424 ratio
1710 4370 1805 4425 de-

207 4446 456 4503 fendendi
502 4441 825 4512 seripturam
871 4453 1144 4510 receptam
1178 4441 1483 4495 desumitur
1525 4456 1591 4495 ex
1624 4442 1803 4496 verbis

206 4519 337 4587 ipsis
380 4511 625 4572 Μελαιιωὶ
649 4529 723 4577 Vt,
760 4512 827 4567 19
848 4527 963 4587 seq.
994 4532 1005 4566 :
1057 4511 1235 4587 Nolite
1283 4514 1635 4587 tltesaurizare
1667 4514 1805 4567 vobis

208 4584 473 4645 thesauros
500 4590 557 4640 in
586 4595 721 4639 terra
748 4625 759 4637 .
786 4625 798 4639 .
826 4627 838 4639 .
873 4586 957 4638 ubi
990 4589 1132 4655 fures
1160 4584 1436 4651 effodiunt,
1458 4592 1517 4657 et
1540 4586 1801 4657 furantur.

206 4661 581 4716 Thesaurizate
623 4666 792 4711 autem
841 4658 980 4710 vobis
1012 4658 1063 4709 in
1092 4659 1239 4722 aeto,
1279 4696 1291 4709 .
1320 4696 1333 4710 .
1364 4696 1376 4708 .
1412 4656 1497 4710 ubi
1530 4658 1670 4725 [ures
1702 4674 1804 4711 non

206 4732 480 4801 effodiunt,
526 4745 619 4782 nec
648 4731 907 4799 furantur.
940 4731 1144 4801 Aurum
1172 4728 1332 4801 igitur
1360 4729 1501 4783 male
1527 4728 1801 4801 defossum

208 4799 311 4871 est,
354 4802 500 4874 quod
518 4815 751 4874 avarus,
794 4814 916 4874 cum
946 4799 1192 4874 deberet
1215 4816 1280 4874 eo
1310 4799 1452 4854 bene
1500 4799 1598 4874 uti,
1652 4800 1807 4854 dcto-

208 4870 337 4931 dit:
371 4870 533 4945 'quod
576 4870 726 4925 fures
776 4870 1066 4945 aliquando
1114 4870 1383 4945 emtdiunt
1432 4881 1487 4927 et
1531 4871 1800 4926 linantur.

209 4943 545 5014 Sigttilicatio
589 4957 720 4997 vero
745 4944 975 5014 pronria
1004 4943 1198 5012 defossi
1229 4944 1348 4996 auri
1375 4954 1459 4997 est
1501 4945 1804 4999 ahsconditi

211 5013 398 5074 subtus
448 5027 672 5071 terram.
718 5013 932 5081 Cicero,
980 5014 1013 5067 Ι.
1046 5029 1083 5067 ιι
1128 5016 1194 5067 de
1238 5014 1505 5071 Oratore:
1561 5014 1629 5070 Ut
1668 5018 1806 5069 enim

212 5092 255 5145 si
290 5105 476 5144 aurum
508 5087 615 5153 cui,
644 5084 780 5154 quod
810 5094 938 5139 esset
968 5086 1317 5155 multifariam
1340 5088 1603 5157 defossum
1622 5130 1634 5152 ,
1666 5105 1807 5141 com-

212 5170 502 5217 monstrare
548 5158 760 5223 vetlem,
799 5158 925 5211 satis
967 5173 1077 5211 esse
1104 5158 1337 5224 deberet,
1382 5161 1427 5211 si
1454 5163 1601 5229 signa
1631 5168 1678 5213 et
1707 5176 1805 5212 no-

214 5242 290 5289 tas
319 5231 641 5289 ostenderem
666 5231 898 5284 locorum
924 5271 937 5295 ,
982 5238 1088 5283 etc.
1142 5229 1272 5284 Post
1300 5248 1489 5284 aurum
1514 5232 1804 5300 Cellarius,

216 5315 268 5361 et
291 5307 382 5361 alii
432 5306 636 5372 vulgati
660 5300 886 5363 alligunt
909 5308 1193 5371 punctum,
1223 5310 1389 5372 atque
1414 5302 1485 5355 ita
1520 5306 1658 5357 male
1687 5319 1811 5357 sem

177 5414 181 5421 ι
213 5392 331 5433 sum
361 5371 716 5446 abrumpunt.
758 5372 891 5428 Nam
924 5380 1130 5441 tractat,
1156 5374 1261 5426 rult
1291 5371 1400 5441 ille,
1434 5376 1543 5443 qui,
1581 5375 1666 5429 vel
1694 5375 1809 5439 ille,

216 5451 541 5521 quicumque.

286 5519 375 5576 25.
414 5516 548 5591 Reg.
594 5521 623 5591 j
655 5560 671 5585 ,
718 5534 817 5589 pro
854 5518 908 5573 d.
961 5533 1005 5571 s.
1032 5516 1231 5591 ,ARegA.
1258 5517 1313 5581 2,
1351 5518 1809 5591 exgcorrectione,

219 5590 339 5647 Vat.
388 5592 444 5658 1,
479 5588 537 5656 Ξ,
579 5590 689 5646 Ott.
722 5588 779 5662 2,
823 5590 975 5655 Urb.,
1020 5589 1167 5662 Alh.,
1199 5588 1383 5654 Rom.,
1412 5588 1590 5662 iMeufs,
1620 5590 1753 5661 Reg.
1784 5592 1817 5645 5

220 5674 274 5720 et
314 5663 405 5718 alii
458 5676 593 5717 mss.
648 5661 791 5733 epod
834 5661 1218 5729 Arntzeuium,
1261 5676 1383 5717 cum
1411 5661 1627 5729 Parrb.,
1664 5663 1814 5731 Ald.,

294 5792 321 5820 ι
348 5781 404 5836 In
440 5790 552 5838 vet.
576 5778 699 5838 cod.
733 5788 849 5834 erat
870 5781 974 5833 vita
996 5795 1096 5851 pro
1120 5781 1297 5835 vitam.

1901 3217 2092 3298 scilicet
2142 3220 2269 3298 uul_t.
2313 3218 2368 3273 ld
2397 3236 2529 3298 _nnn
2576 3221 2769 3285 probat
2806 3217 3134 3298 Art'ttaenius
3169 3227 3240 3281 ob
3267 3217 3508 3298 sequens

1902 3287 2183 3371 Ιᾳζῃὶῑιιν.Δ
2216 3291 2348 3361 Reg.
2389 3292 2481 3371 l,_
2512 3292 2564 3345 in
2618 3293 3072 3371 contextu,_Qtt.
3110 3297 3175 3364 l,
3218 3287 3512 3359 excorre?

1902 3364 2135 3447 ctione,
2158 3364 2295 3447 Aug:
2328 3405 2340 3427 ,
2391 3365 2738 3447 quicumque,
2786 3366 3192 3447 utiuti-fortasse
3222 3371 3316 3427 fuit
3360 3390 3389 3427 a
3422 3391 3507 3447 pr.

1903 3450 1977 3487 tn.
2012 3434 2063 3488 in
2098 3434 2233 3507 Reg.
2262 3438 2316 3505 ‘2,
2350 3434 2409 3490 et
2436 3438 2489 3489 in
2523 3434 2986 3507 plerisque’editis
3017 3443 3307 3498 retinetur.

1974 3506 2075 3587 27..
2095 3506 2218 3587 Yet.
2253 3507 2569 3587 invitiqset
2580 3506 2721 3587 llaec:
2739 3525 2833 3587 pro
2857 3510 2989 3587 Nec.
3021 3511 3249 3587 Scihedge
3276 3515 3509 3587 Poelut.,

1907 3576 2018 3659 Nec
2042 3578 2279 3659 dubium.
2307 3581 2417 3659 (dit.
2444 3578 2500 3642 2,
2543 3578 2651 3633 Nec
2687 3581 2879 3659 dubio.
2907 3582 3041 3655 Reg.
3079 3586 3133 3651 1,
3166 3585 3280 3641 Nec
3315 3576 3508 3659 dubita,

1902 3650 1996 3704 sed
2030 3651 2208 3719 glossa
2236 3652 2531 3704 dubitanter
2558 3652 2731 3715 poscit
2754 3654 2927 3707 dubie.

1974 3722 2062 3776 51.
2088 3722 2249 3776 Rom.
2281 3721 2357 3775 De
2380 3722 2753 3803 duobusftecis
2776 3742 2806 3775 a
2834 3724 3057 3803 Domino
3080 3730 3303 3803 sanatis.
3332 3731 3505 3803 Meus,

1907 3793 2048 3847 Duos
2089 3809 2248 3867 cureos
2277 3803 2451 3847 sanat.
2486 3823 2555 3867 -έ
2586 3793 2959 3867 Wopkensius
3009 3799 3192 3865 aptius
3224 3813 3373 3867 putat
3411 3793 3511 3859 In;

1904 3875 2062 3933 terea,
2089 3866 2232 3935 quod
2261 3875 2445 3919 exstat
2468 3866 2687 3934 quidem
2712 3867 2764 3919 in
2790 3882 2972 3935 prosa,
3000 3870 3094 3925 sed
3128 3866 3259 3926 mss.
3289 3885 3342 3929 et
3374 3877 3508 3933 editi

1904 3937 2165 3992 exhibent
2219 3936 2497 3992 Prmterea.
2550 3936 2691 3990 Alm.
2744 3939 2965 3995 inverso
3010 3942 3203 3997 ordine
3254 3942 3510 4004 Dominus

1902 4011 2155 4084 geminos.
2192 4012 2405 4084 Arutz.,
2452 4009 2693 4084 geminos
2707 4024 2922 4084 cernens
2945 4056 2959 4079 ,
2990 4014 3086 4069 sed
3116 4016 3298 4071 obstat
3327 4034 3507 4084 prosa.

1908 4082 2124 4145 l’arrh.,
2141 4082 2415 4153 consistere
2438 4082 2837 4153 proconsidere,
2856 4084 2997 4153 quod
3020 4102 3175 4153 prosa
3194 4082 3506 4146 conﬁrmat.

1976 4154 2066 4207 '52.
2110 4156 2326 4219 Arntz.,
2370 4152 2589 4215 Parrh..
2634 4151 2763 4207 Cum
2814 4151 2988 4221 :alii,
3021 4151 3189 4213 Dum.
3244 4159 3355 4215 Iter
3401 4178 3508 4219 non

1906 4226 2081 4304 snolutn
2113 4226 2347 4280 sumitur
2384 4235 2638 4304 pro-actu
2676 4225 2875 4292 eundi,
2926 4228 3019 4281 sed
3052 4232 3214 4285 etiam
3260 4248 3358 4304 pro
3399 4236 3507 4292 via.

1908 4296 2197 4351 Comitaule
2218 4306 2420 4351 caterva
2447 4295 2805 4364 Virgilianum
2837 4307 2941 4353 est.

1980 4370 2069 4425 35.
2092 4368 2481 4443 rWopkeknsius
2510 4368 2820 4437 suspicatur
2839 4371 3106 4426 exstincta:
3128 4387 3391 4443 poscentes
3422 4377 3509 4433 lu-

1909 4441 2049 4496 mina
2074 4442 2279 4511 frontis.
2310 4440 2402 4495 Sic
2429 4439 2464 4493 Ι.
2498 4454 2555 4493 ttt
2575 4454 2764 4511 ,rvers.
2806 4443 2907 4497 145
2936 4460 2948 4497 :
2984 4439 3177 4500 Decute
3229 4461 3511 4506 nocturnas

1912 4510 2176 4567 exstinctis
2232 4512 2450 4592 vultibus
2508 4510 2757 4592 umbras:_
2790 4512 2955 4592 Favet
2999 4517 3133 4592 huic
3172 4522 3507 4592 conjectura:

1915 4601 2098 4659 prosa,
2124 4595 2181 4659 et
2205 4585 2474 4659 scriptura
2502 4584 2607 4638 mei
2639 4585 2874 4659 codicis,
2908 4598 2963 4642 et
2987 4587 3076 4643 ed.
3113 4584 3293 4659 Lips,
3316 4594 3513 4649 lumina

1914 4658 2117 4733 forma}.
2156 4656 2263 4733 ξμξά
2307 4657 2477 4726 magis
2524 4656 2733 4733 poetica
2756 4669 2855 4733 _eSt
2880 4659 3048 4733 lectio
3092 4656 3305 4733 recepta
3343 4682 3509 4720 :nant

1914 4732 2043 4784 caeci
2087 4728 2362 4783 deformes
2395 4734 2551 4789 sunt,
2581 4736 2636 4782 et
2664 4728 2769 4784 dici
2811 4730 3020 4797 solent,
3064 4747 3119 4787 ut
3170 4728 3323 4791 notat
3370 4737 3508 4792 idem

1914 4799 2296 4871 Wopkensius,
2323 4808 2377 4854 et
2404 4799 2507 4855 hoc
2540 4815 2736 4855 munus
2769 4804 3065 4869 poscebant
3102 4810 3231 4862 cmci
3252 4850 3264 4869 ,
3311 4816 3367 4861 ut
3396 4810 3511 4865 lor-

1917 4889 2058 4927 mam
2089 4874 2305 4927 amissis
2334 4871 2631 4926 luminibus
2662 4875 2989 4928 exstinctam
3024 4892 3433 4943 recuperarent.

1988 4945 2081 5018 54.
2123 4946 2306 5007 Cant”
2340 4961 2560 5018 vacuus.
2595 4944 2739 5018 quod
2770 4945 3043 5011 epitheton
3093 4962 3217 5017 apte
3256 4967 3283 5003 a
3336 4951 3509 5018 poclis

1916 5016 2369 5095 tribuiturauris,
2402 5015 2497 5095 sed
2528 5016 2631 5095 hoc
2664 5016 2783 5072 loco
2816 5018 2971 5095 metri
3006 5018 3091 5072 lex
3129 5015 3298 5085 poscit
3330 5015 3507 5095 rugas,

1916 5090 2054 5151 nisi,
2092 5088 2293 5142 omissa
2334 5090 2718 5147 coniunctione
2751 5088 2868 5157 que,
2897 5088 3063 5158 legas,
3101 5102 3157 5144 ut
3202 5088 3510 5151 revera'le-

1914 5162 2060 5231 gitur
2090 5162 2140 5213 in
2165 5160 2275 5214 Ott.
2311 5162 2361 5221 1.
2394 5158 2681 5231 Flebilibus
2704 5176 2909 5213 vacuas.

1990 5233 2078 5287 53.
2108 5232 2279 5298 Meus,
2304 5240 2579 5299 corrupte,
2607 5229 2717 5283 Nec
2738 5241 2922 5283 cuncta
2946 5232 3139 5299 solens;
3163 5249 3263 5288 ms.
3290 5234 3507 5303 Arntz.,

1922 5301 2033 5358 Nec
2077 5305 2275 5357 cunctis
2334 5318 2578 5376 cessans,
2637 5303 2779 5370 quod
2834 5316 2938 5357 non
2996 5302 3236 5371 ineptum
3294 5301 3513 5376 reputat

1922 5376 2246 5448 Arntzenius
2281 5393 2293 5427 :
2326 5374 2516 5448 durior
2554 5376 2699 5448 enim
2746 5383 2832 5448 est
2860 5378 3228 5448 eonstructio,
3271 5374 3511 5448 scilicet,

1923 5447 2033 5501 Nec
2080 5454 2319 5500 cunctata
2365 5446 2527 5516 pietas
2576 5443 2746 5516 solens
2788 5444 2976 5513 inferre
3021 5450 3219 5503 cunctis
3268 5443 3509 5508 salutem.

1922 5520 2028 5574 Pro
2050 5520 2239 5587 inferre
2260 5518 2323 5571 ed
2337 5515 2799 5588 .Lipssconferre.
2832 5517 2935 5571 Pro
2954 5518 3064 5572 Deo
3086 5521 3199 5588 pio,
3223 5522 3306 5576 vel
3332 5522 3514 5581 divina

1923 5586 2120 5664 pietate
2126 5590 2302 5664 pietas
2316 5586 2634 5664 simpliciter
2655 5603 2760 5664 non
2778 5590 2947 5664 semel
2974 5606 3001 5643 a
3028 5586 3250 5647 Sedulio
3270 5598 3513 5664 ponitur.

1997 5662 2085 5718 56.
2126 5659 2495 5731 Wopkensius
2539 5675 2640 5731 pro
2670 5660 2798 5728 Qua:
2821 5662 3045 5733 conjicit
3070 5680 3219 5733 cum,
3250 5659 3340 5723 vel
3374 5667 3514 5737 Quo.

294 5854 321 5896 1³
350 5854 657 5913 Obscurum
700 5850 753 5907 id
784 5862 901 5918 est,
931 5850 1050 5909 sive
1079 5853 1225 5924 legas
1265 5851 1523 5922 conlidere
1551 5865 1674 5909 cum
1708 5862 1815 5911 vet.
1850 5851 2000 5925 cod.,
2028 5852 2143 5909 sive
2170 5854 2456 5922 considere,
2488 5852 2633 5925 quod
2660 5855 2883 5914 Juretus
2909 5856 3168 5918 malebat.
