3920 6372
358 235 463 291 6ἷὸ

502 349 775 422 Evigilare
802 350 976 424 jubet,
1012 361 1134 423 qua
1165 360 1398 403 somnus
1438 342 1722 417 presserat
1751 345 1969 419 ingens,
2007 351 2055 411 Α

506 446 687 519 Atque
714 445 808 501 diu
837 443 1054 500 clausas
1073 456 1329 499 reserans
1355 440 1458 497 sub
1481 440 1659 497 fronte
1688 439 1979 509 fenestras,

507 539 855 613 lngrediente
881 537 993 605 die,
1022 536 1155 593 fecit
1187 536 1477 593 discedere
1504 544 1744 592 noctem.

398 638 467 694 Mt
580 635 716 690 Hinc
736 630 967 703 repetita
995 630 1138 687 sacri
1169 629 1434 703 gradiens
1452 646 1548 702 per
1569 628 1769 688 mtenia
1795 629 1983 700 templi

504 727 739 783 Lumina
769 725 992 781 ctecatis
1015 722 1195 793 dedit,
1226 734 1280 783 ct
1306 721 1545 796 vestigia
1571 721 1810 782 claudis.
1926 794 1933 800 ἡ

507 820 659 877 Talia
696 811 1006 877 davidicam
1036 829 1161 893 post
1188 819 1331 878 facta
1358 819 1659 893 reliquerat
1684 818 1896 887 urbem,

510 913 795 973 Bethania
839 915 1021 973 vicina
1061 926 1259 988 petens
1291 934 1305 971 :
1339 916 1644 989 eademque
1668 929 1947 982 reversus,

507 1003 867 1069 Clarescente
896 1010 1012 1083 die,
1045 1013 1380 1086 properabat
1409 1012 1593 1070 visere
1627 1019 1791 1069 tecta.
1956 1070 1957 1073 η

404 1104 477 1161 45
589 1103 732 1162 Ecce
758 1113 943 1162 autem
977 1105 1175 1163 mediis
1206 1117 1393 1165 astans
1422 1104 1676 1163 sublimis
1699 1105 1753 1160 in
1777 1104 1947 1168 arvis,

514 1198 777 1259 Frondea
798 1199 937 1259 ficus
955 1209 1077 1259 erat
1093 1244 1110 1273 ,
1137 1200 1299 1273 cuius
1327 1200 1383 1258 in
1406 1185 1610 1258 robore
1632 1198 1845 1255 nullum

514 1294 784 1367 Repperit
813 1296 1092 1365 esuriens,
1114 1296 1353 1354 lustrato
1380 1294 1600 1367 stipite,
1632 1308 1878 1366 pomum.

512 1389 893 1465 Arboreisque
958 1393 1172 1461 comis,
1236 1390 1358 1449 Jam
1415 1404 1561 1447 nunc
1617 1404 1690 1447 ex
1741 1385 1991 1461 germine

1712 1481 1921 1558 [vestro

1722 225 1939 287 C(EL"
1983 224 2259 286 SEDULII

3599 218 3703 275 676

2225 342 2386 417 281
2407 339 2622 408 Nullus,
2659 342 2754 411 ait,
2778 340 2988 396 fructus
3025 337 3299 409 reliquum
3318 344 3624 409 generetur
3655 340 3708 392 in

3401 431 3601 507 [terum
3615 473 3628 486 .

2124 532 2196 590 50
2232 531 2538 588 Confestim
2572 531 2789 589 viduata
2820 531 2936 589 suis
2967 529 3200 587 ficulnea
3232 528 3414 585 succis

2232 628 2415 696 Aruit,
2435 638 2492 685 et
2520 629 2683 687 siccis
2708 628 3007 702 permansit
3029 636 3243 684 mortua
3272 626 3461 681 ramis.

2230 718 2421 777 Omnis
2451 720 2596 778 enim
2628 722 2956 795 quicumque
2984 720 3097 777 Deo
3120 718 3196 775 nil
3231 719 3408 776 fertile
3436 719 3632 784 nutrit,

2233 815 2344 874 Ceu
2386 816 2591 872 sterilis
2619 826 2869 881 truncus,
2901 814 3064 887 lignis
3094 814 3402 886 aequabitur
3434 811 3593 867 ustis.

2236 910 2306 966 At
2341 908 2524 982 justus
2575 900 2771 983 palmae
2799 910 2999 968 similis
3027 890 3246 966 florebit
3276 922 3530 972 alumnae,

2131 1005 2200 1063 55
2237 1004 2469 1079 Semper
2517 1006 2725 1064 habens
2783 1005 3029 1077 frondes,
3080 1013 3137 1061 et
3180 1013 3453 1075 tamquam
3498 999 3713 1058 Libane

3382 1095 3638 1171 [cedrns,

2241 1194 2687 1267 Multiplicandus
2718 1195 2894 1264 adest,
2927 1203 2982 1251 et
3002 1191 3211 1250 vertice
3231 1187 3417 1250 sidera
3442 1188 3638 1259 tangit.

2243 1293 2407 1366 282
2437 1292 2569 1348 Post
2595 1292 2815 1348 oblatus
2836 1291 3170 1347 ei'virtutem
3201 1286 3377 1346 sensit
3403 1284 3639 1341 herilem

2244 1386 2473 1441 insanus
2502 1401 2761 1443 sermone
2805 1401 3024 1454 carens,
3048 1399 3209 1457 quem
3239 1380 3493 1438 faucibus
3518 1378 3687 1435 arctis

2245 1478 2498 1551 Angebat
2530 1482 2609 1536 vis
2639 1481 2822 1538 clausa
2851 1479 3003 1555 mali,
3029 1479 3332 1551 vitiumque
3360 1474 3591 1534 tacendo

1732 1623 1916 1682 OPUS
1958 1620 2348 1681 PASCIIALE.

372 1747 525 1814 dere,
570 1745 829 1807 diuturno
880 1744 1088 1801 lumina
1130 1758 1327 1801 somno
1368 1755 1707 1813 compressa,
1736 1740 1885 1813 vigili
1912 1756 1998 1798 re-
2035 1744 2078 1805 Β
2109 1739 2448 1813 spiritalibus
2492 1741 2676 1797 causis
2734 1740 2994 1797 convenit
3046 1739 3135 1796 lex
3195 1738 3380 1795 divina
3435 1733 3712 1809 cognosci.

374 1850 534 1914 pente
582 1848 727 1896 tactu
777 1837 1108 1908 perexcitat,
1160 1837 1512 1908 claustraque
1563 1835 1848 1891 latentium
1893 1834 1996 1891 sub

373 1933 557 1992 fronte
588 1947 850 1992 reserans
883 1930 1270 1999 fenestrarum,
1313 1930 1554 1987 intrante
1598 1929 1860 2002 protinus.
1884 1927 1993 1995 die,

375 2038 592 2087 noctem
626 2027 835 2101 pepulit
867 2026 1221 2099 caligantem.
1672 2034 1682 2043 ‘

448 2121 587 2179 Hinc
617 2137 773 2179 sacra
808 2118 996 2192 templi
1032 2135 1128 2190 per
1159 2119 1360 2177 mirantia
1390 2132 1583 2175 rursus
1607 2116 1990 2185 obambulans,

377 2219 540 2277 caecis
576 2210 730 2275 dedit
759 2227 1065 2288 aspectum,
1100 2214 1309 2273 claudis
1352 2213 1675 2269 reformavit
1696 2213 1994 2269 incessum.

384 2312 516 2369 Post
563 2311 680 2368 haec
726 2309 993 2368 nobilium
1018 2310 1352 2368 monimenta
1380 2312 1661 2373 virtutum,
1691 2306 1995 2364 davidicam

379 2404 647 2464 deserens
669 2404 973 2472 civitatem,
1008 2406 1240 2460 venerat
1271 2401 1326 2458 in
1375 2403 1494 2459 loca
1530 2400 1835 2467 Bethaniae,
1878 2399 1997 2456 die-

378 2512 489 2571 que
515 2512 767 2554 remeans
799 2483 1196 2569 subsequente,
1224 2496 1293 2552 ad
1324 2496 1444 2567 ejus
1476 2495 1627 2552 urbis
1648 2495 1830 2551 denuo
1858 2502 1997 2551 tecta

379 2592 668 2666 pergebat.
702 2590 870 2648 Ficus
897 2586 1040 2653 haud
1076 2592 1264 2663 procul
1294 2608 1324 2646 a
1351 2590 1543 2655 semita
1569 2590 1833 2647 connexis
1859 2589 2001 2647 fron-

376 2686 526 2742 dium
559 2683 887 2742 vclamentis
920 2685 1202 2755 umbrosa,
1234 2684 1397 2755 cujus
1429 2684 1479 2740 in
1504 2684 1705 2741 robore
1730 2699 1855 2738 cum
1882 2683 2001 2738 nul-

378 2770 491 2836 lum
522 2778 742 2851 penitus
775 2794 995 2850 pomum
1030 2777 1295 2835 Dominus
1324 2779 1616 2841 carnaliter
1647 2778 1894 2833 esuriens
1917 2766 1995 2833 iit-

375 2876 635 2941 venisset,
685 2872 1017 2929 inhumanos
1060 2873 1275 2951 arboris
1326 2886 1514 2929 ramos
1554 2888 1661 2926 non
1710 2871 1997 2927 maledicto

375 2969 605 3035 sauciat,
640 2968 734 3025 sed
766 2976 1049 3040 praecepto
1078 2970 1437 3035 condemnat,
1480 2967 1773 3038 increpans
1815 2967 1894 3021 sic
1940 2965 1993 3022 in

373 3079 494 3123 eam
529 3083 539 3119 :
588 3062 874 3142 Nunquam
912 3062 968 3117 in
1016 3072 1061 3116 te
1091 3048 1304 3133 fructus
1344 3072 1586 3117 nascetur
1625 3062 1679 3115 in
1719 3072 1989 3116 (uernum.

2105 1836 2247 1904 Quid
2274 1836 2421 1893 enim
2454 1837 2713 1892 materies
2742 1835 2862 1893 sine
2895 1852 3062 1892 sensu
3090 1834 3459 1907 peccaverat?
3486 1848 3716 1907 praeser-

2104 1933 2199 1989 tim
2233 1948 2356 2003 quae
2387 1931 2647 2000 fructum,
2683 1933 2826 1989 sicut
2854 1931 3067 1989 Marcus
3098 1932 3451 2005 Evangelista
3476 1946 3719 1988 comme-

2104 2036 2306 2097 morat,
2362 2028 2651 2100 incongrni
2705 2027 2915 2084 ratione
2967 2029 3231 2100 temporis
3281 2035 3396 2084 non
3445 2026 3713 2092 habebat;

2104 2123 2210 2179 nisi
2252 2122 2319 2178 ad
2348 2122 2770 2179 instructionem
2804 2122 3067 2177 Dominus
3106 2132 3313 2178 nostrae
3346 2122 3595 2178 utilitatis
3617 2119 3718 2177 hoc

2104 2225 2332 2287 ageret,
2360 2216 2451 2287 qui
2486 2216 2752 2272 factorum
2786 2231 3216 2286 sermonumque
3254 2213 3539 2286 parabolis
3560 2212 3717 2268 vitale

2105 2310 2263 2367 nobis
2296 2310 2400 2365 iter
2432 2310 2693 2366 ostendit.
2723 2309 2915 2365 Omnis
2945 2311 3112 2381 igitur
3139 2308 3397 2364 humana:
3427 2322 3719 2365 conversa-

2106 2405 2269 2461 tionis
2299 2404 2591 2473 indnstria,
2624 2420 2745 2475 qua:
2788 2404 2902 2460 Deo
2943 2404 3020 2459 nil
3065 2403 3251 2460 studet
3298 2403 3535 2469 nutrire,
3572 2400 3714 2473 quod

2102 2496 2336 2567 placeat,
2373 2504 2655 2566 tamquam
2686 2495 2821 2566 pigri
2849 2492 3053 2564 stipitis
3081 2493 3248 2548 arbor
3290 2490 3522 2558 inutilis,
3563 2489 3715 2561 plena

2105 2591 2322 2658 fronde,
2343 2606 2449 2647 non
2467 2594 2737 2661 germine,
2755 2590 2921 2660 lignis
2940 2588 3249 2660 aequabitur
3272 2585 3707 2653 concremandis,

2105 2686 2570 2760 quemadmodum
2604 2693 2659 2742 et
2689 2685 2779 2741 illa
2823 2684 2960 2740 licus
3002 2683 3341 2741 infructuosa
3384 2684 3708 2751 consistens,

2106 2797 2264 2853 quam
2297 2780 2560 2836 Dominus
2592 2783 2786 2847 vineae,
2822 2780 2913 2851 qui
2945 2795 3068 2836 eam
3111 2780 3487 2857 plantaverat,
3532 2778 3711 2850 prmi-

2106 2875 2259 2946 piens
2288 2874 2579 2945 amputari,
2613 2856 2714 2929 sub
2747 2875 2909 2928 unius
2939 2875 3065 2928 anni
3099 2873 3308 2928 dimisit
3358 2874 3612 2942 induciis,
3655 2880 3708 2927 ttt

2103 2972 2147 3025 si
2180 2975 2410 3025 frui-tum
2442 2970 2526 3027 vel
2564 2987 2689 3026 sero
2732 2970 3011 3035 redderet,
3056 2980 3430 3039 permaneret,
3459 2970 3705 3040 alioquin

2103 3064 2436 3136 meritojam
2467 3065 2700 3132 periret;
2742 3075 2798 3119 at
2834 3065 3159 3134 verojuxta
3202 3066 3481 3120 canticum
3523 3063 3703 3135 psalmi

288 3146 299 3152 ’
371 3161 790 3233 Confestimque
825 3158 1061 3215 ficulnea
1094 3158 1275 3214 succis
1304 3156 1522 3213 viduata
1552 3156 1876 3223 subtractis,
1913 3158 1995 3211 in-
2021 3162 2069 3228 ρ
2098 3160 2333 3216 dicentis
2360 3179 2372 3214 :
2401 3157 2612 3224 Justus,
2644 3161 2776 3214 sicut
2808 3160 3006 3231 palma,
3032 3160 3259 3231 ﬂorebit,
3283 3171 3331 3215 et
3354 3161 3486 3215 sicut
3509 3158 3701 3228 ceam,

371 3258 606 3314 fecunda
635 3256 910 3327 protinus,
939 3266 992 3309 et
1015 3250 1282 3309 deformis
1304 3267 1589 3309 comarum
1619 3251 1793 3320 posita
1819 3250 1997 3321 digni-

372 3363 485 3410 tate
516 3350 779 3424 peraruit.
817 3347 935 3404 Non
980 3356 1167 3403 tamen
1210 3345 1327 3403 haec
1368 3345 1700 3417 accipiamus
1746 3344 1813 3400 ad
1854 3345 2000 3400 litte-

378 3462 519 3513 ram,
571 3446 697 3502 licet
746 3441 1040 3499 maniietne
1088 3440 1388 3499 credantur
1434 3439 1683 3512 impleta,
1735 3440 1997 3511 quoniam

2103 3269 2219 3325 quo:
2244 3254 2298 3307 in
2324 3252 2524 3307 Libano
2553 3263 2657 3323 est,
2676 3251 3127 3326 multiplicabitur.

2185 3347 2321 3403 Exin
2354 3348 2571 3403 oblatus
2602 3358 2684 3405 est
2710 3349 2760 3403 ei
2791 3348 3010 3417 quidam
3031 3364 3157 3404 cum
3186 3347 3391 3405 furoris
3415 3346 3708 3413 incommo-

2108 3442 2199 3508 do,
2229 3443 2499 3504 sermonis
2526 3458 2742 3514 quoque
2766 3444 3059 3514 subjacens
3082 3443 3447 3513 detrimento,
3473 3445 3559 3499 cui
3585 3457 3707 3515 prm-

1898 3558 2213 3619 SIIHOLIA.

383 3657 481 3713 Ed.
512 3655 661 3712 Mon.
693 3664 747 3709 et
770 3669 933 3726 prosa
966 3653 1211 3726 referunt
1235 3652 1372 3723 Qua.
1399 3653 1520 3726 Vat.
1549 3652 1602 3719 1,
1624 3654 1756 3726 Que,
1784 3670 1995 3711 correc-

378 3699 803 3800 inpiger-Qua:
834 3726 919 3782 vel
951 3699 1124 3793 Quia:
1150 3699 1336 3800 amicti
1376 3699 1525 3800 dare.
1778 3699 1813 3791 ,ν

374 3798 565 3859 Ottob.
594 3802 646 3870 1,
677 3801 735 3866 2,
781 3798 949 3869 Ang.,
984 3800 1183 3854 sensit:
1214 3798 1309 3853 sed
1351 3803 1405 3853 in
1445 3798 1560 3855 Ott.
1606 3798 1665 3865 1,7
1705 3799 1847 3856 forte
1893 3799 1996 3857 fuit

373 3875 547 3941 sentit,
578 3887 700 3943 qua:
740 3882 826 3929 est
861 3871 1170 3927 communis
1206 3871 1499 3938 scriptura.
1555 3872 1652 3927 l'ld.
1688 3872 1865 3942 Lips.,
1899 3873 1993 3929 ab-

376 3946 560 4013 surde,
603 3944 776 4013 Quam
814 3944 969 4000 sentit
1004 3946 1235 4015 ﬂagrare
1271 3943 1480 3999 saltem.
1514 3943 1746 4003 Ξοιιθὰω
1780 3945 1989 4007 Poelnt.

378 4030 610 4092 negant,
660 4016 989 4101 pro.lumin_a
1027 4024 1248 4101 tangens
1295 4017 1740 4101 substituendntu
1779 4035 1993 4101 munera

376 4089 613 4167 tangens,
638 4089 783 4167 quod
813 4092 1004 4167 nescio
1053 4089 1277 4167 ubinam
1301 4090 1665 4147 Poelmanuus
1689 4091 1989 4160 invenerit,

381 4162 556 4237 neque
582 4162 794 4237 sciebat
820 4162 1177 4237 Arntzenius.

448 4234 539 4294 '58.
584 4234 865 4292 Fenestras
894 4236 1085 4291 oculos
1116 4234 1317 4304 passim
1353 4245 1550 4290 vocant
1580 4237 1882 4307 scriptorcs
1904 4251 1992 4294 ec-

382 4308 699 4377 clesiastici,
736 4319 793 4364 ut
825 4308 934 4364 dixi
964 4307 1032 4363 ad
1070 4308 1330 4363 Draconi.
1357 4306 1393 4362 Ι.
1422 4324 1501 4371 tu,
1526 4323 1673 4364 vers.
1702 4309 1828 4365 619.

454 4384 542 4438 40.
586 4382 821 4448 Poeim.,
869 4378 1005 4435 Caeci
1049 4390 1099 4453 et
1144 4380 1325 4434 claudi
1368 4390 1644 4453 sanantur.
1675 4412 1748 4423 —-
1780 4385 1990 4453 Arntz.,

383 4456 565 4511 limina
606 4454 783 4525 templi
815 4494 830 4518 ,
865 4467 986 4519 quae
1034 4452 1267 4525 phrasis
1298 4452 1433 4508 satis
1483 4457 1658 4525 poetis
1704 4454 1996 4511 familiaris

382 4538 493 4591 est,
527 4526 624 4581 sed
653 4524 720 4580 ad
746 4524 966 4597 aedilicii
1006 4524 1427 4597 amplitudinem
1456 4524 1834 4597 explicmdam
1879 4543 1997 4583 me-

388 4602 491 4662 lius
517 4598 866 4674 estintenia;
910 4596 986 4652 sic
1015 4595 1289 4654 iuvencus
1317 4598 1354 4652 l.
1386 4613 1445 4655 nt
1466 4645 1480 4669 ,
1516 4595 1568 4656 v.
1601 4600 1706 4656 674
1739 4617 1751 4654 :
1786 4599 1997 4674 Templi

387 4689 443 4728 se
468 4670 719 4727 moenibus
744 4671 925 4740 infert.

455 4746 549 4801 4'3.
591 4742 855 4810 Plerique
881 4754 1013 4795 mss.
1039 4740 1291 4796 scribunt
1316 4742 1615 4799 daviticam.

456 4818 547 4873 45.
594 4812 1204 4889 Arntu.,-tandemque;
1258 4810 1473 4889 Parrh.,
1518 4817 1830 4889 eodemque;
1874 4817 1993 4887 alii,

387 4890 685 4960 eademque.
712 4885 865 4960 Meus
880 4893 1166 4960 revertens,
1203 4901 1309 4942 ηοω
1342 4888 1505 4953 male,
1540 4905 1634 4958 pro
1664 4885 1918 4945 reversus.

456 4962 545 5017 45.
582 4956 832 5034 Poeim.,
868 4956 1029 5012 Ficus
1056 4958 1322 5013 inarescit.
1347 4989 1418 4999 ——-
1442 4956 1599 5028 Urii.,
1623 4974 1867 5017 constans
1900 4980 1995 5034 pro

384 5043 579 5090 astans.
614 5030 804 5097 Rom.,
830 5040 1025 5086 contra
1058 5042 1315 5098 metrum,
1346 5040 1513 5087 stans.

456 5106 546 5163 46.
591 5106 689 5161 Ηίεί
718 5118 910 5159 vorsus
938 5104 1217 5159 invenitur
1247 5106 1388 5172 apud
1417 5103 1616 5160 Bcdatn
1645 5105 1721 5159 De
1744 5114 1848 5161 art.
1879 5122 1994 5161 me-

386 5176 532 5245 lric.,
557 5189 611 5234 ct
638 5179 761 5249 ejus
784 5175 1180 5244 CommentaL,
1210 5177 1305 5232 sed
1330 5191 1437 5232 non
1466 5174 1738 5233 indicatur
1758 5180 1998 5235 auctoris

382 5264 606 5308 nomen.

456 5325 545 5380 47.
590 5322 740 5387 Aid.,
776 5319 997 5387 Parrh.,
1045 5321 1187 5377 male
1228 5321 1474 5377 scribunt
1501 5322 1758 5378 (νεανίσκε.
1787 5322 1901 5378 Ott.
1938 5324 1991 5391 l,

384 5396 609 5481 lustrata
652 5395 875 5467 stipite:
920 5392 1038 5465 lege
1080 5393 1303 5451 lustrato
1345 5410 1416 5451 ex
1465 5396 1672 5466 regulis
1720 5411 1997 5468 gramma-

385 5481 539 5527 IICCS.

451 5540 545 5597 48.
578 5536 848 5613 Plerique
890 5538 1236 5613 distinguunt
1283 5557 1526 5613 pomum,
1560 5571 1629 5583 ——
1650 5540 1995 5611 Arboreisque

378 5614 539 5673 comis
571 5629 587 5667 :
619 5605 933 5667 Jam'mtnc.
987 5605 1336 5669 Burmannus
1384 5605 1691 5672 orationem
1742 5615 1816 5670 ita
1876 5605 1992 5669 lan-

376 5702 549 5759 gnere
576 5687 653 5741 ait
672 5727 687 5767 ε
718 5698 839 5772 qua:
873 5698 1134 5772 numeros
1162 5701 1293 5740 suos
1326 5686 1525 5772 habet,
1558 5688 1601 5742 si
1628 5695 1756 5772 post
1780 5704 1991 5769 pomum

380 5756 539 5817 exeat
571 5756 853 5829 periodus,
875 5756 1090 5811 scilicet
1121 5756 1790 5831 pomariis—Arboreisqne
1806 5759 1987 5828 comis,

287 5903 292 5909 _
370 5834 487 5903 jam
539 5847 675 5886 nunc
734 5845 797 5884 ea:
846 5831 1075 5900 genuine
1129 5840 1313 5888 vestro.
1372 5831 1685 5890 Burmanno
1742 5831 1993 5889 adhaeret

2024 4498 2079 4560 D

2098 3656 2450 3732 Arntzenins.
2487 3657 2592 3712 Pro
2624 3657 2855 3732 germine
2893 3656 3152 3732 Parrhas.
3188 3656 3373 3713 minus
3413 3657 3554 3732 bene
3591 3674 3703 3732 9ης-

2098 3728 2252 3803 ntine.
2299 3728 2461 3785 Fabr.
2508 3740 2562 3785 et
2609 3730 2852 3785 nonnulli
2896 3731 2987 3785 alii
3024 3729 3257 3803 vulgati,
3284 3731 3514 3803 germine
3548 3728 3698 3785 vasta.

2099 3801 2293 3857 Melius
2326 3811 2412 3856 est
2443 3812 2609 3858 vestro
2640 3818 2738 3875 pro
2770 3812 2891 3868 tuo;
2917 3808 2970 3857 in
2997 3801 3127 3858 Urb.
3151 3801 3310 3857 error
3333 3804 3546 3860 videtur
3566 3818 3699 3857 certe

2099 3889 2197 3946 pro
2223 3884 2413 3930 vestro.

2170 3947 2259 4003 50.
2288 3947 2345 4003 In
2367 3946 2592 4017 ﬁculnea
2610 3945 2892 4002 subaudiri
2921 3955 3103 4017 potest
3119 3947 3318 4003 arbor:
3344 3948 3551 4005 Latinis
3567 3948 3699 4004 enim

2101 4029 2185 4077 est
2215 4019 2571 4090 atljcctivttnt.

2169 4094 2259 4149 55.
2293 4090 2619 4161 Coujectura
2664 4091 2918 4160 Vonckii,
2974 4091 3304 4162 W0pkeusii
3332 4103 3388 4149 et
3417 4092 3697 4148 Burmanni

2100 4176 2182 4222 est
2213 4167 2325 4220 istis
2358 4180 2455 4236 pro
2478 4166 2625 4220 ustis.
2648 4165 2978 4221 Parrhasius
3003 4166 3117 4235 jam
3141 4165 3392 4221 ediderat
3414 4163 3696 4234 istis,qnod

2101 4238 2315 4294 schedio
2334 4238 2649 4293 Poclmanni
2676 4240 2838 4292 etiam
2855 4237 3134 4293 exhibent.
3150 4239 3597 4293 Constans-lectio
3613 4253 3697 4292 cu-

2101 4310 2282 4366 dicutn
2316 4321 2402 4366 est
2426 4312 2578 4371 ustis.
2613 4310 2666 4362 lt.
2710 4327 2786 4377 e.,
2820 4310 3239 4369 concremandis.
3273 4320 3331 4364 ut
3363 4325 3522 4380 prosa
3542 4326 3696 4379 expo-

2103 4384 2211 4449 nit;
2237 4394 2330 4437 ant
2355 4382 2745 4447 concrematis,
2781 4393 2835 4436 ut
2863 4384 3046 4453 glossa
3077 4380 3319 4448 Almel.;
3364 4390 3459 4437 aut
3484 4383 3691 4447 siccatis,

2104 4465 2163 4511 ut
2189 4458 2366 4526 310ssa
2398 4455 2535 4524 Reg.
2573 4458 2597 4510 1
2625 4472 2638 4518 ;
2670 4465 2759 4509 aut
2786 4454 3160 4517 comburendis
3182 4496 3196 4520 ,
3224 4467 3282 4509 ut
3310 4454 3691 4519 Nebrisscusis.

2105 4528 2181 4584 ita
2213 4528 2396 4593 etiam,
2446 4538 2501 4583 ct
2530 4538 2681 4584 recte
2710 4526 2839 4599 legit
2872 4527 3015 4583 hunc
3044 4542 3264 4583 versum
3297 4527 3442 4584 Deda
3496 4530 3547 4581 in
3573 4526 3691 4582 Col-

2107 4602 2388 4659 lectaneis.

2175 4676 2265 4730 54.
2297 4673 2507 4744 Reg-1,
2539 4689 2767 4728 amoenas
2798 4704 2867 4714 —-
2887 4688 3091 4739 semper
3114 4671 3305 4727 habens
3328 4672 3553 4744 frondes,
3575 4684 3688 4725 cum

2102 4748 2280 4817 glossa
2314 4745 2580 4816 pulchras.
2615 4745 2764 4810 Alii,
2812 4760 3047 4811 amoena},
3081 4754 3138 4799 et
3167 4747 3414 4801 nonnulli
3455 4743 3687 4812 scribunt

2101 4835 2321 4881 amoene,
2355 4817 2501 4888 quod
2534 4836 2641 4888 pro.
2662 4818 2925 4875 adverbio
2957 4817 3129 4887 accipi
3162 4830 3363 4885 pntest.

2172 4893 2261 4948 53.
2299 4886 2571 4947 Ausonius
2603 4891 2834 4960 primam
2862 4886 3129 4960 corripuit
3162 4893 3215 4945 in
3238 4889 3487 4951 labantis,
3514 4886 3683 4943 Sedu-

2103 4964 2206 5019 lius
2232 4964 2511 5033 producit:
2545 4964 2638 5018 sed
2676 4965 2777 5017 hoc
2808 4962 2979 5029 magis
3023 4964 3303 5033 prepriom
3359 4961 3553 5018 Sedulii
3584 4969 3679 5033 est,

2101 5032 2244 5106 quod
2295 5036 2565 5107 adjective
2620 5048 2840 5104 usurpat
2872 5035 3071 5089 Libana
3118 5032 3186 5091 ex
3216 5034 3411 5107 Libano
3431 5075 3446 5097 ,
3473 5032 3679 5107 nurnine

2104 5104 2321 5163 montis.
2364 5104 2520 5164 tione
2551 5109 2727 5178 ipsum
2762 5106 2966 5164 Sedulii
2999 5120 3218 5163 versum
3248 5106 3508 5176 produxit
3542 5104 3672 5159 Beda

2102 5182 2152 5235 in
2185 5182 2510 5245 Colicetan.,
2561 5180 2659 5236 Sed
2702 5180 2920 5235 inverso
2951 5180 3185 5247 ordine,
3228 5178 3464 5234 Frondes
3488 5193 3673 5244 semper

2099 5254 2305 5317 habent,
2360 5263 2405 5307 et
2434 5262 2693 5326 tamquam
2741 5252 2943 5308 Libana
2972 5253 3194 5326 cedrus,
3228 5259 3336 5326 etc.
3374 5252 3435 5326 iln
3462 5261 3671 5326 numero

2103 5327 2336 5394 plurium
2396 5321 2777 5395 loquitur-quia
2832 5328 2996 5380 verba
3026 5323 3233 5380 Sedulii
3255 5323 3326 5380 ad
3364 5325 3532 5395 justos
3563 5321 3667 5393 plu-

2098 5398 2200 5454 rali
2231 5414 2459 5454 numero
2480 5398 2891 5455 accommodate
2918 5397 3198 5452 transfert.

2168 5470 2259 5527 56.
2288 5472 2567 5532 Nonnulli.
2600 5473 2770 5526 sidera
2792 5472 3006 5525 vertice:
3038 5470 3151 5533 alii,
3178 5479 3351 5542 tanget
3381 5482 3480 5542 pro
3499 5464 3660 5539 tangit.

2169 5545 2259 5598 57.
2282 5544 2452 5612 Meus,
2486 5542 2692 5599 Mutum
2720 5543 2859 5616 ejicit
2890 5543 3227 5598 (immanium.

2168 5615 2258 5673 58.
2291 5607 2460 5683 Alun,
2493 5633 2523 5671 a
2557 5632 2640 5687 pr.
2691 5607 2790 5682 m1,
2822 5615 2956 5687 Reg.
2992 5616 3043 5683 i,
3097 5616 3150 5670 in
3182 5622 3463 5679 contextu,
3495 5612 3594 5669 Ott.
3621 5607 3665 5669 i.

2098 5687 2243 5745 Vatt.
2276 5690 2327 5754 1,
2354 5705 2384 5745 a
2412 5703 2495 5759 pr.
2517 5706 2617 5756 m.,
2646 5690 2791 5754 atris,
2817 5688 2964 5758 quod
2988 5701 3209 5745 secutus
3232 5699 3317 5742 est
3341 5687 3586 5744 Ccilarius
3609 5693 3667 5735 ex

2097 5760 2317 5832 scriptis
2339 5762 2644 5830 codicibus,
2704 5770 2761 5815 ut
2781 5761 2877 5817 ait.
2918 5761 3117 5817 Verum
3150 5762 3417 5832 scriptura
3448 5768 3666 5815 commu-

2100 5834 2181 5890 nis
2214 5832 2330 5890 fere
2374 5835 2615 5892 omnium
2675 5844 2986 5892 nostrorum
3038 5833 3336 5905 codicum,
3383 5839 3436 5890 et
3477 5832 3663 5889 Arnll-i
