3826 6350
529 246 631 302 203

1691 231 1753 291 o.
1797 206 2131 277 AllRl-ZIJI'S
2175 212 2599 271 sntit-uates.

3640 193 3734 257 εοι

535 373 657 413 cura
678 366 756 409 est
784 354 847 405 de
879 350 1047 404 salute
1072 355 1227 414 atque
1257 344 1463 398 actibus
1513 323 1612 392 ιίιις
1641 339 1759 390 1.ιιιιι
1811 348 1862 388 et
1909 342 2086 402 optata
2122 334 2163 387 Α
2196 328 2475 394 αιὐςοτίρςὶ,
2507 324 2659 377 simul
2694 320 2808 374 misi
2878 328 2929 371 ut
2976 316 3233 369 correctio
3260 313 3469 377 utrique
3490 328 3517 362 a
3547 324 3594 362 te
3617 327 3715 377 pm-

536 446 803 504 noscendi.
838 443 1006 508 Atque
1030 438 1148 492 ideo
1176 432 1497 502 dignaberis,
1528 429 1734 497 «pitities
1784 427 1891 477 lors
1937 422 2093 475 dedc-

539 541 602 591 rit
645 532 970 593 facultatem,
1023 525 1198 581 ofﬁcia
1244 523 1384 575 circa
1418 533 1513 572 nos
1569 526 1763 571 mutua:
1803 510 2095 566 affectionis

539 624 779 691 implere.
817 620 963 672 Vale.

1151 700 1360 755 EPIST.
1407 698 1491 750 ΙΧ.

899 806 1203 849 εῖιιιιΑςιιιςε
1243 805 1351 843 ,ιυιι
1365 803 1460 841 \SO
1498 798 1735 838 RUSTICO.

609 891 775 945 Tanta
822 887 984 941 animi
1028 885 1292 949 voluptate
1321 878 1519 947 sumpsi
1570 877 1930 933 litterastttas,
1971 884 2100 937 quas

542 982 669 1035 mihi
703 986 823 1047 post
860 976 1074 1041 longum
1120 971 1384 1024 silentium
1433 964 1692 1022 detulisti,
1727 972 1781 1012 ιιι
1813 975 1897 1012 me
1934 958 2100 1009 fatear

541 1069 768 1138 querelae
807 1064 1001 1135 prioris
1029 1062 1248 1115 oblitum
1278 1077 1289 1109 ;
1316 1059 1434 1123 quia
1477 1051 1786 1107 memoriam
1819 1045 2099 1115 praeterita:

546 1155 946 1213 intermissionis
977 1148 1258 1219 antiquavit
1294 1148 1456 1215 gratia
1483 1153 1708 1197 recentis
1732 1140 1909 1192 oftieii.
1950 1137 2097 1189 Dein-

544 1236 670 1317 cer
699 1250 743 1303 si
771 1248 862 1303 tibi
890 1245 1036 1300 cordi
1057 1258 1195 1309 sum,
1227 1241 1530 1307 frequenter
1559 1248 1773 1302 operam
1798 1227 2105 1296 scriptionis

544 1341 786 1402 admitte,
817 1333 1178 1390 vicissitudine
1216 1325 1632 1384 remunerandus
1675 1332 1726 1374 et
1756 1320 2014 1373 sermonis
2056 1328 2105 1367 i-t

544 1433 757 1485 amoris.
782 1428 934 1483 Vale.

1166 1509 1379 1565 EPIST.
1418 1506 1481 1559 Χ.

993 1617 1300 1658 SYIISHCIIUS
1340 1613 1647 1653 NM'CIZLLitl.

617 1702 903 1765 lixspectas
931 1711 956 1745 a
984 1710 1066 1747 me
1090 1695 1294 1745 litteras
1324 1688 1578 1756 largiores
1607 1704 1616 1734 :
1652 1683 1752 1735 deli

547 1804 653 1844 tuo.
689 1790 823 1842 Laus
852 1796 935 1839 est
962 1784 1101 1836 enim
1134 1779 1328 1847 ingenii
1361 1792 1481 1829 cnut
1512 1772 1843 1827 desideratur
1874 1768 2105 1821 ubertas.

543 1882 647 1935 Sed
678 1880 834 1932 velim
860 1876 951 1930 tibi
974 1874 1255 1927 verborum
1281 1869 1483 1936 copiam
1507 1864 1807 1932 displicere.
1833 1859 1960 1912 Nam
1985 1858 2107 1923 quid

549 1981 689 2037 agat,
745 1983 848 2035 quo
906 1980 966 2019 se
1016 1974 1220 2029 vertat,
1264 1960 1349 2013 ubi
1395 1961 1704 2009 immoretnr
1748 1964 1897 2004 cassa
1953 1948 2146 2005 rebus

544 2063 747 2115 oratio?
770 2058 869 2114 Odi
893 2059 943 2111 in
973 2070 1134 2124 parvo
1155 2064 1381 2117 corpore
1409 2050 1560 2113 longa
1591 2044 1873 2098 velamina.
1910 2040 2000 2091 Illa
2023 2054 2107 2090 ve-

546 2159 640 2209 stis
667 2155 920 2207 decenter
951 2144 1156 2201 indutni
1186 2154 1286 2202 est,
1316 2156 1433 2209 quae
1481 2154 1583 2191 non
1610 2136 1773 2189 trahit
1816 2133 2106 2200 pulverem,

548 2260 644 2297 Nec
675 2244 726 2297 in
769 2242 981 2293 qunum
1007 2237 1238 2289 demissa
1270 2232 1521 2285 calcatur.
1545 2223 1737 2280 Scribe
1760 2236 1885 2290 ergo
1914 2217 2108 2286 aliquid

546 2337 684 2402 quod
735 2327 1105 2399 respondendo
1146 2319 1434 2391 producam
1468 2334 1482 2369 ε
1515 2327 1815 2384 quanquam
1857 2308 2110 2376 religione

546 2427 803 2494 decipior,
835 2421 921 2490 qui
971 2419 1067 2473 tibi
1117 2418 1307 2470 uberes
1355 2410 1609 2479 epistolas
1650 2406 1822 2460 audeo
1850 2402 2108 2472 polliceri.

548 2520 741 2574 Videre
763 2516 882 2584 quis
905 2514 972 2566 sit
1001 2513 1204 2563 futurus
1229 2514 1449 2561 eventus
1472 2500 1746 2554 sententiae
1765 2506 1887 2549 tum.
1912 2494 2109 2546 Tamen

547 2616 814 2662 memento
844 2619 947 2655 non
974 2603 1287 2656 electionem
1321 2609 1405 2647 me
1452 2590 1541 2644 tibi
1589 2585 1973 2655 spopondisse,
2017 2584 2108 2634 sed

546 2698 772 2767 cepiam.
799 2693 949 2748 Vale.

1058 2836 1059 2839 η
1162 2772 1375 2826 EI’IS’I‘.
1420 2769 1509 2823 XI.

993 2878 1297 2918 SYNMACHUS
1338 2872 1650 2912 NAL'CELLIO.

616 2964 824 3029 Sumpsi
853 2960 1050 3026 pariter
1071 2957 1308 3024 geminas
1333 2953 1533 3005 litteras
1556 2958 1693 3007 tuas,
1732 2945 1986 2999 Nestorea
2007 2982 2020 3004 ,
2057 2949 2112 2991 ut

617 3010 824 3029 ηψπ.--
853 3010 959 3026 την
1002 3010 1011 3011 κ
1073 3010 1101 3024 υ

549 3064 616 3113 ita
644 3056 885 3115 dixerim,
912 3066 1070 3105 manu
1096 3048 1340 3112 scriptas,
1368 3057 1588 3110 quarum
1614 3039 1761 3102 sequi
1792 3034 2104 3103 gravitatem
2135 3010 2179 3070 (ἶ

547 3151 749 3203 laboro.
777 3143 959 3197 Trahit
988 3142 1129 3193 enim
1162 3149 1258 3189 nos
1301 3146 1428 3185 usus
1475 3129 1729 3194 temporis
1774 3126 1825 3177 in
1875 3120 2107 3189 argutias

548 3236 836 3306 plausibilis
863 3228 1141 3285 sermonis.
1181 3225 1351 3289 Quare
1373 3222 1576 3289 azquius
1614 3215 1836 3269 admitte
1876 3212 2103 3279 linguam

548 3328 727 3382 seculi
758 3324 945 3385 nostri,
976 3329 1031 3374 et
1059 3318 1247 3372 deesse
1280 3312 1401 3367 huic
1427 3309 1667 3377 epistolae
1701 3304 1925 3380 Atticatp
1964 3302 2107 3352 sani-

550 3429 709 3471 talem
733 3415 852 3469 boni
875 3408 1113 3465 consule.
1148 3406 1371 3471 Dignum
1402 3409 1483 3452 est
1512 3406 1567 3450 ut
1596 3397 1706 3449 ιιωο
1749 3395 1855 3459 ipsa
1889 3390 2023 3458 apud
2057 3384 2111 3442 te

550 3510 717 3575 culpa:
749 3501 1017 3559 confessio
1046 3497 1212 3565 prosit
1236 3493 1301 3548 ad
1332 3490 1500 3545 veniae
1530 3487 1853 3540 facilitatem.
1879 3479 2028 3548 Quod
2064 3480 2105 3531 si

551 3596 800 3651 novitatis
830 3590 1113 3656 impatiens
1134 3601 1214 3645 es,
1247 3597 1395 3635 sume
1424 3579 1490 3632 de
1526 3578 1642 3629 foro
1685 3574 1941 3627 arbitros:
1978 3570 2104 3621 tnihi

551 3703 615 3742 an
643 3686 734 3738 tibi
764 3682 883 3750 styli
912 3677 1063 3730 venia
1092 3672 1351 3743 poscenda
1391 3669 1477 3721 sit.
1518 3662 1959 3726 Crede,-calculos
1990 3659 2106 3726 plu-

552 3796 637 3833 res
661 3778 924 3833 merebor,
953 3784 1056 3821 non
1092 3778 1243 3832 aequo
1271 3772 1323 3815 et
1354 3762 1513 3823 bono,
1554 3755 1646 3811 sed
1674 3755 1791 3822 quia
1825 3752 2005 3819 plures
2032 3749 2107 3798 vi-

553 3869 638 3941 tijs
662 3861 1033 3918 eomntnnihus
1065 3856 1258 3907 favent.
1284 3854 1462 3915 Itaque
1486 3857 1541 3899 ut
1573 3848 1683 3912 ipse
1732 3852 2107 3907 nonnunquam

553 3933 826 4024 praedicas,
870 3955 1135 4015 spectator
1157 3940 1350 3994 veteris
1378 3944 1601 3990 tuouetzc
1631 3933 1773 3984 solus
1800 3943 2105 3997 supersum;

554 4054 772 4099 exteros
793 4037 1129 4093 delinitnenta
1155 4045 1357 4083 aurium
1390 4026 1623 4093 capiunt.
1650 4024 1765 4076 Stet
1796 4021 1954 4085 igitur
1976 4020 2111 4070 inter

556 4149 651 4186 nos
679 4130 774 4183 ista
806 4126 1005 4195 pactio:
1037 4134 1092 4174 ιιι
1123 4137 1206 4172 me
1237 4117 1446 4183 quidem
1471 4112 1908 4180 juvetvetustatis
1931 4121 2110 4160 exent-

558 4225 670 4291 plar
698 4223 764 4273 de
786 4213 1109 4283 autographa
1141 4220 1228 4261 tuo
1257 4219 1489 4265 sumere,
1525 4214 1574 4256 te
1598 4210 1771 4253 autem
1811 4215 1912 4250 tton
1944 4197 2112 4264 poeni-

558 4322 663 4363 teat
688 4308 1001 4375 scriptorum
1033 4312 1265 4352 meormn
1299 4294 1434 4347 ferre
1462 4292 1770 4344 novitatem.
1806 4286 1917 4338 Non
1941 4285 2109 4338 silebo

558 4402 781 4455 alterum
825 4409 1013 4447 munus
1059 4387 1298 4455 opusculi
1355 4387 1447 4449 tui,
1492 4398 1596 4448 quo
1632 4379 1806 4447 prisca
1853 4378 2109 4443 cujusque

541 4489 859 4558 .teipublicm
884 4499 947 4537 ex
995 4483 1130 4534 libro
1176 4479 1361 4532 Gratco
1400 4477 1452 4526 in
1496 4474 1738 4523 Latinum
1772 4466 2104 4521 transtulisti.

563 4587 717 4633 Arma
747 4594 773 4629 a
803 4572 1147 4631 Samnitibus,
1199 4564 1419 4631 insignia
1443 4577 1471 4614 a
1508 4561 1713 4622 Tuscis,
1742 4560 1885 4625 leges
1914 4556 1978 4608 de
2005 4556 2113 4606 lare

564 4669 785 4738 Lycurgi
815 4674 869 4717 et
895 4661 1105 4716 Solonis
1152 4666 1569 4722 sumpseramus.
1603 4650 1747 4702 Tuus
1798 4646 1951 4699 nobis
1996 4653 2113 4711 pest

564 4733 674 4812 haec.
699 4733 895 4808 addidit
925 4751 1072 4802 labor
1118 4743 1392 4813 peregrina
1443 4746 1809 4798 monumenta,
1847 4748 1964 4801 qua;
2002 4733 2109 4799 jam

563 4849 640 4902 sui
671 4843 928 4899 nesciunt.
964 4839 1110 4891 Nunc
1151 4845 1275 4887 vere
1324 4828 1508 4883 civitas
1568 4833 1745 4878 nostra
1798 4822 2108 4889 populorum

566 4936 795 4991 omnium
812 4940 1001 5000 parens
1023 4926 1155 4976 facta
1171 4931 1251 4975 est
1268 4960 1283 4981 ,
1308 4921 1500 4972 docere
1530 4924 1703 4983 potest
1720 4912 1953 4979 singulos
1977 4909 2112 4961 anti-

563 5030 791 5098 quitates
805 4999 1040 5075 suorum.
1061 5017 1173 5083 Ipsa
1190 5026 1312 5065 vero
1328 5022 1447 5075 pars
1460 5011 1695 5060 materiae.
1715 5006 1869 5069 digna
1888 4999 2109 5059 laudari,

563 5126 759 5187 quanto
786 5112 1064 5165 verborum
1103 5102 1342 5156 stelatur
1387 5098 1553 5150 auro?
1602 5095 1818 5147 Nescias
1863 5090 2003 5143 cultu
2044 5104 2109 5141 an

564 5179 720 5261 rebus
748 5199 912 5268 magis
940 5191 1220 5250 voluminis
1234 5189 1399 5241 honor
1427 5184 1670 5252 gaudeat.
1702 5182 1776 5233 lle
1802 5193 1916 5232 mea
1960 5179 2112 5246 κει-ἰ-

568 5296 747 5348 tudine
774 5298 1102 5355 nequaquam
1149 5291 1200 5334 te
1227 5291 1407 5332 rumor
1440 5274 1659 5335 fefellit;
1708 5271 1800 5323 sed
1831 5270 1939 5335 jam
1984 5268 2113 5320 mihi

567 5384 747 5453 (modo
775 5379 927 5435 venia
954 5375 1075 5427 dicti
1108 5372 1198 5432 sit)
1241 5362 1677 5421 convalescenti-ae
1719 5370 1902 5426 portus
1936 5358 2113 5425 aperi-

572 5492 672 5528 tur.
698 5471 999 5527 Carmiuum
1032 5476 1238 5518 tuorum
1266 5458 1500 5512 codicem
1542 5452 1920 5516 reportandum
1951 5462 2113 5519 puero

596 5564 781 5625 radidi,
816 5570 865 5614 et
892 5558 1012 5625 quia
1051 5554 1349 5617 eclogarum
1384 5545 1511 5599 ordo
1538 5543 1787 5597 Confusus
1818 5551 1925 5595 est:
1957 5554 2111 5605 quem

2202 430 2387 479 stetur,
2412 426 2463 471 et
2486 416 2729 473 aliorum,
2761 424 2878 477 qua:
2907 421 3043 459 nunc
3088 406 3290 471 pangis,
3323 404 3569 471 adjectio.
3602 401 3731 453 Vale.

2794 538 3001 594 EPIST.
3043 536 3151 589 XII.

2658 666 2961 707 δϊκιιλειιυς
2998 661 3301 703 NAUCEIJJO.

2275 768 2328 819 Si
2378 767 2468 818 tibi
2521 764 2631 817 lucc
2675 778 2794 818 una.
2826 771 2879 814 ut
2909 762 3005 823 ais,
3030 755 3404 827 frequentandi
3447 755 3565 823 styli
3597 769 3737 807 caui

2205 868 2306 919 ὼι,
2338 867 2392 907 ιιι.
2424 872 2451 907 a
2478 869 2560 906 tne
2583 855 2748 905 vicem
2801 849 3060 903 sermonis
3089 847 3362 910 excludas,
3396 859 3635 911 magnum
3683 859 3718 894 si

2207 946 2350 999 leotii
2378 944 2540 998 nostri
2589 943 2639 996 in
2683 941 2866 993 litteris
2907 939 3008 991 tuis
3036 938 3257 1004 pretium
3297 946 3396 988 (κει.
3431 933 3557 987 Vide
3580 933 3740 1000 igitur,

2207 1055 2272 1091 ne
2305 1051 2387 1089 me
2414 1036 2638 1087 validius
2671 1048 2698 1085 a
2727 1028 3009 1084 scribendo
3037 1035 3251 1081 revocet
3280 1024 3482 1078 fructus
3513 1022 3707 1075 tacendi
3731 1038 3740 1074 :

2205 1130 2324 1195 quia
2349 1126 2391 1177 si
2428 1137 2567 1190 saepe
2594 1119 2961 1195 respondeam,
2994 1117 3232 1170 fortassis
3279 1128 3459 1166 curam
3499 1113 3740 1164 remittes,

2208 1234 2255 1269 lt‘
2285 1218 2392 1284 jam
2424 1217 2591 1268 victor
2613 1192 2798 1280 optati:
2827 1210 2975 1262 Mane
3004 1220 3130 1275 ergo
3162 1205 3212 1257 in
3243 1203 3512 1273 proposito
3533 1201 3742 1255 IIS~id||ir

2208 1306 2535 1371 scription‘s,
2588 1305 2746 1355 etiam
2780 1308 2897 1367 post
2946 1298 3220 1365 epistolam
3272 1309 3474 1353 meam;
3520 1275 3745 1358 quamvis

2212 1398 2387 1451 malim
2415 1394 2671 1449 creditum
2706 1402 2850 1443 tuum
2872 1403 3027 1456 quam
3048 1387 3263 1456 paginas
3294 1386 3591 1452 impetrare.
3624 1382 3743 1435 Sum

2211 1488 2423 1554 quidem
2456 1486 2557 1538 illae
2580 1482 2822 1536 Tulliano
2848 1486 3189 1547 segmentatm
3226 1491 3385 1529 auro:
3411 1474 3501 1527 sed
3531 1473 3596 1526 de
3628 1488 3745 1537 pra»

2212 1578 2451 1632 sentibus
2478 1573 2663 1627 amicis
2702 1572 2838 1623 bona
2882 1569 3031 1637 plura
3081 1572 3381 1619 sumuntur.
3442 1562 3555 1629 Ipsa
3600 1560 3747 1612 etiam

1761 1691 1886 1734 -ctor
1909 1677 2107 1746 judicio
2142 1675 2185 1732 Β
2215 1669 2371 1722 verba
2395 1662 2585 1717 melius
2605 1675 2671 1715 ex
2703 1658 2814 1712 oris
2843 1648 3074 1711 fo‘ntibus
3102 1652 3289 1715 ﬂuunt,
3326 1664 3483 1718 quam
3511 1648 3745 1701 mandau-

2216 1768 2297 1810 tur
2329 1755 2490 1809 textis
2513 1749 2717 1821 papyri.
2747 1748 2885 1813 Quin
2911 1760 3059 1813 ergo.
3090 1745 3354 1797 eluctatus
3375 1741 3512 1809 longi
3544 1739 3635 1791 otii
3668 1752 3737 1789 ca.

2213 1851 2367 1907 riem,
2389 1844 2616 1899 Coelium
2653 1848 2890 1893 nostrum
2921 1837 3139 1889 revisas.
3170 1832 3264 1886 Sat
3292 1831 3541 1899 temporis
3578 1828 3730 1895 Spulr

2220 1936 2515 1993 tiodatunt,
2559 1932 2709 1983 bona:
2751 1927 2864 1980 urbi
2910 1936 2961 1978 et
3010 1924 3326 1989 nptimorum
3366 1921 3556 1973 civium
3586 1918 3748 1970 limiti.

2220 2021 2531 2089 inteiligenti
2560 2030 2758 2077 tamen,
2802 2015 2941 2083 quod
2965 2022 3159 2066 nostra:
3204 2007 3362 2062 curia:
3395 2011 3535 2060 viros
3563 2022 3657 2059 u-u
3679 2020 3749 2055 ci—

2214 2129 2336 2181 pere
2364 2125 2463 2165 non
2492 2108 2672 2177 possit.
2705 2106 2851 2158 Vale.

2804 2194 3013 2248 EPIST.
3055 2192 3162 2245 .\'lll

2662 2299 2961 2339 δγιιιιιιειινε
2999 2294 3305 2335 ΝΛΙέϐΕΙῲΙιι.

2286 2383 2441 2434 Iiinas
2462 2380 2524 2431 ad
2556 2393 2637 2430 me
2663 2379 2862 2428 litteras
2885 2373 3228 2440 petiisse-quiis
3252 2379 3374 2421 tuus
3389 2364 3591 2419 detulit.
3611 2363 3757 2417 Fiat:-

2213 2473 2293 2525 dis
2337 2484 2610 2538 arguerer,
2658 2468 2755 2519 nisi
2798 2464 3013 2517 totidem
3047 2460 3413 2515 reddidissem.
3448 2457 3759 2525 Utrisqnete

2220 2561 2509 2614 rediturum
2541 2558 2792 2617 Romam,
2836 2554 2879 2605 si
2922 2566 3013 2618 per
3051 2565 3215 2602 annos
3256 2550 3444 2607 liceat,
3487 2547 3757 2612 spopondi-

2215 2652 2280 2703 sti
2314 2658 2719 2715 :smpcnnmero
2770 2642 2906 2695 idem
2941 2638 3245 2707 scripseras.
3289 2636 3423 2689 Nihil
3451 2637 3556 2701 jam
3593 2650 3751 2687 thoro:

2214 2740 2540 2806 syngraphas
2570 2744 2705 2787 tuas.
2740 2734 2935 2784 lterare
2963 2728 3274 2795 [Arattiissum
3294 2766 3307 2787 ,
3352 2726 3567 2778 fallacia:
3605 2726 3739 2776 medi

2216 2829 2344 2881 tatio
2373 2836 2474 2880 cst.
2500 2826 2621 2880 Scio
2654 2825 2824 2877 lentos
2852 2820 2915 2873 ad
2945 2816 3324 2886 capessendum
3352 2815 3583 2868 laborem
3615 2829 3761 2867 senes

2216 2918 2349 2971 fieri.
2391 2918 2493 2971 Sed
2524 2915 2643 2983 quia
2673 2920 2918 2967 crescunt
2951 2910 3073 2962 vitia
3106 2923 3223 2961 cntn
3254 2915 3509 2969 tempore,
3536 2906 3761 2967 ingratus

2214 3007 2340 3059 mihi
2389 3002 2736 3058 attrahendus
2777 3016 2873 3065 es,
2924 3000 3225 3066 priusquam
3254 2991 3529 3062 iustiorem
3561 2993 3758 3044 veniam

2213 3095 2370 3149 faciat
2398 3094 2606 3163 longior
2634 3092 2765 3145 dies.
2800 3091 3001 3142 Nullam
3029 3087 3222 3142 Nestor
3252 3087 3405 3137 tertio
3436 3085 3531 3137 aevi
3560 3083 3641 3136 sui
3671 3098 3758 3135 sa:-

2209 3186 2331 3239 culo
2359 3184 2561 3237 militim
2590 3182 2913 3235 vacationem
2948 3179 3215 3247 poposcit;
3255 3191 3352 3229 nec
3382 3175 3570 3228 Achilli
3607 3189 3757 3227 exen-

2208 3278 2342 3330 Savit
2370 3274 2540 3329 (etatis
2585 3281 2694 3328 s'ua:
2747 3274 2911 3338 frigus
2945 3267 3167 3323 Pbtenix
3214 3267 3463 3320 monitor.
3513 3264 3579 3317 Et
3623 3274 3760 3319 certe

2212 3367 2345 3417 haud
2396 3364 2615 3416 multum
2660 3360 2863 3414 itineris
2912 3356 3204 3423 interiacet.
3246 3353 3536 3420 Spoletium
3577 3354 3759 3405 subur-

2212 3458 2415 3508 banitas
2443 3464 2617 3507 nostra
2649 3459 2747 3504 est.
2789 3450 2919 3501 Dum
2948 3446 3186 3499 carmina
3218 3452 3303 3496 tua
3344 3440 3599 3507 ruminas,
3644 3447 3759 3493 dun:

2208 3554 2588 3620 epigrammata
2632 3548 2825 3600 oblatis
2855 3544 2984 3599 lucis
3012 3587 3026 3610 ,
3072 3550 3163 3595 aut
3189 3538 3432 3593 amnibus
3474 3534 3761 3599 componis,

2212 3646 2410 3696 lallitur
2434 3642 2605 3696 doctis
2634 3632 3036 3708 cogitationibus
3062 3647 3250 3690 sensus
3276 3632 3484 3686 laboris.
3517 3626 3659 3679 Vate.
3747 3617 3775 3638 "

2791 3750 3003 3807 EPIST.
3042 3747 3180 3801 XIV.

2670 3853 2966 3897 SYSIMACIIUS
3003 3849 3311 3891 NAUCELLIO.

2282 3963 2334 4015 In
2383 3973 2489 4013 :1er
2531 3971 2648 4010 meo
2673 3954 2828 4013 duco,
2857 3949 2996 4019 quod
3018 3958 3075 4019 te
3101 3946 3359 4000 adornare
3404 3948 3643 4009 optatum
3676 3955 3750 3990 rr-

2211 4054 2377 4107 ditum
2402 4047 2673 4105 nuntiasti.
2707 4043 2811 4098 Sed
2844 4042 2984 4094 male
3022 4049 3200 4091 metuo
3226 4076 3240 4098 ,
3292 4047 3357 4086 ne
3399 4032 3497 4085 hoc
3536 4029 3765 4083 studium

2213 4149 2319 4207 tui,
2349 4143 2559 4212 negatio
2594 4132 2931 4192 habitationis
2964 4127 3240 4197 impediat,
3273 4139 3425 4194 quam
3460 4130 3602 4189 peto,
3631 4128 3691 4171 ut
3719 4134 3765 4169 ιιι

2212 4237 2400 4289 bonam
2432 4243 2632 4299 partem
2665 4228 2768 4280 voti
2800 4240 2918 4291 erga
2944 4232 2995 4275 te
3022 4221 3121 4273 mei
3150 4226 3325 4272 certus
3357 4214 3601 4280 accipias.
3638 4212 3766 4263 Dens

2141 4350 2187 4406 ι)
2211 4329 2349 4380 enim
2385 4324 2517 4375 facio
2548 4330 2739 4381 testes,
2788 4314 2879 4369 has
2907 4316 3092 4367 domus
3115 4352 3131 4377 ,
3172 4325 3391 4377 quarum
3423 4310 3642 4360 alteram
3673 4320 3764 4373 po-

2216 4417 2421 4469 stulasti
2447 4452 2460 4472 ,
2506 4411 2812 4478 jamdudum
2846 4421 2872 4457 a
2906 4419 2988 4456 tne
3021 4401 3313 4468 hospitibus
3342 4413 3459 4451 ess'e
3502 4397 3763 4449 decretas.

2216 4508 2404 4569 Qtueso
2450 4502 2629 4567 igitur,
2672 4506 2726 4549 ut
2771 4501 3103 4549 sacramento
3130 4487 3434 4540 couunodes
3477 4483 3656 4546 fidem,
3685 4484 3765 4548 qui

2219 4596 2297 4645 vel
2327 4594 2505 4645 animo
2535 4600 2733 4643 tantum
2768 4599 2885 4637 meo
2910 4582 3127 4635 credere
3157 4578 3445 4639 debuisses,
3471 4585 3524 4627 et
3552 4577 3601 4626 in
3630 4576 3765 4625 mdes

2218 4694 2332 4737 tuas
2379 4681 2599 4734 festinus
2646 4688 2885 4731 recurras
2924 4688 2940 4725 ι
2983 4670 3239 4739 siquidem
3271 4668 3458 4721 domus
3482 4704 3497 4727 ,
3529 4679 3649 4730 qum
3680 4662 3765 4714 tit-t

2217 4773 2362 4840 prius
2386 4772 2667 4823 ambitiose
2692 4782 2786 4833 per
2828 4773 3031 4816 mtatem
3064 4760 3257 4813 viventi
3287 4766 3340 4809 et
3374 4752 3768 4807 habitanti'cuni

2219 4863 2396 4917 liberis
2440 4860 2731 4918 satisfecit,
2776 4856 2995 4909 senilem
3028 4848 3441 4905 moderationem
3472 4844 3771 4897 distributis

2218 4957 2269 5005 in
2296 4952 2426 5005 alias
2448 4951 2643 5003 domus
2674 4947 2796 4999 filiis
2824 4962 2925 4997 nntt
2955 4944 3112 4995 debet
3137 4938 3424 4991 offendere.
3458 4934 3605 4989 Vale.

2804 5053 3017 5107 EPIST.
3057 5051 3171 5105 XV.

2669 5157 2969 5198 εςηιιιιοιιιῖε
3005 5157 3089 5193 ΝΜ
3108 5154 3309 5193 (ἱειιιο.

2288 5262 2427 5315 Petis
2457 5268 2513 5312 ut
2542 5254 2886 5325 respondeam
2916 5253 3099 5303 litteris
3126 5252 3243 5302 luis.
3294 5247 3413 5298 llaec
3439 5242 3769 5298 denuntiatio

2216 5351 2523 5408 certaminis
2547 5356 2649 5402 est.
2681 5345 2786 5398 Sed
2814 5340 2951 5395 unde
2980 5339 3106 5393 mihi
3132 5350 3426 5405 quanquam
3458 5333 3764 5397 procedenti
3798 5362 3799 5381 ι

2221 5447 2270 5496 iu
2302 5456 2469 5495 annos
2496 5450 2711 5507 graves,
2758 5433 2925 5487 senile
2954 5431 3081 5485 illud
3110 5441 3164 5481 et
3190 5424 3481 5479 comicum?
3518 5423 3636 5489 Quo
3660 5425 3765 5489 jam

2680 5528 2691 5539 ι
2763 5526 2773 5535 ”
2821 5524 2842 5539 Ω
2884 5524 2922 5539 λ’
3037 5532 3047 5539 ι
3152 5535 3199 5539 ,μ
3241 5515 3473 5539 11.-..1...
3524 5515 3761 5539 --.l..-.‘..,

2220 5549 2272 5589 tu
2305 5542 2508 5587 veteres
2538 5524 2842 5584 aemularis?
2884 5524 2988 5579 Nec
3036 5532 3207 5575 tamen
3235 5515 3493 5572 defendet.
3524 5515 3766 5568 volunt-.1.
3798 5515 3799 5561 ι
