3920 6348
218 316 334 371 C77

260 423 350 490 60‘
377 435 722 494 Prodiderat.
752 436 861 494 Sed
905 445 1105 492 cuncta
1132 437 1316 494 solens
1346 438 1562 495 infirma
1586 441 1772 496 levare

372 528 662 593 Conditor.
685 530 913 606 obsessa
950 530 1158 600 pepulit
1179 530 1248 587 de
1270 531 1427 589 fauce
1455 533 1727 590 latronem
1749 577 1763 603 ,

377 623 444 679 Et
465 625 586 680 voci
626 623 885 695 patefecit
910 625 1040 689 iter,
1092 639 1342 697 nexuque
1371 628 1551 683 soluto

374 718 519 774 Muta
558 718 653 774 ditt
689 719 883 773 tacitas
903 716 1096 774 effudit
1124 719 1303 790 lingua
1336 721 1599 793 loquelas.

445 811 576 867 Post
590 810 852 866 Dominus
871 809 1144 868 Pharisea
1163 823 1352 884 petens
1367 814 1620 868 convivia
1641 828 1836 882 oriente,

251 903 328 966 65
369 901 590 960 Orantis
621 903 856 974 dapibus
887 918 1011 960 sese
1043 904 1344 976 impertivit
1370 906 1555 962 amici.

368 997 525 1055 Tunc
572 998 792 1067 mulier,
849 1014 1012 1071 quam
1042 998 1183 1055 fama
1215 1015 1451 1071 nocens,
1511 1010 1568 1059 et
1599 1002 1832 1074 plurima

1011 1084 1035 1170 ἠ
1610 1096 1762 1170 [vitae

368 1185 532 1258 283
571 1184 898 1243 Mordebant
944 1186 1145 1244 delicta
1179 1203 1294 1245 sua:
1321 1229 1335 1256 ,
1386 1189 1680 1246 clementia
1709 1205 1838 1262 sup-

854 1304 856 1306 ν
1615 1283 1764 1357 [plex

1371 319 1657 378 CARMEN
1698 319 2086 379 PASCHALE.
2129 320 2258 377 LIB.
2302 321 2394 378 IV.

1873 442 1923 504 Α

2092 436 2310 496 Corruit
2330 439 2668 511 amplectens
2701 438 2952 512 vestigia,
2982 452 3219 510 quaeque
3249 438 3487 509 profusis
3524 427 3530 436 ’

2093 533 2285 605 Irrigat
2313 535 2637 592 incumbens
2665 535 2948 608 lacrymis,
2981 543 3034 590 et
3059 533 3213 590 crine
3242 534 3424 588 soluto

1987 627 2055 685 70
2090 627 2204 685 Nec
2227 637 2449 700 tergere
2473 645 2679 700 sacras,
2714 645 2815 687 nec
2840 638 3024 687 cessat
3053 628 3299 685 lambere
3325 628 3562 699 plautas,

2091 722 2383 794 Unguento
2415 723 2689 796 fragrante
2719 725 2939 795 fovens,
2971 728 3250 782 sententia
3273 725 3454 781 donec

2096 815 2242 872 Laeta
2271 815 2393 884 Dei,
2422 832 2585 888 quem
2616 818 2761 877 ferre
2786 837 3006 878 manum
3040 835 3149 877 non
3202 819 3435 891 poenitet
3462 834 3564 874 un-

3271 913 3484 987 [quam,

2091 1005 2148 1060 Si
2177 1019 2278 1061 nos
2308 1004 2573 1076 paeniteat
2593 1015 2835 1064 veterem
2863 1009 3127 1077 qumsisse
3151 1009 3392 1076 ruinam,

2033 1107 2035 1109 ’
2086 1098 2261 1168 Valle,
2294 1099 2452 1168 fides,
2485 1099 2706 1166 mulier,
2741 1109 2830 1156 tua
2863 1111 2914 1158 te
2942 1102 3172 1158 salvavit
3202 1102 3273 1160 ab
3305 1101 3491 1169 omni,

1983 1195 2052 1252 75
2091 1191 2258 1268 284
2304 1193 2564 1264 Dixisset,
2599 1192 2980 1266 quodcumque
3018 1195 3147 1252 mali
3191 1195 3431 1269 gessisse
3477 1192 3569 1281 vi-I

3261 1291 3433 1365 [deris
3467 1308 3481 1347 :

1577 1378 1757 1436 ΟΡυὸ
1792 1378 2187 1441 PASCHALE.

208 1468 393 1525 clusis
423 1471 657 1528 faucium
689 1473 1064 1543 spiramentis,
1097 1475 1247 1531 nulla
1274 1475 1544 1554 labiorum
1567 1475 1836 1547 cymbalis

205 1579 324 1620 vox
364 1565 620 1634 sonabat,
667 1567 914 1638 nihilque
954 1568 1172 1640 penitus
1212 1585 1310 1626 ore
1355 1569 1706 1639 denuntians,
1749 1578 1833 1624 ta-

204 1659 393 1716 cendo
427 1668 632 1718 tnutam
668 1663 914 1732 publicat
943 1662 1240 1721 insaniam.
1289 1664 1399 1721 Sed
1444 1663 1699 1721 conditor
1743 1663 1836 1720 ille

202 1752 488 1818 sidereus,
520 1755 737 1811 infirma
770 1757 1032 1812 roborare
1063 1767 1384 1825 consuetus,
1420 1759 1692 1813 latronum
1737 1769 1835 1812 an-

202 1848 392 1916 gustis
418 1848 762 1927 anhelatibus
788 1859 815 1887 ιι
845 1850 1225 1906 imminentem
1268 1866 1298 1905 a
1329 1851 1502 1906 faucis
1547 1848 1837 1906 obsidione

205 1940 526 2012 decutiens,
561 1958 658 2013 per
685 1954 872 2013 aperta
907 1945 1056 2000 vocis
1091 1945 1286 1999 itinera
1316 1945 1575 1999 resplntae
1605 1943 1839 1999 vinculis

161 2028 163 2032 ’
206 2032 413 2105 lingua:
460 2036 625 2107 plena
655 2037 894 2094 reddidit
942 2039 1152 2109 loquaci
1187 2038 1441 2114 libertate
1483 2038 1835 2095 commercia.

287 2128 563 2186 Praeterea
588 2121 714 2191 dum
744 2131 1002 2188 Pharismi
1031 2131 1331 2202 cujuspiam
1361 2133 1688 2203 posmlantis
1713 2147 1863 2203 pro:

205 2223 331 2293 pria
361 2222 626 2279 Dominus
652 2225 973 2285 sublimaret
993 2227 1306 2283 humilitate
1332 2228 1668 2297 convivium,
1698 2228 1827 2283 ade-

206 2326 323 2383 rat,
340 2329 667 2389 properante
691 2319 964 2392 ingressu,
990 2321 1270 2392 peccatrix
1288 2322 1505 2391 mulier,
1520 2334 1571 2377 et
1599 2323 1824 2390 famosa,

205 2423 336 2480 qua:
376 2411 562 2468 multis
599 2412 924 2468 delictorum
971 2413 1295 2470 vulneribus
1338 2415 1600 2482 sauciata,
1653 2416 1824 2469 vitam

1864 1804 1915 1871 B

1941 1480 2168 1550 gerebat
2187 1479 2513 1535 obscenam.
2545 1479 2791 1550 Denique
2832 1492 3101 1534 corruens
3126 1473 3412 1549 provoluta
3436 1495 3560 1537 ves-

1942 1572 2108 1642 tigiis,
2137 1587 2239 1628 nec
2263 1571 2394 1628 fletu
2422 1572 2698 1644 proluere,
2725 1587 2825 1627 nec
2851 1571 3098 1628 crinibus
3120 1571 3431 1644 detergere,
3457 1566 3560 1630 nec

1942 1667 2183 1744 pretioso
2205 1667 2521 1738 quiescebat
2542 1676 2823 1738 unguento
2843 1666 3008 1736 pedes
3027 1666 3284 1728 osculans
3307 1667 3557 1740 irrigare,

1940 1760 2117 1816 donec
2164 1760 2504 1832 promulgata
2548 1758 2645 1815 Dei
2691 1759 2986 1823 sententia.
3037 1775 3198 1830 quem
3237 1759 3561 1816 cadentibus

1945 1867 2161 1908 manum
2190 1852 2325 1909 dare
2353 1867 2458 1908 non
2493 1854 2750 1923 poenitet,
2789 1853 2834 1907 si
2863 1867 2961 1907 nos
2995 1853 3233 1924 antiquae
3284 1852 3554 1908 lubricum
3587 1913 3590 1916 ,

1946 1946 2205 2016 poeniteat
2230 1945 2343 2016 jam
2375 1944 2572 2009 ruinae,
2605 1945 2788 2001 verbis
2817 1945 3212 2017 indulgentiam
3245 1945 3445 2002 talibus
3467 1963 3558 2003 re-

1942 2039 2174 2106 laxaret,
2203 2039 2433 2095 dicens:
2471 2037 2628 2092 Fides
2674 2049 2763 2093 tua
2807 2047 2853 2092 te
2893 2039 3089 2092 salvam
3134 2039 3298 2110 fecit:
3331 2039 3457 2094 vade
3502 2037 3556 2095 in

1943 2147 2090 2206 pace.
2139 2132 2183 2187 Ο
2222 2141 2488 2203 quantum
2534 2132 2752 2186 miseris
2795 2131 3093 2200 opitulatur
3132 2131 3367 2187 infirmis
3420 2131 3554 2186 illud

1937 2223 2289 2280 confessione
2321 2223 2604 2294 detegere,
2633 2223 2776 2292 quod
2820 2222 3200 2278 absconditum
3233 2222 3292 2278 fit
3322 2223 3553 2280 lt‘lhalt‘!

1935 2317 2120 2373 Nutrit
2149 2332 2382 2387 namque
2411 2331 2510 2373 sua
2545 2316 2798 2382 vulnera,
2834 2316 2928 2387 qui
2972 2317 3187 2385 celarit,
3229 2325 3290 2382 et
3330 2316 3554 2374 stimulo

1934 2412 2150 2468 doloris
2205 2413 2447 2467 incertus
2503 2410 2719 2467 medico
2771 2411 2982 2467 nudare
3040 2405 3264 2483 nrgligit
3318 2411 3553 2485 plagam.

1727 2507 1809 2565 SC
1818 2506 2026 2564 HOLIA
2038 2547 2052 2562 .

209 2599 380 2654 etiam
404 2598 632 2664 Almel.,
657 2616 764 2668 quo
794 2600 1046 2656 utebatur
1069 2601 1361 2665 Cellarius,
1388 2619 1455 2657 ex
1480 2603 1826 2658 correctione

209 2679 301 2726 est
323 2672 473 2744 artis,
497 2673 583 2726 vel
601 2675 780 2741 arctis,
800 2673 942 2742 quod
967 2673 1192 2744 perinde
1218 2675 1382 2729 valet.
1420 2673 1585 2730 Prosa
1617 2685 1670 2729 et
1694 2690 1827 2730 con-

212 2751 400 2815 textus
425 2742 525 2798 hoc
545 2744 721 2813 ipsum
748 2742 998 2815 poscunt.
1028 2746 1329 2801 Adhrcrent
1362 2747 1583 2807 Parrh..
1614 2745 1740 2800 Ald.
1772 2756 1827 2802 et

213 2814 357 2891 editi
389 2815 649 2891 meliores
663 2835 676 2869 :
709 2814 793 2891 sic
819 2831 965 2891 vers.
1001 2832 1117 2891 seq.
1152 2818 1384 2887 Angebat
1406 2834 1422 2891 ;
1448 2818 1538 2873 alii
1573 2817 1821 2891 Urgebat.

292 2886 386 2942 60.
421 2886 700 2949 Nonnulli,
733 2887 845 2955 Sic,
882 2889 1060 2942 minus
1089 2886 1248 2955 bene,
1274 2905 1370 2958 pro
1396 2890 1522 2945 Sed.

288 2959 380 3014 61.
403 2958 620 3032 Arata,
652 2958 872 3028 repulit;
898 2959 1034 3030 Reg.
1074 2961 1124 3026 1,
1154 2960 1401 3032 reppulit,
1437 2961 1530 3015 sed
1563 2961 1629 3017 ad
1662 2963 1822 3017 metri

215 3032 438 3104 regulas
475 3032 825 3104 scribendum
859 3033 943 3086 est
973 3034 1198 3101 repulit:
1258 3047 1377 3101 qum
1410 3035 1677 3104 scriptura
1722 3034 1821 3086 vi—

215 3103 380 3158 detur
403 3103 537 3174 satis
568 3103 886 3174 probabilis,
915 3104 1163 3173 quamvis
1187 3103 1357 3158 altera
1385 3103 1546 3173 longe
1577 3105 1647 3157 sit
1669 3120 1820 3159 com-

216 3190 458 3229 munior.
493 3172 762 3244 Ut‘prima
791 3175 845 3228 in
870 3172 1060 3245 repulit
1099 3175 1452 3244 producatur,
1478 3172 1642 3230 srrihi
1679 3178 1821 3231 solet

215 3248 487 3314 reppulit:
520 3261 583 3301 ac
611 3247 839 3302 fortasse
861 3248 1026 3316 aliqui
1057 3247 1263 3301 librarii
1290 3255 1562 3314 putantes,
1591 3249 1820 3315 primam

217 3332 442 3387 semper
486 3317 751 3385 protrahi,
805 3327 1080 3372 mutarunt
1127 3319 1320 3386 repulit
1351 3320 1401 3372 in
1437 3320 1654 3387 pepulit.
1717 3319 1824 3374 Pro

218 3389 474 3460 damnatio
507 3388 761 3443 latronem
795 3402 1014 3460 usurpat
1045 3397 1228 3444 noster
1256 3403 1436 3458 poeta,
1497 3404 1552 3443 ut
1582 3390 1824 3445 Pruden-

218 3459 331 3515 tius
364 3459 611 3515 Hamart.
647 3477 787 3517 vers.
818 3459 965 3516 9l6':
994 3461 1078 3515 Ne
1131 3470 1307 3515 cernat
1342 3460 1697 3516 truculentum
1725 3461 1828 3517 ali-

217 3547 374 3604 quem
405 3533 470 3585 de
508 3543 655 3602 gente
683 3533 967 3586 latronum.

289 3602 379 3658 62.
415 3604 599 3659 Ottob.
633 3606 683 3672 1,
715 3605 864 3672 Alb.,
903 3608 1112 3669 Arntz.,
1152 3607 1314 3675 Aug.,
1350 3606 1507 3659 vocis.
1546 3604 1699 3660 Vocis
1726 3607 1827 3660 iter

219 3685 307 3732 est
335 3676 473 3744 apud
494 3675 778 3747 Virgilium
805 3677 843 3731 Ι.
861 3692 956 3742 vn,
976 3692 1119 3731 vers.
1153 3677 1279 3731 554.
1299 3678 1401 3732 Pro
1419 3680 1526 3730 voci
1543 3678 1667 3731 facit
1695 3678 1829 3732 Ovi-

219 3747 346 3802 dius
373 3747 408 3800 Ι.
447 3763 494 3799 tv
556 3749 680 3803 Met.
716 3764 856 3804 vers.
887 3748 982 3804 69:
1023 3747 1096 3820 Et
1119 3749 1231 3801 voci
1254 3749 1447 3820 fecistis
1478 3748 1606 3802 iter:
1628 3765 1826 3819 qnam-

217 3835 383 3889 quam
425 3820 588 3890 etiam
627 3821 768 3890 apud
800 3820 1055 3876 Ovidium
1084 3819 1139 3873 in
1164 3820 1455 3875 nonnullis
1492 3820 1827 3876 editionihns

219 3891 462 3963 invenio,
520 3889 589 3944 Et
622 3893 758 3946 vocis
786 3894 978 3963 fecistis
1008 3893 1124 3946 iter.
1177 3891 1316 3963 Editi
1353 3893 1614 3962 plerique,
1673 3893 1822 3959 voci,

219 3961 385 4018 Fabr.
432 3973 486 4018 et
518 3964 670 4030 pauci
701 3961 812 4028 alii,
845 3965 1003 4017 vocis.
1036 3962 1254 4029 Parrh.,
1288 3961 1571 4031 mendose,
1609 3965 1826 4035 patefeci

218 4049 324 4105 pro
351 4037 612 4106 patefecit.

292 4108 385 4160 65.
438 4107 766 4161 Arntzeuius
813 4107 1121 4176 suspicatur
1175 4107 1432 4177 placidas,
1467 4106 1519 4160 h.
1547 4121 1621 4174 e.,
1660 4107 1819 4175 tales,

217 4177 418 4247 quibus
451 4178 616 4232 Deum
663 4177 925 4233 laudaret.
960 4179 1176 4249 Saepius
1203 4179 1349 4234 enim
1389 4178 1626 4248 placidus
1654 4179 1707 4234 in
1741 4190 1823 4234 ta-

221 4250 357 4303 citus
388 4259 785 4304 commutatum
815 4261 918 4304 est.
947 4251 1089 4306 Nihil
1119 4264 1288 4307 muto.

292 4321 383 4376 64.
408 4320 594 4388 Rom.,
625 4319 721 4377 Ubi
748 4322 951 4394 mulier,
977 4340 1091 4394 quae
1111 4335 1218 4378 erat
1240 4326 1293 4378 in
1315 4323 1519 4378 civitate
1546 4324 1828 4389 peccatrix,

219 4393 408 4481 rigati}
435 4393 599 4481 'pedes
627 4393 818 4481 (Ilm'sti
841 4393 1119 4481 lacrymis._
1137 4394 1535 4481 Meus-tlnberat
1554 4412 1585 4449 α
1608 4397 1834 4464 peccatis
1856 4420 1911 4481 υ

284 4465 618 4537 agdalenam.
648 4497 720 4504 —
742 4464 929 4537 Rom,
955 4464 1241 4534 inendose,
1281 4469 1551 4521 l’lmrisee.

295 4536 518 4612 65._M~.
558 4536 850 4591 Burmanni
879 4553 1001 4594 cum
1034 4540 1198 4612 Aug.,
1234 4541 1383 4609 Min,
1411 4540 1604 4594 scribit
1626 4541 1825 4608 impar-

220 4609 354 4683 tivit.
391 4610 640 4683 Plerique
670 4611 966 4681 impertivit,
1024 4609 1400 4668 sed'nonnulli
1434 4627 1530 4682 per
1559 4627 1820 4683 cetnpen-

221 4681 370 4735 dium
406 4682 730 4735 litterarum.
1438 4681 1441 4682 ⁷
1687 4681 1700 4683 “
1782 4741 1784 4743 .

290 4751 380 4807 66.
414 4752 595 4817 Rom.,
631 4752 824 4825 pluria,
850 4767 995 4808 corr.
1026 4755 1271 4823 plurima,
1309 4755 1821 4825 lnveniturquidem.

221 4825 402 4895 pluria
434 4832 490 4879 et
511 4823 802 4897 compluria
844 4839 944 4894 pro
972 4827 1125 4894 plura
1152 4835 1207 4880 et
1250 4827 1561 4897 compluria.
1602 4823 1715 4882 Hoc
1740 4837 1820 4882 ta~

221 4913 346 4950 men
390 4897 510 4968 loco
535 4895 730 4968 melius
756 4907 840 4952 est
884 4899 1278 4966 superlativum
1311 4895 1558 4968 plurima.

290 4968 380 5023 68.
400 4966 767 5036 Wopkensius
791 4970 1094 5038 Strepicatur
1114 4970 1294 5035 Irruit,
1312 4966 1402 5024 aut
1421 4968 1646 5037 Corripit
1664 4987 1681 5022 .’
1700 4967 1830 5039 pro-

221 5039 349 5110 bum
383 5047 563 5094 tamen
593 5041 834 5110 agnoscit
857 5055 980 5096 esse
1005 5041 1237 5106 Corruit,
1264 5051 1321 5095 ut
1350 5043 1382 5095 l.
1418 5057 1498 5102 ιιι,
1522 5043 1817 5097 vers.107:

221 5109 432 5165 Corruit
474 5124 595 5166 ante
623 5109 802 5182 pedes.
836 5112 978 5167 Idem
1013 5113 1377 5182 Wopkensius
1408 5113 1458 5167 in
1497 5131 1708 5183 qumque
1746 5117 1829 5169 ait

218 5185 530 5238 encliticum
565 5199 664 5255 quc
694 5184 1032 5239 SUiﬂlIlm0:iU
1069 5187 1226 5239 metri
1259 5199 1421 5239 causa
1455 5187 1712 5253 injectum
1741 5190 1845 5238 κοί-⁸

219 5256 374 5310 deri:
409 5255 648 5325 alioquin
681 5256 992 5325 suspitrandi
1023 5256 1175 5310 lucus
1198 5271 1341 5312 esset
1375 5273 1602 5326 quasque
1632 5260 1817 5327 profu-

217 5328 309 5396 sis,
343 5330 555 5382 scilicet
575 5328 799 5398 plantas,
831 5337 888 5381 ut
911 5337 957 5381 et
988 5330 1038 5381 in
1071 5329 1247 5381 verbis
1275 5337 1322 5380 et
1353 5331 1492 5381 crine
1521 5332 1689 5381 soluto
1725 5343 1818 5395 po-

217 5397 380 5452 natur
415 5415 512 5467 pro
553 5399 723 5452 etiam.
759 5400 1010 5454 lt‘ortaSse
1052 5413 1225 5452 sacras
1255 5401 1459 5466 plantas
1489 5409 1573 5453 est
1600 5414 1830 5454 accusa-

221 5471 364 5524 tivus
393 5473 771 5540 appositionis.
810 5471 872 5524 Et
912 5485 970 5524 ea
1023 5469 1247 5538 \estigia
1301 5472 1527 5535 (sacras
1583 5471 1819 5542 plantas)

215 5556 339 5609 qua:
367 5543 578 5608 irrigat.
613 5559 713 5594 nec
734 5551 942 5609 tergere
971 5553 1170 5606 cessat,
1198 5556 1302 5594 nec
1333 5542 1589 5595 lambere.
1627 5542 1820 5597 Verior

218 5620 399 5683 tamen
431 5614 808 5680 interpretatio
837 5613 1144 5667 desutuitur
1180 5628 1243 5665 ex
1280 5629 1385 5667 non
1418 5613 1620 5682 vulgari
1651 5614 1819 5683 signi-

219 5682 474 5738 ficatione
504 5683 904 5753 conjunctionis
932 5703 1029 5754 que
1061 5698 1157 5753 pro
1189 5685 1364 5748 etiam,
1410 5701 1627 5754 quoque,
1680 5682 1816 5740 utin

290 5808 315 5834 ιι
343 5797 488 5874 Male
510 5808 662 5874 vetns
684 5797 1259 5874 cadesanhelantibus,
1286 5799 1384 5874 nisi
1411 5799 1606 5869 legeris
1627 5817 1820 5874 augus-

219 5871 300 5927 tiis
331 5870 717 5927 anhelantibus.
751 5870 937 5926 Melius
961 5871 1293 5942 reposuisset
1321 5870 1543 5928 Juretus
1575 5870 1818 5928 anlietiti-

1938 2600 2198 2665 hodieque
2248 2601 2513 2656 ceruitur.
2566 2599 2830 2670 Exetupla
2866 2599 2969 2654 alia
3001 2615 3067 2655 ex
3114 2598 3310 2665 Plinio,
3345 2600 3554 2670 Tacito,

1941 2673 2168 2738 Velleio,
2196 2674 2422 2728 Aurelio
2451 2672 2695 2736 Victore,
2728 2666 2930 2739 profert
2954 2666 3546 2730 Forcellinus..ltertnn

1937 2744 2192 2800 Sedulius
2217 2747 2319 2800 hoc
2353 2745 2516 2809 libro,
2542 2743 2858 2815 vers.7152:
2890 2740 3287 2814 Discipulosque
3309 2745 3462 2815 alios,
3495 2757 3554 2802 ut

1934 2832 2003 2873 ex
2035 2831 2167 2871 mss.
2202 2816 2510 2882 restituam,
2544 2831 2642 2886 pro
2672 2814 2977 2883 Discipulos
3023 2832 3222 2886 quoque
3247 2817 3398 2872 alios.

2008 2891 2095 2945 7t).
2139 2887 2310 2954 Mens,
2355 2887 2545 2948 Rom.,
2583 2888 2800 2951 Parrh.,
2845 2886 3060 2942 scheda:
3094 2888 3329 2956 Poalm.,
3378 2891 3548 2957 Alm.,

1930 2961 2117 3027 Arnt.,
2173 2965 2339 3028 Aug,
2393 2958 2617 3031 Tergere
2660 2974 2752 3031 nec
2787 2975 2981 3024 sacras,
3032 2975 3125 3013 nec
3172 2972 3368 3018 cessat:
3403 2963 3547 3030 quod

1931 3031 2172 3100 praetulit
2219 3030 2581 3095 But-manuus,
2613 3030 2736 3101 quia
2770 3040 2912 3101 tergo
2955 3031 3143 3099 poetis.
3163 3031 3418 3088 usitatius
3441 3040 3549 3101 ρει,

1931 3117 2096 3172 quam
2128 3115 2317 3174 tergeo.
2345 3103 2518 3158 Torn.
2564 3105 2628 3158 ὃς
2664 3100 2886 3172 Tergere
2915 3119 3007 3156 nec
3043 3113 3224 3174 cessat,
3255 3122 3346 3159 nec
3368 3100 3550 3159 sacras

1895 3173 2158 3228 ‘lambere
2187 3177 2414 3246 plantas.
2451 3174 2704 3248 Plerique
2743 3187 2877 3248 mss.
2915 3186 2971 3228 et
2997 3174 3151 3243 editi,
3197 3173 3309 3230 Nec
3351 3186 3549 3248 tergere

1931 3263 2132 3311 sacras,
2165 3245 2256 3299 nec
2288 3255 2453 3300 cessat
2481 3245 2705 3298 lambere
2748 3246 2975 3316 plantas,
3009 3248 3150 3314 quod
3183 3249 3354 3316 magis
3385 3245 3546 3304 aures

1936 3318 2006 3390 itu
2017 3319 2148 3386 plet.
2166 3317 2438 3390 Lambere,
2456 3314 2786 3390 deosculari,
2809 3327 2866 3369 ut
2886 3333 2919 3390 _a
2931 3319 3035 3383 pud
3058 3314 3339 3390 Paulinum
3364 3336 3546 3390 [l0t'l|l.

1934 3389 2026 3515 2&2,
2054 3387 2261 3472 Overs.“'
2283 3388 2384 3444 541
2423 3407 2435 3442 :
2467 3389 2722 3457 Castaque
2765 3387 3050 3443 lambentes
3086 3389 3298 3445 Domini
3328 3387 3546 3465 vestigia
3641 3414 3643 3416 ·

2020 3471 2152 3514 rtslt.
2440 3480 2449 3489 ’

2020 3463 2152 3514 risli.
2440 3480 2449 3489 ’

2010 3534 2098 3586 71.
2143 3533 2301 3601 Mss,
2338 3543 2395 3588 nt
2437 3532 2490 3586 in
2518 3532 2638 3586 aliis
2669 3532 3033 3595 scriptoribus
3073 3534 3294 3598 accidit,
3337 3537 3553 3592 variant

1940 3604 2124 3679 inlice
2155 3606 2323 3660 verbo
2352 3605 2644 3679 scribendo
2665 3621 2688 3679 :_
2707 3605 2798 3659 alii
2832 3604 3109 3675 fraglante,
3143 3606 3236 3661 alii
3264 3609 3549 3679 flagrante;

1937 3675 2028 3730 alii
2063 3679 2348 3748 fragrante,
2377 3676 2522 3746 quod
2549 3675 2648 3730 hac
2675 3676 2728 3731 in
2764 3691 2824 3730 re
2868 3679 3120 3732 usitatius
3164 3675 3272 3733 est.
3324 3675 3547 3748 Versus,

1932 3748 2126 3801 nescio
2160 3750 2363 3823 cujus,
2397 3755 2482 3802 est
2513 3765 2525 3800 :
2575 3748 2704 3823 Quis
2748 3748 3246 3823 flagrant,__ardent;
3275 3752 3416 3818 quod
3442 3752 3552 3823 fra-

1936 3828 2070 3892 grat,
2098 3820 2252 3873 mittit
2285 3822 2520 3885 odorem,
2555 3830 2611 3872 ut
2646 3819 2860 3873 diversa
2909 3819 3183 3875 scribendi
3229 3825 3369 3877 ratio
3409 3819 3548 3892 pra:-

1940 3891 2228 3945 scribatur.
3088 3916 3092 3920 -

2011 3962 2098 4034 72.
2139 3961 2368 4034 Schedze
2405 3961 2618 4034 Poelm.
2666 3960 2823 4026 Lata,
2873 3962 3016 4034 quod
3057 3977 3120 4017 ex
3161 3978 3320 4032 prosa
3367 3974 3547 4034 potest

1937 4033 2273 4088 confirmari.
2301 4033 2360 4089 In
2391 4033 2508 4089 Ott.
2535 4034 2562 4088 1
2591 4035 2756 4088 etiam
2783 4041 2868 4088 est
2896 4033 3052 4102 Lata,
3077 4038 3172 4090 sed
3197 4036 3341 4092 male
3363 4033 3548 4093 inver-

1941 4106 2074 4160 titur
2106 4107 2240 4159 ordo
2268 4105 2460 4176 horum
2491 4120 2767 4170 versuum,
2807 4120 2930 4160 nam
2962 4108 3112 4176 prius
3138 4109 3357 4171 Dtlllillll‘
3380 4106 3542 4176 Lata,

1943 4186 2055 4232 tum
2082 4176 2379 4250 Unguento.
2402 4175 2722 4250 Communis
2751 4177 2914 4232 lectio
2936 4175 3020 4232 est
3049 4179 3213 4244 Lana,
3246 4188 3300 4236 et
3321 4175 3545 4237 Nebris-

1903 4250 1916 4264 °
1944 4252 2126 4305 sensis
2147 4249 2389 4320 exponit,
2413 4251 2580 4304 lectam
2609 4249 2806 4320 faciens
2827 4250 3114 4305 mulierem.
3137 4251 3340 4305 Contra
3372 4253 3548 4308 Juve-

1943 4322 2083 4376 nalis
2137 4319 2239 4376 sat.
2285 4323 2340 4388 2,
2377 4338 2520 4375 vers.
2552 4319 2627 4392 ϐξ
2658 4337 2668 4372 :
2701 4319 2890 4375 Tristis
2913 4322 3167 4376 sententia
3195 4327 3383 4392 fertur.
3417 4324 3549 4381 Post

1939 4393 2089 4448 hunc
2110 4409 2328 4466 versum
2350 4393 2494 4448 Laeta
2514 4393 2567 4447 in
2604 4391 2762 4466 Rom.
2790 4403 2846 4448 et
2871 4394 2980 4466 Ott.
3005 4396 3062 4458 Ξ,
3093 4396 3351 4450 inseritur
3381 4396 3545 4466 alius,

1939 4481 2103 4536 quem
2133 4464 2320 4540 czeteri
2347 4466 2614 4540 ignorant,
2647 4465 2876 4540 scilicet,
2975 4483 3135 4540 quam
3158 4467 3429 4538 confestim
3456 4464 3548 4540 pe-

1936 4547 2090 4662 Iezgtt
2132 4538 2436 4591 discrimina
2484 4537 2601 4606 leti,
2656 4538 2770 4605 vel,
2823 4547 2880 4592 ut
2939 4537 3227 4610 legendum
3262 4537 3543 4610 arbitror,

1965 4621 2008 4662 et
2049 4626 2087 4662 ι.
2599 4638 2603 4643 ι

1937 4610 2066 4665 let/ti
2075 4647 2087 4661 .
2599 4638 2603 4643 ι

2015 4683 2100 4736 75.
2144 4680 2263 4735 Vet.
2299 4681 2352 4746 1,
2379 4696 2821 4755 perperam,non
2848 4695 2944 4755 pro
2968 4698 3081 4736 nos.
3099 4680 3256 4738 Rom.
3285 4699 3381 4753 pro
3405 4700 3546 4755 qua:-

1937 4755 2088 4817 sisse,
2119 4769 2226 4808 non
2259 4755 2422 4819 male,
2455 4755 2658 4822 fecisse.
2688 4753 3014 4809 Arntzenius
3047 4769 3110 4808 ex
3152 4756 3386 4824 quodam
3416 4753 3541 4813 ’ms.

1942 4826 2140 4879 indicat
2175 4827 2413 4890 sensisse,
2448 4825 2591 4894 quod
2622 4840 2784 4878 sensu
2815 4837 2984 4880 caret.

2014 4898 2101 4952 74.
2146 4898 2255 4951 Ott.
2288 4899 2340 4963 1,
2370 4897 2554 4964 Rom.,
2587 4896 2832 4969 salrabit,
2859 4913 3048 4952 errore
3069 4897 3194 4969 inde
3224 4907 3367 4965 orto,
3397 4899 3540 4969 quod

1928 4969 1968 5022 ’ὁ
2009 4981 2060 5024 et
2109 4969 2326 5037 vfaeile
2371 4969 2511 5024 inter
2564 4984 2623 5025 se
2672 4968 3020 5024 inusabantur
3049 4968 3120 5022 ob
3151 4969 3368 5024 affinem
3414 4968 3543 5040 pro-

1943 5042 2360 5097 nuntiationem.

2014 5113 2102 5169 75.
2149 5114 2330 5179 Cant.,
2378 5113 2602 5173 Almel.,
2649 5111 2863 5182 Arnlz.,
2896 5126 2922 5162 a
2958 5125 3039 5179 pr.
3068 5125 3166 5182 m.,
3211 5111 3344 5182 Reg.
3384 5112 3434 5178 1,
3471 5128 3541 5169 ex

1937 5185 2300 5248 correctione,
2351 5185 2484 5252 Reg.
2517 5185 2571 5249 2,
2603 5184 2709 5242 Ott.
2747 5184 2797 5248 1,
2842 5181 2898 5245 2,
2930 5182 3075 5234 mali.
3124 5181 3181 5236 lu
3216 5182 3340 5239 Vat.
3377 5184 3397 5236 1
3433 5184 3546 5240 for-

1940 5266 2084 5310 tasse
2115 5258 2264 5326 prius
2295 5255 2395 5310 fuit
2422 5256 2566 5317 mali,
2612 5265 2797 5326 postea
2831 5253 3146 5326 factumest
3175 5254 3334 5326 malo,
3377 5265 3544 5325 atque

1943 5324 2139 5382 iterum
2174 5331 2310 5383 alius
2352 5338 2634 5380 corrector
2672 5325 2911 5396 restituit
2949 5324 3099 5377 mali.
3133 5324 3192 5396 in
3223 5325 3354 5396 Reg.
3387 5329 3410 5382 1
3444 5324 3549 5383 fuit

1943 5401 2078 5453 male
2107 5410 2231 5455 ante
2272 5401 2687 5453 correctionem.
2723 5395 2844 5450 Vat.
2874 5396 2929 5458 ‘2,
2972 5396 3103 5466 Reg.
3138 5395 3193 5465 5,
3235 5395 3394 5461 Urin,
3426 5399 3546 5454 Ott.

1940 5473 2000 5536 2,
2035 5471 2214 5537 Rom,
2243 5471 2408 5533 Mens,
2440 5467 2563 5521 ΑΙιΙ.
2589 5478 2642 5522 et
2669 5468 2914 5538 plerique
2946 5469 3101 5538 etiiti,
3129 5469 3288 5524 malo.
3312 5471 3547 5527 Scheda:

1944 5544 2287 5606 Poelmann.,
2329 5551 2385 5593 et
2427 5543 2638 5602 Arntz.,
2684 5542 2996 5611 asecuntla
3048 5557 3209 5595 manu
3240 5547 3548 5611 corrigente

1941 5615 2105 5668 simili
2133 5611 2315 5673 modo,
2342 5611 2604 5665 exhibent
2632 5609 2795 5665 malo.
2830 5611 3048 5672 Pal'l'il.,
3076 5613 3263 5677 Fabr.,
3288 5609 3454 5668 Torn.
3490 5615 3548 5681 5,

1941 5697 1992 5740 et
2022 5682 2270 5737 nonnulli
2300 5682 2390 5736 alii
2425 5685 2626 5754 vulgati
2657 5699 2782 5738 cum
2816 5683 2980 5755 Ang.,
3013 5684 3164 5750 ΑΙΙ›.,
3197 5685 3410 5738 malum.
3441 5685 3551 5741 Ro-

1951 5800 2060 5853 bus.
2091 5797 2340 5870 mendum
2375 5808 2504 5868 puto
2533 5799 2794 5870 latronum
2842 5816 2938 5868 pro
2965 5798 3237 5866 latronem,
3272 5809 3326 5855 et
3357 5805 3546 5870 postea

1941 5869 2117 5924 excide
2145 5869 2344 5924 homini
2373 5870 2470 5941 pro
2503 5872 2585 5927 exi
2608 5869 2670 5927 de
2701 5872 2927 5927 homine.
