3920 6322
412 204 519 264 679

552 322 719 381 Utere
753 337 886 395 pace
908 336 1049 381 mea.
1082 320 1275 393 Magna
1305 326 1389 376 est
1421 318 1692 375 medicina
1716 318 1901 386 fateri,

551 418 711 485 Quod
738 426 902 477 nocet
923 408 1219 483 abscondi;
1242 413 1505 488 quoniam
1538 428 1635 468 sua
1668 413 1895 469 vulnera
1925 430 2027 469 nu-

1811 507 1951 581 [trit,

562 612 666 683 Qui
697 610 847 681 tegit,
878 617 936 665 et
964 609 1174 680 plagam
1206 605 1444 678 trepidat
1472 605 1684 662 nudare
1715 604 1980 660 medenti.

560 708 640 763 En
674 705 873 777 polluta
904 703 1019 775 diu,
1051 702 1325 761 modicum
1359 712 1584 775 purgata
1611 700 1847 758 recessit

447 807 514 863 80
554 804 659 860 Per
680 802 966 874 gemitum,
989 800 1308 873 propriique
1329 798 1585 855 lavansin
1613 796 1828 869 gurgite
1844 794 2025 861 ﬂetus,

548 897 747 956 Munda
770 897 887 955 suis
911 896 1172 970 lacrymis
1202 896 1367 963 redit,
1395 903 1455 953 et
1475 895 1695 951 detersa
1718 891 1955 963 capillis.

601 993 833 1064 Jamque
848 989 1205 1063 Capharnaete
1222 1004 1553 1063 synagogam
1569 988 1864 1044 intraverat
1883 980 2033 1037 urbis

554 1086 679 1144 Rite
701 1086 913 1144 docens
936 1084 1192 1157 populos,
1225 1099 1389 1156 quem
1410 1098 1534 1139 cum
1556 1079 1785 1137 vidisset
1814 1077 2034 1147 iniquus

548 1182 809 1249 Humano
832 1182 937 1239 sub
962 1181 1133 1237 corde
1163 1180 1363 1247 latens,
1393 1180 1634 1235 clamore
1667 1181 1924 1243 protervo

443 1275 511 1335 83
544 1276 717 1351 285
746 1276 988 1349 Spiritus
1038 1274 1345 1343 infremuit,
1381 1272 1524 1340 Quid
1578 1270 1758 1338 nobis,
1785 1277 1844 1323 et
1896 1265 2028 1322 tibi?

1698 1361 1913 1437 [dicens
1940 1380 1953 1414 ;

558 1468 799 1535 Perdere
819 1481 943 1537 nos,
971 1466 1081 1523 heu
1100 1467 1115 1523 l
1140 1463 1382 1532 Christe,
1406 1462 1594 1520 venis?
1616 1460 1745 1517 Scio
1766 1458 2025 1528 denique,

1777 1552 1892 1626 [qui
1927 1550 2025 1613 sis,

1818 197 2035 261 C(ELII
2074 195 2350 260 SEDULII

2054 323 2109 386 A

3510 68 3751 173 ,τ

3648 190 3753 254 seu

2277 317 2349 373 Et
2379 320 2627 371 sanctum
2657 323 2935 385 cognosco
2966 310 3087 377 Dei;
3110 325 3213 367 nec
3241 311 3399 380 plura
3429 311 3673 382 locutus,

2286 410 2523 481 imperio
2552 410 2815 478 terrente,
2848 416 3013 475 tacet,
3038 406 3430 476 hominemque
3458 406 3681 480 reliquit

2292 507 2508 573 Pulsus,
2542 515 2597 562 et
2628 505 2683 561 in
2715 518 2916 560 vacuas
2945 502 3158 575 fugiens
3180 502 3405 559 evanuit
3433 517 3616 559 auras.

2181 604 2250 659 90
2360 600 2453 656 Sic
2483 599 2648 656 etiam
2680 594 2851 653 variis
2876 596 3038 652 linem
3067 595 3425 668 languoribus
3450 609 3576 651 esse

2282 695 2459 760 Fecit,
2493 703 2549 749 et
2568 692 2823 750 exclusos
2847 706 3066 762 semper
3087 690 3325 746 reticere
3354 686 3535 758 coegit

2282 791 2672 854 Daemonas,ac
2696 787 2859 843 talem
2884 786 3141 858 prohibet
3168 800 3233 842 se
3256 785 3500 857 pandere
3533 794 3743 841 testem.

2280 884 2420 941 Olim
2449 882 2648 955 quippe
2676 879 2854 946 ferox,
2890 892 2946 936 et
2973 881 3143 951 nigrae
3183 880 3378 935 mortis
3407 888 3621 935 amator

2273 976 2379 1035 'llle
2411 993 2623 1034 nocens
2650 976 2865 1049 anguis,
2892 975 3143 1048 dejeCtus
3166 974 3411 1032 culmine
3440 972 3568 1031 caeli

2176 1074 2246 1132 95
2284 1073 2453 1149 286
2474 1072 2609 1130 Cum
2638 1073 2875 1144 pompis,
2900 1071 3177 1143 sociisque
3198 1071 3338 1139 suis,
3371 1070 3633 1141 omnique
3660 1086 3749 1127 ne-

3554 1162 3750 1239 [laudat

2283 1262 2517 1333 Agmine
2543 1261 2777 1329 militiae,
2806 1260 3111 1329 Christum,
3144 1275 3307 1332 quem
3349 1269 3581 1316 noverat
3620 1260 3747 1325 illic,

2278 1354 2569 1427 Conspicit
2595 1356 2649 1411 in
2684 1355 2865 1423 terris,
2891 1355 3165 1410 velamine
3186 1353 3370 1410 carnis
3402 1364 3682 1425 opertum,

2284 1450 2535 1521 Etgemit
2553 1464 2677 1505 esse
2703 1447 2911 1503 homini
2932 1449 3222 1504 Dominum
3242 1448 3468 1503 virtutis
3493 1447 3744 1504 amicum.

2356 1541 2603 1614 Dumque
2628 1539 2757 1614 Tyri
2777 1552 3155 1614 transgressus
3172 1542 3297 1611 iter,
3316 1539 3547 1598 Sidonia
3569 1556 3753 1598 rursus

1772 1645 1951 1704 OPUS
1993 1636 2386 1699 PASCHALE.

408 1750 549 1807 Ecce
579 1761 727 1804 nunc
761 1746 961 1803 femina
988 1745 1233 1803 diuturni
1262 1743 1525 1816 contagio
1571 1742 1751 1799 morbi
1790 1742 1993 1813 polluta
2019 1786 2032 1808 ,

412 1842 567 1915 parvi
615 1842 852 1914 gemitus
899 1840 1203 1897 afﬂictione
1245 1848 1531 1911 purgatur,
1570 1838 1768 1908 suique
1812 1835 2028 1907 gurgite

410 1936 569 1994 ﬂetus
600 1937 868 2005 abluitur,
900 1945 956 1992 et
986 1934 1247 2006 lacrymis
1278 1928 1521 2004 perfusa,
1547 1931 1760 2002 capillis
1784 1939 2027 1995 extersa,

413 2030 651 2088 discedit
682 2030 907 2098 munda,
942 2045 1065 2101 qua:
1092 2037 1325 2085 venerat
1354 2025 1597 2083 sordida.

490 2126 573 2182 Ad
606 2125 796 2180 urbem
829 2138 1052 2196 quoque
1092 2121 1478 2195 Capharnaum
1517 2118 1739 2175 nomine
1766 2116 2030 2174 Dominus

414 2235 539 2278 cum
581 2221 847 2286 venisset,
898 2220 953 2275 in
997 2234 1099 2289 qua
1148 2218 1419 2289 plurimos
1457 2229 1750 2289 synagoga:
1794 2212 2029 2269 concilio

2220 1733 2487 1790 Similiter
2526 1734 2790 1791 Dominus
2838 1734 3025 1791 multis
3062 1735 3301 1793 diversae
3340 1735 3748 1809 languentibus,

2140 1834 2195 1882 et
2222 1826 2387 1883 variae
2414 1825 2590 1883 cladis
2618 1828 2930 1885 calamitate
2949 1829 3157 1885 vexatis
3187 1846 3347 1901 opem
3382 1833 3643 1903 praestitit
3669 1847 3747 1888 sa-

2141 1919 2393 1989 lutarem,
2428 1922 2707 1993 multaque
2728 1922 2995 1979 daemonia
3024 1924 3191 1980 verbo
3213 1938 3326 1980 suae
3348 1926 3643 1995 potestatis
3664 1942 3751 1983 ex-

2138 2013 2287 2068 clusa
2338 2013 2486 2085 loqui
2531 2018 2745 2084 penitus
2797 2032 2904 2071 non
2956 2017 3190 2084 sinebat,
3245 2017 3410 2074 [idem
3460 2019 3752 2091 majestatis

2138 2110 2395 2165 :etlierete
2423 2109 2515 2165 tali
2553 2108 2878 2183 dedignatus
2918 2121 3056 2167 teste
3082 2113 3321 2184 vulgari;
3366 2115 3573 2185 quippe
3603 2126 3748 2172 vetus

2141 2204 2332 2275 anguis
2366 2204 2459 2260 ille
2494 2216 2781 2277 tartareus,
2813 2206 2938 2261 vitm.
2965 2206 3237 2276 perditor,
3261 2211 3460 2264 mortis
3481 2209 3748 2274 inventor,

416 2313 657 2372 caelestis
691 2312 922 2385 populos
951 2300 1241 2377 edoceret,
1266 2309 1452 2366 subito
1484 2324 1581 2380 per
1607 2308 1857 2363 humanae
1884 2304 2034 2362 vocis
2130 2313 2254 2356 cum
2284 2307 2396 2355 tcta
2420 2300 2643 2355 socialis
2668 2315 2877 2372 pompa:
2906 2301 3208 2369 dementia,
3238 2312 3468 2375 totoque
3498 2304 3749 2360 damnato

419 2408 788 2464 ministerium
818 2406 1107 2476 corporale
1140 2404 1512 2476 nequissimus
1546 2402 1640 2457 ille
1669 2399 1923 2457 diabolus
1954 2407 2037 2454 ta-

414 2504 521 2561 lem
556 2502 779 2558 fremuit
807 2502 860 2556 in
894 2499 1240 2557 clamorem:
1276 2496 1418 2565 Quid
1456 2495 1571 2564 tibi,
1602 2503 1651 2551 et
1693 2493 1865 2560 nobis,
1904 2492 2033 2548 Jesu

417 2598 727 2655 Nazarene?
759 2596 942 2653 venisti
990 2596 1208 2665 perdere
1237 2586 1367 2649 nos?
1398 2592 1546 2659 Scio,
1590 2592 1703 2663 quis
1745 2594 1848 2659 sis,
1911 2606 2033 2644 san-

416 2702 526 2749 ctus
558 2693 680 2747 Dei.
709 2691 945 2760 Moxque
970 2690 1203 2745 Domino
1224 2688 1515 2743 minaciter
1531 2687 1747 2742 dicente
1771 2684 2032 2757 perterri-

413 2797 522 2855 tus,
563 2796 730 2859 atque
767 2784 1020 2857 deiectus
1058 2802 1072 2839 :
1126 2782 1455 2851 Obmutesce,
1498 2791 1547 2836 et
1586 2782 1767 2837 excide
1806 2778 2027 2847 homini,

412 2880 625 2954 spiritus
664 2877 950 2946 immunde,
987 2892 1186 2949 magno
1217 2876 1453 2933 reboans
1483 2890 1607 2931 cum
1643 2875 1872 2946 mugitu,
1922 2888 2031 2944 quo

408 2973 682 3033 divinose
708 2971 973 3029 fateretur
999 2971 1233 3042 imperio
1263 2970 1636 3037 verberatum,
1672 2968 1897 3040 reliquit
1927 2969 2029 3024 hu-

410 3079 571 3123 mana
601 3064 927 3138 praecordia,
962 3062 1178 3136 fugiens
1209 3063 1263 3119 in
1297 3078 1461 3118 auras
1512 3077 1622 3117 non
1656 3060 1896 3118 videndo
1929 3062 2027 3119 ob—

414 3176 630 3220 scuras.

2134 2395 2341 2451 militiae
2377 2396 2523 2453 faedo
2555 2398 2812 2475 satellite,
2857 2397 3073 2455 caelesti
3119 2398 3372 2470 dejectus
3414 2417 3446 2457 e
3484 2401 3747 2471 culmine,

2134 2492 2439 2563 Christum,
2470 2508 2634 2565 quem
2665 2495 2717 2549 in
2752 2495 2843 2550 illa
2871 2504 3107 2552 noverat
3138 2512 3266 2553 arce
3296 2497 3616 2566 sidereum,
3646 2508 3754 2555 stu-

2137 2588 2299 2660 pebat
2331 2588 2383 2643 in
2413 2588 2573 2644 terris
2605 2589 2788 2644 carnis
2818 2588 3125 2646 humilitate
3158 2591 3450 2659 vestitum,
3482 2592 3751 2664 magisque

2137 2686 2393 2759 gemebat
2422 2685 2549 2741 hinc
2573 2686 2792 2755 lividus,
2826 2686 2972 2759 quod
2995 2688 3211 2745 virtutis
3236 2687 3476 2745 Domino
3501 2690 3751 2746 cernebat

2140 2780 2421 2837 hominem
2450 2782 2531 2837 sic
2557 2781 2834 2837 dilectum.

2209 2874 2457 2945 Dumque
2483 2874 2611 2945 Tyri
2639 2874 2840 2930 dehinc
2864 2874 2985 2930 ioca
3012 2877 3354 2946 prmteriens,
3383 2874 3617 2933 Sidonio
3646 2877 3742 2932 Do-

2135 2971 2321 3026 minus
2350 2970 2677 3042 graderetur
2700 2973 2751 3025 in
2776 2971 2989 3037 littore,
3014 2971 3231 3033 curavit
3257 2971 3503 3028 oblatum
3535 2974 3741 3044 gemina

2135 3066 2424 3137 quemdam
2456 3065 2769 3121 calamitate
2800 3064 3208 3133 miserrimum,
3250 3066 3341 3137 qui
3369 3066 3521 3123 vocis
3566 3077 3620 3122 et
3655 3082 3740 3121 au-

2136 3160 2281 3214 rium
2326 3161 2569 3231 privatus
2590 3158 2821 3229 ,ofllciis,
2864 3173 2965 3217 nec
2996 3175 3094 3216 sua
3120 3160 3279 3229 dare,
3308 3176 3427 3217 .nec
3453 3160 3630 3217 alicna
3654 3176 3717 3234 po

1927 3251 2243 3310 SCHOLIA.

416 3352 694 3409 centiores
734 3348 1032 3419 praeferunt
1076 3347 1241 3401 mali:
1270 3345 1607 3416 Wopkensio
1642 3355 1819 3403 tamen
1854 3347 2033 3416 placet
2063 3350 2107 3411 C

419 3424 557 3479 malo
587 3440 605 3478 :
638 3437 762 3476 nam
796 3421 992 3476 similis
1025 3419 1367 3488 traiectionis
1397 3421 1647 3489 exempla
1674 3420 1815 3493 apud
1856 3421 2033 3475 Sedu-

417 3496 545 3551 lium
576 3504 631 3551 et
662 3494 798 3548 alios
827 3502 1145 3547 occurrunt.

487 3564 582 3623 76.
625 3565 865 3622 Consule
894 3575 1009 3618 not.
1042 3564 1109 3617 ad
1145 3564 1401 3619 Dracont.
1431 3581 1467 3631 ι,
1502 3565 1569 3620 51
1620 3578 1632 3613 :
1683 3564 1776 3621 Sic
1822 3566 2031 3637 impune

414 3640 517 3695 reis
540 3639 693 3695 licuit
708 3652 954 3709 peccasse
982 3637 1215 3707 fatendo.

486 3712 576 3766 77.
608 3708 985 3775 Ed.’Poelm.,
1032 3708 1319 3775 abscondit,
1368 3709 1511 3779 quod
1568 3724 1713 3769 recte
1766 3708 2029 3764 damnant

413 3784 631 3841 scltedae
656 3780 901 3851 ejusdem
920 3780 1264 3835 Poelinanni.
1295 3784 1501 3836 Sensus
1528 3788 1672 3837 enim
1705 3791 1813 3845 est,
1837 3780 2025 3851 Magna

413 3869 498 3912 est
530 3852 798 3911 medicina
833 3851 1017 3917 fateri,
1052 3852 1198 3922 quod
1239 3863 1419 3919 nocet,
1454 3855 1498 3908 si
1543 3854 1934 3911 abscondatur.
1972 3855 2026 3908 In

413 3928 549 4000 Reg.
605 3928 627 3981 1
667 3925 1041 4000 [οι-ιθδξᾳῐυὶι
1080 3926 1389 4000 abscondit,
1427 3942 1571 3983 nunc
1622 3938 1701 3983 est
1753 3926 2024 4000 absco_ndi.

426 3996 650 4056 Vulnera
679 4012 779 4069 pro
806 3997 955 4051 vitiis
981 4005 1037 4069 et
1066 3998 1302 4065 peccatis
1342 3998 1531 4052 dicunt
1558 4000 1854 4062 Juvcncus,
1894 3996 2030 4069 Pru-

416 4073 656 4134 dentius,
683 4067 950 4141 Prosper,
972 4067 1205 4141 AArator,
1240 4078 1295 4123 et
1322 4070 1389 4123 ad
1426 4085 1538 4141 rem
1565 4078 1891 4141 praesentem
1924 4068 2027 4125 Se-

418 4160 583 4202 verus
610 4143 845 4199 Sanctus
871 4139 939 4195 de
968 4139 1129 4196 Μαι-ι.
1167 4140 1329 4195 boum
1359 4158 1371 4194 :
1418 4139 1779 4197 Nant‘vulnus
1809 4150 2025 4203 reserat,

414 4219 505 4288 qui
536 4214 675 4271 mala
716 4211 965 4288 publicat,
993 4242 1065 4288 :—
1093 4210 1325 4280 Claudit,
1355 4214 1440 4283 qui
1471 4216 1685 4269 tacitum
1719 4212 1926 4285 premit.
1970 4212 2024 4266 In

418 4284 577 4359 prosa
611 4284 728 4342 erat
756 4285 952 4359 doloris
988 4284 1265 4359 insertum.

492 4361 581 4414 79.
626 4357 847 4431 ulmei“
878 4352 1203 4431 Impelluta:
1230 4357 1342 4431 alii,
1369 4356 1446 4411 En
1474 4358 1697 4431 polluta.

492 4432 581 4487 80.
615 4429 809 4503 _Roin.,
842 4428 1207 4503 propriosque:
1230 4429 1362 4503 lege
1407 4428 1727 4503 propriique.
1786 4431 1838 4481 ν.
1867 4441 1904 4485 ι.
1947 4432 1980 4483 ‘2
2008 4472 2021 4493 ,

421 4504 559 4576 Reg.
611 4499 667 4561 5,
702 4499 892 4553 Parrlt.
924 4507 979 4551 et
1027 4498 1176 4576 A_ltl.,
1220 4498 1416 4576 lavaris
1446 4498 1517 4557 se'
1540 4498 1743 4576 gurgite
1772 4520 1790 4557 :
1830 4502 2027 4557 melius

420 4571 693 4632 omittitur
732 4586 808 4633 se,
858 4577 1022 4638 atque
1069 4571 1139 4623 ita
1186 4571 1429 4643 plerique
1471 4571 1715 4630 referunt
1761 4576 1941 4645 lavaris
1971 4576 2025 4629 in

456 4662 641 4702 urarte.

419 4666 873 4779 guyiiwiidimhq
915 4711 1071 4783 rediit
1123 4711 1343 4769 detersa.
1385 4716 1723 4783 Parrhasius,
1775 4719 1931 4781 redit,
1977 4728 2026 4773 et

418 4793 641 4859 deterta,
670 4789 815 4862 quod
848 4784 924 4862 ait
964 4782 1393 4862 Pa_rrhasins_ita
1423 4782 1746 4862 scrriptunr'a
1774 4790 2021 4862 sedulio,

416 4865 555 4937 quia
579 4854 719 4935 apud
751 4854 983 4937 Enr-[ium
1030 4855 1445 4937 legerat,_1:erta
1470 4854 1593 4913 nitet
1621 4860 1791 4937 galea.
1826 4860 2023 4937 Verum

417 4926 505 4992 llic
547 4926 698 4991 loéus
727 4945 811 4990 est
840 4926 1103 4982 Varronis
1133 4931 1274 4997 apud
1309 4931 1567 4993 Nonium,
1618 4926 1665 4984 ὖ.
1717 4932 1773 4997 ‘2,
1810 4949 1861 4984 ιι.
1894 4932 2020 4985 847.

414 5008 475 5063 1η
505 5010 705 5064 nostris
738 5020 869 5060 mss.
907 5008 967 5053 et
996 4999 1109 5054 lere
1150 5002 1402 5057 omnibus
1434 5003 1765 5057 editionihus
1798 5005 2023 5056 verbum

414 5080 519 5137 hoc
566 5080 823 5136 scribitur
853 5073 1077 5138 detersa,
1114 5087 1222 5127 non
1272 5074 1492 5130 deterta.
1539 5075 1689 5140 Alh.,
1738 5086 2018 5143 corrupte,

413 5154 545 5207 redit
574 5161 621 5207 et
646 5152 878 5207 detonsa.

486 5225 576 5279 89..
610 5224 794 5287 Rom.,
815 5222 913 5279 Ubi
930 5214 1409 5273 Dominusintrarit
1432 5216 1820 5292 Capharnaum.
1836 5218 2017 5292 pilleus,

410 5294 911 5423 Dtemonemclugat.
939 5317 1011 5328 —
1038 5291 1269 5349 Schedm
1306 5290 1517 5347 Pnelm;
1551 5291 1799 5345 scrilmnt
1822 5290 2019 5361 Caper-

410 5384 555 5423 ntew.
582 5368 697 5423 alii.
761 5371 1069 5423 anlternete:
1110 5364 1222 5423 alii.
1268 5362 1587 5423 Caphernw:
1625 5362 1741 5423 alii.
1782 5360 2018 5423 Capher-

408 5384 555 5435 nazw,
582 5360 1069 5441 alii,CapIternete;
1110 5364 1222 5435 alii,
1268 5362 1587 5435 Caphernw,‘
1625 5362 1741 5430 alii,
1782 5360 2018 5431 Capher-

410 5456 537 5498 naue
542 5480 557 5495 .

478 5516 571 5571 80'.
607 5516 895 5589 drntzenq
930 5529 1025 5589 nos
1052 5515 1172 5589 jam
1202 5508 1490 5589 :_alii,__r_tos
1531 5510 1626 5589 lien
1651 5508 1671 5561 !
1700 5506 1928 5589 fatui,
1957 5505 2014 5589 “2,

404 5583 516 5641 Ott.
536 5589 594 5654 2,
626 5584 799 5653 Meus,
823 5578 1185 5654 Parrh.,'quis
1210 5582 1280 5638 sis
1304 5582 1450 5654 :alii,
1472 5583 1559 5653 qui
1580 5582 1676 5635 sis.
1707 5578 1917 5654 Similis
1935 5586 2019 5633 est

402 5651 638 5729 varietas
660 5659 714 5714 in
746 5651 809 5715 re
830 5651 1191 5729 eademapud
1220 5651 1591 5729 Prudentium
1630 5651 1835 5723 Apoth.
1863 5664 2009 5729 vers.

402 5725 510 5786 H9
543 5750 558 5785 :
593 5730 695 5798 Qui
722 5730 819 5799 sis,
858 5730 987 5802 quid
1018 5720 1219 5799 venias,
1246 5743 1353 5800 qua
1402 5742 1497 5781 nos
1547 5720 1733 5780 virtute
1764 5720 2010 5796 repellas,

403 5827 477 5842 -
497 5800 776 5857 Nouimus.

2053 4754 2103 4813 D

2214 3349 2304 3405 87.
2331 3348 2550 3414 Parrli.,
2585 3348 2658 3404 Te
2686 3357 2923 3403 sanctum
2956 3365 2975 3403 :
3010 3348 3230 3421 reliqui.
3266 3350 3336 3405 Et
3362 3361 3623 3405 sanctum.
3644 3351 3741 3407 0h-

2141 3422 2354 3477 servavi
2402 3423 2514 3491 jam
2581 3422 2630 3475 in
2675 3431 2788 3476 not.
2843 3421 2910 3475 ad
2951 3421 3091 3476 alios
3150 3432 3339 3490 poetas
3399 3423 3739 3491 christianos,

2137 3492 2415 3548 Christum
2444 3511 2541 3561 per
2564 3494 2946 3549 excellentiam
2966 3500 3209 3548 sanctum
3233 3495 3567 3564 simpliciter
3595 3512 3743 3550 voca-

2137 3568 2204 3621 ri.
2240 3566 2397 3620 Plura
2422 3582 2452 3620 e
2478 3564 2652 3620 sacris
2692 3566 2892 3619 litteris
2922 3566 3242 3638 testimonia
3288 3568 3503 3638 profert
3527 3566 3742 3624 llnetius

2139 3639 2449 3693 Demnnsu'.
2502 3638 2709 3705 Evang.
2752 3651 2906 3707 prop.
2939 3636 2993 3701 9,
3038 3652 3090 3693 c.
3136 3638 3231 3706 81,
3262 3636 3474 3709 quibus
3502 3638 3740 3695 Christus

2134 3722 2368 3776 sanctus,
2404 3718 2458 3765 et
2483 3718 2692 3763 sanctus
2725 3709 2821 3764 Dei
2852 3709 3176 3781 appellatur.

2207 3783 2298 3837 88.
2334 3785 2551 3850 Arntz.,
2583 3782 2749 3836 editio
2777 3780 2949 3849 Lips.,
2980 3784 3174 3854 jacet:
3207 3782 3406 3836 melius
3451 3783 3565 3847 alii,
3597 3793 3734 3835 tacet.

2134 3854 2419 3916 Cantabr”
2450 3855 2637 3923 Rng
2688 3865 2743 3908 et
2791 3853 3037 3925 nonnulli
3091 3853 3551 3925 editi,relinquit,
3603 3856 3737 3924 quod

2134 3926 2365 3981 fortasse
2407 3927 2505 3981 fuit
2535 3927 2698 3980 etiam
2728 3926 2781 3981 iu
2816 3925 2949 3995 Reg.
2976 3924 3048 3997 2,
3074 3926 3127 3978 in
3166 3940 3273 3994 quo
3300 3924 3449 3981 nunc
3502 3936 3734 3997 apparet,

2135 4013 2191 4052 Ut
2220 4000 2271 4052 in
2306 3999 2577 4069 plerisque
2604 4006 2656 4051 et
2693 4012 2875 4063 prosa,
2908 3995 3138 4067 reliquit.

2206 4071 2294 4126 90.
2326 4068 2497 4133 Meus,
2521 4070 2787 4139 Satiatque
2808 4070 2978 4141 plures
3002 4071 3301 4138 languores.
3326 4069 3570 4136 Pocltn.,
3592 4068 3733 4123 Citri-

2133 4152 2245 4196 stus
2274 4144 2431 4195 variis
2459 4143 2649 4195 morbis
2679 4142 2933 4205 medetur,
2969 4142 3332 4210 dwmonesque
3375 4151 3551 4195 tacere.
3571 4141 3731 4211 jubet.

2133 4244 2204 4253 —
2230 4213 2358 4269 Mss.
2406 4213 2669 4283 plerique,
2699 4214 2861 4267 etiam
2904 4212 3316 4283 antiquissimus
3359 4211 3729 4283 Taurinensis,

2132 4296 2187 4340 et
2220 4282 2660 4355 praestaittissimi
2716 4283 2871 4355 editi,
2898 4282 2991 4337 Sic
3033 4284 3213 4337 etiam.
3244 4282 3369 4338 Vet.
3397 4283 3456 4351 2,
3489 4282 3652 4338 Fabr.
3686 4299 3733 4337 ct

2134 4352 2384 4411 nonnulli
2413 4357 2507 4410 alii
2537 4356 2760 4425 vulgati,
2790 4352 2894 4408 Hic
2925 4356 3100 4409 etiam.

2205 4430 2293 4483 9|.
2329 4428 2441 4483 Ott.
2473 4429 2528 4491 2,
2582 4426 2822 4491 Fecerat,
2867 4436 2913 4479 et
2960 4426 3203 4493 clausos;
3237 4427 3420 4481 retine
3471 4426 3729 4496 vulgatam

2132 4501 2445 4555 lectionem.
2477 4498 2721 4560 Pltrasis,
2750 4500 2866 4561 fecit
2893 4516 3000 4553 esse
3022 4499 3201 4568 ﬁnem,
3230 4514 3329 4566 pro
3351 4498 3500 4568 fecit,
3519 4509 3575 4553 ut
3603 4509 3723 4553 esset

2131 4573 2275 4642 ﬁnis,
2304 4571 2505 4628 Sedulii
2548 4570 2848 4640 aequalibus
2876 4569 3006 4625 haut
3035 4571 3225 4641 ignota
3242 4579 3383 4642 erat.

2204 4644 2293 4699 92.
2355 4644 2487 4715 Reg.
2538 4644 2591 4712 1,
2635 4642 2826 4707 Οιι.1,
2859 4642 3051 4715 pro_d.
3095 4657 3167 4707 s.,
3197 4641 3433 4715 ethat.
3492 4646 3545 4710 1,
3575 4658 3723 4712 supra

2133 4716 2411 4770 Darmouas
2436 4712 2457 4770 Ξ
2490 4716 2732 4787 plerique
2756 4730 2915 4781 mss.,
2948 4712 3247 4769 Dazntones.
3270 4712 3420 4768 Editi
3445 4717 3722 4781 praaferunt

2131 4787 2411 4843 Dwmonas
2467 4802 2619 4843 more
2683 4786 2898 4847 Cra-co.
2931 4794 2993 4841 ut
3044 4796 3318 4854 postrema
3378 4788 3719 4856 corripiatur.

2132 4861 2302 4914 Aldus
2316 4859 2487 4914 edidit
2504 4875 2563 4911 ac
2586 4859 2677 4913 tali
2698 4857 2935 4929 prohibet
2955 4874 3008 4911 se
3036 4860 3269 4930 pandere
3289 4858 3428 4914 testi.
3456 4858 3548 4915 Sic
3568 4858 3720 4912 etiam

2134 4931 2263 5001 Reg.
2298 4933 2349 4983 :‘i.
2385 4930 2443 4984 In
2470 4931 2579 4985 Ott.
2614 4931 2638 4984 1
2673 4940 2744 4993 et,
2774 4940 2829 4982 ut
2854 4930 3090 4997 videtur,
3124 4931 3177 4984 iu
3209 4930 3343 4997 Reg.
3376 4930 3431 4997 1,
3465 4932 3613 5001 prius
3634 4930 3724 4983 fuit

2130 5002 2243 5062 tuli.
2272 5003 2366 5056 sed
2397 5004 2447 5054 in
2482 5011 2713 5068 utroque
2741 5002 2891 5056 clare
2917 5010 3001 5056 est
3024 5012 3222 5057 testem.
3250 5001 3417 5073 Ang.,
3443 5013 3491 5055 et
3523 5016 3619 5069 pro
3642 5015 3716 5053 ac.

2132 5073 2188 5127 In
2219 5073 2426 5126 Puelm.
2454 5074 2709 5127 mendum
2732 5083 2815 5126 est
2842 5074 3088 5144 panderet
3110 5082 3290 5128 testem
3327 5090 3339 5099 ·
3366 5075 3607 5141 alioquin
3637 5086 3720 5126 co-

2127 5146 2295 5216 gitare
2312 5144 2506 5214 aliquis
2522 5154 2703 5215 posset
2723 5161 2785 5199 ac
2804 5144 2980 5209 talem,
3004 5146 3321 5215 prohibet,se
3334 5144 3586 5216 panderet
3598 5159 3716 5197 esse.

2201 5216 2289 5271 96.
2322 5216 2548 5285 Parrh.,
2602 5218 2821 5272 inverso
2871 5217 3083 5283 ordine,
3134 5234 3285 5289 quem
3332 5216 3600 5273 Christum
3635 5230 3719 5267 uo-

2129 5300 2289 5343 uerat.

2202 5361 2287 5415 99.
2316 5360 2501 5427 Rorn.,
2548 5357 2624 5413 De
2658 5360 2856 5415 duobus
2900 5361 3069 5416 cteris.
3111 5360 3312 5417 Verius
3352 5362 3533 5428 Meus,
3560 5359 3712 5417 Sana!

2132 5442 2325 5485 mutum
2356 5442 2402 5487 et
2447 5432 2683 5487 surdum.
2725 5462 2795 5473 ——
2818 5437 3037 5499 Arntz.,
3068 5433 3285 5488 schedm
3333 5434 3567 5497 Puelm.,
3603 5428 3708 5483 Vat.

2126 5505 2181 5567 ‘2,
2212 5504 2345 5575 Reg.
2369 5506 2425 5571 5,
2450 5506 2621 5579 Meus,
2647 5506 2831 5579 Rom.,
2860 5504 3020 5571 Urb.,
3043 5505 3194 5572 Ald.,
3222 5506 3456 5579 Quinque
3486 5524 3505 5579 :7
3536 5500 3708 5579 melio:

2122 5591 2209 5631 res
2258 5594 2389 5632 mss.
2422 5587 2477 5633 et
2520 5578 2681 5643 editi,
2723 5578 2981 5648 Dumque,
3024 5579 3189 5633 etiam
3248 5578 3709 5648 Parrhasiust

2120 5648 2453 5727 Arntzenius
2484 5646 2878 5727 maleafiingit
2911 5649 3163 5727 Suntque.
3199 5649 3257 5705 lu
3300 5651 3437 5723 Reg.
3473 5650 3499 5704 1
3533 5646 3711 5727 obscu-

2119 5735 2239 5792 rum
2268 5732 2371 5789 est,
2398 5722 2517 5786 iter,
2552 5736 2619 5777 an
2640 5718 2764 5775 item
2792 5718 2864 5777 sit
2892 5739 2906 5776 :
2932 5722 3028 5777 sed
3056 5718 3157 5776 iter
3187 5718 3410 5792 prresta't
3456 5718 3703 5778 retinere.

2116 5790 2179 5850 la
2206 5808 2366 5865 prosa
2396 5796 2657 5853 mendum
2686 5804 2805 5851 erat
2835 5792 3070 5865 Dumque
3098 5790 3200 5850 tria
3224 5792 3437 5851 dehinc.
