3912 6346
151 286 242 341 089

151 408 244 464 180
279 409 442 479 lnque
464 411 607 466 uteri
637 412 873 482 spatium
910 419 1054 465 totus
1098 415 1434 466 convenerat
1454 405 1720 480 hydrops.
1751 409 1808 469 Α

278 505 434 578 295
461 505 579 561 Non
615 506 736 561 tulit
776 505 916 562 hanc
958 506 1194 578 speciem
1237 503 1423 560 mundi
1466 503 1648 570 Pater,
1679 511 1733 556 et

1334 611 1434 652 sua
1469 594 1663 650 transit

270 691 504 748 Sabbata
537 709 647 748 non
679 708 902 758 curans,
932 690 1208 747 hominem
1235 704 1432 747 curare
1463 698 1682 760 paratus

274 789 447 856 Quem
482 791 653 844 voluit
698 790 869 860 magis
898 803 1022 845 esse
1070 803 1228 843 suum
1276 806 1289 843 :
1335 803 1462 843 nam
1507 785 1733 842 sabbata

1410 877 1662 952 [propter

276 973 509 1029 Condita
556 984 683 1031 sunt
715 975 1015 1042 hominem,
1048 989 1155 1029 non
1187 983 1271 1029 est
1301 973 1465 1029 homo
1507 973 1734 1028 sabbata

795 1080 800 1084 ‘
1386 1067 1657 1141 [propter.

148 1160 240 1218 l85
274 1160 428 1217 Tunc
453 1162 573 1231 pius
604 1163 915 1216 liumentem
950 1161 1153 1217 siccata
1185 1163 1438 1231 corporis
1466 1160 1609 1215 unda

272 1255 446 1311 Jussit
475 1257 625 1311 abire
655 1256 799 1311 luem
842 1274 856 1310 :
887 1255 1086 1311 fluidus
1118 1272 1241 1310 mox
1269 1255 1482 1311 viscera
1515 1254 1738 1310 morbus

271 1349 508 1417 Deserit,
538 1358 594 1404 et
619 1364 804 1405 vacute
837 1348 1081 1404 resident
1107 1349 1160 1403 in
1196 1357 1417 1418 pectore
1447 1347 1623 1416 fibrae,

274 1442 674 1515 Carnalemque
700 1445 877 1499 lacum
911 1445 1082 1513 pestis
1112 1442 1388 1515 lymphata
1416 1443 1658 1512 reliquit.

341 1539 510 1612 296
548 1541 800 1611 Caspcrat
826 1539 1040 1594 interea
1068 1537 1356 1606 Dominus,
1390 1538 1612 1594 Galilwa
1642 1551 1737 1606 per

1509 1628 1662 1702 [arva

145 1724 236 1782 190
271 1725 727 1797 Transgrediens,
782 1736 972 1784 sancto
1017 1726 1286 1798 quoddam
1327 1726 1464 1798 pede
1513 1734 1734 1797 tangere

1374 1819 1655 1892 [castrtttn.

1268 284 1553 346 CARMEN
1584 282 1967 342 PASCHALE.
1998 283 2131 344 LIB.
2161 284 2249 341 IV.

1759 1812 1808 1872 B

3323 287 3428 344 690

1968 403 2124 461 Hunc
2169 404 2360 476 procul
2415 413 2471 460 ut
2523 405 2705 461 videre
2751 406 2948 462 decem
2999 405 3278 462 maculosa
3333 418 3432 478 ge-

3160 497 3367 572 [rentes

1978 591 2201 660 Leprosi
2234 601 2479 662 portenta
2509 593 2633 658 viri,
2667 609 2804 665 quos
2831 608 3069 665 corpore
3095 591 3244 649 foedo

1978 684 2224 740 Discolor
2251 686 2503 742 obscenis
2525 688 2782 759 turpabat
2812 703 2972 760 pretia
3004 686 3213 760 figuris,

1981 776 2313 848 Praeceptor,
2371 779 2670 847 miserere,
2724 794 2880 854 potes
2931 798 3167 854 namque
3217 782 3437 850 omnia,

3169 877 3321 952 [Jesu
3347 921 3363 945 ,

1841 964 1945 1021 195
1982 964 2294 1023 Clamantes
2321 968 2507 1025 dixere
2536 971 2699 1026 simul
2733 992 2744 1026 :
2778 980 2907 1028 tunc
2933 975 3071 1028 flexa
3106 981 3373 1043 poteSIas,

1980 1057 2110 1143 Qua:
2137 1075 2430 1132 numquam
2460 1064 2660 1132 pietate
2686 1077 2864 1134 vacat,
2895 1067 3220 1122 clementior
3251 1066 3365 1120 infit
3402 1082 3416 1120 :

1981 1155 2077 1225 lte,
2108 1158 2450 1213 sacerdotum
2479 1163 2874 1230 conspectibus
2900 1177 2995 1216 ora
3025 1162 3251 1218 reti-rte.

1979 1249 2224 1322 Cumque
2272 1252 2414 1307 viam
2463 1263 2749 1324 peterent,
2810 1255 2996 1309 subito
3054 1257 3311 1310 mundata
3358 1255 3440 1309 vi-

3159 1345 3367 1418 [cissim

1981 1436 2246 1492 Mirantur
2274 1452 2370 1492 sua
2403 1439 2644 1494 membra
2675 1438 2807 1508 viri,
2841 1439 3165 1509 variumque
3197 1449 3413 1495 tuentes

1836 1528 1947 1586 200
1983 1529 2120 1586 Esse
2151 1530 2320 1597 nihil,
2354 1547 2476 1588 sese
2522 1534 2726 1603 pariter
2755 1533 3129 1604 speculantur,
3159 1542 3215 1588 et
3244 1547 3439 1588 Omnes

1983 1631 2292 1702 Esplorant
2325 1630 2572 1701 proprias
2602 1630 2816 1686 alterno
2846 1629 3048 1685 lumine
3081 1629 3305 1685 formas.

1985 1722 2068 1777 Ex
2100 1723 2296 1792 quibus
2327 1732 2387 1776 ut
2409 1733 2591 1793 grates
2619 1732 2808 1794 ageret
2838 1737 2936 1792 pro
2966 1737 3194 1778 munere
3227 1731 3402 1788 tanto,

1978 1818 2244 1890 297W:
2278 1833 2421 1872 unus
2448 1820 2637 1874 reduci
2659 1833 2958 1875 conversus
2972 1819 3210 1886 tramite,
3241 1832 3449 1891 pronus

1464 1931 1641 1989 OPUS
1684 1931 2079 1990 PASCHALE.

135 2044 234 2100 que
265 2029 544 2084 dominata
587 2039 759 2085 totum
794 2029 1094 2102 bydropem
1134 2031 1185 2084 in
1226 2029 1406 2084 alvum
1451 2028 1723 2099 turgidam

134 2132 502 2193 congregarat.
530 2122 648 2177 Non
672 2122 794 2177 tulit
815 2122 1000 2178 mttndi
1028 2122 1190 2178 Pater
1212 2122 1353 2176 hanc
1377 2122 1635 2191 speciem,
1664 2135 1726 2175 se

135 2231 416 2289 praesente,
445 2219 771 2286 consistere,
791 2232 996 2287 suaque
1023 2219 1269 2282 sabbata,
1299 2233 1422 2287 qua!
1449 2228 1576 2272 tunc
1596 2216 1726 2270 ade-

133 2322 267 2381 rant,
299 2311 406 2368 non
431 2314 670 2385 curavit,
703 2312 982 2370 hominem
1015 2313 1279 2369 festinans
1305 2326 1529 2377 curare,
1563 2327 1720 2380 quem

132 2413 277 2462 suum
323 2407 498 2478 magis
535 2423 658 2462 esse
699 2407 1055 2462 desideraret.
1101 2405 1210 2461 Nec
1259 2405 1401 2459 enim
1447 2403 1724 2458 imminent

131 2511 344 2571 propter
370 2500 655 2555 sabbatum
685 2499 831 2554 Deus
859 2499 1116 2562 instituit,
1153 2499 1294 2553 sicut
1327 2499 1380 2552 iit
1413 2499 1520 2550 alio
1550 2497 1730 2552 Evan-

130 2591 244 2663 gelii
286 2593 460 2647 sancti
501 2593 741 2661 capitulo
775 2591 890 2663 suis
921 2591 1190 2645 Dominus
1233 2591 1350 2661 ipse
1381 2590 1564 2644 verbis
1597 2589 1729 2644 edo-

130 2659 256 2748 cuit,
285 2683 386 2738 sed
409 2659 634 2737 sabbata
665 2659 886 2753 propter
912 2683 1188 2737 hominem
1214 2659 1542 2752 procreavit.
1573 2680 1729 2737 Tunc

128 2792 256 2848 opus
278 2777 472 2832 salutis
500 2776 826 2846 impertiens
850 2817 863 2838 ,
899 2776 1218 2830 liumentem
1245 2775 1516 2829 viscerum
1548 2774 1724 2828 desico

129 2869 233 2925 cari
260 2870 428 2940 jussit
462 2869 731 2924 illuviem.
772 2869 906 2924 Cum
942 2877 1173 2938 repente
1212 2869 1466 2923 morbosa
1515 2867 1727 2936 paludis

127 2979 403 3034 corporeae
435 2962 578 3017 unda
605 2962 884 3028 discessit,
918 2963 1180 3032 lacusque
1205 2963 1389 3016 vitrea.
1409 2962 1520 3032 jam
1545 2961 1730 3018 carnis

128 3056 427 3112 exhaustus
493 3053 786 3127 3ympbatae
847 3055 1015 3125 pestis
1060 3055 1246 3110 subito
1294 3067 1556 3110 vacuatus
1602 3055 1726 3110 abs-

126 3152 313 3208 cessit.

191 3246 434 3319 Cumque
469 3246 732 3302 Dominus
769 3244 1204 3317 Hierosolymam
1239 3255 1429 3314 petens
1454 3288 1468 3312 ,
1493 3247 1608 3316 per
1630 3247 1727 3303 Sa-

1837 2028 2086 2090 mariam,
2110 2038 2162 2083 et
2185 2028 2466 2084 Galilaeam
2487 2070 2500 2094 ,
2527 2029 2912 2104 Hiericumque
2936 2031 3232 2099 transiret,
3263 2030 3440 2102 quod-

1833 2122 1954 2177 dam
1989 2134 2227 2178 ca~trum
2250 2124 2552 2179 clementer
2589 2126 2872 2195 ingressus
2903 2135 3017 2192 est,
3051 2140 3215 2196 quem
3249 2127 3440 2197 procul

1833 2227 1891 2272 ut
1925 2216 2114 2271 decem
2145 2217 2332 2271 miseri
2365 2211 2555 2272 videre
2588 2216 2790 2286 leprosi
2819 2263 2832 2285 ,
2869 2218 3154 2272 maculosa
3198 2218 3444 2285 corporis

1836 2309 2174 2365 obscenitate
2200 2309 2513 2374 fmdissimi,
2546 2324 2681 2379 quos
2711 2309 2955 2364 discolor
2986 2324 3175 2380 sparsa
3204 2309 3447 2365 vultibus

1835 2417 1996 2473 pinna
2024 2403 2168 2473 turpi
2199 2401 2405 2458 fecerat
2433 2401 2782 2457 deformitate
2811 2415 3102 2472 portenta,
3144 2405 3305 2460 simul
3337 2419 3446 2459 una

1835 2511 1972 2551 voce
2011 2495 2322 2550 clamavere
2361 2494 2662 2551 ﬂebiliter:
2709 2493 2837 2549 Iesu
2878 2480 3154 2567 magister,
3205 2497 3447 2552 miserere

1832 2590 2016 2643 nostri.
2043 2589 2197 2644 Tunc
2235 2588 2526 2660 singularis
2553 2588 2643 2642 illa
2669 2589 2940 2659 potentia,
2990 2605 3111 2660 qua:
3145 2606 3442 2660 numquam

1833 2682 2036 2750 pietate
2069 2681 2126 2735 fit
2152 2690 2177 2718 ει
2204 2697 2370 2737 vacua
2395 2723 2409 2748 ,
2452 2681 2768 2752 respondit,
2817 2697 2880 2737 ac
2910 2681 3235 2737 miseranter
3263 2682 3399 2737 dixit
3425 2700 3439 2736 :

1831 2777 1931 2843 Ite,
1959 2779 2216 2832 ostendite
2256 2795 2341 2832 vos
2373 2779 2752 2834 sacerdotibus.
2794 2778 3128 2849 Subitoque,
3153 2778 3283 2834 dum
3315 2795 3442 2850 pro-

1833 2883 2055 2942 perant,
2089 2875 2225 2943 fugit
2251 2876 2430 2928 omnis
2460 2890 2526 2929 ex
2550 2890 2740 2929 eorum
2769 2876 3030 2930 membris
3062 2875 3348 2947 iniquitas,
3388 2886 3444 2932 et

1832 2969 2034 3022 mutuis
2070 2983 2130 3023 se
2163 2968 2370 3024 visibus
2408 2968 2710 3037 intuentes,
2739 2971 2952 3024 alterna
2979 2971 3184 3036 pariter
3213 2970 3444 3025 munda-

1835 3065 1984 3119 tione
2016 3065 2358 3135 gaudebant,
2398 3065 2540 3134 quod
2577 3066 2630 3118 in
2678 3067 2828 3120 nttllo
2860 3065 3156 3137 quidquam
3199 3081 3266 3120 ex
3311 3065 3439 3119 lior-

1834 3159 2001 3213 renda
2043 3158 2310 3213 varietate
2352 3168 2713 3213 remanserat.
2768 3159 2843 3213 Ex
2892 3159 3091 3228 quibus
3134 3175 3273 3214 unus
3306 3168 3444 3214 tam-

1833 3267 1996 3320 quam
2021 3251 2263 3307 decimas
2301 3269 2410 3322 prae
2442 3253 2694 3309 omnibus
2733 3255 2977 3325 percepti
3016 3256 3259 3310 muneris
3285 3253 3442 3310 obla-

1627 3342 1947 3400 SCllOLIA.

197 3437 316 3492 181.
364 3437 492 3512 Non
523 3437 641 3490 tulit
675 3436 1078 3512 hanespeciem,
1105 3434 1515 3491 hemistichium
1553 3412 1726 3506 Virgi-
1754 3440 1800 3504 C
1833 3455 1937 3508 que
1968 3439 2196 3495 verbum
2225 3441 2406 3494 soleat
2435 3442 2640 3510 accipi,
2671 3441 2928 3496 Sedulius
2973 3456 3002 3494 a
3045 3441 3280 3512 lympha,
3330 3444 3444 3498 sive

125 3509 318 3564 lianum
353 3525 392 3564 ιι
427 3507 553 3563 ιΕιι.
590 3524 734 3563 vers.
769 3507 898 3562 407.

193 3580 314 3636 182.
374 3588 587 3646 Arnim,
638 3595 856 3646 sanare;
911 3580 1024 3644 alii,
1074 3595 1286 3638 curare.
1337 3577 1480 3646 quod
1527 3595 1726 3633 venus-

110 3653 224 3707 .tius
247 3663 352 3712 est.
378 3668 501 3708 cum
533 3654 676 3706 idem
702 3653 925 3706 verbum
953 3652 1220 3721 prteccdat
1247 3667 1348 3703 non
1377 3666 1587 3711 ruraus,
1614 3663 1720 3704 etc.

191 3723 316 3780 184.
351 3725 488 3793 Reg.
521 3726 577 3789 5,
607 3724 757 3784 Διά..
787 3723 974 3787 Faltr.,
1009 3736 1061 3777 et
1091 3723 1335 3776 nonnulli
1368 3721 1457 3774 alti
1493 3723 1721 3792 vulgati,

123 3797 206 3851 sed
233 3812 334 3850 non
366 3795 521 3848 homo
551 3811 647 3865 pro
675 3813 774 3849 non
803 3805 874 3848 est
903 3799 1074 3848 homo.
1099 3797 1208 3849 Ott.
1235 3793 1292 3858 (Ξ,
1319 3795 1598 3865 hominem,
1625 3812 1726 3848 non

126 3872 272 3922 homo
315 3867 530 3923 sabbata
554 3863 750 3922 centra
788 3877 1043 3922 metrum.
1078 3867 1134 3921 lu
1169 3865 1300 3921 Urb.
1338 3875 1391 3918 et
1418 3863 1541 3919 Vat.
1572 3867 1608 3920 9.
1633 3867 1728 3921 de-

127 3942 396 3994 sideratur
429 3941 516 3994 liic
545 3954 785 3994 νει-επις.-

192 4014 316 4066 185.
353 4011 460 4066 Pro
508 4013 625 4079 pius
655 4011 981 4066 Arntzenius
1027 4012 1335 4078 suspicatur
1365 4009 1510 4077 prius
1543 4009 1614 4064 ob
1644 4027 1728 4064 sc-

124 4099 289 4149 quens
320 4099 444 4136 mox
491 4098 508 4135 :
557 4084 651 4138 sed
699 4085 888 4137 retinet
928 4083 1042 4146 pius
1075 4098 1138 4135 ex
1174 4095 1354 4142 proSa,
1386 4090 1440 4133 et
1468 4084 1590 4149 quia
1628 4083 1727 4134 hoc

127 4156 404 4222 epitln-ton
435 4154 656 4210 Sedulio
687 4155 738 4206 iti
773 4155 980 4207 deliciis
1009 4165 1141 4206 erat.
1172 4152 1495 4206 Parrhasius
1528 4167 1595 4205 ex
1626 4153 1729 4206 ali-

127 4242 232 4297 quo
262 4226 455 4280 codice
482 4228 604 4297 jam
622 4226 866 4279 ediderat
894 4226 1056 4296 prius.

192 4298 314 4353 186.
342 4299 572 4352 Sclieda:
596 4295 806 4352 Poelm.
836 4295 1080 4358 manent,
1109 4295 1396 4364 legendum
1419 4295 1589 4356 abire.
1622 4313 1729 4350 non

122 4369 323 4433 habere,
341 4369 466 4437 quia
487 4371 693 4424 Scilicet
715 4374 765 4422 in
785 4369 1152 4438 ejttsvditioue
1171 4380 1343 4423 exalat
1371 4367 1554 4420 habere
1571 4367 1725 4434 luem.

123 4439 176 4494 In
199 4441 314 4495 Vat.
337 4444 355 4496 1
386 4440 707 4500 fuit/tubere,
729 4442 822 4495 sed
848 4451 1151 4494 eorreetum
1181 4451 1263 4493 est
1287 4455 1379 4504 per
1397 4440 1602 4501 habire,
1623 4455 1730 4507 quo

127 4512 366 4567 ittnuitnr
400 4512 559 4565 abire.
595 4510 855 4566 Cellarins
887 4527 1016 4565 cum
1040 4514 1206 4576 Altn.,
1233 4511 1406 4578 Lips.,
1426 4521 1480 4564 et
1508 4513 1732 4575 qttilitts~

118 4586 237 4638 dam
281 4587 516 4652 vulgatis
543 4583 715 4636 edidit
748 4583 990 4652 ﬂuvidus.
1025 4582 1096 4637 Ita
1121 4589 1284 4636 etiam
1321 4582 1566 4636 scribunt
1597 4584 1726 4653 lli-g.

123 4655 240 4718 1,2.
268 4657 393 4710 Vat.
416 4658 751 4721 2,Alb.,sed
779 4659 829 4707 in
854 4655 986 4721 Reg.
1007 4656 1056 4717 1,
1087 4653 1144 4720 9.,
1178 4664 1488 4707 correctum
1521 4666 1606 4708 est
1637 4673 1731 4723 per

125 4729 337 4791 ﬂuidus,
359 4727 502 4796 quod
527 4727 823 4796 przrferunt
847 4728 1089 4794 plerique
1108 4727 1276 4778 nostri
1299 4741 1431 4778 mss.
1454 4741 1576 4779 cum
1603 4728 1726 4780 cod.

122 4797 274 4852 Cant.
289 4799 500 4862 ,Parrli.
516 4799 654 4861 ,Ald.
669 4809 751 4861 ,et
768 4799 886 4852 aliis
905 4798 1086 4851 editis.
1105 4796 1261 4863 Sa'pe
1279 4798 1392 4848 haec
1410 4799 1732 4862 permutatio

125 4873 173 4924 in
207 4888 370 4934 tnss.,
414 4883 468 4924 et
507 4871 667 4925 editis
697 4872 858 4924 etiam
906 4871 1135 4922 aliorum
1169 4869 1494 4934 scriptorum
1528 4885 1720 4924 occur-
1751 4878 1803 4938 D

127 4945 191 4995 rit
226 4962 240 4998 :
273 4946 371 4997 sed
406 4945 577 4996 satius
605 4952 690 4996 est
733 4941 986 5005 amplecti
1023 4940 1238 5010 ﬂuidus,
1271 4955 1393 4992 nam
1438 4943 1671 5010 ﬂuvidus
1693 4957 1722 4995 a

126 5015 356 5069 lucretio
411 5014 722 5074 adhibetur,
769 5011 1005 5068 fortasse
1055 5024 1109 5064 ttt
1160 5013 1386 5081 primam
1438 5015 1720 5080 producat.

124 5087 252 5141 Cum
287 5089 456 5157 igitur
484 5085 801 5150 corripitur,
833 5084 1076 5157 scribere
1107 5095 1327 5153 praestat
1359 5085 1576 5154 ﬂuidus.
1610 5142 1612 5144 τ

197 5155 327 5214 188ῖ
361 5161 536 5216 Meus.
570 5159 774 5221 locum;
806 5157 922 5219 alii,
957 5155 1148 5221 larunt,
1182 5158 1324 5220 quod
1363 5157 1588 5220 probum
1622 5165 1721 5210 est.

126 5229 287 5301 altius,
326 5228 648 5301 lympltatica
676 5227 910 5301 (inquit:
942 5228 1124 5301 caeteri
1147 5269 1162 5291 ,
1200 5226 1471 5301 lymphata
1497 5229 1724 5301 reliquit.

49 5299 53 5303 ’
124 5300 276 5368 Urli.,
309 5295 615 5356 Fabricius.
646 5295 698 5354 et
731 5300 976 5364 qua'dant
1009 5299 1130 5351 alia:
1158 5295 1428 5352 editiones
1455 5295 1724 5367 relinquit,

123 5383 177 5426 ut
208 5391 259 5429 ν.
293 5390 453 5439 sup.,
501 5373 722 5426 resident
760 5387 778 5424 :
809 5371 902 5424 Setl
953 5369 1071 5423 [nec
1121 5371 1349 5422 mutatio
1399 5380 1726 5439 temporum,

122 5459 265 5515 saepe
294 5450 578 5514 eleganter
603 5442 911 5497 adhibetur.
938 5441 1005 5515 rln
1058 5441 1188 5509 llcg.
1221 5441 1249 5494 1
1281 5457 1344 5493 ex
1373 5442 1621 5515 relinquit
1655 5443 1730 5494 fa-

121 5514 264 5569 trltttn
296 5528 382 5568 est
426 5516 654 5582 reliquit.
690 5514 1017 5569 Arntzenius
1049 5516 1377 5581 scripturam
1413 5514 1731 5583 lyntphatica

122 5586 266 5658 liquit
305 5604 470 5658 quam
515 5588 736 5658 selteda:
766 5587 975 5658 Poelm.
1010 5585 1278 5658 iudicant,
1302 5600 1421 5658 non
1452 5585 1732 5658 inconcin-

121 5656 242 5714 nam
275 5656 408 5714 dicit
434 5674 577 5714 esse.
614 5657 940 5730 Lyinpltatus
973 5667 1026 5710 et
1058 5656 1402 5730 lymphaticus
1434 5658 1624 5730 eadem
1657 5657 1732 5711 si-

125 5731 480 5805 gnificatione
501 5726 783 5802 gaudent;
818 5742 872 5786 et
901 5726 1147 5800 quamvis
1169 5742 1270 5798 pro
1299 5726 1499 5786 furenti
1524 5737 1733 5784 utrum-

195 5859 219 5888 ⁸
254 5849 544 5915 Fortasse,
587 5849 686 5920 fuit
723 5864 907 5903 racna.

1829 3528 1968 3573 aqua
2003 3514 2163 3566 sumit
2196 3528 2293 3581 pro
2325 3528 2550 3582 aquoso.
2585 3513 2709 3570 Ser.
2736 3513 3061 3568 Samonit-us
3096 3528 3146 3566 c.
3177 3515 3266 3576 ‘27,
3294 3530 3441 3569 vers.

1830 3582 1929 3639 5οῑ
1982 3601 1995 3636 :
2043 3583 2322 3638 Helleboro
2352 3601 2560 3655 quoque
2599 3597 2850 3655 purgatur
2882 3586 3228 3655 lymphaticus
3259 3602 3442 3649 error;

1830 3657 1907 3708 sic
1937 3656 2154 3709 codices
2195 3660 2630 3719 emendatiores;
2667 3658 2758 3709 alii
2793 3659 2972 3725 legunt
3002 3658 3190 3708 humor
3220 3673 3315 3721 pro
3355 3676 3443 3711 t-r-

1833 3743 1945 3780 ror.
1985 3727 2149 3780 Pt'osa
2203 3727 2408 3780 Sedulii
2462 3727 2607 3781 favet
2654 3737 2888 3791 receptu:
2941 3729 3189 3782 lectioni.
3225 3728 3443 3796 Triplex

1831 3798 2188 3864 distinguitur
2218 3799 2478 3869 liydropis
2507 3801 2718 3866 species
2741 3816 2754 3849 :
2775 3800 3013 3857 Ascite~,
3043 3814 3166 3851 cum
3195 3816 3332 3868 aqua
3361 3813 3446 3854 est

1834 3873 1884 3923 in
1917 3871 2274 3931 caiitatilius.
2310 3872 2397 3925 vel
2442 3872 2582 3923 inter
2617 3872 2973 3936 peritonmum
3022 3881 3071 3922 et
3121 3875 3435 3932 musculos;

1832 3942 2217 4014 Tynipanites,
2249 3958 2373 3996 cum
2424 3941 2768 3996 membranas
2819 3941 3083 4014 distendit
3118 3957 3223 3994 non
3274 3958 3435 4006 aqua,

1834 4013 1928 4068 sed
1954 4031 2075 4076 aer;
2122 4024 2176 4068 et
2209 4017 2510 4079 Anasarca,
2553 4028 2673 4066 cum
2721 4029 2858 4082 aqua
2904 4013 3438 4067 intermusculorum

1836 4086 2151 4147 interstitio,
2176 4095 2377 4147 cutem,
2409 4095 2461 4139 et
2482 4084 2768 4154 glandulas
2791 4101 2884 4151 per
2908 4085 3170 4136 ambitum
3196 4101 3379 4150 corpoi
3398 4088 3440 4137 is

1834 4155 2176 4210 diffunditur.
2219 4157 2475 4211 Sedulius
2530 4158 2778 4223 primam,
2833 4167 2887 4209 et
2937 4158 3147 4208 tertiam
3195 4159 3434 4224 speciem

1833 4227 2151 4283 describere
2186 4232 2422 4282 videtur.

1911 4299 2033 4355 180.
2059 4300 2234 4356 liom..
2273 4299 2348 4353 De
2376 4301 2547 4352 decent
2574 4300 2810 4368 leprosis.
2839 4298 3012 4364 Meus,
3045 4299 3218 4350 decem
3247 4301 3438 4366 leprosi

1836 4373 2174 4424 mandantur.
2196 4372 2336 4425 Mon.
2366 4383 2644 4436 corrupte,
2670 4369 2874 4424 Gallica
2901 4387 2991 4440 per
3022 4388 3166 4423 arva.
3184 4370 3437 4425 Nonnulli

1837 4445 2085 4496 scribunt
2111 4441 2337 4503 Gali/ea,
2373 4442 2464 4497 alii
2491 4441 2732 4497 Golittrtt.

1910 4514 2031 4568 190.
2063 4515 2173 4568 Οιι.
2208 4517 2264 4580 2,
2298 4525 2563 4575 sanctum;
2596 4516 2733 4584 lege,
2767 4524 2967 4567 sancto.

1910 4587 2030 4640 195.
2070 4591 2284 4648 Arntz.,
2319 4590 2483 4656 Ang.,
2518 4587 2654 4655 Reg.
2689 4590 2743 4651 Ξ),
2777 4585 2934 4649 Ul'lt.,
2966 4585 3150 4649 Rom.,
3178 4601 3298 4639 cum
3325 4585 3442 4638 edi-

1837 4657 2076 4711 tionibus
2113 4658 2330 4726 Pat'rlt,
2369 4658 2515 4720 Ald.,
2566 4659 2743 4722 Lips.,
2778 4657 3015 4712 turbabat
3061 4658 3245 4712 minus
3278 4656 3434 4712 bene.

1835 4729 1948 4783 Ott.
1983 4735 2031 4795 1,
2067 4732 2336 4801 torpebat,
2369 4729 2587 4785 diversa
2629 4730 2931 4797 scriptura.
2964 4732 3048 4784 vel
3097 4731 3274 4795 potius
3314 4744 3436 4784 cor-

1838 4801 2008 4854 rectio
2060 4802 2302 4871 turpabat
2335 4818 2353 4856 :
2388 4802 2457 4854 ita
2515 4802 2794 4869 plerique;
2858 4801 3028 4869 Mens,
3085 4809 3342 4864 turpurat.

1893 4873 2026 5013 1136.
2057 4873 2288 4929 Scbeda:
2322 4873 2554 4940 Poelm.,
2591 4873 2720 4942 licg.
2753 4875 2784 4925 5
2812 4873 2877 4925 ad
2906 4890 3106 4942 tnarg.,
3141 4875 3306 4942 inquit
3343 4888 3440 4942 pro

1835 4945 1972 4998 inﬁt.
2605 4994 2607 4996 .

1915 5017 2035 5072 l97.
2071 5018 2252 5072 Edilio
2287 5017 2522 5079 l‘oelm.,
2563 5024 2620 5068 et
2670 5013 2916 5068 nonnulli
2962 5015 3049 5068 alii
3090 5015 3324 5083 vulgati.
3358 5032 3441 5069 re-

1836 5089 1994 5158 ferre,
2026 5091 2169 5160 quod
2202 5090 2413 5143 etiamsi
2448 5086 2662 5142 defendi
2695 5086 2867 5160 po_s~it
2893 5127 2907 5149 ,
2941 5096 3120 5160 tamen
3152 5102 3257 5160 non
3291 5097 3375 5160 est
3404 5102 3432 5139 a

1837 5157 1998 5213 manu
2041 5157 2265 5227 Sedulii,
2315 5170 2371 5215 tit
2430 5175 2494 5213 ex
2553 5172 2711 5226 prosa
2760 5157 2950 5225 liquet.
2995 5157 3223 5212 Schcdtt:
3272 5158 3435 5212 etiam

1837 5231 2046 5288 Poelnt.
2079 5236 2338 5287 damnant
2365 5232 2574 5301 referre.

1911 5305 2034 5359 198.
2089 5309 2300 5369 Arntz.,
2333 5300 2550 5365 curata,-
2595 5300 2707 5364 alii,
2742 5314 2863 5352 cum
2899 5315 3082 5366 prosa,
3133 5300 3390 5354 mundata
3416 5345 3430 5367 ,

1839 5379 1981 5445 quod
2004 5377 2220 5430 verbum
2245 5374 2299 5428 in
2324 5391 2381 5428 re
2402 5373 2590 5428 eadem
2620 5371 2920 5425 adbibilttnt
2947 5373 3072 5426 libr.
3092 5373 3149 5438 5,
3176 5387 3320 5426 vers.
3339 5371 3433 5429 29.

1910 5446 2036 5501 202.
2068 5447 2198 5514 Reg.
2231 5448 2284 5504 5.
2321 5445 2468 5508 Ald.,
2499 5453 2729 5514 agerent.

1910 5518 2037 5571 205.
2067 5515 2434 5583 Wo'ikensitts
2466 5531 2533 5570 ex
2552 5516 2865 5582 conjectura
2887 5516 3104 5584 pra-fert
3130 5531 3252 5568 mox
3279 5533 3436 5584 unus,

1839 5590 1962 5658 quia
2013 5589 2256 5657 leprosos
2288 5588 2379 5642 ille
2419 5603 2526 5640 non
2571 5589 2683 5650 vix,
2717 5599 2806 5640 aut
2839 5601 2989 5656 aegro
3045 5586 3145 5640 hoc
3193 5587 3439 5644 oflicinm

1839 5663 2152 5730 prtestabat.
2213 5658 2529 5732 Lectionem
2563 5669 2862 5728 receptam
2898 5660 3158 5732 explicat
3185 5662 3271 5714 uia:
3315 5665 3442 5732 quia

1838 5743 2144 5786 ca'terornm
2170 5730 2404 5802 exemplo
2448 5732 2568 5786 hinc
2594 5741 2866 5786 avocatam
2889 5731 2954 5785 iri
3005 5730 3338 5802 credidisses,
3363 5732 3444 5789 ret
