3912 6334
235 324 343 379 693

379 443 682 498 ilumanam
714 444 972 513 ﬂagrante
1000 444 1145 497 sitim
1176 444 1471 516 collegerat
1504 457 1662 511 :L'slu,

378 533 628 607 Fonsque
678 536 933 607 perennis
975 550 1168 603 aquae,
1219 537 1483 593 modicam
1551 538 1828 593 desiderat

1492 628 1750 700 [nudam,

227 715 337 773 225
376 717 447 774 Ut
474 720 703 781 biberet,
737 732 841 788 qua
872 732 1070 787 corpus
1100 729 1245 784 erat;
1280 728 1405 774 tunc
1436 721 1618 777 accola
1648 719 1827 791 gentis

374 810 537 866 Stans
568 810 783 873 mulier,
814 824 1037 878 parvum
1076 820 1238 879 puteo
1261 826 1381 881 qua:
1413 820 1652 867 traxerat
1688 813 1825 866 bau-

1546 902 1568 977 [
1586 912 1751 973 stum,

374 994 511 1051 Cum
542 995 672 1051 dare
703 1003 991 1050 cunctatur
1020 998 1273 1065 peritum
1301 1012 1525 1052 munera
1560 997 1825 1069 lymphae,

378 1092 690 1157 Agnoscens
724 1080 994 1158 propriam
1026 1105 1317 1145 numeroso
1342 1091 1571 1161 conjuge
1599 1093 1789 1158 vitam,

374 1180 527 1247 Orat,
561 1180 867 1235 iaeshausﬁ
898 1181 1058 1236 tribui
1083 1180 1189 1237 sibi
1213 1183 1352 1237 dona
1382 1182 1596 1251 ﬂuenti,

221 1269 335 1326 250
372 1270 650 1326 Aternam
678 1274 919 1343 positura
949 1273 1115 1340 sitim,
1152 1290 1255 1344 qua
1287 1290 1447 1329 nemo
1479 1291 1670 1332 carere

377 1363 580 1433 Dignus
606 1365 725 1429 erit,
756 1365 965 1421 Domini
994 1366 1097 1420 nisi
1126 1381 1338 1421 mersus
1359 1368 1574 1439 gurgite
1599 1367 1827 1438 Christi,

373 1455 539 1528 300
564 1457 834 1528 Percipiat
865 1458 1107 1528 placidas
1130 1459 1348 1526 animat,
1374 1460 1495 1531 ,‘non
1544 1462 1791 1533 corporis
1810 1503 1827 1530 ,

1518 1551 1539 1625 [
1560 1554 1751 1609 undas.

446 1641 687 1713 Dumque
708 1644 790 1697 sui
823 1643 1001 1699 media
1028 1644 1275 1701 residens
1302 1646 1571 1702 testudine
1614 1648 1826 1718 templi,

372 1733 481 1789 Ore
514 1744 703 1789 tonans
736 1736 935 1805 patrio,
968 1735 1162 1792 directi
1190 1736 1256 1803 ad
1281 1737 1465 1807 pervia
1498 1738 1652 1793 callis

1383 327 1666 385 CARMEN
1700 328 2247 387 ‘PASL'HALEJJB.
2280 333 2366 389 lV.

3430 340 3534 396 (ειμι

1856 452 1898 507 Α
1928 450 2034 505 255
2074 450 2358 507 Errantem
2388 453 2645 522 populum
2671 446 2891 507 monitis
2920 448 3192 506 convertit
3216 451 3426 515 amicis,

2080 541 2220 597 Ecce
2248 544 2584 605 trahebatur,
2620 558 2812 613 magna
2842 543 3084 612 stipante
3108 552 3353 606 caterva,

2078 631 2272 705 Turpis
2301 634 2548 688 adulterii
2579 635 2777 689 mulier
2809 635 3099 713 lapidauda
3123 645 3300 699 reatu,

2073 722 2249 790 ‘Quam
2304 723 2576 780 Pharisma
2633 741 2825 780 manus
2903 726 3114 795 placido
3180 726 3283 781 sub
3349 723 3540 795 judice

2906 836 2907 839 η
3202 815 3463 897 [sistens,

2078 906 2212 961 Cum
2242 907 2497 963 damnare
2530 918 2702 979 parat,
2734 908 2857 978 plus
2878 902 3107 965 liberat:
3140 910 3397 965 omnibus
3425 910 3538 979 illis

1931 1002 2038 1059 240
2074 1002 2208 1059 Nam
2237 1003 2399 1057 simul
2425 1019 2455 1058 e
2489 999 2665 1058 turbis
2694 1005 2917 1074 proprio
2947 1005 3068 1062 sine
3094 1005 3328 1063 crimine
3358 1006 3539 1062 nullus

2076 1096 2375 1150 Accusator
2402 1105 2538 1163 erat,
2566 1110 2759 1150 saxum
2786 1097 2876 1167 qui
2906 1098 3115 1154 missile
3143 1100 3353 1170 primus

2082 1188 2354 1252 Sumeret,
2388 1188 2660 1244 obscceme
2688 1187 2894 1245 feriens
2923 1192 3169 1261 contagia
3200 1182 3449 1249 moechm.

2078 1276 2237 1353 301
2270 1279 2379 1336 Nec
2420 1289 2638 1350 poterat
2677 1282 2963 1351 quisquam
3012 1280 3275 1339 festucam
3325 1284 3532 1341 vellere

3213 1374 3458 1447 [parvam

2078 1454 2153 1518 Ex
2182 1463 2340 1519 oculo
2367 1462 2616 1530 alterius,
2642 1466 2871 1535 prOprio
2902 1467 2993 1537 qui
3023 1466 3235 1523 lumine
3263 1470 3531 1539 grandem

1927 1556 2035 1615 2&5
2072 1555 2251 1615 Sciret
2302 1558 2482 1613 inesse
2524 1557 2755 1614 trabem.
2790 1558 3059 1631 Prologus
3091 1564 3174 1615 sic
3206 1560 3300 1616 ille
3345 1578 3532 1621 reces-

2224 1654 2227 1655 ⁷
3406 1654 3500 1728 [sit

2074 1741 2335 1813 Impetus,
2363 1751 2419 1797 et
2440 1742 2696 1799 ‘clemens
2724 1742 2891 1799 donat
2913 1744 3190 1800 sententia
3218 1745 3461 1818 culpam,

1567 1828 1747 1889 OPUS
1783 1830 2175 1889 PASCHALE.

1567 1831 1658 1886 ΟΡ
1783 1831 1828 1887 Ρ
2162 1877 2175 1889 .

222 1934 405 1975 mana:
435 1921 557 1975 sitis
594 1920 845 1976 ardorem
884 1922 974 1977 die
1014 1922 1634 2001 collegerattestuante,
1663 1831 1816 1981 ibis-
1830 1834 2239 2004 ἶεϐηιῖξιηεᾳυθ
2269 1928 2431 1998 hujus
2456 1939 2653 1984 tonans
2687 1943 2783 1984 ore
2810 1929 3053 1985 salvator
3080 1932 3223 1987 sacri
3252 1932 3530 1990 mmuibus

219 2026 336 2081 que
360 2012 563 2083 iugiter
588 2013 824 2082 pervius,
859 2022 913 2068 et
945 2014 1204 2084 perennis
1253 2031 1407 2087 aqua:
1440 2006 1658 2086 semper
1704 2018 1827 2073 irri-

220 2118 390 2172 guus,
426 2104 628 2158 undam
680 2104 1026 2161 desiderabat
1075 2109 1346 2179 exiguam,
1397 2125 1499 2180 qua
1529 2111 1823 2173 materiem

220 2198 453 2268 gerebat
484 2201 731 2270 corporis
754 2201 1102 2271 epulandum.
1128 2202 1229 2257 Hic
1256 2203 1449 2259 mulier
1473 2203 1622 2259 illius
1644 2204 1823 2275 regio-

220 2293 316 2348 nis
360 2292 637 2365 indigena,
666 2310 787 2363 qua:
821 2294 1089 2363 profundo
1120 2295 1308 2351 latices
1347 2296 1631 2353 hauriebat
1662 2313 1693 2353 e
1720 2312 1821 2371 pu-

220 2394 341 2450 teo,
370 2386 603 2441 modica:
644 2394 931 2441 cunctatur
976 2396 1174 2444 munus
1227 2404 1381 2459 aquae
1434 2388 1695 2450 tribuere.
1724 2403 1821 2444 co-

219 2494 503 2551 gnoscens
535 2496 665 2535 voce
697 2482 1009 2552 prophetica
1042 2499 1360 2553 numeroso,
1392 2485 1474 2539 vel
1522 2484 1706 2540 alieno
1753 2482 1823 2541 do

218 2572 465 2643 conjuge
494 2574 575 2627 sui
620 2573 865 2628 criminis
894 2576 1085 2641 vitam,
1117 2577 1446 2631 immortalia
1482 2577 1588 2633 sibi
1634 2578 1825 2634 Domi-

223 2678 371 2720 num'
410 2664 612 2720 ﬂuenta
662 2667 846 2737 largiri
891 2676 1031 2733 orat,
1062 2684 1296 2739 quorum
1342 2682 1642 2741 numquam
1685 2669 1823 2726 delia

223 2759 411 2813 ciente
438 2758 761 2823 substantia,
795 2759 915 2814 sitis
960 2759 1220 2816 deficeret
1252 2761 1536 2828 abolenda,
1568 2764 1823 2834 ignorans

226 2856 481 2922 prorsus,
513 2868 591 2907 ac
612 2853 883 2919 nesciens,
917 2853 1125 2908 nullum
1158 2862 1309 2911 tanto
1340 2872 1569 2911 munere
1618 2858 1823 2927 potitu-

225 2954 379 3010 rum,
404 2944 507 2999 nisi
535 2946 625 3016 qui
662 2947 871 3016 gurgite
896 2944 1025 3000 Jesu
1052 2946 1258 3002 Christi
1287 2950 1630 3012 submersus.
1665 2948 1823 3005 undis

225 3039 595 3108 spiritalibus,
628 3040 808 3094 anima
849 3038 1035 3105 fuerit,
1064 3055 1171 3115 npn
1199 3055 1434 3111 corpore
1466 3040 1714 3096 satiatus.

1934 2021 2201 2077 resideret
2232 2022 2287 2077 in
2320 2020 2532 2091 templi,
2576 2018 2841 2097 populum
2887 2022 3179 2077 miseratus
3225 2036 3527 2094 errantem,

1932 2111 1986 2168 in
2015 2122 2227 2168 rectum
2259 2100 2533 2167 tramitem
2558 2111 2731 2168 amica
2755 2112 2883 2168 vitae
2913 2120 2940 2149 ι
2964 2115 3275 2171 monitione
3305 2130 3539 2173 conver-

1932 2216 2073 2273 tens,
2103 2223 2234 2263 ecce
2257 2206 2557 2262 ducebatur
2589 2207 2872 2262 abstracta
2897 2218 3049 2264 coetu
3088 2222 3300 2278 magum
3353 2211 3537 2266 multi-

1928 2301 2135 2357 tudinis
2158 2315 2403 2373 pra-eeps
2427 2299 2681 2357 adultera
2713 2296 2780 2356 ad
2805 2315 2930 2355 eum
2960 2300 3253 2368 deformis,
3282 2302 3541 2373 legitimae

1929 2391 2344 2448 consuetudinis
2394 2392 2648 2447 instituto
2680 2389 2920 2463 lapidum
2964 2386 3204 2463 iactibus
3234 2394 3534 2450 obruenda.

1929 2483 2099 2551 Quam
2134 2484 2223 2553 pio
2248 2482 2414 2553 iudici
2446 2499 2625 2539 saevus
2674 2490 3060 2541 accusantium
3102 2479 3261 2542 furor
3289 2487 3538 2556 ingessit,

1931 2577 2197 2631 damnare
2224 2574 2474 2646 cupiens,
2510 2576 2784 2631 liberavit.
2813 2571 2949 2632 Nam
2979 2575 3298 2634 conditione
3331 2594 3538 2649 propo-

1933 2669 2037 2742 sita
2058 2678 2113 2723 ut
2132 2667 2389 2737 puniendi
2402 2668 2644 2738 sceleris
2666 2670 3171 2737 anctorexisteret,
3206 2672 3298 2741 qui
3313 2672 3542 2728 sceleris

1934 2759 2070 2814 nihil
2102 2760 2354 2826 haberet,
2388 2760 2571 2814 nullos
2598 2760 2922 2831 suojudicio
2947 2777 3114 2831 purus
3140 2762 3395 2818 inventus
3424 2775 3530 2832 est,

1930 2854 2020 2924 qui
2053 2854 2243 2908 feriret
2290 2855 2583 2925 impuram.
2618 2852 2733 2908 Nec
2786 2855 2931 2910 enim
2980 2870 3049 2909 ex
3104 2855 3329 2911 alterius
3378 2854 3541 2931 oculo

1928 2946 2196 3002 festucam
2227 2946 2353 3015 quis
2394 2941 2633 3000 audebat
2678 2945 3089 3012 evellerc,cum
3119 2947 3332 3002 trabem
3367 2949 3541 3006 sciret

1929 3038 1980 3093 in
2010 3036 2241 3107 proprio
2271 3048 2615 3106 permanere.
2649 3036 2773 3092 Mox
2804 3038 2969 3108 igitur
2998 3045 3174 3094 totum
3221 3040 3428 3109 rapidae
3450 3058 3541 3099 se-

1822 3129 2051 3186 "OLIA.

1822 3130 2051 3186 "OLIA.

301 3224 434 3279 223.
466 3224 582 3277 Vat.
609 3224 667 3289 2,
702 3208 943 3277 Humana
974 3242 989 3277 :
1034 3226 1245 3294 corrige
1288 3223 1610 3278 Humanam.
1637 3130 1827 3280 Arnstf.
1859 3226 1904 3288 C
1936 3198 2203 3294 Dumque;
2223 3221 2357 3291 Reg.
2386 3222 2468 3286 2.,
2497 3222 2607 3294 Ott.
2635 3223 2690 3287 1,
2715 3223 2884 3276 media
2905 3224 3168 3278 residens:
3194 3227 3283 3281 alii
3309 3228 3541 3283 residens

229 3307 560 3363 conceperat,
585 3312 703 3367 qum
720 3295 896 3367 glossa
918 3304 1001 3350 est
1022 3296 1072 3348 in
1097 3297 1237 3349 Μαι.
1262 3295 1326 3353 ad
1350 3295 1647 3367 collegerat.
1672 3296 1833 3350 [lein-

227 3370 347 3422 sius
375 3368 439 3420 ad
472 3366 651 3427 Ovidi.
685 3368 723 3421 l.
756 3381 809 3431 ν,
840 3366 965 3420 Met.
999 3382 1138 3421 vers.
1164 3368 1297 3433 uti,
1344 3366 1493 3420 citat
1523 3366 1833 3422 Immensum

229 3453 332 3507 pro
374 3436 700 3498 Humanam,
734 3446 787 3491 et
827 3439 990 3491 Arist.
1035 3453 1174 3493 sacr.
1221 3452 1340 3506 cap.
1386 3438 1478 3502 20,
1506 3446 1834 3493 contraxerat

227 3523 333 3580 pro
362 3508 659 3578 collegerat.
697 3508 895 3563 Verum
928 3509 1041 3563 haec
1090 3524 1235 3579 saepe
1284 3509 1638 3578 scriptoribus
1682 3511 1832 3564 exci-

227 3582 391 3641 dunt,
426 3595 537 3634 rem
572 3580 972 3648 ipsanrpotius,
1003 3596 1162 3646 quam
1205 3581 1364 3633 verba
1402 3580 1829 3636 attendeutibus;

303 3648 436 3703 224.
481 3646 605 3705 νειζ
633 3650 687 3713 2,
717 3646 858 3703 Fons
879 3656 1112 3721 perennis
1132 3667 1147 3703 :
1171 3652 1384 3720 corrige
1409 3667 1475 3706 ex
1499 3652 1615 3721 lege
1641 3651 1830 3718 Pedia,

233 3720 483 3791 Fonsque
512 3722 769 3792 perennis.

304 3792 435 3848 225.
474 3791 611 3847 Fere
630 3807 829 3846 omnes
862 3793 1028 3845 nostri
1056 3806 1185 3845 mss.
1212 3807 1334 3846 cum
1366 3791 1539 3861 Lips.,
1570 3791 1661 3847 ed.
1704 3793 1828 3847 Ald.

225 3880 339 3933 qua
365 3880 551 3935 corpus
582 3873 714 3935 erat,
749 3864 889 3930 quod
926 3877 1083 3931 prosa
1134 3864 1455 3935 conﬁrmat.
1480 3865 1656 3935 Altum
1705 3863 1828 3920 Vel.

232 3932 292 3995 1,
324 3937 379 3993 2,
415 3932 580 3994 Μοιι..
607 3932 723 3987 Col.
759 3935 880 4003 quia
910 3949 1095 4003 corpus
1123 3942 1252 3985 erat.
1290 3934 1361 3987 lta
1390 3934 1485 3986 fuit
1515 3933 1569 3987 in
1602 3932 1737 4003 Reg.
1776 3936 1827 3999 l,

226 4005 329 4060 sed
354 4020 424 4058 ex
450 4006 575 4068 quia
605 4002 799 4059 factum
826 4002 1051 4075 estqua.
1078 4002 1271 4057 Parrh.
1297 4004 1384 4073 qui
1410 4020 1594 4075 corpus
1620 4002 1745 4057 erat.
1774 4006 1830 4060 ltt

226 4076 455 4131 St-hedis
478 4075 685 4130 Poeltn.
717 4076 877 4128 varias
906 4074 988 4127 ha:
1027 4082 1183 4146 erant
1230 4077 1515 4141 lectiooes,
1560 4074 1644 4128 At.
1683 4076 1829 4146 quia,

224 4148 305 4200 al.
333 4148 440 4216 qui.
475 4147 547 4199 al.
582 4162 683 4216 qua
706 4162 889 4217 corpus
917 4146 1059 4217 alat:
1085 4145 1223 4201 hanc
1247 4146 1485 4200 ultimam
1508 4145 1833 4203 Arntzenius

230 4235 344 4272 nan
397 4220 630 4284 ineptam
684 4216 890 4270 cenSct.
944 4216 1019 4271 Ea
1069 4224 1248 4271 exstat
1291 4218 1341 4271 in
1374 4232 1495 4271 meo
1522 4217 1731 4284 codice,
1764 4217 1831 4273 ad

227 4290 392 4357 cujus
426 4304 595 4358 tuarg.
631 4288 839 4342 diversa
870 4288 1137 4359 scriptura
1185 4288 1604 4359 ititltcatur'qtta
1649 4304 1833 4359 corpus

226 4370 364 4414 erat.
406 4359 595 4413 Glossa
639 4360 797 4430 hujus
830 4361 879 4412 in
916 4358 1048 4430 [ti-g.
1084 4361 1135 4427 1,
1166 4370 1245 4412 est
1276 4377 1379 4429 qua
1401 4390 1421 4400 -
1445 4358 1637 4428 deqtra
1661 4358 1830 4430 parte.

229 4434 316 4486 Ad
349 4431 571 4501 verbum
601 4428 796 4497 accola,
832 4440 978 4483 nutat
1010 4428 1413 4493 Nebrisscnsis,
1446 4431 1605 4494 Quid,
1628 4428 1673 4482 si
1695 4431 1833 4501 legas

226 4502 443 4555 incola?
476 4500 681 4554 Revera
710 4501 909 4565 accola,
935 4513 982 4554 et
1015 4502 1190 4553 incola
1216 4504 1265 4553 in
1296 4517 1360 4555 eo
1382 4501 1657 4569 differunt,
1686 4500 1831 4571 quod

227 4572 417 4625 accola
448 4583 552 4633 est,
581 4571 672 4640 qui
698 4574 867 4635 juxta,
898 4572 979 4625 vel
1005 4572 1145 4625 citet
1178 4571 1353 4625 locum
1397 4572 1630 4640 aliquem
1676 4572 1830 4625 habi-

226 4619 1161 4710 iiifikéi.f{afraidtilit'u'ioco
1191 4641 1414 4696 habitat.
1442 4619 1545 4696 séu
1576 4658 1696 4697 cum
1729 4645 1827 4696 Se-
1862 4619 1909 4678 Ῑ)
1935 4619 2083 4695 81ὶὶἓέ
2116 4643 2307 4695 iterum
2341 4656 2435 4707 pro
2463 4643 2517 4696 d.
2548 4657 2593 4693 s.
2642 4630 2748 4694 illis
2778 4683 2791 4701 ,
2840 4619 3159 4695 Parrhasius
3206 4644 3542 4766 interiiuogit

226 4715 418 4766 duiius
445 4712 592 4766 dicat
620 4713 799 4765 accola
838 4728 943 4766 non
994 4712 1134 4765 urbis
1160 4754 1173 4766 .
1219 4712 1312 4766 sed
1364 4715 1555 4766 (tentis.
1600 4714 1831 4766 fortasse
1933 4714 2049 4766 alus
2076 4712 2257 4766 liberat
2285 4714 2519 4765 omnibus
2546 4712 2651 4765 illis
2678 4712 3087 4766 -—Nam2simul.
3125 4714 3250 4766 Ald.
3278 4714 3392 4766 nlus
3416 4714 3455 4766 li
3490 4732 3541 4766 e-

225 4715 418 4769 duiius
445 4712 592 4766 dicat
620 4713 943 4783 accolainon
994 4712 1173 4777 urbis,
1219 4712 1312 4766 sed
1363 4715 1555 4783 gentis,
1600 4714 1831 4769 fortasse

224 4788 416 4854 aptius
463 4783 784 4836 vocabulum
814 4782 935 4836 huic
967 4784 1083 4837 loco
1112 4794 1195 4837 est
1224 4782 1419 4849 accola,
1450 4800 1611 4854 quam
1634 4784 1824 4839 incola.

304 4855 433 4911 226.
452 4854 618 4924 Reg.l
647 4855 1026 4923 ltaustus,quod
1044 4854 1239 4908 factum
1256 4855 1465 4909 videtur
1482 4855 1827 4909 exhaustum:

227 4940 435 4982 sensus
460 4926 537 4980 sic
561 4926 664 4979 erit
693 4941 905 4995 parvum
942 4926 1179 4987 haustus,
1205 4926 1349 4995 quasi
1381 4942 1565 4990 parum
1592 4928 1827 4980 Itan-stus.

225 4996 555 5053 Communis
581 4994 844 5064 scriptura
876 4994 1117 5050 haustum
1150 4994 1255 5048 non
1284 4996 1424 5050 male
1457 4997 1714 5064 procedit.

308 5068 437 5123 228.
470 5066 832 5135 Wopkensins
873 5068 1059 5121 mallet
1101 5084 1321 5139 parvam
1359 5068 1541 5139 (forte
1582 5066 1828 5139 pravam)

226 5155 337 5207 pro
360 5140 651 5209 propriam,
687 5139 803 5193 sive
834 5140 996 5192 etiam
1028 5137 1256 5209 culpam,
1290 5137 1381 5192 vel
1404 5155 1593 5192 noxam
1622 5155 1721 5209 pro
1761 5137 1834 5192 ril-

223 5208 369 5291 εφη,
401 5219 611 5291 retento
646 5222 770 5291 tunc
799 5211 1077 5291 prapriaui.
1105 5208 1238 5291 .Vita
1260 5211 1339 5264 sic
1366 5208 1837 5291 absoluteiutelli-

223 5283 383 5358 gitur
429 5280 720 5358 aliquando
765 5280 1073 5358 vitm't'atio,
1102 5281 1263 5345 bona,
1296 5280 1383 5358 vel
1411 5280 1571 5346 mala,
1601 5280 1742 5351 quod
1772 5295 1839 5336 ex

225 5352 513 5420 adjunctis
544 5351 963 5420 determinatur.

306 5419 440 5475 252.
472 5422 582 5475 Ott.
615 5422 669 5479 2.
708 5422 851 5475 Mens
886 5419 1195 5492 Praecipiat:
1222 5422 1310 5474 alii
1338 5420 1527 5475 melius
1552 5420 1839 5492 Percipiat.

224 5493 348 5547 Ott.
383 5491 439 5556 2,
475 5493 807 5615 alacidasque
839 5491 1061 5545 aniuue.‘
1099 5492 1331 5546 abundat
1372 5492 1687 5559 conjunctio
1725 5511 1843 5565 que.

304 5561 439 5617 235.
523 5576 607 5620 eg.
645 5564 697 5620 l.
737 5562 808 5615 De
850 5563 1064 5614 muliere
1107 5563 1159 5614 in
1204 5561 1461 5615 adulterio
1508 5562 1843 5620 deprehensa.

304 5576 439 5617 20.5.
475 5576 607 5631 Heg.
645 5576 697 5628 1,
737 5576 808 5615 ue
850 5576 1064 5614 munere
1107 5579 1159 5614 in
1204 5576 1461 5615 adnuet-to
1508 5576 1845 5629 deprehensa.

158 5668 165 5674 ’
226 5634 418 5701 Meus,
448 5630 637 5686 Mulier
661 5633 941 5704 absolvitur
961 5632 1399 5704 adulleriireatu.
1427 5632 1605 5703 Cant,
1631 5633 1848 5704 Arntz.,

226 5705 400 5772 Urb.,
431 5705 611 5768 ltom.,
644 5703 814 5765 Meus,
840 5701 929 5757 ed.
958 5701 1130 5771 Lips.,
1165 5702 1284 5755 Ald.
1312 5701 1849 5776 Cumquetplerique

304 5561 439 5617 235.

1938 3292 2128 3368 media.
2161 3292 2284 3348 Vat.
2324 3295 2371 3368 l_.
2400 3293 2838 3368 resideris_medi_i.
2879 3293 3131 3368 Virgilius
3160 3312 3309 3368 vero.
3342 3313 3403 3351 ex
3429 3314 3541 3368 quo

1936 3363 2194 3420 Sedulius
2225 3363 2460 3432 prolicit,
2493 3365 2529 3418 l.
2566 3381 2582 3420 ι
2608 3364 2825 3420 Ᾱίιιθὴί.
2860 3363 3001 3419 vers.
3031 3366 3154 3431 509,
3182 3366 3357 3422 Media
3380 3363 3541 3424 testu-

1939 3438 2059 3489 dine
2100 3436 2300 3507 templi.
2336 3434 2611 3490 Videndus
2640 3436 2794 3501 adh.
2832 3436 2869 3490 Ι.
2900 3437 3146 3501 Servius,
3176 3455 3337 3507 quem
3371 3440 3545 3496 Isido-

1938 3524 2029 3561 rus
2062 3523 2127 3560 xv
2168 3507 2316 3575 Orig.
2350 3507 2406 3571 8,
2432 3508 2718 3571 describit,
2749 3523 2859 3562 non
2893 3520 2941 3560 ιιι
2976 3523 3074 3561 suo
3103 3510 3324 3564 nomine
3354 3510 3543 3566 vendi-

1937 3586 2042 3644 tet,
2086 3594 2207 3653 quae
2248 3580 2437 3653 servio
2478 3579 2665 3653 debet,
2710 3587 2767 3633 tit
2808 3579 2880 3633 ait
2908 3579 3258 3653 Arntzenius,
3291 3582 3384 3637 sed
3416 3582 3543 3653 quia

1938 3663 2073 3717 Opus
2102 3648 2275 3715 ipsum
2307 3648 2497 3702 lsidori
2527 3659 2612 3703 est
2643 3651 3045 3705 centenarium.
3202 3674 3205 3675 ν

2003 3719 2131 3773 256.
2165 3719 2298 3772 Ecce
2322 3720 2639 3793 trahebatur,
2659 3735 2722 3773 ex
2754 3720 2972 3793 Virgilio
2996 3738 3011 3775 t
3040 3721 3170 3776 Ᾱέη.
3194 3724 3319 3779 403.
3342 3722 3541 3793 Magna

1934 3792 2155 3861 stipante
2180 3799 2399 3861 caterua,
2422 3806 2497 3861 fex
2528 3791 2718 3844 eodem
2745 3806 2797 3844 tv
2822 3791 2950 3845 Ᾱῦιι.
2981 3793 3106 3848 509.

2004 3860 2128 3916 258.
2163 3860 2389 3917 Schodae
2418 3860 2623 3936 Poeltn.
2656 3862 2840 3936 Quum
2863 3878 2960 3929 pro
2990 3862 3164 3929 Quam
3191 3863 3335 3919 bono
3358 3864 3540 3936 aliquo

1936 3938 2117 4006 sensu,
2153 3936 2203 4006 s_i
2231 3946 2278 4006 v.
2309 3946 2427 4001 seq.
2464 3932 2672 4006 legatur
2696 3930 3069 4006 Condentuare.
3343 4004 3345 4006 η

2004 4003 2131 4058 259.
2166 4003 2325 4057 Fabr.
2360 4012 2414 4056 et
2444 4003 2688 4072 quwdant
2722 4004 2841 4057 ali:e
2881 4004 3149 4058 editiones
3200 4004 3345 4059 Dum
3383 4007 3535 4060 dant-

1933 4092 2057 4129 nare
2084 4086 2255 4141 parat,
2275 4075 2409 4143 Reg.
2438 4074 2486 4139 1,
2515 4074 2643 4127 Cum
2666 4074 2912 4129 damnare
2939 4086 3186 4143 paret,ex
3212 4093 3319 4143 quo
3337 4077 3537 4132 factum

1936 4094 2057 4129 nare
2084 4094 2255 4141 parat,
2275 4094 2409 4143 neg.
2438 4094 2486 4139 ι,
2515 4094 2643 4127 Lam
2666 4094 2912 4129 aamnare
2936 4094 3186 4197 Γητεῌιι
3212 4094 3537 4143 quotacmnt

1936 4144 2290 4216 Condemnare
2323 4155 2497 4216 parat,
2550 4154 2622 4198 uti
2674 4146 2835 4199 etiam
2862 4162 2922 4198 οι
2953 4147 3120 4201 libent
3147 4147 3255 4200 Ott.
3292 4149 3341 4212 i,
3376 4147 3537 4214 Urb.,

1934 4217 2098 4282 Aug,
2132 4215 2397 4280 Rom.,’et
2430 4219 2518 4269 alii
2548 4230 2678 4269 mss.
2706 4216 2843 4282 apud
2872 4216 3250 4279 Arntzenium,
3290 4228 3345 4271 et
3377 4218 3539 4273 srhe-

1936 4290 2033 4343 das
2047 4287 2499 4359 Poelmannicum
2524 4287 2763 4359 editione
2786 4287 3081 4342 Parrhasii.
3112 4288 3319 4342 Rursus
3336 4292 3386 4342 in
3402 4289 3541 4359 Reg.

1938 4360 1959 4412 1
2000 4375 2096 4425 pro
2123 4359 2177 4412 tl.
2209 4375 2253 4411 s.
2284 4357 2552 4412 indicatur
2581 4358 2743 4411 lectio
2771 4362 3099 4416 communis.
3130 4359 3263 4413 Cum
3287 4357 3543 4416 damnare

1935 4430 2220 4500 paratLuhi
2252 4445 2370 4481 cum
2396 4428 2626 4482 sumitur
2654 4445 2752 4495 pro
2782 4429 2924 4500 dum.
2968 4429 3023 4482 In
3069 4430 3191 4483 Vat.
3243 4432 3261 4483 l
3312 4430 3546 4487 fortasse

1937 4498 2032 4553 fuit
2079 4498 2436 4555 Candemnare
2459 4540 2473 4563 ,
2524 4514 2667 4553 uuoc
2712 4509 2799 4552 est
2834 4498 2965 4553 Cum
2999 4500 3249 4553 damnare
3278 4513 3446 4566 parnt.
3484 4501 3541 4556 In

1938 4572 2069 4640 Reg.
2106 4571 2131 4625 1
2158 4588 2220 4625 ex
2250 4569 2359 4623 illis
2381 4568 2578 4623 factum
2602 4580 2689 4637 est
2713 4570 2804 4623 ille
2834 4584 2955 4623 cum
2982 4571 3161 4640 glosM
3189 4564 3363 4626 Index
3387 4564 3539 4627 Clari-

1932 4714 2049 4783 plus
2076 4712 2257 4783 liberat
2285 4714 2519 4765 omnibus
2546 4712 2651 4765 illis
2678 4712 3087 4782 -—Nam}simul.
3125 4714 3250 4769 Ald.
3278 4714 3392 4783 plus
3416 4712 3541 4767 libe-

1932 4780 2033 4847 rat,
2066 4780 2299 4837 omnibus
2328 4783 2679 4838 illia—Nam
2703 4780 2983 4838 simulfAt
3009 4786 3246 4838 onutt'btts
3278 4780 3382 4838 illis
3409 4800 3538 4838 con-

1926 4853 2265 4924 jungendnm
2292 4865 2375 4909 est
2405 4870 2527 4909 cum
2562 4854 2745 4908 turbis.

2002 4925 2125 4981 2i0.
2160 4925 2329 4989 Meus,
2356 4942 2454 4980 eas:
2486 4927 2598 4992 alii,
2628 4944 2674 4979 e.

2001 4996 2127 5051 (ΞΗ.
2162 4997 2315 5068 Mirus
2355 4997 2591 5068 fugiens:
2635 4996 2841 5068 retineo
2888 4996 3076 5062 {oriens
3103 5037 3117 5059 ,
3170 4995 3314 5068 quod
3367 4996 3539 5050 Prosa

1939 5070 2245 5121 coolirmat.
2280 5065 2529 5138 Contugia
2566 5065 2901 5138 oueclue._h_.,
2932 5081 3006 5125 e.,
3045 5067 3314 5138 ntmchatn
3350 5078 3540 5122 Conta-

1942 5139 2171 5210 giosatn,
2199 5148 2257 5210 ut
2286 5135 2481 5192 similia
2516 5138 2679 5210 multa
2706 5135 2959 5210 Sedulius
2991 5136 3233 5191 adhibet.

2014 5208 2142 5265 9.45.
2189 5208 2375 5275 Fabr.,
2409 5218 2464 5262 et
2496 5208 2647 5275 pauci
2680 5207 2768 5258 alii
2803 5206 2935 5259 editi
2966 5221 3086 5260 cum
3115 5223 3273 5275 prosa
3298 5210 3539 5275 evellere,

1947 5282 2093 5350 quod
2127 5282 2274 5336 Meus
2304 5280 2477 5334 innuit
2506 5278 2558 5332 in
2588 5280 2799 5330 erelere.
2828 5276 3108 5347 Plerique,
3132 5278 3339 5345 vellere,
3369 5283 3540 5349 Μαι,

1988 5352 2164 5406 ellere.

2017 5370 2164 5406 uere.

1943 5370 2145 5476 p82“.
2188 5422 2357 5483 Meus,
2392 5420 2571 5479 Rom.,
2610 5418 2805 5472 Parrh.
2838 5420 2925 5488 qui
2954 5420 3004 5471 in
3035 5422 3250 5487 lumine,
3278 5423 3345 5477 ita
3374 5424 3543 5477 etiam

1952 5492 2107 5559 Urb.,
2134 5492 2225 5547 sed
2258 5490 2517 5546 mendose
2543 5489 2719 5543 limine
2744 5506 2841 5559 pro
2869 5492 3077 5547 lumine.
3109 5494 3361 5564 Plerique
3384 5494 3544 5547 omit-

1953 5571 2073 5618 lttut
2101 5564 2173 5617 in.
2898 5596 2905 5602 -

2022 5633 2146 5704 2l6.
2209 5633 2472 5687 Sententia
2519 5632 2797 5699 eleganter
2862 5634 3151 5689 adhibetur
3208 5650 3305 5704 pro
3357 5634 3544 5703 judice

1950 5721 2067 5760 eam
2094 5703 2326 5769 ferente,
2346 5704 2487 5773 quod
2512 5706 2697 5758 multis
2719 5707 2983 5775 exemplis
3012 5713 3187 5775 potest
3207 5706 3539 5761 eontirtnari.

322 5828 348 5856 ⁸
381 5819 671 5890 Perperam
696 5826 853 5874 vetus
876 5815 1047 5873 mdes
1080 5818 1182 5873 rita
1208 5833 1306 5889 pro
1326 5820 1461 5887 vitis,
1485 5828 1539 5875 ct
1565 5835 1686 5877 mox
1715 5822 1802 5890 qui
1831 5821 2054 5891 ferret-iu
2083 5837 2262 5890 puram
2297 5835 2397 5891 pro
2424 5821 2513 5891 qui
2539 5821 2712 5891 feriret
2742 5822 3014 5893 impurum.
