3920 6330
407 288 512 346 695

547 409 670 466 iam
698 422 809 464 nou
843 405 1106 477 peccandi
1136 403 1238 459 sub
1267 402 1587 458 conditione
1618 402 1875 458 solutam.

551 502 690 560 Nam
721 500 988 556 vomitum
1018 498 1352 570 quicumque
1400 511 1561 552 suum
1590 497 1745 553 cauis
1795 512 1895 554 ore
1942 513 2030 554 re-

1717 593 1953 667 “ambit,

553 690 669 751 Nec
694 698 935 747 veterem
969 687 1152 745 studet
1186 687 1274 744 hic
1303 687 1551 756 veniam,
1581 702 1682 744 nec
1710 688 1920 745 habere
1949 689 2032 746 fu-

733 841 737 845 ,
1729 791 1955 849 limam,

1756 791 1955 849 turam,

405 874 514 935 350
552 841 947 948 Hujus'damua
973 886 1190 944 tenens,
1221 875 1384 948 hujus
1411 780 1750 947 compendi:
1769 877 2025 947 perdeus.

616 970 748 1026 lude
773 984 986 1034 means,
1008 970 1254 1037 genitum
1279 968 1766 1025 ceruitconsidere
1794 985 2021 1041 meeum,

550 1067 652 1136 Qui
685 1067 827 1122 male
861 1063 1197 1136 praegnantis
1219 1066 1481 1135 delapsus
1518 1075 1711 1121 ventre
1758 1066 2021 1136 parentis,

549 1158 798 1232 3021a
833 1159 1009 1215 lucem
1041 1159 1164 1215 sine
1195 1159 1317 1215 luce
1364 1158 1493 1214 ruit.
1545 1158 1700 1214 Tunc
1741 1158 2023 1229 sanguinis

1860 1250 1950 1308 ille

1860 1250 1886 1305 il

546 1345 818 1403 Conditor
845 1341 1093 1416 humani,
1127 1341 1426 1419 mundique
1451 1347 1682 1402 orientis
1709 1250 1886 1419 erigi),

401 1445 513 1503 255
552 1445 880 1520 lmperl'ecta
911 1448 1008 1505 diu
1042 1440 1247 1521 proprii
1277 1464 1386 1506 non
1422 1462 1619 1520 passus
1640 1448 1835 1505 haberi

1792 282 2016 342 C(ELII
2051 281 2326 344 SEDULII

2053 411 2101 468 A

3641 287 3736 346 696

2271 404 2516 460 Membra
2544 403 2746 475 operis,
2795 403 2975 459 natale
3021 402 3196 459 lutum
3237 420 3339 476 per
3385 407 3620 462 claustra
3648 423 3733 480 ge-

3449 497 3662 573 [narum

2273 589 2519 646 llliniens
2552 631 2567 654 ,
2617 588 2895 646 hominem
2937 591 3110 648 veteri
3140 591 3212 648 de
3255 593 3470 649 semine
3493 595 3724 665 supplet.

2277 682 2388 740 Nec
2427 683 2605 738 visum
2646 693 2829 738 tamen
2878 694 3007 741 ante
3055 685 3222 756 capit,
3272 701 3434 758 quam
3477 702 3612 742 voce
3647 689 3727 756 ju-

3464 779 3665 852 [beatis

2275 874 2512 945 Accepta
2541 874 2780 941 Domini,
2813 875 3018 930 Siloam
3048 873 3296 930 venisset
3317 873 3386 929 ad
3410 875 3632 942 undam,

2130 969 2238 1026 260
2275 969 2344 1024 Et
2371 968 2768 1040 consanguinei
2793 968 2938 1024 fatus
2968 968 3333 1025 medicamine
3364 969 3501 1035 liu‘ti,

2270 1063 2411 1118 Pura
2439 1064 2630 1118 oculos
2664 1061 2888 1118 lovisset
2921 1077 3061 1134 aqua
3089 1079 3103 1127 ;
3135 1078 3260 1117 mox
3309 1077 3444 1132 ergo
3490 1061 3728 1133 gemellas

2271 1157 2434 1230 303
2476 1156 2727 1212 Vultibus
2754 1156 3016 1230 eﬂ'ulgeut
3057 1156 3230 1236 acies,
3263 1156 3597 1229 tandemque
3624 1172 3734 1213 me-

3443 1252 3465 1327 [
3486 1263 3671 1308 rentur

2269 1350 2515 1423 Ignotum
2542 1358 2794 1420 spectare
2820 1348 2984 1405 diem.
3015 1349 3362 1421 cognoscite,
3386 1350 3593 1415 cuncti,

2271 1444 2498 1516 blystica
2529 1441 2656 1514 quid
2683 1442 2920 1498 doceant
2962 1441 3176 1498 animos
3205 1441 3471 1499 miracula
3503 1451 3730 1499 nostros.

1675 1585 1679 1590 ’
1771 1587 1950 1646 OPUS
1992 1583 2380 1644 PASCHALE.

401 1733 632 1794 ditionis
686 1733 1005 1789 incendium
1064 1733 1425 1788 conscientiae
1490 1730 1595 1786 l‘uit
1674 1729 2025 1786 immunditie
2056 1733 2105 1794 B
2136 1737 2243 1793 tor,
2283 1735 2448 1798 atque
2487 1722 2784 1796 perfector,
2821 1723 2933 1779 oris
2971 1723 3055 1779 sui
3088 1716 3356 1777 fabricam
3396 1737 3506 1776 non
3549 1737 3736 1792 passus

403 1829 766 1900 restiuctum,
799 1825 1093 1897 omnisque
1143 1828 1312 1880 tacite
1345 1833 1370 1861 ⁸
1402 1823 1720 1880 coullteudo
1762 1839 1890 1879 reus
1940 1825 2025 1877 in-

401 1927 607 1979 ventus
635 1924 720 1976 est
739 1928 1058 1975 accusator.
1087 1918 1244 1974 'l‘uuc
1273 1919 1525 1974 clemens
1567 1918 1810 1984 Domini,
1847 1907 2022 1974 mitis-

401 2031 510 2088 que
538 2017 815 2072 sententia
848 2014 1128 2070 manifesti
1156 2014 1412 2070 criminis
1438 2013 1712 2070 moecham
1737 2029 1846 2070 non
1873 2013 2022 2084 judi-

404 2123 544 2164 cans
565 2108 823 2172 absolvit,
855 2107 952 2164 sed
977 2109 1255 2165 miserans
1278 2123 1384 2164 non
1418 2109 1651 2181 punivit,
1674 2123 2022 2164 reversuram

405 2201 618 2260 scilicet
644 2202 712 2259 ad
744 2217 988 2273 pteuam,
1012 2203 1058 2258 si
1102 2211 1478 2278 reverteretur
1505 2202 1572 2258 ad
1610 2203 1851 2273 culpam.
1886 2201 2020 2257 Nam

409 2296 660 2380 quisquis
687 2298 889 2352 canino
918 2298 1026 2352 ritu
1055 2295 1085 2335 ι)
1114 2296 1353 2363 illuvies,
1387 2311 1524 2366 quas
1551 2297 1826 2363 evomuit,
1857 2311 2024 2367 appe-

405 2389 496 2457 tit,
523 2398 581 2447 et
612 2389 893 2459 relambit,
929 2405 1032 2446 nec
1054 2400 1302 2446 veterem
1327 2389 1517 2445 studet
1543 2390 1747 2445 habere
1778 2391 2022 2455 veniam,

404 2497 510 2540 nec
555 2481 818 2550 futuram,
849 2482 1018 2554 hujus
1047 2482 1200 2539 lucra
1230 2482 1564 2555 deperdeus,
1594 2498 1756 2554 quam
1786 2483 2026 2538 inaniter

405 2577 725 2647 acquisivit,
754 2577 900 2632 illius
922 2577 1121 2632 damna
1153 2578 1430 2644 sentiens,
1452 2577 1522 2632 ad
1542 2593 1705 2649 quam
1733 2578 2023 2649 pervenire

405 2685 514 2728 nou
545 2671 772 2724 meruit.
1195 2678 1197 2680 '

475 2762 593 2819 Hac
633 2763 801 2817 etiam
843 2763 1112 2819 Dominus
1143 2780 1174 2819 e
1209 2765 1434 2836 regione
1473 2765 1790 2831 discedens,
1823 2781 2026 2823 carcum

398 2855 673 2928 conspicit
717 2857 1178 2928 uaturalem,'qui
1234 2860 1452 2914 miserae
1504 2861 1697 2914 matris
1749 2876 1819 2914 ex
1867 2869 2026 2917 utero

395 2949 588 3022 lapsus
629 2951 749 3020 ipse
793 2953 1068 3027 miserior,
1102 2952 1156 3008 in
1189 2951 1375 3008 lucem
1424 2955 1543 3010 sine
1585 2955 1710 3011 luce
1742 2955 2018 3025 pervenit.

398 3041 554 3102 Tunc
585 3042 816 3100 humani
853 3053 1008 3101 sator
1057 3045 1151 3102 ille
1182 3030 1463 3119 principii,
1493 3048 1794 3119 mundique
1826 3047 2022 3103 condi-

2134 1834 2358 1876 mauere
2393 1817 2573 1873 minus
2605 1817 2907 1888 impletum,
2941 1815 3215 1885 speculari
3246 1815 3552 1871 deficiente
3582 1823 3740 1870 mate-

2131 1917 2235 1981 ria,
2267 1916 2438 1969 lutum
2477 1923 2524 1975 ο,
2559 1910 2812 1966 naturale
2851 1910 3064 1966 scilicet
3107 1909 3558 1974 instrumentum,
3584 1925 3740 1980 gena-

2131 2023 2252 2062 rum
2282 2004 2541 2060 claustris
2573 2001 3014 2073 illiuiensrquod
3065 2000 3119 2055 in
3168 2001 3394 2056 homine
3421 2005 3603 2055 minus
3627 2015 3739 2056 esse

2130 2106 2521 2170 conSpexerat,
2555 2097 2624 2152 de
2664 2096 2839 2152 veteri
2880 2096 3060 2151 bonus
3091 2093 3284 2166 opifex
3304 2105 3581 2152 czcutento
3611 2111 3734 2166 sup-

2134 2194 2332 2267 plevit.
2358 2193 2470 2249 Nec
2492 2193 2647 2259 prius
2671 2201 2852 2247 tamen
2880 2191 2972 2247 ille
2990 2192 3225 2260 sumpsit
3242 2201 3557 2262 aspectum,
3581 2205 3732 2262 quam

2133 2288 2349 2345 Domini
2400 2287 2698 2359 praeceptis
2738 2284 3084 2350 admonitus,
3118 2283 3284 2340 Silo:e
3324 2284 3610 2340 salubrem
3649 2299 3737 2340 ve

2133 2383 2308 2440 uisset
2353 2382 2420 2436 ad
2461 2381 2702 2445 laticem,
2737 2389 2791 2436 et
2823 2386 2980 2434 tutus
3004 2375 3031 2415 ἀ
3063 2378 3465 2452 consanguinei
3511 2379 3739 2436 medica-

2133 2486 2319 2535 mento
2345 2477 2458 2548 jam
2506 2474 2644 2542 limi,
2680 2473 2826 2530 nuda
2875 2474 3066 2530 oculos
3119 2473 3348 2530 lavisset
3389 2472 3592 2529 infusa.
3621 2471 3739 2530 Mox

2131 2577 2314 2646 itaque
2335 2571 2482 2628 sanis
2501 2586 2568 2626 ex
2598 2570 2838 2626 vultibus
2868 2569 3015 2624 acies
3043 2568 3293 2640 gemellae
3331 2567 3606 2624 fulserunt
3627 2577 3739 2625 tau-

2132 2667 2283 2731 dem,
2319 2666 2498 2738 digna:
2525 2665 2874 2734 conspicere,
2904 2678 3068 2734 quem
3095 2664 3326 2732 prorsus
3365 2663 3612 2734 ignotum
3645 2662 3739 2718 ba-

2133 2765 2304 2820 buere
2333 2761 2594 2836 primitus
2616 2760 2786 2816 diem.
2815 2758 3022 2815 Omnes
3049 2758 3216 2830 igitur
3241 2760 3358 2813 haec
3380 2756 3740 2828 spiritualiter

2130 2858 2375 2929 legentes
2422 2862 2642 2924 Oportet
2691 2851 3017 2916 advertere,
3049 2851 3179 2923 quid
3229 2852 3466 2925 mystica
3516 2853 3742 2910 doceant

2131 2951 2293 3020 hujus
2328 2949 2454 3004 facti
2497 2947 2784 3002 miracula.
2825 2945 2984 3002 Casca
3024 2961 3215 3001 sumus
3255 2949 3402 3002 enim
3437 2948 3624 3018 proles
3669 2945 3742 3003 fe-

2127 3045 2273 3101 tibus
2297 3045 2422 3100 Evze
2464 3042 2636 3100 creati
2663 3041 3013 3112 miserrimae,
3048 3057 3145 3112 per
3172 3041 3434 3100 tenebras
3476 3045 3736 3114 genuina:

1893 3207 2228 3280 ,scuous.

471 3353 600 3411 ω.
642 3352 795 3408 Meus
821 3351 1078 3422 salutem,
1112 3349 1260 3420 quod
1300 3349 1484 3422 aliquo
1535 3359 1697 3420 pacto
1749 3349 2014 3419 explicari
2045 3359 2089 3422 ρ
2192 3349 2325 3406 255.
2365 3349 2527 3421 Reg.,
2566 3349 2618 3416 ι,
2650 3347 2875 3416 habere,
2927 3362 3098 3419 supra
3142 3347 3342 3404 melius
3388 3344 3575 3400 haberi
3621 3360 3742 3402 cum

400 3432 584 3497 potest
613 3440 630 3478 :
655 3423 762 3497 sed
792 3421 1128 3497 communis,
1161 3432 1217 3478 et
1245 3437 1372 3497 vera
1399 3421 1563 3497 lectio
1590 3430 1677 3497 est
1696 3423 1941 3497 solutam.

472 3495 603 3553 248.
648 3494 898 3565 Relambo
929 3505 1214 3565 auctorem
1251 3493 1480 3550 Sedulio
1505 3494 1876 3557 auti-tuiorem
1913 3495 2019 3550 for-

401 3576 551 3624 tasse
580 3581 689 3621 nou
719 3563 904 3620 habet.
937 3563 1098 3621 Canis
1142 3581 1230 3620 ore
1261 3576 1347 3621 est
1375 3566 1444 3620 ad
1475 3580 1670 3622 morem
1724 3569 1870 3622 canis
1892 3609 1906 3633 ,
1960 3576 2020 3621 ut

403 3639 642 3708 explicat
669 3635 1073 3693 Nebrisseusis.
1600 3647 1604 3653 '

472 3709 602 3767 250.
645 3708 804 3765 Cant.
835 3708 1028 3762 damna
1054 3711 1225 3780 ferens
1253 3725 1270 3762 :
1300 3711 1392 3765 alii
1427 3712 1622 3765 damna
1655 3720 1868 3774 tenens,
1921 3709 2017 3776 sed

399 3783 457 3839 in
488 3784 623 3854 Iieg.
657 3782 709 3854 1,
744 3796 845 3850 pro
891 3779 1068 3854 tenens
1118 3779 1266 3835 aliud
1320 3781 1439 3838 fuit.
1473 3781 1745 3851 ,PleriQue
1773 3780 2014 3854 perdens,

397 3863 496 3912 aut
519 3850 591 3921 ita
622 3853 789 3918 clare,
818 3861 914 3907 aut
943 3850 996 3906 iu
1030 3854 1377 3920 compendio
1409 3850 1740 3909 litterarum.
1774 3850 2012 3920 Ῥοπὴ,

400 3923 621 3982 schcdse
649 3923 862 3980 Poelm.
898 3924 1086 3995 perdit.
1121 3925 1381 3981 Barthius
1426 3942 1550 3982 cum
1584 3941 1685 3982 suo
1715 3940 1823 3979 ms.
1867 3925 2016 3993 opti-

399 4011 551 4053 mum
574 3995 786 4065 iudicat
829 3996 1091 4064 pendens,
1139 3997 1310 4052 invita
1350 4013 1533 4068 prosa.
1569 3997 1707 4055 Urb.
1754 4007 2017 4065 corrupte

395 4068 713 4138 compendia
731 4076 926 4138 tenens.
1272 4104 1281 4114 .

471 4137 606 4195 25L
643 4139 818 4204 Meus,
863 4137 1016 4192 Videt
1048 4155 1214 4195 aecus
1249 4151 1424 4196 natus.
1462 4140 1658 4196 Parrh.
1695 4141 1974 4194 consislerc
1998 4158 2016 4194 :

338 4237 343 4241 ·
399 4213 581 4269 Verius
607 4221 696 4266 est
725 4211 992 4265 considere
1018 4228 1085 4266 ex
1110 4212 1314 4267 Joauu.
1348 4230 1399 4269 c.
1430 4230 1507 4280 ts,
1540 4229 1595 4268 v.
1625 4213 1680 4278 8,
1716 4211 1905 4266 Nonne
1933 4213 2019 4266 hic

399 4291 498 4345 est.
519 4285 609 4346 qui
635 4283 868 4346 sedebat,
895 4293 944 4336 et
971 4283 1299 4339 mendicabat
1323 4287 1348 4339 ?
1427 4333 1432 4338 .

471 4298 498 4345 ε,
511 4298 608 4407 ἔω
635 4298 868 4346 seaeoat,
895 4298 944 4336 et
971 4298 1299 4339 menalcaoat
1323 4298 1348 4339 γ
1427 4333 1432 4338 .
1813 4359 1815 4364 η
2003 4357 2014 4367 .

471 4354 600 4425 εἰ.
639 4355 780 4425 Reg.
805 4353 863 4420 2,
898 4357 1061 4425 Aug.,
1088 4354 1202 4410 Ott.
1242 4358 1293 4422 l,
1324 4357 1496 4421 Meus,
1529 4355 1750 4419 Parrh.,
1775 4365 1831 4412 et
1860 4356 2016 4410 multt

401 4423 537 4481 editi
561 4424 839 4492 delapsus:
865 4425 956 4479 alii
976 4423 1147 4480 nostri
1175 4443 1335 4490 mss.,
1359 4427 1523 4484 codd.
1551 4427 1766 4490 Burm..
1798 4430 2013 4492 Arutz.,

400 4505 461 4550 et
519 4495 767 4563 plurima:
821 4497 1086 4552 editiones
1126 4498 1384 4562 dilapsus.
1441 4500 1775 4554 Arutzeuius
1833 4508 2017 4554 tuetur

402 4565 671 4643 delapsus.
706 4564 891 4643 pelabi
921 4567 984 4620 a'c
1004 4578 1177 4622 ventre
1207 4573 1439 4638 parentis
1476 4573 1759 4643 eleganter
1787 4565 2011 4643 dicitur,

397 4650 458 4692 ut
485 4637 671 4691 cadere
696 4638 761 4690 de
789 4648 974 4700 matre,
1009 4654 1107 4707 pro
1131 4637 1323 4708 egredi
1349 4659 1418 4697 ex
1447 4637 1604 4698 utero
1628 4644 1841 4698 matris.
1870 4641 2014 4696 Male

399 4709 671 4780 delapsus,
704 4709 830 4778 quia
863 4723 1043 4762 caecus
1067 4721 1229 4766 natus
1258 4724 1361 4766 est.

471 4771 959 4856 255.“.S‘anguinis,
986 4797 1182 4856 nempe
1207 4783 1445 4856 generis.
1471 4785 1736 4856 Virgilius
1760 4787 1862 4842 ecl.
1893 4802 2009 4849 vttt,
2044 4771 2090 4830 Ῑ)
2121 4771 2428 4841 iudicabam
2456 4771 2535 4840 atl'
2553 4803 2607 4840 v.

398 4867 546 4979 ἔξω.
590 4852 660 4908 ιδ
681 4893 694 4918 ,
740 4851 789 4905 Ν
800 4867 854 4905 ec
884 4853 1049 4906 nostri
1076 4855 1279 4924 generis
1309 4871 1528 4925 puerum
1549 4851 1692 4923 [nec
1743 4859 2019 4930 sanguinis

469 4933 585 4979 unt.

469 4933 585 4980 ειηι.

470 4995 603 5053 254.
644 4994 812 5051 Rom.
836 5003 1028 5051 contra
1054 5003 1314 5063 metrum,
1345 4997 1529 5052 mundi
1555 5015 1759 5069 quoque
1782 4993 2014 5056 orientis.

470 5168 499 5197 ⁸
527 5158 587 5214 ιιι
633 5165 744 5214 vel.
793 5156 918 5214 cod.
968 5166 1053 5213 est
1093 5158 1446 5230 confitenda,
1481 5170 1574 5222 et,
1621 5168 1681 5211 ttt
1727 5159 2008 5212 videbatur

392 5230 683 5301 scriptum,
717 5230 954 5284 tacitecte
983 5247 1001 5285 :
1033 5245 1101 5285 ex
1129 5247 1236 5301 quo
1263 5230 1488 5286 Juretus
1519 5231 1763 5298 reposuit
1803 5231 2009 5283 tacitate

395 5246 502 5290 κη
547 5246 683 5298 tum,
717 5246 954 5284 tacuecte
983 5247 1001 5285 :
1033 5246 1101 5285 ex
1129 5247 1236 5301 quo
1263 5246 1488 5286 Juretus
1519 5246 1763 5298 reposuit
1803 5246 2006 5283 ιαεηαιε

395 5246 715 5371 conﬁtendo,
748 5302 872 5372 quia
903 5301 1160 5356 Sedulius
1211 5302 1526 5371 hujusmodi
1574 5302 1800 5356 vocibus
1857 5304 2006 5357 dele-

391 5384 594 5432 ctatur.
626 5371 810 5427 Teneo
840 5374 1190 5442 scripturam,
1236 5391 1359 5442 qua:
1407 5375 1459 5428 in
1495 5375 1775 5428 nonnullis
1807 5374 1995 5428 biblio-

390 5444 572 5500 thecis
603 5444 825 5498 Patrum
859 5446 1153 5514 reperitur,
1185 5447 1357 5500 tacite.
1395 5446 1564 5499 Paulo
1611 5456 1738 5500 ante
1778 5447 1828 5499 iu
1880 5447 2004 5514 ple-

393 5515 579 5587 risque
606 5515 769 5570 editis
797 5528 881 5570 est
908 5519 1259 5583 immunditie,
1309 5518 1404 5572 sed
1440 5519 1491 5571 iu
1539 5516 1872 5574 bibliotheca
1907 5519 2006 5572 Pa-

325 5647 328 5650 ,
390 5595 538 5644 trum
569 5587 895 5644 Parisieusis
927 5587 1099 5657 t589,
1150 5589 1522 5656 immunditia;
1570 5590 1660 5645 ubi
1707 5590 1871 5644 etiam
1920 5598 2008 5646 est

393 5655 525 5728 {agit
560 5677 662 5728 pro
692 5659 809 5724 fuit.

493 5661 525 5712 it
560 5677 662 5714 ora
692 5661 809 5714 fuit.

493 5676 504 5707 ι
716 5677 745 5711 u
795 5700 809 5714 .

419 5673 494 5811 7’
509 5673 884 5811 (lxlpiei'i‘s‘gue
904 5731 1256 5811 bibliothecis
1281 5731 1503 5811 Patrum
1527 5741 1782 5811 corrupte
1803 5735 1999 5811 camini

393 5802 527 5854 ritus
553 5817 649 5870 pro
672 5803 862 5925 caesio
890 5805 1013 5857 ritu.
1043 5802 1325 5861 Sententia
1358 5813 1527 5859 estex
1556 5803 1719 5873 epist.
1757 5820 1792 5858 ll
1824 5805 1990 5872 Petri,

393 5883 516 5925 cap.
549 5885 617 5925 ιι.
653 5888 703 5925 v.
740 5911 770 5925 ..
815 5913 827 5925 .

392 5883 516 5941 cap.
549 5885 618 5937 ιι,
653 5888 703 5926 v.
736 5876 827 5926 22.

2125 3422 2364 3477 czeteris.

2195 3493 2320 3548 256.
2369 3493 2520 3548 Meus
2545 3502 2806 3562 corrupte
2833 3509 2926 3564 per
2952 3493 3193 3557 clausta,
3220 3507 3289 3548 ex
3326 3506 3440 3562 quo
3471 3491 3742 3562 suspicari

2123 3566 2321 3633 aliquis
2347 3565 2519 3635 possit
2547 3582 2640 3639 per
2659 3563 2842 3639 clausa
2868 3580 3160 3639 genarum,
3185 3566 3243 3619 lt.
3275 3579 3326 3620 e.
3349 3605 3364 3628 ,
3401 3578 3500 3632 per
3527 3563 3742 3639 clausas

2122 3652 2310 3708 genas.
2351 3634 2710 3708 ’Evangelista
2747 3638 2821 3691 ait
2847 3634 3099 3708 ,‘Linivit
3144 3637 3307 3690 lutum
3351 3649 3508 3700 super
3567 3634 3744 3688 oculos

2124 3707 2270 3779 ejus,
2317 3707 2461 3776 quod
2496 3710 2674 3779 arguit
2722 3719 2999 3778 receptam
3042 3707 3347 3764 lectionem
3378 3721 3564 3761 veram
3597 3721 3741 3763 esse.

2183 3781 2323 3836 atate
2350 3783 2517 3835 lutum
2534 3824 2549 3846 ,
2582 3790 2640 3834 ut
2667 3795 2811 3834 vers.
2837 3781 2944 3838 260
2963 3823 2976 3845 ,
3007 3782 3430 3851 consanguineus
3457 3779 3636 3833 limits.

2193 3853 2322 3908 253.
2369 3853 2588 3916 Parrh.,
2616 3851 2837 3908 schetlze
2865 3853 3074 3907 Poelm.
3108 3849 3414 3916 manentis;
3449 3849 3743 3905 nervosius

2122 3934 2208 3980 est
2225 3927 2458 3996 jubentis
2483 3940 2806 3996 cumprosa
2826 3967 2840 3990 ,
2879 3936 2936 3980 et
2975 3924 3118 3978 aliis.

2192 3995 2320 4055 2’59.
2363 4000 2577 4060 Arutz.,
2605 3995 2884 4060 δῦσα..ουί
2916 3999 3056 4051 favet
3075 4010 3257 4064 prosa.
3278 3995 3423 4064 Bona
3455 3995 3622 4050 etiam
3657 4005 3743 4050 est

2121 4070 2434 4123 communis
2483 4069 2649 4124 lectio
2670 4115 2683 4135 ,
2709 4077 2770 4123 ut
2794 4079 2930 4123 terra
2961 4063 3107 4134 Asia,
3136 4066 3325 4123 humus
3353 4063 3583 4122 Graecia.
3621 4065 3730 4122 Vox

2121 4152 2333 4210 accepta
2357 4151 2441 4194 est
2466 4155 2566 4195 vox
2602 4140 2806 4194 audita.
2863 4139 3172 4211 Aliquando
3198 4139 3534 4209 exprimitur
3591 4139 3737 4193 attri-

2123 4213 2212 4266 btts
2240 4213 2473 4283 accipere
2505 4227 2606 4283 pro
2637 4211 2847 4283 audire.

2191 4284 2322 4338 260.
2357 4282 2502 4353 Reg.
2538 4282 2595 4346 2,-
2633 4282 2773 4337 Nam
2805 4300 2921 4336 cum
2949 4283 3222 4354 sanguinei
3248 4299 3266 4336 :
3298 4282 3394 4337 sed
3426 4283 3613 4352 glossa
3659 4293 3740 4336 est

2122 4369 2223 4425 pro
2249 4355 2652 4424 consanguinei,
2682 4355 2894 4409 scilicet
2927 4353 3166 4424 Namque
3202 4354 3358 4407 homo
3383 4371 3446 4409 ea:
3474 4356 3600 4407 limo
3630 4354 3738 4424 for-

2093 4482 2098 4487 _
2122 4438 2314 4492 matus,
2347 4439 2454 4480 etc.
2483 4427 2595 4480 Ott.
2629 4427 2681 4490 i,
2711 4425 2861 4481 Meus
2890 4435 3028 4480 totus
3054 4425 3324 4496 proferas,
3357 4425 3593 4480 fortasse
3618 4425 3738 4495 quia

2122 4497 2270 4554 illico
2305 4516 2356 4553 v.
2383 4514 2501 4568 seq.
2535 4499 2772 4552 recurrit
2803 4498 3031 4566 favisset.
3062 4497 3192 4567 Legi
3224 4497 3314 4551 hic
3355 4506 3542 4566 posset
3562 4498 3698 4553 latas
3723 4540 3735 4559 ,

2120 4579 2215 4624 aut
2261 4573 2441 4639 potius
2467 4585 2523 4624 v.
2555 4586 2670 4630 seu.
2698 4568 2928 4633 lavisset.
2961 4583 3019 4625 ut
3049 4584 3195 4624 nunc
3222 4569 3422 4624 dicam.
3586 4613 3588 4615 .

2189 4643 2318 4697 961.
2360 4643 2577 4702 Arutz..
2612 4641 2778 4712 Aug..
2810 4642 3051 4704 lavisset,
3087 4641 3231 4710 quod
3262 4643 3581 4710 coujecerat
3606 4640 3738 4696 Bur-

2121 4729 2387 4776 utanuus.
2430 4730 2492 4768 ea
2523 4712 3027 4782 probabiliratione
3073 4713 3312 4779 ductus,
3365 4730 3528 4785 quam
3579 4713 3737 4768 modo

2274 4789 2428 4910 ἳῖιεηι
2456 4786 2522 4840 ad
2553 4803 2607 4840 v.
2652 4799 2815 4856 praec.
2865 4786 3050 4842 Codex
3099 4788 3268 4851 Alm.,
3291 4788 3527 4858 gemellis
3550 4804 3571 4840 :
3621 4787 3733 4855 lege

2313 4875 2379 4910 ne.
3224 4878 3229 4882 ~

2163 4860 2379 4914 catellae.
3224 4878 3229 4882 ”

2128 4875 2476 4986 9εέἕὲὲῇΓο
2492 4937 2754 4984 uterentur
2781 4931 2970 4984 Arntz.
3003 4930 3244 4985 videntur
3268 4949 3280 4985 :
3307 4936 3614 5002 repugnant
3640 4927 3723 4982 alii

2131 5009 2186 5055 et
2219 5016 2400 5071 prosa.

2195 5171 2216 5198 ε
2250 5159 2353 5215 Alii
2382 5161 2511 5227 luto,
2548 5161 2642 5214 alii
2677 5159 2815 5232 luta,
2863 5159 3189 5216 Gallaudius
3219 5162 3390 5228 lutum
3416 5178 3434 5217 :
3465 5175 3618 5232 quem
3644 5169 3717 5214 ta-

2120 5246 2241 5285 men
2273 5233 2408 5301 fugit
2437 5234 2727 5286 auuotatio
2757 5231 2932 5286 Jureti
2961 5273 2976 5297 ,
3009 5233 3100 5301 qui
3132 5249 3257 5288 cum
3291 5245 3404 5288 vet.
3443 5231 3565 5290 cod.
3599 5233 3714 5302 legit

2117 5303 2252 5367 lntn,
2287 5318 2340 5357 ct
2371 5319 2552 5358 mouet
2579 5303 2650 5358 ita
2681 5303 2976 5372 legendum
3003 5320 3104 5374 pro
3134 5304 3268 5364 luto.
3302 5321 3459 5360 more
3481 5305 3709 5369 antiquo.

2116 5383 2173 5428 ut
2201 5375 2355 5428 lauru
2384 5391 2481 5444 pro
2509 5377 2684 5441 lauro,
2717 5387 2769 5430 et
2802 5377 3064 5446 pleraque
3091 5377 3219 5430 alia.
3247 5375 3608 5431 Retineudutu
3639 5381 3715 5428 ta-

2114 5461 2242 5499 men
2273 5455 2357 5500 est
2385 5463 2511 5501 cum
2537 5447 2827 5502 Gallaudio
2856 5448 3022 5501 lutum
3049 5464 3066 5500 :
3089 5449 3285 5502 eodem
3312 5449 3462 5501 enim
3489 5447 3638 5501 modo
3663 5446 3711 5500 il

2115 5517 2362 5589 carmine
2393 5520 2631 5589 loquitur
2663 5519 2945 5575 Sedulius.
2974 5519 3115 5574 Male
3144 5518 3347 5586 passim
3373 5519 3712 5583 distinguitur

2116 5587 2232 5642 lucc
2266 5587 2543 5664 periodus.
2581 5592 2840 5646 nimirum
2862 5592 3131 5664 impletum
3150 5592 3440 5658 speculari,
3461 5591 3710 5664 deﬁciente

2113 5662 2352 5734 materia.
2379 5660 2562 5732 Longe
2591 5664 2789 5718 melius
2821 5675 2906 5718 est
2935 5658 3206 5732 impletum
3233 5705 3250 5730 ,
3291 5658 3554 5734 speculari
3590 5658 3708 5728 deﬁ-

2110 5732 2277 5786 ciente
2305 5734 2538 5787 materia.

2179 5800 2205 5840 ά
2238 5802 2345 5880 ξ)ςο
2375 5814 2514 5880 tutus
2540 5804 2858 5880 Gallaudius
2887 5807 3183 5878 legendum
3225 5816 3384 5878 putat
3416 5809 3569 5880 fotu.
3596 5803 3695 5860 lle-

2107 5875 2260 5946 posui
2285 5874 2490 5930 lavisset
2519 5892 2618 5946 pro
2640 5875 2919 5934 habuisset.
