3896 6368
182 201 265 256 ρος
1258 202 1263 207 ο
1322 195 1791 252 ενιδτοιηιικυιι
1834 195 2027 251 LIBER
2069 199 2151 252 ιιι.

3241 200 3341 255 906

178 331 259 373 teut
282 329 399 369 tuatn
425 316 553 385 styli
588 318 694 367 mei
728 316 1038 377 deslicratio.
1065 311 1197 376 Quis
1225 310 1361 363 enim
1394 294 1557 376 pudor
1582 318 1683 371 est,
1720 312 1758 366 Α
1793 308 1852 361 Et
1882 322 2025 365 certe
2054 312 2287 366 interfuit
2318 313 2685 366 sollicitudinis
2724 323 2822 366 tum
2860 329 3103 369 exercere
3146 318 3339 385 aliquid

179 408 284 461 vinci
298 415 395 473 post
407 405 796 458 confessionem
809 405 829 455 ’ἒ
842 403 965 455 Illud
988 416 1195 469 quoque
1207 417 1291 455 me
1308 400 1371 453 ad
1391 402 1654 456 reseribeu
1665 430 1681 438 -

175 499 275 550 dum
290 495 616 563 coegit,quml
646 494 793 546 tiinni
813 492 1121 546 cessationis
1143 492 1386 559 exemplo
1405 490 1680 557 quamdam

178 588 252 640 tibi
276 586 443 639 silentii
486 584 767 636 formulam
793 584 921 637 dare
971 599 984 633 :
1034 584 1255 652 plusque
1297 581 1492 634 fraudis
1520 581 1568 632 in
1599 596 1681 633 me

174 677 421 730 rediturum
445 674 670 737 adverti,
710 675 754 725 si
786 682 870 725 tua
922 673 1145 726 offensio
1184 672 1476 724 imitaretur
1504 681 1673 723 taceo

175 780 295 829 teni,
334 780 476 831 quam
521 764 564 815 si
607 777 768 817 ausus
812 777 959 816 meus
988 763 1342 829 superiorem.
1372 757 1682 812 Estiinabis

172 860 282 926 ipse,
308 865 487 923 quanto
525 854 628 907 hoc
677 854 750 907 tui
794 868 975 906 amore
1017 853 1271 904 adversus
1311 848 1678 913 veri-cundiam

172 962 314 1001 meam
339 944 560 998 fecerim.
592 944 796 998 Interea
825 943 963 1008 quod
993 942 1155 1035 vales,
1176 939 1332 993 dulce
1357 948 1437 992 est
1462 954 1474 987 :
1498 951 1680 1004 quam-

169 1038 232 1091 vis
256 1036 513 1103 adjeceris,
542 1045 698 1087 cauto
724 1048 843 1088 esse
869 1046 1003 1099 opus
1028 1072 1043 1096 ,
1071 1029 1137 1083 ite
1166 1030 1300 1083 forte
1329 1029 1556 1108 reditum
1590 1042 1682 1078 no-

165 1135 307 1177 strum
329 1124 417 1175 a-vi
448 1123 521 1176 tui
544 1123 713 1175 subita
742 1128 1081 1189 praivortant.
1112 1117 1247 1173 Nolo
1274 1132 1441 1171 annos
1478 1118 1543 1168 ad
1573 1118 1681 1169 ca|~

163 1212 314 1265 culum
358 1226 527 1264 voces.
578 1210 788 1263 Fiducia
838 1209 1026 1262 salutis
1071 1208 1122 1260 in
1170 1206 1366 1259 viribus
1410 1213 1510 1257 est.
1541 1204 1681 1268 Quas

161 1316 261 1354 cuiu
291 1300 423 1355 videt
459 1299 759 1366 expendere
803 1299 963 1351 tutela
1015 1309 1221 1348 morum
1251 1304 1488 1355 tuorum;
1526 1306 1678 1358 spera

162 1392 461 1445 confecturos
488 1391 642 1451 deos,
677 1399 731 1442 ut
767 1403 985 1441 maneas
1012 1387 1131 1439 vita:
1162 1387 1362 1453 integer
1388 1385 1441 1437 in
1490 1392 1678 1447 nti-tas,

158 1500 270 1549 quas
295 1493 520 1537 veterum
551 1480 790 1535 deﬁnitio
816 1479 962 1533 dedit
990 1476 1205 1531 seculo.
1242 1476 1384 1529 Vale.

707 1590 919 1646 LPIST.
960 1587 1097 1642 XVI.

519 1735 533 1742 _
576 1694 881 1733 δῑιιιλοιιυδ
920 1689 1223 1731 κλυεειιιο.

214 1794 443 1846 Fortasse
486 1805 678 1858 arguas
722 1790 984 1843 diutinum
1025 1782 1294 1841 silentium
1325 1799 1519 1837 meum.
1550 1780 1679 1834 Nolo

153 1883 363 1948 applices
391 1881 525 1933 banc
556 1893 759 1932 moram
788 1879 1137 1945 negligentia.
1172 1874 1511 1928 Continuatio
1538 1873 1677 1924 enim

155 1972 279 2038 longi
311 1969 505 2023 itineris
547 1969 686 2037 stle
715 1967 936 2021 obstitit.
961 1966 1194 2019 Tandem
1230 1962 1567 2016 Formianum
1598 1962 1678 2012 lit-

151 2070 224 2112 tus
263 2059 575 2112 accessimns
600 2097 613 2116 ,
659 2055 795 2126 quod
828 2055 955 2108 mihi
987 2064 1131 2109 esset
1156 2054 1421 2119 acceptius
1443 2090 1458 2113 ,
1502 2051 1546 2103 si
1579 2066 1675 2101 una
1746 2115 1756 2124 _

152 2148 240 2199 loci
282 2146 427 2198 istius
468 2146 739 2212 voluptate
788 2144 1105 2197 fruerentur.
1157 2140 1261 2193 Sed
1304 2140 1425 2207 quia
1457 2140 1556 2191 hoc
1588 2154 1676 2202 per

144 2252 293 2289 annos
313 2245 362 2289 et
385 2236 740 2289 valetudinem
765 2244 904 2288 tuam
935 2249 1037 2287 non
1063 2233 1215 2295 licet;
1254 2232 1463 2284 edoceri
1490 2232 1675 2283 saltem

145 2329 320 2380 mutuis
340 2327 527 2381 litteris
559 2337 682 2394 peto
707 2366 721 2389 ,
757 2336 1005 2393 quantum
1030 2323 1340 2391 corpusculo
1366 2321 1560 2389 vigoris
1585 2324 1675 2374 ad—

140 2418 331 2481 ieceris.
380 2419 559 2470 lnesse
616 2418 758 2469 enim
811 2416 902 2469 tibi
946 2414 1340 2482 temperantiam
1383 2423 1675 2480 exeteraque

141 2509 329 2562 tuenda:
356 2509 651 2562 senectutis
680 2507 942 2575 pra-sidia,
971 2519 1072 2557 non
1102 2504 1329 2572 ambigo.
1364 2502 1527 2556 Vale.-
1577 2505 1590 2519 '

697 2614 907 2670 EPIST.
948 2612 1103 2667 XVII.

594 2718 896 2758 εςιιιιλειιυε
933 2717 1207 2757 GREGOIIIO.

196 2798 363 2853 Ilabeo
432 2795 806 2863 expostulandi
866 2803 1045 2868 tecum
1114 2795 1410 2860 probabiles
1452 2808 1668 2853 causas;

129 2890 538 2955 quandoquidem
568 2887 837 2954 pontiﬁcio
866 2886 1080 2939 litterati
1109 2886 1320 2937 honoris
1346 2892 1530 2937 auctus
1559 2887 1671 2937 nul-

1786 402 2065 453 vcrborum
2114 400 2485 463 familiarium,
2535 417 2653 455 enm
2695 403 2821 456 mihi
2867 404 2933 457 de
2984 406 3191 458 scriniis
3238 406 3339 458 tuis

1786 487 2016 554 profecta
2044 489 2377 558 delegaretur
2405 493 2573 543 oratio
2599 511 2607 544 :
2636 493 2701 545 de
2747 509 2846 561 qua
2896 495 3101 549 interim
3133 504 3183 549 te
3216 510 3337 548 sus-

1785 596 2001 644 pensum
2059 581 2277 639 tenebo;
2336 594 2443 634 tum
2492 582 2701 636 demum
2756 584 2844 636 tibi
2900 585 3082 650 judicii
3145 586 3337 652 publici

1783 670 2014 723 facturus
2044 673 2290 725 indicium
2324 718 2335 731 ,
2367 689 2485 725 cum
2516 676 2818 728 exoraveris
2845 716 2857 735 ,
2890 690 3007 727 cum
3038 679 3297 731 merueris
3322 719 3335 739 ,

1782 773 1833 813 et
1859 763 1976 828 quia
2009 764 2136 815 tanti
2162 762 2296 817 duco
2324 765 2526 818 litteras
2558 774 2693 828 tuas,
2723 780 2843 817 cum
2872 766 3166 833 scripseris.
3194 767 3339 821 Vale.

2370 896 2579 950 EPIST.
2625 897 2758 955 XIX.

2275 1001 2584 1041 ειωιᾼςιιιλε
2619 1003 2895 1043 ςιιεςθιιιο.

1857 1091 2257 1147 Dinturnifatem
2303 1095 2497 1149 silentii
2550 1098 2765 1163 rupisti,
2820 1100 2950 1164 sed,
2998 1102 3335 1158 mehercule!

1783 1179 2147 1246 frequentibus
2194 1183 2453 1249 impulsus
2496 1186 2709 1239 ofﬁciis.
2743 1188 2851 1255 Ego
2889 1199 3062 1243 tamen
3110 1207 3212 1246 non
3241 1196 3335 1245 mi-

1783 1285 1911 1321 nore
1960 1269 2166 1323 afficior
2214 1270 2586 1340 gratulat'One,
2620 1292 2774 1341 quam
2815 1279 2857 1329 si
2908 1280 3105 1335 litteras
3153 1296 3338 1348 sponti-

1785 1359 2076 1413 tribuisses.
2108 1360 2357 1415 Germani
2416 1366 2516 1417 mei
2565 1365 2753 1418 vicaria
2788 1377 3048 1433 potesta'e
3094 1375 3331 1433 gaudeat,

1784 1457 2032 1512 tanquam
2065 1450 2191 1501 mihi
2225 1452 2385 1504 decus
2414 1452 2628 1505 laetioris
2657 1460 2957 1509 acoesaserit.
2997 1458 3181 1513 Vestro
3210 1477 3335 1529 quo-

1782 1553 1883 1603 que
1932 1538 1981 1589 in
2023 1555 2142 1592 eunt
2191 1539 2367 1594 favore
2411 1541 2646 1595 delector
2694 1555 2938 1612 tanquam
2986 1550 3179 1616 aliquid
3231 1554 3337 1618 ipse

1713 1649 1759 1707 Β
1788 1631 2094 1693 prmstiteris
2120 1647 2131 1681 :
2159 1645 2277 1683 cum
2304 1647 2408 1697 quo
2435 1635 2689 1689 illustrem
2719 1637 2884 1689 virum
2902 1638 3175 1707 Syagrium
3209 1644 3337 1695 fides

1784 1729 1925 1771 certa
1955 1728 2036 1773 est
2064 1734 2277 1785 Operam
2322 1721 2471 1775 bona:
2504 1722 2666 1792 frugis
2708 1725 2967 1780 adnisum.
3001 1730 3148 1794 Quod
3180 1746 3245 1784 co
3272 1734 3335 1784 ad

1786 1818 1835 1861 te
1860 1810 2193 1862 scribendum
2227 1812 2401 1876 putavi
2429 1853 2443 1873 ,
2494 1822 2547 1866 ut
2585 1816 2805 1881 gratiam
2849 1828 3081 1872 nostram
3109 1832 3335 1875 assertor

1782 1896 1993 1949 sedulus
2022 1903 2348 1964 exsequaris.
2388 1900 2532 1953 Vale.

2373 2010 2583 2063 EPIST.
2628 2013 2743 2065 XX.

2289 2114 2341 2151 ει
2354 2117 2545 2153 ΜΜᾹΕΙΗ
2568 2119 2592 2153 S
2630 2120 2901 2158 GliEGUlllfl.

1850 2187 2064 2255 Elegiin
2095 2190 2362 2243 materiam
2397 2194 2690 2255 proniorem
2729 2211 2740 2245 :
2786 2201 3226 2254 aecommodatior
3255 2214 3332 2255 est

1778 2277 1915 2329 enim
1964 2280 2190 2343 querela:
2234 2281 2404 2332 oratio
2448 2282 2672 2335 hmnana
2701 2326 2715 2349 ,
2764 2302 2919 2347 quam
2968 2290 3170 2355 gratiie.
3221 2294 3330 2356 Qua

1776 2380 1933 2417 causa
1982 2370 2172 2419 factum
2221 2378 2346 2435 puto
2370 2408 2383 2431 ,
2432 2380 2488 2422 ut
2517 2386 2602 2425 me
2633 2376 3001 2428 taciturnitatis
3028 2378 3329 2437 incesseris.

1776 2473 1895 2511 enm
1919 2470 2183 2525 perpetem
2212 2475 2392 2513 curant
2421 2461 2608 2513 dandae
2637 2472 2691 2514 et
2722 2463 3001 2516 reddendae
3026 2468 3209 2520 salutis
3235 2470 3327 2519 ad-

1778 2550 1932 2602 nitar.
1958 2551 2107 2614 Quod
2129 2552 2339 2619 quidem
2369 2567 2453 2605 me
2483 2553 2681 2606 libente
2706 2555 2892 2607 fecisti.
2927 2556 3052 2609 Nam
3074 2562 3159 2625 qui
3182 2559 3327 2611 alteri

1776 2640 1943 2705 Culpa:
1972 2642 2115 2693 ducit
2140 2642 2298 2694 officii
2327 2643 2715 2709 negligentiam,
2747 2644 3022 2711 pollicetur
3042 2648 3104 2699 de
3125 2662 3180 2699 se
3205 2662 3329 2714 0pc-

1776 2747 1886 2783 ram
1918 2734 2317 2799 promptiorem.
2353 2733 2716 2799 Expostulatio
2749 2746 2832 2787 tua
2864 2738 3028 2790 instar
3056 2749 3135 2790 est
3172 2755 3327 2806 spon-

1773 2823 1959 2875 sionis.
2006 2823 2118 2874 Non
2169 2822 2465 2878 meditabor
2514 2833 2599 2876 tua
2630 2826 2787 2878 verba
2815 2866 2828 2887 ,
2875 2843 2977 2897 non
3018 2830 3327 2897 excogitabo

1774 2913 2082 2965 sententias.
2114 2912 2167 2966 Si
2198 2920 2466 2977 peccatum
2491 2913 2694 2967 silendo
2715 2918 3063 2977 c-mt'raxeris,
3091 2921 3189 2971 tuis
3217 2929 3325 2970 tan-

126 2980 220 3030 lum
249 2979 369 3031 mibi
399 2980 660 3031 iudicium
691 2977 990 3031 communis
1022 2978 1199 3045 gaudii
1229 2976 1538 3044 przestitisti.
1562 2978 1663 3029 Sed
1694 2992 1736 3049 ιλ
1771 3014 1875 3055 mm
1908 3004 2092 3057 “ueris
2124 3006 2375 3072 argueris.
2410 3005 2555 3058 val”.

126 3069 233 3121 nolo
256 3070 450 3136 primas
472 3070 681 3122 litteras
707 3082 852 3122 meas
875 3068 992 3121 felle
1012 3069 1389 3135 objurgationis
1412 3068 1665 3126 imbuere,

122 3172 180 3210 ne
230 3158 461 3211 animum
532 3167 681 3209 tnnm
738 3157 1053 3210 contrahant
1111 3172 1289 3209 amara
1346 3171 1666 3209 sermonum.

118 3252 280 3309 Quare
318 3248 527 3302 decedo
578 3247 930 3313 querimoniis
953 3286 967 3309 ,
1004 3255 1057 3297 et
1102 3257 1271 3301 tecum
1302 3248 1433 3299 hanc.
1464 3249 1668 3299 veniam

118 3335 185 3389 sic
212 3336 467 3404 paciscor,
500 3337 558 3390 in
592 3339 851 3405 reliquum
883 3338 1029 3404 pensi
1062 3338 1255 3391 habeas
1281 3336 1524 3391 amicitim
1550 3340 1667 3391 dili-

117 3429 349 3489 gentiam.
396 3427 481 3481 Sit
528 3428 675 3479 iuter
723 3442 820 3479 nos
866 3427 1112 3494 frequens
1144 3430 1310 3480 honor
1338 3429 1452 3494 ejus
1488 3428 1664 3491 ofﬁcii,

116 3516 208 3567 sint
248 3517 476 3569 assidua:
526 3516 851 3582 scriptorum
898 3516 1229 3569 familiarium
1277 3519 1436 3570 vices.
1467 3518 1668 3584 Quippe

114 3606 252 3657 tacita
276 3607 569 3659 concordia
604 3606 772 3658 instar
814 3606 1053 3659 odiorum
1084 3616 1185 3659 est.
1221 3607 1339 3660 Ideo
1369 3609 1569 3661 litteras
1595 3609 1670 3659 af-

112 3691 241 3746 fabra
288 3709 467 3747 rerum
500 3696 591 3747 vel
645 3707 858 3755 natura,
907 3696 987 3748 vel
1038 3697 1295 3749 industria
1345 3698 1579 3764 peperit,
1613 3709 1669 3751 ut

109 3799 358 3853 nunquam
390 3798 539 3839 muta
572 3797 723 3839 esset
748 3785 956 3839 affectio
980 3804 992 3837 :
1016 3795 1068 3839 et
1096 3788 1138 3839 si
1160 3790 1369 3855 quando
1397 3789 1664 3851 absumus,

114 3873 286 3942 linguae
312 3885 369 3929 ut
392 3890 631 3941 operam
658 3876 997 3943 fungerentur
1036 3878 1183 3945 signa
1214 3878 1511 3931 verborum.
1547 3878 1668 3933 Hcce

106 3964 150 4017 iu
192 3969 475 4033 presentia
527 3966 671 4020 satis
716 3966 854 4019 dicta
881 3969 1007 4020 sint.
1041 3970 1176 4035 Opto
1217 3968 1465 4036 deinceps
1505 3979 1667 4021 mate-

105 4052 221 4104 riam
266 4057 397 4109 mihi
447 4057 517 4109 ad
577 4056 1008 4119 respondendum
1054 4057 1186 4119 dari,
1218 4059 1385 4125 gratia
1436 4060 1666 4112 muneris

103 4144 186 4204 tui,
215 4160 317 4196 non
347 4144 551 4198 dolore
585 4142 811 4195 fastidii.
845 4144 992 4196 Vale.

671 4252 881 4308 EPIST.
924 4254 1102 4309 XVIII.

573 4360 884 4399 SYIIIIACIIUS
922 4362 1191 4401 αιεοοηιο.

154 4436 403 4491 Abundas
440 4437 680 4505 quidem
727 4444 926 4487 natura:
957 4436 1103 4489 bonis
1131 4446 1185 4489 et
1220 4434 1409 4503 ingenii
1442 4438 1658 4491 faculta-

92 4526 241 4590 tibus;
279 4529 375 4581 sed
407 4525 675 4581 continui
714 4525 909 4577 silentii
940 4526 1144 4592 culpam
1175 4526 1265 4576 tibi
1294 4540 1502 4594 quoque
1535 4542 1656 4590 pur-

91 4627 201 4677 gare
242 4615 472 4668 difficile
521 4621 645 4666 est.
672 4611 806 4677 Quid
836 4612 972 4664 enim
1000 4628 1063 4666 ex
1092 4628 1216 4666 vero
1237 4653 1251 4674 ,
1300 4614 1379 4666 vel
1426 4630 1485 4665 ex
1517 4630 1658 4665 rom-

90 4713 305 4758 rnentato
334 4703 446 4757 dici
486 4701 722 4771 potest?
759 4698 947 4752 Itinera
977 4716 1083 4766 me,
1117 4704 1319 4770 inquies
1342 4741 1357 4764 ,
1400 4703 1552 4771 longa
1586 4717 1657 4757 tc-

88 4802 302 4844 nuerunt
343 4810 360 4846 :
404 4775 505 4846 sed
538 4804 699 4856 saepe
740 4798 1022 4853 cessatum,
1054 4799 1107 4842 et
1132 4791 1410 4858 aliquando
1442 4807 1658 4861 perven-

87 4887 183 4932 tum
211 4892 313 4935 est.
346 4880 593 4949 Vigilem
648 4892 866 4945 operam
914 4878 1130 4943 publicis
1174 4879 1329 4932 rebus
1373 4880 1654 4947 impendo;

85 4969 165 5020 sed
196 4971 401 5023 vicibus
424 4970 528 5021 otii
563 4980 737 5021 omne
768 4966 1036 5033 negotium
1064 4966 1419 5036 distinguitur.
1456 4968 1656 5033 Restat,

84 5059 208 5119 quod
236 5060 464 5114 minime
487 5059 653 5122 volo,
681 5065 739 5108 ut
758 5054 973 5109 fatearis
1002 5055 1239 5109 amicitia:
1267 5058 1657 5126 negligentiam.

82 5146 200 5198 Nam
230 5151 404 5217 officia
436 5151 485 5203 si
518 5148 853 5216 plerumque
891 5146 1132 5204 deseras,
1172 5148 1445 5214 occupatio
1473 5156 1555 5201 est
1578 5164 1591 5202 z
1612 5150 1654 5202 si

80 5250 297 5307 semper,
320 5240 634 5297 oblivionis
664 5236 866 5289 crimen
895 5246 1064 5301 putes.
1093 5236 1219 5301 lloc,
1244 5237 1287 5290 si
1316 5237 1429 5291 ﬁeri
1459 5249 1656 5305 posset,

82 5338 318 5382 tacerem.
367 5331 568 5385 Iliadis
611 5340 753 5395 ergo
782 5325 1052 5392 patientiae
1100 5341 1251 5381 mete.
1280 5327 1438 5396 Atqui
1469 5330 1657 5382 intelli.

78 5432 197 5485 ges,
240 5436 456 5489 :equum
507 5421 764 5474 animum
813 5416 1013 5482 majore
1043 5419 1210 5483 pretio
1253 5422 1653 5474 munerandum.

85 5509 335 5577 indignius
367 5512 618 5574 Irditur,
642 5523 805 5573 quem
836 5506 1017 5573 religio
1042 5522 1141 5560 non
1167 5510 1420 5576 permittit
1447 5510 1655 5565 offendi.

2353 3114 2565 3168 EPiST.
2609 3115 2743 3167 XXI.

2272 3214 2576 3257 εἵωιλοιιω
2614 3220 2887 3259 ςιιεςηιιιιι.

1842 3310 2042 3362 Vellem
2096 3321 2145 3364 te
2205 3313 2375 3377 legato
2426 3313 2497 3364 uti
2563 3314 2698 3377 apud
2748 3316 2998 3379 Optimum
3048 3318 3317 3369 consulem

1770 3399 2053 3465 purgando
2080 3409 2233 3466 atque
2253 3402 2570 3453 excusanda:
2593 3404 2845 3455 absentia:
2872 3419 3019 3466 meas,
3041 3406 3086 3457 si
3111 3407 3323 3467 scirem,

1768 3488 1907 3553 quod
1952 3497 2003 3538 tu
2048 3488 2171 3539 mihi
2204 3488 2253 3538 in
2302 3503 2361 3539 ea
2414 3505 2468 3542 rc
2501 3490 2645 3555 prius
2690 3491 3011 3557 ignosceres.
3043 3493 3169 3546 Nam
3202 3510 3318 3547 cum

1768 3589 1997 3629 vestrum
2028 3592 2259 3630 amorem
2280 3582 2471 3643 cogito.
2507 3596 2689 3631 vereor
2712 3598 2775 3634 ne
2809 3591 2859 3633 ut
2888 3598 2969 3635 me
2988 3599 3133 3651 mque
3162 3586 3316 3636 ambo

1768 3666 1983 3732 diligitis
2006 3704 2021 3729 ,
2056 3666 2123 3717 ita
2157 3667 2399 3717 similiter
2441 3668 2691 3729 arguatis.
2728 3669 2853 3731 Quis
2886 3670 3041 3733 igitur
3068 3672 3191 3723 mihi
3221 3673 3316 3723 Iit:-

1763 3754 1850 3819 jus
1872 3767 2045 3806 causa:
2081 3753 2327 3805 defensor
2369 3754 2696 3805 adhibendus
2728 3756 2845 3806 est?
2886 3754 3088 3809 fortuna
3121 3762 3317 3814 scilicet

1770 3856 1881 3893 mea
1909 3859 1920 3891 ε
1946 3842 2096 3906 cujus
2123 3852 2178 3892 ttt
2222 3845 2445 3904 misera,
2485 3845 2548 3891 ita
2575 3843 2711 3909 jnsta
2745 3848 2982 3912 purgatio
3011 3859 3109 3901 ρει.
3143 3850 3318 3917 Neque

1770 3931 1909 3981 enirn
1957 3930 2033 3980 fas
2078 3930 2233 3990 sinit,
2267 3929 2382 3981 lmta
2413 3930 2583 3981 officia
2615 3932 2760 3985 obire
2792 3936 3056 4001 lugen'es;
3099 3936 3317 3990 fortassia

1768 4022 1924 4073 etiam
1970 4028 2191 4072 vestram
2238 4019 2553 4073 hilaritatem
2597 4038 2709 4074 mea
2754 4025 3013 4077 trisdtndo
3044 4030 3317 4082 contrahe-

1771 4119 1883 4162 ret:
1911 4108 2168 4176 siquidem
2196 4124 2405 4173 semper
2438 4112 2545 4163 ﬁeri
2580 4120 2739 4175 amnt,
2772 4125 2825 4163 ut
2864 4114 3095 4167 habitum
3129 4120 3318 4169 mentis

1768 4198 1834 4249 de
1880 4201 2167 4251 amicorum
2211 4214 2304 4251 ore
2349 4198 2625 4252 ducamus.
2672 4201 2845 4263 Quare
2896 4204 3125 4269 ignosce,
3175 4210 3312 4271 quod

1689 4324 1741 4382 Ι)
1770 4289 2018 4346 desumus
2042 4332 2055 4354 ,
2102 4297 2155 4343 et
2202 4288 2338 4355 apud
2387 4291 2653 4356 egregium
2688 4290 2856 4341 virum
2889 4295 3154 4346 consulem
3197 4295 3314 4347 fave

1768 4381 2019 4433 absentia:
2066 4396 2193 4434 mere
2237 4397 2249 4430 :
2290 4381 2436 4444 cujus
2468 4380 2667 4432 honore
2710 4384 2823 4443 glor
2846 4383 2918 4434 ari
2952 4399 3184 4437 noSIrum
3214 4396 3312 4443 est.

1766 4470 2007 4536 auspiciis
2038 4473 2290 4525 interesse
2323 4471 2570 4522 felicium.
2608 4472 2750 4523 Vale.

2329 4585 2537 4639 EPIST.
2581 4584 2738 4635 XXII.

2255 4687 2550 4725 SHINACIIL'S
2588 4688 2855 4727 GREGORIO.

1830 4785 2053 4837 Tantum
2088 4786 2175 4837 tibi
2220 4787 2448 4852 suppetit
2490 4786 2669 4837 uberis
2696 4786 2909 4851 eloquii,
2944 4796 2997 4839 ut
3028 4789 3213 4855 prioris
3242 4792 3307 4842 si-

1760 4877 1903 4930 lentii
1934 4876 2136 4928 veniam
2173 4890 2289 4927 cum
2324 4875 2597 4942 praesentis
2643 4876 2895 4928 facundia:
2924 4876 3074 4929 laude
3108 4893 3308 4931 merea-
3364 4864 3367 4865 ν

1760 4972 1849 5023 ris.
1880 4970 2007 5034 Qum
2035 4969 2174 5021 enim
2207 4984 2329 5036 pars
2374 4970 2661 5021 litterarum
2693 4978 2895 5020 tuarum
2924 4969 3002 5020 vel
3045 4968 3303 5023 inventio-

1761 5075 1882 5113 num
1932 5060 2205 5127 prudentia
2256 5060 2461 5125 caruit,
2514 5060 2595 5111 vel
2636 5060 2867 5110 novitate
2913 5073 3195 5125 sensuum,
3224 5065 3301 5115 vel

1760 5152 2067 5218 antiquitate
2093 5150 2407 5202 verborum?
2443 5148 2573 5201 Cum
2606 5151 2763 5216 igitur
2785 5150 2875 5201 tibi
2903 5150 3135 5216 supellex
3162 5153 3301 5217 larga

1766 5258 1867 5293 non
1894 5239 2050 5301 desit,
2079 5240 2323 5300 innivere,
2352 5253 2532 5303 qumso
2558 5251 2628 5301 te,
2658 5250 2731 5297 ut,
2767 5239 2919 5291 sicuti
2947 5236 3181 5293 oratione
3210 5248 3301 5290 nn-
3372 5238 3373 5243 “

1766 5331 1941 5383 rabilis
1968 5344 2045 5391 es,
2080 5334 2145 5380 ita
2179 5327 2425 5393 religione
2467 5330 2722 5393 proberis.
2766 5328 2938 5389 Faciet
2982 5329 3078 5379 hoc
3104 5330 3299 5379 crcbri~

1766 5401 1842 5474 tas
1878 5420 2212 5487 epistularum
2245 5426 2491 5476 tuarum.‘
2514 5432 2629 5482 qua:
2661 5432 2763 5470 non
2790 5419 2957 5468 solum
2989 5417 3073 5468 tibi
3108 5417 3301 5483 parabit

1764 5515 2000 5572 gratiam.
2034 5525 2213 5562 verum
2245 5508 2402 5561 etiam
2432 5520 2514 5559 me
2547 5506 2695 5559 faciet
2726 5506 3112 5570 protttptinrem.
3156 5506 3296 5556 Vale.
