3920 6326
304 204 409 277 τοι

1690 198 1904 259 C(ELII
1945 197 2213 257 SEDULII

3531 196 3645 253 ’ἴος

451 320 619 397 314
646 320 936 387 Ττειάίιοιοο,
971 318 1062 374 illa
1103 316 1269 373 dabat
1318 315 1549 388 pedibus
1595 318 1905 374 consistere
1937 382 1940 389 ε

2071 316 2083 367 l
2154 314 2212 369 In
2249 311 2562 378 Dominum,
2589 313 2792 369 servile
2818 312 2970 369 dedit
2995 324 3333 385 consurgere
3361 313 3612 379 bellum,

1636 410 1874 482 [mundis
1895 455 1910 481 ,

454 510 560 581 Qui
590 524 753 567 sensu
780 506 1014 578 pollutus
1045 520 1170 561 eras
1190 504 1386 572 ,‘vclut
1408 519 1574 560 omne
1603 505 1911 576 sepulcrum

348 608 420 677 3t)
468 603 755 661 Exteriora
786 613 984 671 gerens
1014 600 1150 656 alba}
1181 600 1450 655 velamina
1485 596 1697 667 formae,

455 697 718 755 Sordibus
764 695 995 752 interius
1022 694 1328 767 ,.ftndoquc
1353 695 1620 751 cadavere
1668 696 1940 767 plenum-

520 796 633 856 Nec
671 795 958 852 Dominum
988 795 1200 875 latuere
1222 794 1334 850 doli
1351 841 1364 864 ,
1389 794 1731 875 scelerisque
1750 795 1915 852 futuri

452 889 698 947 Prodidit
725 872 1040 956 auctorem,
1072 904 1271 961 panem
1302 889 1392 945 cui
1424 872 1655 957 tradidit,
1676 890 1794 962 ipse
1822 932 1838 954 ,

454 984 556 1053 Qui
585 983 740 1053 panis
761 982 1062 1039 tradendus
1088 992 1243 1039 erat:
1278 997 1403 1039 nam
1432 984 1683 1052 corporis
1708 1025 1724 1051 ,
1756 993 1918 1054 atque

338 1076 419 1135 55
458 1074 753 1153 Sanguinis
776 1074 867 1130 ille
894 1074 980 1130 sui
1012 1082 1302 1145 postquam
1322 1073 1433 1130 duo
1461 1090 1687 1131 munera
1712 1078 1916 1143 sanxit,

461 1168 642 1241 Atque
665 1167 871 1235 cibum,
887 1177 1185 1239 potumque
1200 1166 1485 1239 dedit,quo
1509 1175 1735 1238 perpete
1758 1184 1883 1223 num
1904 1200 1915 1208 -

1735 1256 1918 1336 [φησι
1996 1342 1999 1347 ,

463 1358 753 1424 Esuriant,
784 1356 1079 1429 sitiantque
1110 1356 1305 1411 animis
1327 1356 1446 1411 sine
1471 1354 1591 1411 labe
1618 1355 1809 1413 fideles
1834 1372 1846 1411 :

466 1453 629 1531 315
661 1450 925 1507 Protinus
946 1449 1000 1505 in
1038 1446 1255 1518 ludam,
1277 1448 1436 1506 sedes
1470 1448 1563 1505 ubi
1589 1447 1728 1505 livor
1752 1449 1915 1505 habe.
2008 1434 2015 1441 ’

1808 1543 1900 1599 bat

1808 1543 1900 1599 bat

470 1638 708 1712 Spiritus
740 1636 962 1695 intravit
983 1635 1323 1703 teterrimus,
1347 1649 1608 1707 armaque
1630 1542 1853 1692 sumtins
1905 1585 1921 1611 ν

2160 408 2357 465 Paetus
2379 408 2586 479 grande
2610 408 2768 464 nefas
2791 409 2981 479 quavis
3009 407 3262 463 mercede
3293 427 3305 462 :
3342 424 3449 465 nec
3477 409 3567 464 illi

2158 504 2326 575 Culpa
2349 504 2511 559 datur
2544 504 2742 575 pretio,
2778 503 2875 560 sed
2904 503 3173 559 ἰιιιιωιῈιιι
3193 504 3428 556 erimina
3456 501 3639 557 facto.

2159 599 2521 656 Tantuindem
2568 588 2816 668 sceleris,
2871 598 3092 656 terdena
3144 597 3485 653 nomismata
3542 610 3640 651 suo

3382 688 3591 763 [mens

2168 788 2421 860 Argenti,
2456 802 2628 859 parvo
2656 798 2892 841 emeatus
2920 800 3149 841 munere
3173 783 3369 856 gessit,

2020 884 2093 941 45
2168 883 2468 954 Quantum,
2502 889 2696 937 cuncta
2718 880 2879 936 simul
2909 890 3179 935 terrarum
3204 890 3395 948 regna,
3427 874 3635 929 maris-

3402 968 3561 1042 [quc

2162 1069 2414 1137 Divitias,
2446 1082 2779 1140 omnemque
2805 1066 2959 1139 vagis
2985 1080 3107 1122 cum
3136 1064 3375 1121 nubibus
3395 1062 3633 1118 aethram

2166 1164 2225 1224 Si
2270 1175 2515 1237 caperet,
2561 1174 2819 1237 gesturus
2865 1170 2989 1219 erat
3019 1179 3035 1217 :
3063 1175 3242 1233 neque
3284 1160 3432 1220 enim
3488 1157 3636 1211 bona

3329 1252 3558 1329 [mundi

2167 1352 2499 1408 Sufficerent
2529 1351 2717 1423 magni
2742 1351 2863 1407 fuso
2902 1365 3001 1422 pro
3031 1349 3295 1421 sanguine
3322 1345 3559 1411 Christi,

2166 1452 2333 1525 316
2351 1451 2455 1520 Qui
2502 1460 2654 1522 pater
2698 1460 2781 1506 est
2811 1449 3024 1519 mundi,
3071 1449 3162 1518 qui
3206 1447 3437 1514 fecerat,
3489 1444 3640 1499 hunc

3152 1540 3408 1616 [quoque
3433 1534 3613 1592 nasci.

2026 1636 2100 1698 50
2174 1638 2353 1709 Atque
2377 1639 2582 1695 utinam
2609 1637 2789 1693 sterili
2807 1637 3101 1695 damnatus
3137 1641 3314 1692 matre
3343 1631 3641 1705 nequisset

1685 1751 1864 1810 OPUS
1904 1755 2297 1813 PASCHALE.

1685 1756 1864 1810 OPUS
1904 1756 2297 1815 PASCHALE.
2922 1782 2926 1785 Α
3126 1760 3131 1770 “

324 1860 484 1907 cutus
512 1864 597 1916 es,
642 1846 877 1905 traditur
900 1844 1257 1910 exsecrande,
1290 1851 1355 1901 ut
1381 1843 1618 1901 mundus
1661 1844 1928 1903 videreris
1959 1853 2008 1915 B
2034 1849 2255 1915 famem,
2276 1846 2533 1921 sitimque
2555 1849 2761 1906 sentire
2784 1857 3059 1921 nequeant
3078 1849 3274 1904 animae.
3292 1848 3406 1919 jam
3431 1845 3636 1903 ﬁdeles.

323 1944 596 2017 vestigiis,
632 1944 723 2015 qui
755 1941 1088 2013 polluebaris
1120 1941 1174 1995 in
1206 1938 1423 2008 animis,
1451 1947 1728 2009 tamquam
1747 1940 1936 2010 sepul-

327 2056 481 2098 crum
514 2037 756 2096 exterius
804 2033 1140 2097 deatbatum,
1190 2030 1335 2103 quod
1387 2028 1550 2087 {tedis
1601 2030 1931 2103 cadaverum

330 2136 589 2196 sordibus
617 2135 766 2189 intus
797 2132 986 2187 horret
1017 2128 1319 2200 impletum.
1353 2126 1463 2183 Nec
1500 2127 1609 2183 doli
1641 2118 1932 2183 Dominum

330 2230 542 2287 latuere
564 2226 839 2297 dispositi,
873 2223 966 2279 sed
1002 2224 1153 2279 illum
1180 2221 1344 2277 lnturi
1371 2228 1536 2291 caput
1562 2235 1683 2277 esse
1706 2222 1934 2278 sceleris

331 2319 657 2396 designavit,
686 2320 773 2374 cui
808 2332 1004 2389 panem
1040 2315 1284 2371 traderet
1311 2315 1467 2385 panis
1490 2314 1608 2385 ipse
1637 2314 1935 2370 tradendus

323 2418 394 2474 ad
424 2433 639 2475 necem.
671 2415 825 2471 Tune
866 2410 1245 2468 inanifestatus
1289 2417 1376 2466 est
1418 2424 1606 2464 sermo
1646 2408 1937 2467 Davidicus

326 2510 518 2567 dicens
547 2520 573 2549 τι
599 2527 611 2563 :
646 2508 750 2578 Qui
780 2504 959 2562 edebat
987 2519 1146 2576 panes
1178 2518 1339 2572 meos,
1373 2498 1939 2575 ampliavitzadversum

333 2618 415 2657 me
448 2598 948 2673 supplantationem.
979 2594 1343 2665 Pesteaquam
1374 2593 1622 2665 corporis
1646 2592 1729 2649 sui
1762 2593 1943 2649 Domi-
1974 2656 1975 2659 η

326 2711 431 2754 nus
458 2694 619 2751 Jesus
648 2692 923 2755 Christus,
972 2697 1025 2747 et
1056 2687 1347 2759 sanguinis
1394 2685 1505 2741 duo
1556 2687 1684 2743 vita:
1711 2701 1941 2741 munera

324 2784 691 2849 consecravit,
718 2762 1062 2852 prepriisque
1090 2778 1378 2847 discipulis
1404 2777 1709 2848 Spiritalem
1734 2778 1935 2847 cibum,

326 2890 623 2952 potumque
652 2874 918 2947 porrexit,
962 2885 1074 2943 quo
1120 2868 1441 2927 caelestibus
1470 2870 1648 2951 epulis
1679 2872 1941 2941 saginata!

2108 1944 2225 2001 Mox
2261 1946 2315 2001 in
2346 1944 2499 2001 Judae
2528 1944 2718 2011 corda,
2753 1944 3141 2017 nequissimam
3166 1944 3354 2000 sedem
3384 1944 3474 1999 ubi
3502 1942 3644 1997 livor

2034 2039 2346 2105 invenerat,
2395 2039 2518 2095 tetri
2566 2038 2791 2110 spiritus
2833 2038 3081 2093 introivit
3110 2026 3447 2103 immanitas,
3476 2036 3641 2106 inque

2036 2117 2329 2189 Dominum
2369 2132 2479 2187 tela
2511 2132 2819 2201 corripiens
2844 2131 3206 2197 exsecranda,
3250 2128 3469 2185 servilis
3514 2126 3637 2183 belli

2036 2229 2337 2284 concitavit
2388 2227 2681 2295 insaniam,
2736 2235 2925 2296 pactus
2975 2227 3153 2281 scelus
3198 2224 3409 2297 grande
3438 2223 3643 2294 negotii

2038 2322 2139 2377 sub
2187 2321 2433 2393 qualibet
2480 2319 2753 2376 mercede.
2808 2317 2917 2374 Nec
2968 2320 3116 2375 enim
3162 2320 3323 2389 culpa
3373 2327 3556 2373 manet
3588 2317 3640 2371 in

2040 2416 2239 2486 pretio,
2270 2416 2367 2471 sed
2397 2412 2619 2471 crimen.
2640 2412 2972 2468 convalescit
2998 2413 3048 2467 in
3080 2412 3241 2466 farto.
3274 2408 3638 2466 Tantumdem

2040 2508 2336 2579 sacrilegii,
2370 2509 2591 2579 triginta
2624 2520 2805 2561 c:rcus
2836 2505 3133 2577 argenteis,
3164 2519 3386 2575 parvum
3418 2516 3638 2559 sumens

2044 2616 2245 2657 munus
2266 2600 2522 2667 admisit,
2557 2607 2844 2671 quantum,
2873 2598 2920 2655 si
2946 2608 3143 2655 cuneta
3162 2598 3322 2653 simul
3349 2612 3517 2669 regna
3542 2603 3647 2651 trr-

2049 2709 2269 2761 rarmn,
2322 2696 2598 2766 marisque
2648 2693 2904 2761 divitias,
2958 2702 3014 2748 et
3064 2708 3280 2747 omnem
3332 2691 3644 2761 vagislcum

2050 2788 2287 2843 nubibus
2317 2802 2468 2842 oram
2500 2787 2737 2841 lucraret
2767 2786 3063 2840 :etlteream
3086 2825 3102 2852 ,
3137 2783 3328 2855 flagitii
3363 2790 3641 2853 perpetra-

2048 2890 2151 2937 ret.
2167 2881 2353 2952 Neque
2375 2881 2522 2955 enim
2544 2882 2708 2934 totius
2735 2878 2917 2934 mundi
2946 2878 3090 2934 bona
3112 2873 3646 2939 sufﬁcerentCliristi

1824 2966 2142 3029 SCIlOLl-t.

402 3070 494 3129 28.
537 3067 690 3123 Meus
715 3071 973 3134 corrupte
988 3060 1102 3117 vela
1122 3075 1221 3133 pro
1244 3061 1360 3116 illa.
1386 3059 1515 3134 Urb.
1542 3059 1721 3134 dabit:
1755 3063 1930 3116 retine

333 3144 512 3199 dabat.
559 3139 663 3195 Pro
723 3132 931 3192 mundis
979 3149 1133 3190 error
1170 3141 1253 3190 est
1299 3134 1352 3188 in
1401 3132 1720 3204 quibusdam
1772 3134 1935 3189 editis

336 3216 514 3271 nudis.

405 3287 495 3343 50.
540 3284 597 3340 ln
631 3282 767 3351 Reg.
821 3279 882 3343 l,
926 3276 1282 3351 Ottobon._t_,
1316 3285 1370 3332 et
1408 3274 1641 3333 fortasse
1684 3276 1849 3351 etiam
1883 3278 1936 3332 in

264 3398 269 3403 .
335 3360 471 3425 Reg.
501 3356 537 3412 2
566 3356 668 3410 fuit
690 3348 966 3415 vclomine,
991 3348 1293 3425 sed_ubiris
1320 3362 1624 3425 correcutui
1653 3348 1937 3425 velamina,

333 3420 477 3503 quod
507 3442 713 3503 vei-nul
730 3435 815 3480 est
838 3421 1153 3503 ,_quainvis
1184 3420 1416 3475 alterum
1467 3422 1725 3503 sustiqeri
1773 3421 1937 3503 etiam

335 3491 532 3575 possit.
575 3499 635 3575 _ln
676 3495 875 3575 Rng
925 3494 1108 3575 glossa
1138 3501 1474 3575 tegumenta...
1508 3493 1581 3547 De
1628 3491 1939 3575 hujustnodi

336 3562 477 3630 albis
508 3562 868 3625 velaininibus
914 3562 1292 3635 sepulcrorum
1343 3562 1553 3621 confer.
1594 3562 1710 3621 not.
1741 3566 1808 3621 ad
1845 3565 1942 3620 Ju-

339 3657 572 3702 vcnf‘uut
603 3642 655 3696 iv
671 3682 687 3707 ,
723 3638 815 3695 76.

409 3718 499 3773 51.
543 3716 657 3770 Οιι.
703 3713 737 3766 2
770 3708 990 3763 internis
1024 3751 1036 3770 ,
1081 3717 1243 3780 atque
1271 3707 1515 3765 italiunc
1548 3725 1769 3764 versum
1802 3726 1939 3766 non—

338 3804 500 3847 nemo
533 3787 757 3853 allegat.
777 3780 1098 3853 Communis
1129 3781 1399 3847 scriptura
1419 3781 1639 3836 interius
1669 3797 1739 3836 ex
1770 3782 1936 3838 Prosa

340 3852 721 3917 conﬁrmatur.
741 3854 854 3909 Ott.
872 3854 909 3907 ‘2
926 3895 941 3919 ,
965 3852 1177 3922 plenum
1191 3860 1303 3918 est;
1334 3853 1523 3909 caeteri
1550 3855 1942 3910 omittuntver-

340 3934 469 3990 bum
522 3928 928 3986 substantivum
957 3965 972 3991 ,
1008 3925 1151 3994 quod
1195 3939 1437 3998 persaepe
1462 3927 1739 3998 eleganter
1768 3926 1845 3982 fit.
1881 3930 1936 3983 In

344 4005 477 4075 Reg.
507 4002 635 4075 {ex
663 3998 819 4075 pleno
844 4004 991 4075 recte
1019 3999 1215 4075 laetum
1247 3996 1475 4075 plenum.

411 4064 501 4132 ΞΗ.
540 4064 673 4142 Reg:
705 4072 727 4127 l
754 4068 1014 4133 Deluda,
1032 4068 1118 4142 qui
1142 4067 1226 4137 fur
1250 4064 1485 4122 tradidit.
1512 4070 1762 4142 Barthius
1788 4072 1824 4126 Ι.
1849 4086 1941 4127 Llll

340 4150 572 4205 Advers.
603 4139 653 4200 e'.
685 4145 749 4208 ὅ,
792 4145 925 4196 citat
954 4139 1167 4210 nefandi
1197 4141 1521 4213 profuturi,
1550 4141 1713 4197 invita
1754 4158 1935 4213 prosa.

343 4220 474 4277 Urb.
523 4219 900 4289 futui-uinitori
935 4215 1006 4266 ita
1060 4212 1217 4267 bene.
1276 4211 1578 4282 Virgi'iust
1626 4211 1934 4283 ASnIlD-l,

350 4292 459 4347 Nec
476 4287 673 4345 [αἰπεῖα
697 4287 805 4340 doli
832 4289 1047 4356 fratrem
1077 4292 1183 4337 etc.

415 4366 503 4419 55.
547 4359 767 4424 Parrb.,
801 4352 1017 4411 sclicdm
1048 4356 1327 4429 Poelman.
1352 4352 1727 4429 Edidittqnod
1754 4374 1825 4413 ex
1842 4373 1942 4413 suo

344 4434 465 4491 cod.
510 4448 612 4487 ms.
642 4430 898 4485 Barthius
926 4430 1044 4483 loco
1071 4426 1236 4481 citato
1261 4429 1523 4496 praetulit.
1552 4426 1835 4486 Grunerus
1865 4440 1945 4485 ta-

1960 3066 2006 3130 C
2039 3082 2208 3122 uerus
2232 3083 2355 3123 cum
2390 3082 2550 3135 prosa
2596 3066 2801 3120 mavult
2846 3066 3030 3137 quasi:
3067 3081 3084 3119 :
3115 3052 3373 3120 dissentit
3414 3066 3640 3120 Arntze-

2047 3140 2188 3206 nius,
2217 3139 2339 3208 quia
2369 3140 2542 3195 Judas
2565 3156 2671 3193 non
2703 3140 2913 3209 quavis,
2942 3138 3035 3191 sed
3068 3137 3293 3191 definita
3321 3152 3482 3202 parva
3514 3154 3647 3190 mer-

2043 3212 2176 3265 cede
2210 3214 2312 3266 lioc
2342 3210 2522 3266 scelus
2553 3212 2785 3279 peregit.
2818 3210 3014 3264 Verum
3042 3211 3158 3263 haec
3189 3210 3331 3263 ratio
3361 3219 3633 3277 argueret,

2046 3298 2223 3344 neque
2247 3285 2298 3336 in
2329 3298 2491 3351 prosa
2520 3282 2809 3351 legendum
2842 3296 2964 3335 esse
2993 3282 3087 3334 sub
3124 3281 3360 3347 qualibet
3388 3280 3638 3333 mercede.

2043 3354 2253 3422 Sequor
2302 3354 2465 3422 igitur
2525 3352 2859 3415 Grnnerinn,
2908 3353 3034 3422 quia
3084 3352 3343 3406 Sedulius
3390 3351 3646 3416 exprimit

2044 3426 2214 3480 verba
2242 3426 2476 3480 Mattlirei
2507 3441 2556 3479 e.
2590 3440 2736 3488 xxvi,
2769 3440 2821 3476 v.
2856 3424 2944 3490 15,
2977 3422 3044 3477 Et
3078 3424 3149 3477 ait
3181 3423 3291 3477 illis
3321 3438 3341 3477 .'
3373 3423 3514 3487 Quid
3536 3423 3646 3476 nul-

2047 3498 2110 3551 lis
2134 3496 2263 3551 mihi
2292 3498 2419 3551 dare
2441 3538 2453 3560 ,
2484 3508 2529 3551 et
2571 3514 2664 3567 ego
2705 3498 2845 3550 vobis
2884 3512 3003 3551 eum
3037 3496 3285 3550 tradant?
3320 3495 3643 3567 Ariitzenius

2043 3584 2111 3624 ex
2153 3564 2631 3640 grammaticorum
2675 3569 2878 3637 regulis
2909 3567 3100 3640 scribit
3130 3583 3292 3640 neque
3323 3564 3406 3620 illi
3439 3567 3644 3634 :—p|eri-

2043 3637 2201 3711 rique
2230 3650 2406 3695 nostri
2439 3658 2598 3707 inss.,
2632 3650 2686 3695 et
2723 3641 2852 3694 editi
2893 3656 2986 3693 nec
3015 3637 3118 3707 illi,
3166 3639 3427 3709 negleCtii-t
3463 3641 3642 3697 istius-

2048 3712 2199 3769 modi
2225 3713 2452 3783 regulis,
2488 3722 2545 3767 ut
2573 3728 2718 3775 saepe
2747 3712 2901 3766 alibi.

2118 3784 2211 3839 42.
2255 3784 2388 3855 Reg.
2435 3784 2491 3847 2,
2528 3785 2617 3839 scd
2660 3783 2876 3841 harent.
2919 3798 3025 3836 non
3078 3784 3218 3837 male
3259 3798 3335 3855 es,
3359 3797 3510 3838 more
3541 3782 3637 3855 aevi

2047 3857 2277 3921 Sedulii,
2329 3854 2435 3927 quo
2466 3855 2498 3909 It
2529 3872 2675 3922 saepe
2708 3857 2811 3909 vim
2843 3857 3203 3910 consonantis
3254 3854 3507 3910 habebat.
3536 3854 3634 3910 Su-

2048 3946 2143 4001 pra
2178 3926 2359 4001 tamen
2392 3928 2690 4001 ascriptum
2719 3936 2801 3983 est
2828 3927 2915 3981 sed
2944 3926 3220 4001 iii/iterent.

2118 4002 2206 4056 43.
2252 4000 2425 4066 Mens,
2456 3996 2680 4054 Tantum
2705 4000 2839 4053 idem
2866 3997 3074 4053 sceleris
3103 4014 3121 4053 :
3155 4000 3271 4069 lege
3298 3996 3645 4053 Tantumdenr

2046 4072 2277 4128 sceleris.
2309 4073 2364 4125 In
2411 4088 2512 4126 ins.
2550 4073 2680 4141 Reg.
2716 4075 2777 4132 l,
2808 4087 2871 4125 ex
2903 4072 3209 4125 nomismata
3239 4080 3542 4126 correctum
3564 4078 3642 4141 est

2034 4147 2379 4211 ,nuinismata.
2414 4140 2667 4213 Plerique
2700 4145 2869 4197 nostri
2903 4141 3123 4197 codices
3152 4144 3468 4196 numismafa
3493 4140 3638 4213 exhi-

2047 4217 2197 4272 bent.
2236 4216 2355 4270 Dixi
2387 4215 2453 4269 de
2476 4212 2870 4270 itﬁCSCt‘ithldl
2898 4216 3162 4269 varietate
3194 4214 3243 4268 in
3270 4222 3386 4267 not.
3415 4215 3481 4267 ad
3509 4212 3634 4268 Pru-

2049 4289 2317 4352 dentium,
2349 4294 2403 4341 et
2433 4286 2495 4341 ad
2528 4286 2852 4341 Juvencum.

2119 4358 2207 4414 44.
2255 4360 2426 4424 Mens,
2462 4362 2725 4427 Argento:
2758 4357 2934 4412 retine
2974 4358 3209 4427 Argenti.

2124 4430 2210 4487 46.
2255 4416 2442 4485 Arnti.
2478 4448 2504 4483 a
2642 4448 2737 4494 m.,
2774 4430 2942 4501 Meus.
2977 4416 3209 4493 aztlireni,
3234 4429 3419 4494 Rom.,
3444 4428 3554 4483 Ott.
3582 4425 3637 4491 Ξ,

342 4511 580 4582 memet.
609 4500 943 4582 Arntze‘uius
980 4476 1322 4582 ςωῃθηάιιῆι
1354 4543 1368 4567 ,
1416 4500 1574 4582 longe
1604 4504 1797 4558 melius
1820 4518 1942 4557 esse
1974 4476 2022 4535 υ
2049 4476 2293 4582 (silici-em
2336 4476 2825 4582 contrarmctrum,
2876 4500 2997 4556 Vat.
3036 4501 3086 4564 1,
3120 4476 3473 4563 ΑΙῘίᾌΗιῶ,
3523 4476 3637 4582 qua;

344 4570 611 4633 Prodidit.
640 4580 775 4643 Aug.
808 4570 1131 4643 l’rotnlitJn
1166 4570 1770 4642 inss.s;npius'inViceni
1794 4589 1940 4629 coni-

343 4657 627 4705 mutantur
654 4642 869 4714 prodere
887 4685 901 4709 ,
930 4652 985 4698 et
1012 4642 1182 4714 edere.

417 4722 504 4777 57.
550 4713 797 4787 Plerique
843 4731 970 4772 mss.
1006 4713 1247 4788 Esuriem
1276 4756 1290 4780 ,
1316 4716 1623 4788 sitientqne:
1654 4718 1749 4773 alii
1795 4717 1934 4772 Esu-

343 4794 519 4859 rittnt,
567 4790 863 4859 sitiuntque,
906 4787 1104 4857 quibus
1152 4802 1316 4859 prosa
1372 4787 1533 4844 lavet.
1580 4790 1721 4845 Editi
1776 4790 1939 4844 simili

344 4865 507 4921 modo
534 4873 762 4916 variant.
796 4860 960 4929 Sequi
985 4862 1210 4929 poteris,
1242 4860 1387 4930 quod
1441 4863 1719 4916 malueris.
1757 4861 1931 4917 Vatic.

342 4938 398 5003 1,
430 4935 599 5005 ﬁdelis
628 4935 886 5005 exgveteri
920 4947 1070 5005 more
1098 4932 1375 4988 scribendi
1403 4932 1581 5000 fideles
1599 4949 1692 5002 per
1719 4934 1940 5003 ﬁdrlcis,

343 5018 398 5066 et
430 5003 623 5077 ﬁdelis.
680 5003 839 5057 Vides
862 5045 875 5069 ,
906 5020 933 5057 a
962 5003 1188 5077 Sedulii)
1232 5020 1458 5077 quoque
1502 5008 1649 5061 clare
1680 5007 1945 5073 exiilicari

343 5075 539 5150 dogma
565 5077 897 5150 catholicum
920 5077 986 5150 de
1016 5075 1382 5150 Eueliaristia;
1415 5086 1473 5132 ut
1502 5080 1659 5144 plane
1680 5079 1946 5148 desip.‘ant

344 5147 595 5208 lttc'retici
616 5191 631 5213 ,
662 5147 754 5216 qui
775 5148 903 5201 illud
929 5147 981 5201 in
1012 5148 1235 5203 dubium
1272 5161 1557 5204 revocant.

408 5227 499 5281 ὅ).
542 5226 705 5275 Arma
728 5234 826 5289 pro
849 5221 1115 5289 consiliis,
1142 5222 1257 5275 sive
1285 5231 1406 5277 arte
1431 5222 1681 5286 nocendi,
1716 5230 1774 5276 ut
1795 5222 1949 5288 alibi,

338 5305 393 5354 et
414 5295 553 5365 apud
583 5288 895 5365 Virgilium,
924 5288 989 5365 Et
1011 5310 1243 5363 qnazrerc
1276 5297 1515 5349 conscius
1539 5312 1706 5349 arma.

410 5362 502 5423 41.
546 5366 733 5438 Cant.,
776 5362 946 5438 0tt._l
985 5362 1033 5418 in
1065 5378 1343 5430 contextu,
1392 5370 1523 5438 llcg.
1570 5369 1594 5423 1
1648 5382 1743 5437 pro
1789 5365 1842 5421 d.
1876 5380 1947 5435 5.,

337 5442 538 5518 quavis.
560 5437 673 5494 Ott.
694 5437 842 5518 {pro
873 5436 925 5517 d.
960 5452 1034 5504 s.,
1060 5452 1181 5492 eum
1212 5442 1449 5509 caeteris,
1474 5436 1740 5518 pervado
1771 5439 1949 5518 lle_g.l

337 5508 392 5569 in
423 5522 681 5568 contextu
726 5509 879 5580 ipso,
907 5508 959 5561 in
992 5524 1099 5579 quo
1126 5525 1208 5567 est
1235 5529 1395 5583 parva
1420 5508 1439 5582 ,⁷
1470 5508 1621 5570 aliud
1648 5512 1767 5568 fuit.
1816 5508 1956 5568 Gru-

416 5627 684 5702 egPsaglm.
718 5643 821 5693 xc,
866 5626 1132 5702 vers._l0.
1188 5628 1379 5702 Postea
1431 5646 1533 5702 pro
1580 5630 1738 5685 Iuda:
1766 5627 1944 5702 corda

347 5700 990 5769 Gallandiussuspicatur
1016 5699 1297 5770 legendum
1320 5699 1477 5757 ludar
1502 5719 1610 5757 cor.
1636 5702 1742 5759 Sed
1763 5700 1817 5755 iu
1844 5700 1946 5755 hoc

347 5774 570 5829 auctore
586 5781 744 5829 vetus
774 5770 1046 5842 scriptura
1077 5774 1389 5843 suspicione
1420 5774 1539 5831 falsi
1558 5785 1731 5833 caret.
1764 5774 1818 5829 In
1836 5789 1937 5828 ms.

2053 4576 2285 4630 fortasse
2326 4591 2452 4630 vera
2495 4585 2576 4630 est
2624 4574 2784 4631 lectio
2812 4589 2912 4643 pro
2954 4576 3146 4628 ethera
3190 4589 3288 4643 per
3316 4574 3642 4629 contractiu-

2052 4664 2191 4703 neiu.
2227 4647 2361 4701 Vide
2386 4658 2496 4701 not.
2523 4648 2588 4703 ad
2614 4648 2651 4701 l.
2682 4663 2718 4701 ll
2739 4646 2964 4702 Jnvenci
2990 4662 3041 4699 v.
3071 4646 3197 4701 55⁸2.
3224 4645 3478 4715 Plerique
3498 4643 3638 4699 exhi-

2053 4722 2181 4775 bent
2202 4718 2440 4774 wthram.
2479 4718 2639 4775 Deest
2674 4719 2764 4775 hic
2792 4732 2980 4773 versus
3009 4717 3062 4771 in
3094 4722 3229 4789 Aug.
3266 4719 3479 4773 codice.

2120 4790 2210 4845 47.
2256 4790 2401 4846 Meus
2425 4808 2588 4863 neque
2608 4794 2728 4864 jam
2755 4792 2887 4846 bona
2915 4789 3093 4844 minus
3125 4790 3285 4861 bene.
3314 4790 3436 4847 Vat.
3468 4791 3493 4845 ί
3521 4802 3643 4845 con-

2054 4872 2132 4918 tra
2165 4878 2420 4929 tttetrunt,
2456 4881 2617 4932 neque
2646 4866 2800 4917 bona.
3626 4929 3635 4932 _
3663 4893 3668 4896 -

2125 4937 2213 4990 68.
2255 4932 2441 5000 Cant.,
2487 4929 2541 4988 et
2590 4934 2837 4990 nonnulli
2885 4933 3088 5003 vulgati
3149 4949 3350 5003 magnai
3391 4950 3406 4985 .‘
3456 4929 3664 5002 reliqui.

2052 5008 2249 5063 melius
2281 5011 2474 5077 magni.
2508 5008 2677 5072 Meus,
2722 5008 2939 5062 inverso
2969 5006 3183 5073 ordine,
3216 5022 3312 5077 pro
3340 5008 3479 5076 fusa.

2124 5079 2214 5134 50.
2260 5079 2393 5147 Reg.
2437 5081 2472 5134 2
2518 5095 2615 5150 pro
2646 5081 2701 5135 d.
2742 5096 2815 5143 s.,
2867 5077 3122 5134 Parrlias.
3158 5077 3637 5150 ventreraliicum

2097 5166 2240 5216 rosa,
2268 5164 2450 5207 ntalre.
2479 5147 2535 5208 Ui
2555 5154 2604 5207 b.
2631 5162 2896 5223 corrupte
2921 5161 3115 5223 morte.
3138 5149 3445 5223 Quomodo,
3480 5147 3641 5217 inquit

2055 5222 2453 5289 Nebrissensis,
2487 5225 2787 5286 damnalus,
2810 5222 2867 5278 si
2908 5239 3015 5277 non
3048 5222 3279 5278 luisset?
3310 5222 3637 5290 Resimndet,

2057 5298 2180 5361 quia
2230 5296 2331 5349 hoc
2367 5298 2546 5367 ipsum
2584 5314 2687 5353 non
2723 5296 2914 5351 fuisset
2946 5294 3174 5359 malum,
3223 5293 3370 5364 quod
3418 5296 3511 5351 ille
3540 5305 3640 5367 po-

2061 5376 2175 5423 stea
2209 5363 2531 5438 designavit.
2562 5369 2844 5427 Sententia
2877 5369 2989 5438 ipsa
3013 5366 3213 5423 clarior
3232 5363 3335 5434 est,
3371 5366 3457 5423 his
3483 5363 3639 5421 subti-

2063 5440 2307 5495 litatibus
2334 5442 2582 5499 semotis.

2056 5630 2193 5687 libro
2219 5642 2463 5688 erratum
2496 5641 2578 5689 est
2622 5631 2829 5687 sei-viris
2859 5630 2977 5685 belli
3019 5644 3120 5702 pro
3157 5631 3357 5688 servilis
3406 5628 3542 5695 belli,
3590 5633 3636 5681 et

2055 5704 2191 5759 infra
2222 5721 2307 5759 sor
2342 5705 2523 5760 melior
2556 5720 2653 5775 pro
2690 5720 2801 5759 sors
2831 5703 3032 5758 melior.
3392 5704 3397 5709 ’
