3912 6396
371 331 475 386 713
546 337 548 339 ’

515 446 808 511 infectum,
846 443 990 514 quod
1021 441 1269 498 Christus
1293 441 1399 506 ait,
1435 455 1495 496 se
1520 453 1746 510 prorsus
1769 439 1967 495 adesse
1997 448 2043 506 Α

518 539 690 608 Ipsius
721 552 786 590 ex
815 550 893 590 soi
915 537 981 590 iis
1001 577 1014 601 ,
1047 533 1241 600 semel,
1279 548 1342 587 ac
1371 532 1476 601 bis,
1505 540 1696 602 terque
1728 530 1970 600 negavit,

522 631 590 685 Et
616 630 790 703 gallus
822 629 1055 694 cecinit;
1085 627 1363 697 completa
1395 635 1480 682 est
1512 626 1724 680 sanctio
1744 623 1972 691 Christi,

524 727 589 780 Et
620 740 812 780 sensus
843 723 1056 780 rediere
1086 723 1233 779 Petri
1262 740 1273 777 :
1305 735 1518 777 memor
1547 719 1642 775 ille
1675 720 1939 775 malorum

381 819 485 876 110
521 818 862 874 immemoris
881 816 1156 873 damnavit
1177 829 1338 883 opus,
1360 813 1674 884 gemituque
1687 819 1974 881 sequente,

522 909 692 980 Culpa
725 911 858 981 figit
883 956 895 975 ,
951 909 1149 966 cedunt
1195 905 1456 977 lacrymis
1488 904 1686 960 delicta
1717 902 1981 974 profusis;

519 1007 679 1080 323
693 1005 762 1060 Et
777 1005 988 1060 dulcem
1005 1000 1239 1068 veniam,
1253 999 1434 1067 ﬂetus,
1449 997 1771 1070 generastis,
1787 996 1981 1052 amari.

1752 322 1972 381 COELII
2011 312 2285 378 SEDULil

3584 304 3688 370 756

2286 432 2869 504 Jamquediesaderat,
2895 438 3158 488 nocturna
3186 430 3444 488 mmstior
3468 429 3657 486 umbra
3677 471 3692 495 ,

2225 526 2518 598 Flagitium
2550 526 2729 581 visura
2756 539 2988 592 novum,
3015 523 3375 595 tenebrisque
3399 522 3654 590 remotis,

2080 621 2186 679 115
2227 619 2505 676 Pandebat
2537 619 2751 690 populis
2771 617 2973 674 Judzeae
3003 617 3234 672 erimina
3269 615 3474 686 gentis.

2223 715 2343 770 Mox
2374 713 2542 786 igitur
2575 711 2864 769 Dominum
2895 709 3063 767 Pilati
3090 705 3158 766 ad
3191 709 3394 766 muenia
3426 710 3576 766 duci.

2225 805 2474 863 Nexibus
2496 803 2786 861 astrictum
2803 845 2818 871 ,
2847 802 3021 861 Judas
3044 811 3102 861 ut
3131 802 3272 858 vidit
3301 801 3545 874 iniquus,

2232 899 2399 974 32‘.
2437 899 2706 972 Diriguit,
2733 899 3067 969 scelerisque
3094 898 3180 954 sui
3207 897 3544 954 commercia
3575 896 3694 954 red-

3463 988 3627 1062 [dens

1737 1089 1916 1148 OPUS
1958 1086 2342 1146 PASCHALE.

383 1196 733 1256 sacerdotum
783 1188 997 1265 Domini
1052 1187 1282 1258 vestigia
1325 1185 1671 1253 subsecutus,
1727 1184 1871 1256 quod
1922 1198 1989 1238 ex
2091 1181 2439 1265 mitissimam
2466 1179 2657 1250 judlcii
2686 1179 3044 1249 suspenderet
3078 1178 3373 1246 ultionem,
3400 1177 3554 1234 nulla
3589 1193 3690 1244 non

387 1294 507 1364 ejus
532 1301 678 1347 esset
703 1285 860 1342 etiam
905 1262 1019 1354 ipse
1076 1279 1386 1350 discipulis,
1417 1287 1501 1334 ter
1531 1288 1614 1334 est
1639 1277 1873 1348 agnitus.
1910 1285 1994 1332 ter
2091 1262 2159 1333 ex
2206 1276 2329 1332 istis
2377 1275 2603 1332 indutus
2629 1273 2657 1313 ι’
2688 1288 2815 1346 spes
2850 1262 3195 1345 impunitatis
3243 1268 3537 1329 obtundat.
3591 1272 3691 1329 Sed

393 1387 634 1458 negavit,
666 1391 720 1435 et
741 1379 944 1451 gallus,
968 1376 1075 1432 diei
1103 1373 1346 1441 nuntius,
1372 1371 1632 1437 cantavit,
1664 1370 1996 1442 impletoqne
2097 1381 2373 1442 tamquam
2415 1369 2615 1454 famuli
2661 1369 2752 1425 diu
2804 1368 3020 1441 fugitivi
3065 1383 3193 1425 sero
3223 1370 3418 1425 saltem
3452 1381 3692 1426 nostrum

391 1479 592 1536 divinae
642 1469 940 1530 sanctionis
975 1467 1224 1530 oraculo,
1277 1463 1490 1535 pristini
1549 1477 1765 1534 quoque
1800 1476 1998 1517 sensus
2097 1475 2438 1521 revertamur
2464 1462 2532 1519 ad
2558 1463 2871 1529 Dominum,
2901 1462 2972 1517 ab
2996 1460 3121 1532 ipso
3150 1461 3239 1518 vel
3267 1476 3432 1518 senes
3478 1460 3694 1517 lubrica:

391 1566 600 1626 reversi
622 1563 944 1627 suntPetro,
977 1558 1068 1628 qui
1101 1557 1422 1612 memoriam
1450 1554 1625 1625 eulpae
1647 1552 1994 1624 recolligens,
2095 1557 2402 1631 juventutis
2447 1556 2662 1614 veniam
2714 1555 3074 1628 postulantes,
3129 1557 3379 1629 Quamvis
3410 1556 3698 1613 conveniat

394 1659 686 1720 oblivionis
727 1657 779 1710 in
811 1668 869 1708 se
901 1650 1188 1721 castigavit
1212 1662 1488 1714 errorem,
1517 1645 1831 1718 gemituque
1871 1661 2004 1700 con-
2103 1668 2545 1726 unumquemque
2591 1661 2918 1724 peccantem.
2962 1650 3273 1718 confestim,
3321 1665 3395 1707 ne
3429 1650 3699 1721 serpentis

397 1756 546 1811 tinuo
593 1754 982 1822 prosequente,
1038 1753 1264 1816 peccata
1306 1741 1538 1811 fugiunt.
1576 1740 1774 1796 delicm
1824 1739 2001 1795 diSCe-
2102 1747 2276 1804 morbi
2307 1746 2582 1818 primitie,
2609 1746 2762 1803 velut
2786 1744 2998 1802 radices
3025 1745 3197 1801 amari
3225 1743 3514 1816 germinis,
3541 1744 3699 1800 altius

400 1847 534 1903 dunt
578 1851 635 1900 et
688 1844 1054 1912 lacrymarum
1084 1838 1288 1891 imbres
1333 1833 1489 1890 effusi
1540 1833 1752 1890 dulcem
1787 1832 1999 1888 veniam
2105 1835 2430 1912 negligentis
2479 1840 2733 1912 agricola;
2787 1839 3115 1895 remissione
3169 1837 3503 1901 submersa,
3557 1836 3706 1893 ηιιιιο

344 1991 349 1995 .
400 1942 615 1996 ﬂetibus
654 1934 1013 1991 antarissimis
1054 1931 1427 1987 contulerunt.
1480 1927 1812 1999 Apostolicis
1838 1927 2002 1997 igitur
2035 1920 2078 1980 Β
2104 1933 2321 1989 valeant
2355 1933 2516 1990 evelli
2559 1934 2778 2004 penitus
2827 1933 2938 2003 jam
2994 1927 3223 1988 labor-8,.
3292 1932 3444 1987 Idem
3469 1930 3698 2003 denique

401 2031 598 2090 eruditi
620 2026 886 2097 exemplis
903 2024 1167 2080 debemus
1193 2022 1301 2076 vim
1327 2019 1693 2090 poenitentia;
1722 2019 2001 2074 meritum-

404 2141 511 2196 que
559 2122 884 2192 dignoscere
938 2114 1189 2172 vitalibus
1247 2109 1890 2178 retnediis‘adnitentes,
1950 2117 2008 2164 ut

407 2221 475 2276 ab
505 2222 815 2275 animarum
847 2213 1170 2285 fatigatione
1203 2217 1511 2264 nostrarum
1552 2204 1866 2262 mortiferas
1895 2219 2010 2261 me-

406 2325 626 2367 reamur
677 2305 900 2362 morbos
953 2302 1265 2359 excludere.
1323 2299 1382 2355 Si
1409 2296 1552 2354 enim
1583 2299 1759 2353 noxiis
1799 2296 2008 2368 cogita-

410 2407 618 2461 tiomtm
649 2400 873 2457 venenis
903 2409 996 2452 aut
1048 2404 1197 2459 actu,
1227 2393 1316 2449 vel
1347 2393 1510 2448 etiam
1542 2390 1809 2461 contagiis
1842 2390 2008 2445 fueri-

411 2512 533 2552 mus
567 2493 804 2563 turpium
855 2488 1085 2544 sauciati
1126 2500 1468 2552 sermonum,
1501 2483 1567 2539 ad
1597 2482 2010 2538 saluberrimam

410 2588 754 2661 poenitentia:
808 2600 934 2639 mox
987 2582 1226 2637 nitamur
1294 2578 1593 2648 confugere
1669 2577 2012 2642 medicinam,

413 2691 680 2752 quatenus
704 2676 950 2732 dolentes
973 2689 1038 2728 ex
1066 2672 1242 2741 culpa,
1275 2686 1381 2724 non
1409 2669 1694 2726 doleamus
1722 2685 1788 2724 ex
1820 2685 2013 2740 plena;

412 2774 775 2844 lacrymantes
802 2783 871 2823 ex
899 2767 1144 2831 vulnere,
1176 2779 1284 2818 non
1306 2764 1672 2835 laerymetnus
1718 2779 1782 2818 ex
1815 2772 2011 2819 morte.

417 2866 527 2920 Nec
554 2873 736 2916 tamen
781 2858 1160 2930 paenitentiam
1207 2855 1405 2910 futuris
1436 2871 1690 2924 paremus
1717 2845 2016 2920 erroribus,

416 2957 514 3012 sed
546 2953 837 3022 praeteritis
863 2949 1220 3005 adhibeamus
1244 2947 1517 3002 admissis.
1545 2947 2020 3019 Subindulgentim

419 3043 872 3116 namqnclidncia
905 3041 1290 3111 delinquentes
1339 3036 1564 3093 difficile
1623 3038 1835 3094 veniam
1885 3053 2021 3094 con.

418 3148 722 3211 sequuntur
743 3136 1063 3207 optabilem,
1093 3149 1255 3205 quam
1288 3133 1388 3189 sibi
1423 3133 1664 3204 plerique
1694 3144 2021 3203 prresumpta

417 3239 716 3294 securitate
764 3231 1112 3302 pollicentur,
1169 3237 1226 3282 ut
1287 3234 1532 3296 peccent.
1588 3225 1721 3282 Nam
1757 3234 1814 3282 et
1853 3226 2024 3282 David

419 3328 682 3400 propheta
707 3323 971 3378 mirabilis
994 3321 1121 3375 dum
1146 3318 1532 3388 indulgentiam
1557 3320 1811 3389 praeteriti
1837 3327 2019 3388 postu—
2045 3310 2093 3374 C

419 3423 559 3479 larct
589 3420 818 3486 erroris,
853 3429 911 3470 ut
943 3416 1084 3469 hanc
1129 3413 1339 3468 facilius
1372 3414 1710 3483 impetraret,
1752 3429 1852 3482 per
1880 3415 2026 3484 igno-

423 3516 660 3571 rantiam
720 3525 778 3565 se
825 3506 1122 3577 deliquisse
1175 3505 1373 3561 talibus
1431 3520 1542 3579 prae
1598 3520 1657 3559 se
1705 3505 2026 3574 signavit“:

426 3606 632 3661 Delicta
683 3603 965 3682 iuventutis
1002 3614 1147 3662 mete,
1180 3605 1226 3651 ct
1274 3597 1583 3669 ignorantia:
1609 3612 1731 3651 mete
1756 3613 1817 3650 ne
1845 3599 2026 3651 memi-

427 3699 582 3761 neris,
619 3693 778 3748 Dens.
817 3692 956 3760 Quid
985 3707 1116 3762 ergo
1145 3704 1505 3758 quaecumque
1532 3689 1734 3760 ﬂagitia
1763 3691 2031 3760 iuvenalis

429 3799 560 3845 aetas
607 3785 910 3850 admiserit,
979 3783 1032 3838 in
1096 3789 1435 3837 senectutem
1467 3779 1671 3836 debent
1730 3782 2032 3836 relaxanda

426 3882 673 3939 servari?
707 3880 881 3946 Absit,
902 3879 954 3932 in
982 3876 1138 3930 nobis
1164 3883 1216 3928 ut
1248 3875 1320 3928 ita
1347 3872 1583 3936 maneat,
1612 3883 2029 3930 consenescunt.

430 3977 536 4034 Sed
590 3989 714 4031 cum
765 3970 945 4028 divina
1003 3967 1293 4024 clementia
1335 3967 1561 4037 patienti
1615 3966 2036 4037 longanimitate

2108 2023 2403 2096 propheta,
2444 2041 2513 2080 ne
2562 2040 2662 2095 pro
2703 2023 3051 2095 iuvenalibus
3075 2022 3291 2079 delictis
3322 2033 3384 2078 ut
3430 2022 3701 2096 negligens

2109 2117 2414 2185 videretur,
2462 2117 2642 2172 serius
2708 2118 3018 2188 supplicare
3046 2114 3256 2171 addidit
3319 2115 3699 2186 ignorantiam,

2111 2200 2216 2281 Quo
2242 2209 2384 2280 apud
2409 2208 2552 2280 pium
2575 2209 2815 2280 judicent
2841 2209 3048 2264 facilius
3076 2206 3180 2287 sibi
3208 2206 3447 2263 relaxari
3480 2205 3702 2261 meruis-

2112 2311 2192 2358 set
2226 2317 2490 2357 errorem.
2551 2301 2718 2372 igitur
2771 2310 2825 2357 et
2853 2300 3052 2356 Petrus
3101 2298 3396 2369 Apostolus
3427 2295 3697 2353 Christum

2113 2409 2316 2463 negare
2347 2399 2454 2449 non
2482 2392 2711 2460 studuit,
2747 2391 2844 2448 sed
2871 2392 2923 2447 in
2954 2390 3247 2447 oblivionis
3279 2403 3474 2446 casum
3505 2388 3701 2459 simpli-

2115 2491 2252 2546 citer
2295 2500 2351 2547 et
2427 2491 2738 2560 ignoranter
2793 2489 3043 2548 incurrit.
3096 2487 3341 2554 Namque
3391 2499 3518 2541 sese
3578 2483 3702 2540 mori

2115 2585 2256 2640 velle
2311 2601 2431 2640 cum
2485 2584 2718 2639 Domino
2777 2585 2933 2656 plena
2997 2582 3286 2638 devotione
3349 2582 3698 2652 promiserat,

2118 2679 2328 2734 alienus
2358 2679 2426 2732 ab
2466 2678 2581 2747 ejus
2627 2677 2801 2732 videri
2847 2678 3126 2731 consortio
3153 2676 3254 2730 sub
3287 2676 3535 2746 quolibet
3562 2674 3700 2745 peri-

2119 2771 2241 2826 culo
2288 2786 2398 2846 non
2445 2769 2675 2826 ferebat.
2726 2769 3075 2824 Prremiserat
3131 2767 3279 2823 enim
3331 2768 3480 2822 inter
3523 2776 3700 2821 caetera

2119 2864 2464 2932 magniﬁcum
2488 2877 2600 2917 sua:
2630 2861 2966 2917 credulitatis
3007 2861 3346 2929 exemplum,
3370 2859 3517 2928 quod
3542 2873 3657 2914 eum
3676 2873 3700 2912 a

2121 2953 2336 3010 Christo
2371 2969 2472 3009 nec
2514 2954 2694 3011 exitus
2737 2964 2924 3026 posset
2985 2965 3275 3024 segregare
3329 2951 3606 3017 formido,
3643 2950 3700 3006 ad

2123 3063 2282 3118 quem
2319 3047 2494 3102 media
2549 3045 2860 3102 festinando
2898 3061 2993 3116 per
3034 3043 3226 3114 mar‘ia,
3259 3045 3484 3115 rapidos
3513 3042 3700 3099 dudum

2125 3140 2486 3209 prmcipitavit
2517 3139 2569 3193 in
2596 3137 2812 3205 fluctus,
2847 3137 2987 3192 nulla
3017 3136 3211 3192 vicina:
3257 3139 3454 3192 mortis
3484 3133 3701 3200 trepida-

2129 3232 2273 3297 tione
2301 3231 2616 3286 deterritus.

2195 3322 2406 3380 interea
2439 3325 2578 3392 dies,
2638 3340 2841 3379 novum
2861 3325 3042 3380 visura
3085 3322 3375 3391 flagitium,
3429 3319 3698 3376 nocturnis

2117 3418 2375 3474 ‘mcestior
2405 3417 2612 3472 umbris
2645 3417 2842 3481 illuxit,
2871 3431 2991 3486 qua:
3016 3415 3367 3470 tenebrarum
3397 3421 3603 3468 remota
3629 3425 3705 3465 ca-

2131 3511 2298 3581 ligine
2331 3510 2544 3567 Hebraei
2576 3519 2751 3567 cretus
2785 3508 3007 3565 infanda
3036 3509 3309 3565 reserabat
3341 3507 3506 3578 vulgo
3544 3505 3705 3562 consi-

2132 3603 2229 3658 lia.
2253 3604 2407 3659 Tunc
2435 3601 2602 3658 Judas
2629 3643 2644 3669 ,
2677 3603 2841 3658 draco
2870 3604 3224 3668 novissimus,
3248 3611 3303 3656 et
3329 3601 3502 3672 priori
3524 3599 3706 3655 similis

2130 3695 2404 3752 homicida
2430 3696 2679 3752 venefico
2711 3696 2861 3764 (nam
2883 3699 3027 3751 sicut
3085 3695 3201 3760 ille,
3225 3693 3402 3749 Adam
3433 3693 3554 3748 vitae
3593 3692 3708 3747 sub-

2136 3785 2336 3853 tracto,
2369 3790 2448 3843 sic
2474 3799 2526 3844 et
2554 3789 2677 3858 iste,
2709 3787 2932 3843 Christo
2965 3786 3130 3843 morti
3181 3785 3518 3854 contradito,
3555 3800 3707 3856 gene-

2138 3879 2366 3936 rationis
2407 3879 2660 3935 humanae
2717 3881 2889 3940 tactus
2919 3890 3006 3934 est
3054 3877 3432 3950 persecutor),
3466 3877 3530 3932 ad
3571 3875 3708 3932 Pilati

2138 3972 2429 4028 Dominum
2485 3973 2829 4045 conspiciens
2859 3972 3055 4028 deduci
3103 3972 3445 4042 praetorium,
3497 3983 3709 4042 eumque

1936 4061 2246 4122 SCHOLIA.

511 4140 632 4196 1Ο6.
678 4139 798 4194 Vel.
855 4139 872 4191 l
925 4133 1186 4189 mendose
1232 4132 1340 4202 agit
1373 4144 1473 4199 pro
1503 4131 1596 4184 ait.
1652 4127 2026 4198 Compositum

436 4214 611 4268 adesse
662 4225 758 4279 pro
805 4203 1039 4275 simplici
1069 4221 1175 4258 esse
1201 4201 1419 4256 ab’aliis
1446 4213 1500 4257 et
1523 4201 1634 4273 jam
1659 4206 1836 4271 poetis
1866 4203 2027 4259 Citri-

435 4286 631 4340 Sliattis
662 4280 898 4350 pntiitur.

515 4356 636 4408 10$.
663 4343 896 4414 'Parrb.,
931 4345 1114 4408 Tunc;
1159 4345 1403 4401 nonnulli
1437 4344 1567 4399 editi
1605 4343 1714 4400 Ut:
1760 4344 2028 4414 plerique,

441 4425 548 4489 Et;
587 4425 731 4478 licus
767 4421 828 4474 Et
860 4419 1044 4489 cecinit
1074 4418 1269 4485 gallus,
1296 4417 1522 4470 inverso
1552 4417 1763 4489 ordine.

513 4486 637 4548 109.
685 4494 738 4546 In
771 4493 902 4552 Reg.
935 4491 982 4549 t,
1013 4488 1198 4543 Oltub.
1237 4490 1288 4547 -t.
1328 4489 1466 4539 Vati.
1506 4489 1555 4546 t.
1585 4488 1639 4552 2,
1669 4486 1803 4539 Rom
1838 4529 1852 4552 ,
1884 4487 2029 4550 Meo,

2139 4153 2193 4192 se
2215 4139 2559 4209 suspendisse.
2598 4139 2696 4193 Ms.
2731 4136 2935 4193 Bartbii
2963 4137 3229 4191 nocturnis
3260 4135 3703 4209 ntwgtioriumltris.

2139 4209 2279 4277 quod
2308 4206 2526 4279 praefert
2554 4209 2839 4273 Barthius,
2872 4218 2926 4262 et
2963 4224 3083 4263 cum
3113 4223 3198 4269 eo.
3233 4207 3322 4263 ed.
3355 4206 3639 4276 Lipsiensis
3661 4217 3706 4259 et

2138 4294 2322 4348 prosa,
2350 4279 2676 4335 Arntzenius
2703 4291 2756 4334 et
2782 4281 3090 4335 Grunerus.
3127 4279 3322 4335 Verum
3352 4281 3564 4333 etmnsi
3591 4291 3702 4331 eon-

2141 4351 2336 4404 cedere
2385 4349 2638 4416 velimus,
2667 4354 2836 4420 magis
2863 4351 3130 4418 poeticum
3161 4364 3284 4404 esse
3315 4350 3576 4403 nocturnis
3596 4363 3706 4420 tme-

2142 4422 2270 4474 stior
2291 4422 2517 4489 umbris,
2553 4432 2730 4477 tamen
2760 4417 2882 4476 cum
2915 4423 3085 4476 nostri
3111 4436 3303 4476 omnes
3335 4429 3546 4475 veteres
3575 4417 3701 4481 libri,

2143 4493 2305 4546 etiam
2341 4497 2499 4560 Ang.,
2532 4491 2680 4557 Διὶ»,
2705 4501 2758 4546 et
2786 4493 2874 4546 alii
2901 4493 3126 4547 aliorum
3149 4492 3442 4546 exhibeant
3471 4499 3702 4544 nocturna

442 4583 596 4623 error
625 4574 706 4619 est
736 4551 902 4616 redire
929 4603 942 4624 ,
995 4567 1141 4612 recte
1187 4559 1510 4632 emendatus
1546 4557 1604 4632 in
1631 4551 1905 4632 plerisque
1939 4572 2024 4625 per

2140 4565 2366 4618 mmstior
2388 4551 2585 4624 umbra,
2617 4551 2678 4617 id,
2705 4572 2923 4632 prie-tat
2947 4563 3182 4618 retinere
3213 4580 3227 4616 :
3259 4579 3287 4614 a
3319 4578 3425 4630 quo
3448 4576 3587 4616 certe
3607 4573 3700 4632 non

441 4639 656 4692 rediere.
711 4634 868 4687 Fabr.
915 4640 967 4685 ct
1026 4629 1299 4682 nonnullae
1345 4630 1465 4680 ali.t-
1520 4628 1818 4690 editiones,
1848 4626 2005 4682 Petro

443 4674 583 4778 quod
618 4704 846 4778 retineri
869 4701 1409 4778 pitssetuprm-sertiin
1445 4698 1662 4754 favente
1694 4674 2032 4778 prosteaJSed

443 4770 634 4832 tinums
676 4791 807 4829 mss.
839 4770 1038 4826 habent
1069 4771 1243 4836 Petri;
1276 4771 1576 4839 eodemque
1621 4770 1844 4838 respicit
1876 4786 2028 4826 men-

446 4851 572 4903 dtttn
597 4851 650 4901 in
683 4849 801 4901 Meo
834 4843 1003 4897 Patri.
1907 4843 1909 4845 ’

520 4921 640 4974 lit).
682 4922 793 4973 Utt.
834 4917 882 4978 1,
913 4914 1173 4968 damnarit
1207 4930 1348 4981 apes,
1399 4912 1536 4967 bene
1564 4912 1910 4968 emendatum
1942 4928 2036 4984 per

449 5009 641 5116 Opiit.
692 5061 806 5113 Vat.
850 5059 895 5120 i,
932 5055 1236 5128 (tu/paruit.
1269 5055 1407 5128 quo"
1435 5071 1556 5108 “'m
1584 5055 2040 5121 ³¹⁵¹’¹¹¹⁰³⁰“¹¹¹ί¹¹⁶

448 5136 701 5190 sustineri
723 5144 923 5199 [ltlS~Cl,
949 5139 999 5178 ut
1017 5128 1177 5192 'l'roja
1207 5128 1325 5196 fuit.
1345 5127 1448 5181 Sed
1470 5144 1593 5180 vera
1611 5127 1863 5180 lectincst
1887 5130 2036 5197 fugit.

523 5207 623 5258 112
692 5204 869 5266 llutn.,
911 5200 1191 5270 generaslis
1239 5199 1469 5262 amaris;
1507 5208 1658 5252 recte
1698 5208 2038 5266 correctum,

571 5293 634 5327 τι.

451 5295 642 5400 “mini-3'.
679 5345 801 5400 Ald.
822 5385 836 5409 ,
870 5343 1047 5396 Iesum
1090 5341 1304 5393 ductum
1347 5338 1414 5391 (ιιι
1462 5337 1695 5392 Pilatum
1726 5354 1742 5391 .'
1774 5348 1817 5392 et
1845 5336 2042 5392 Iudam

522 5473 546 5499 ἰ
586 5464 744 5513 Vetus
773 5457 943 5512 Codex
970 5455 1344 5527 prcrcisiqnat-it
1378 5472 1390 5504 :
1424 5454 1645 5510 Juretus
1676 5456 1917 5526 reposuit
1941 5471 2048 5527 pra:

449 5553 500 5588 5,.
539 5533 773 5598 δημιανίι,
804 5529 976 5581 Locus
1007 5525 1517 5598 estpsalntrxxuv,
1554 5541 1694 5578 vcrs.
1733 5525 1782 5579 7.
1823 5525 2046 5582 Juretus

447 5595 712 5660 adv-eiut.
748 5602 798 5654 in
849 5597 1203 5662 sequentibus
1247 5595 1425 5648 verbis
1471 5604 1790 5664 corruptum
1831 5612 1951 5652 esse
1988 5599 2043 5651 in

450 5687 553 5728 τρι,
589 5676 708 5727 Quid,
743 5669 973 5729 amiserit
1017 5683 1113 5735 pro
1153 5667 1446 5728 admiserit,
1488 5677 1692 5738 rectum
1736 5684 1862 5721 vero
1891 5672 2037 5738 juve-

453 5749 579 5797 nalis
610 5755 731 5798 (clas
764 5758 911 5794 more
941 5740 1165 5808 antiquo
1201 5751 1300 5805 pro
1324 5737 1568 5805 juvenilis
1599 5749 1742 5793 (rtus.
1780 5737 1936 5809 Stepe
1966 5740 2035 5794 ita

449 5815 687 5883 loquitur
715 5814 987 5869 Sedulius.

2139 4633 2441 4758 gbhtirrent
2476 4650 2643 4689 aures
2694 4630 2938 4704 poetica),
2989 4634 3248 4705 quidquid
3298 4645 3486 4688 comra
3527 4630 3703 4685 sentiat

2188 4715 2414 4758 .trtttus.
2624 4727 2626 4729 ’
2693 4723 2695 4726 ‘

2188 4715 2414 4760 .trlbius.
2624 4727 2626 4729 '
2693 4723 2695 4726 ‘

2215 4776 2335 4831 liti.
2367 4777 2557 4844 Vat.l,
2591 4776 2750 4830 Pilati
2782 4779 2964 4830 muenia
2991 4791 3009 4829 :
3034 4774 3377 4830 desideratur
3398 4775 3483 4827 ad.
3511 4771 3696 4834 Maenia,

2142 4856 2200 4901 ut
2225 4845 2481 4902 innuatur
2498 4848 2897 4917 magnificentia
2919 4847 3112 4900 mdium
3140 4846 3320 4899 Pilati.
3345 4845 3535 4917 Putant
3553 4844 3694 4898 etiam

2144 4919 2416 4982 nonnulli,
2451 4916 2738 4974 maenia‘de
2769 4919 3021 4973 omnibus
3055 4917 3232 4982 lectis,
3258 4917 3379 4971 sive
3408 4916 3597 4970 {edibus
3617 4929 3695 4981 pu-

2144 4990 2322 5054 blicis,
2344 4992 2677 5060 privatisque
2707 4991 2854 5044 urbis
2886 4989 2987 5043 dici
3021 4995 3200 5055 pnsse.

2219 5052 2356 5115 117(
2392 5052 2672 5116 Gruncrus
2719 5071 2772 5115 et
2813 5052 3139 5115 Atntzenins
3188 5059 3440 5121 mallent,
3473 5072 3580 5112 cum
3617 5052 3689 5107 ed.

2145 5131 2320 5201 Lips.,
2354 5133 2570 5202 iniquis,
2610 5133 2754 5200 quod
2789 5133 2921 5185 mibi
2954 5131 3130 5185 minus
3171 5129 3377 5199 placet,
3411 5142 3461 5183 et
3488 5129 3690 5182 alienuut

2143 5215 2226 5255 est
2258 5220 2282 5253 τι
2317 5219 2492 5267 prosa.

2219 5274 2339 5328 118.
2394 5281 2576 5327 .-\rntz.
2613 5273 2734 5330 cod.
2771 5289 2866 5343 pro
2906 5273 3121 5326 reddens
3158 5288 3186 5326 a
3230 5288 3313 5343 pr.
3360 5286 3430 5326 ω.
3469 5268 3688 5337 linquens,

2146 5345 2291 5413 (μιυά
2316 5347 2610 5399 Arutzettio
2643 5362 2746 5399 non
2775 5345 3120 5415 displicebat.

2226 5458 2250 5494 1)
2275 5458 2489 5514 Juretus
2540 5462 2760 5530 conjicit
2796 5460 3010 5512 indu/ur
3057 5475 3154 5529 pro
3202 5459 3433 5524 indutus,
3470 5473 3573 5527 qua:
3605 5465 3685 5530 est

2153 5530 2420 5597 scriptura
2449 5526 2654 5586 codicis
2683 5547 2782 5586 ms.
2825 5530 2878 5584 in
2925 5526 3197 5586 nonnullis
3238 5526 3567 5585 Bibliothecis
3604 5526 3685 5578 i’a-

2157 5609 2292 5653 trum
2341 5602 2534 5672 legitur
2568 5604 2793 5657 indutus.
2835 5603 3023 5656 Melius
3062 5615 3311 5671 putarent
3353 5597 3681 5659 inductos,vel

2153 5671 2590 5729 inductaJP-aulo
2620 5687 2744 5730 ante
2774 5674 3155 5744 corrigendum
3180 5675 3407 5738 videtur,
3438 5683 3481 5724 ιιι
3507 5671 3571 5721 ita
3595 5682 3686 5726 ma-

2147 5754 2320 5811 neant,
2356 5744 2454 5810 vel,
2489 5755 2542 5799 ut
2568 5747 2666 5801 ista
2686 5754 2942 5800 maneant.

3397 5776 3862 6298 Λ
