3896 6358
526 465 628 520 207

1092 570 1299 626 EPIST.
1340 568 1524 623 XXIII.

980 678 1276 717 SIMNACBUS
1316 672 1616 715 IARINIAKO.

605 776 706 831 Nos
734 773 817 827 hic
846 773 900 826 in
929 773 1036 825 otio
1066 771 1403 834 rusticamur,
1430 777 1487 823 et
1516 766 1862 822 multimodis
1882 777 2092 819 autum-

534 857 697 923 ntaie
745 865 1053 919 defruimur.
1106 861 1239 916 Nam
1285 870 1563 929 postquam
1605 859 1762 912 doliis
1801 872 1935 911 nova
1972 859 2091 909 vina

534 957 915 1019 commisimus,
943 968 1061 1021 quae
1088 953 1232 1006 calce
1259 961 1314 1005 et
1349 951 1497 1019 prelo
1535 948 1750 1003 subacta
1800 950 2090 1009 ﬂuxerunt;

538 1047 755 1115 trapetis
802 1044 989 1099 teritur
1035 1042 1197 1095 bacca
1240 1039 1514 1110 Sycionia,
1566 1048 1621 1091 ut
1664 1052 1873 1106 ιιι-ωοοι
1900 1036 2012 1089 nlezt
2042 1036 2093 1088 in

1671 459 1733 524 ρ.
1768 456 2107 513 sunmus
2146 454 2575 512 svnuscnus.

2116 574 2161 628 Α
2195 567 2387 620 videris
2412 607 2426 628 ,
2472 564 2558 634 qui
2608 564 2767 618 hiemi
2800 562 2965 633 magis
2989 604 3003 626 ,
3052 578 3209 633 quant
3237 564 3399 622 cultui
3446 578 3565 638 apta
3598 569 3746 625 indui

2194 667 2366 711 menta
2397 655 2626 709 voluisti.
2661 654 2808 709 Vale.

3648 459 3753 513 ἓοὸ

2750 744 2959 799 EPIST.
2994 744 3179 799 XXVI.

2272 888 2283 898 _
2653 850 2960 889 SYIIACHUS
2991 851 3289 891 ΙΑῐιιιιιΑΝο.

2264 926 2517 990 Securus,
2546 933 2604 979 ιιι
2625 925 2796 992 video,
2837 927 3098 980 scribendi
3139 927 3206 981 ad
3235 943 3319 980 me
3342 928 3486 982 vices
3506 928 3753 998 negligis.

2196 1020 2310 1076 Scis
2337 1021 2477 1074 enim
2506 1018 2802 1088 istiusmodi
2838 1021 3047 1087 culpam
3079 1025 3194 1076 sine
3224 1021 3418 1076 talione
3455 1037 3755 1078 cessuram.

538 1153 691 1193 usum
740 1136 860 1189 olivi
905 1131 1087 1187 viridis
1136 1109 1448 1185 mulceatur.
1483 1130 1685 1183 Interea
1719 1128 1819 1181 loci
1869 1128 2096 1179 ferarum
2195 1109 2411 1176 0110588
2440 1110 2668 1164 πιίηεῑιιε
2694 1124 2812 1163 sum
2844 1124 2938 1177 1³³1⁵
2957 1111 3244 1175 Silentium.
3272 1114 3315 1166 si
3343 1127 3371 1165 ε
3405 1113 3591 1168 litteris
3623 1123 3758 1167 tem-

538 1230 725 1283 dnmos
755 1225 942 1293 indago
962 1222 1233 1288 sollicitat,
1255 1229 1309 1274 et
1336 1220 1575 1292 incertus
1590 1218 1817 1287 agricola
1848 1217 1900 1269 in
1925 1216 2096 1270 ofﬁcia

541 1323 749 1375 diversa
778 1315 1047 1372 discurrit.
1073 1314 1176 1368 Alii
1205 1311 1361 1365 scalis
1385 1309 1449 1363 ad
1475 1310 1718 1363 arborum
1747 1321 1952 1361 summa
1983 1322 2099 1373 per-

546 1420 767 1480 repunt;
807 1408 1044 1479 plerique
1080 1404 1291 1459 condita
1334 1413 1502 1456 musta
1545 1402 1821 1455 defazcant.
1849 1397 2101 1480 plunnnlli
2199 1388 2398 1435 5‘30"?"
2424 1381 2660 1449 ἀίιίεεω,
2684 1379 2773 1448 qui

546 1515 793 1571 aprorum
817 1499 976 1553 odora
1005 1497 1220 1563 vestigia
1249 1508 1437 1546 canum
1465 1490 1753 1559 sagacitate
1782 1464 2097 1556 difqnirunt.

550 1593 655 1646 Sed
685 1592 798 1645 haec
821 1589 1029 1652 omnia,
1055 1585 1101 1639 si
1130 1583 1404 1638 nobiscum
1435 1593 1640 1649 ageres,
1667 1578 1785 1645 plus
1812 1578 2101 1646 placerent.

550 1687 720 1739 Tenet
749 1691 801 1736 te
826 1679 1056 1735 eruditio
1090 1671 1613 1737 Scaevolarum,dum
1640 1669 1876 1723 forenses
1904 1666 2105 1721 tabulas

554 1772 774 1842 pervigil
813 1772 999 1825 doctor
1041 1766 1293 1821 instituis.
1342 1764 1517 1830 Quare
1544 1775 1761 1816 accurre
1800 1757 2103 1827 perniciter,

557 1876 610 1917 ut
639 1865 884 1915 feriarum
907 1856 1089 1926 requie
1114 1856 1314 1910 laboris
1334 1852 1599 1907 fastidium
1626 1859 1911 1919 tergeatur.
1943 1846 2103 1901 Certe

2199 1199 2478 1268 perasses?
2500 1199 2695 1253 Vincar
2722 1209 2895 1253 tamen
2924 1201 3231 1265 affectione,
3282 1212 3334 1255 et
3378 1202 3614 1257 delector
3665 1202 3757 1256 tali

2200 1290 2475 1346 mendacio
2500 1305 2639 1345 meo.
2666 1289 2748 1344 Ex
2775 1306 2879 1362 quo
2912 1291 3204 1360 intelligere
3248 1302 3417 1359 potes,
3442 1309 3600 1362 quam
3626 1308 3760 1347 con-

2876 1396 2926 1433 m
2968 1381 3330 1435 inconstanter
3357 1382 3573 1435 irascor.
3603 1382 3757 1437 Vale.

2728 1492 2947 1547 EPIST.
2981 1492 3195 1546 XXVII.

2659 1595 2968 1636 ειιιιιιΑοιιιιε
2996 1595 3299 1635 IARINIANO.

2278 1694 2611 1749 Desideratas
2640 1692 2767 1746 mihi
2797 1692 3003 1748 litteras
3029 1708 3154 1747 sero
3178 1693 3405 1748 hominis
3430 1694 3534 1748 mei
3563 1693 3760 1747 adven-

2206 1797 2290 1841 tus
2315 1785 2574 1848 exhibuit,
2597 1798 2714 1854 quaa
2738 1783 2894 1838 nobis
2915 1794 3121 1852 gratum
3145 1782 3427 1837 admodum
3450 1784 3634 1839 salutis
3658 1794 3763 1838 tute

2208 1875 2459 1930 indicium
2493 1874 2868 1939 prastiterunt.
2899 1875 3069 1940 Atque
3111 1872 3312 1927 utinam
3355 1871 3579 1927 facilitas
3616 1888 3763 1927 com-

554 1954 597 2006 si
628 1952 718 2005 tibi
748 1949 997 2019 ergastuli
1044 1947 1195 2000 istius
1232 1958 1383 1998 amor
1407 1952 1581 1995 tantus
1609 1948 1711 2005 est,
1744 1939 1926 1991 adesto
1956 1936 2105 2004 impi-
2136 1915 2180 1973 Β

555 2058 667 2111 ger,
696 2050 753 2095 ut
778 2039 843 2093 ad
872 2036 1151 2092 dicendum
1183 2033 1475 2102 promptior
1504 2029 1806 2084 revertaris.
1830 2026 1968 2080 Vale.

1117 2142 1330 2197 EPIST.
1371 2139 1556 2195 XXIV.

1016 2270 1320 2311 εῖιιιιιειιυε
1356 2265 1660 2307 ΙΑΒΙΝΙΛΝΟ.

630 2374 779 2443 Quod
811 2373 1034 2427 fortuna:
1064 2378 1168 2423 tua:
1195 2364 1570 2438 pollucibiliter
1597 2362 1907 2424 ﬂoruerunt,
1942 2372 2114 2413 meum

563 2470 699 2523 duco
738 2462 1107 2531 compendium
1151 2477 1163 2511 :
1206 2457 1415 2527 quando
1460 2455 1529 2509 ita
1570 2456 1831 2508 animatus
1877 2464 2011 2515 sum,
2061 2457 2118 2503 ut

563 2560 851 2613 amicorum
880 2566 1133 2624 prospera
1169 2550 1303 2605 meis
1327 2546 1747 2604 commodatibus
1772 2556 1985 2597 externa
2012 2556 2116 2593 non

564 2651 812 2703 arbitrer.
842 2645 909 2699 Et
928 2658 1114 2699 revera
1138 2650 1332 2711 quotus
1357 2640 1578 2710 quisque
1604 2636 1802 2690 homini
1832 2635 1943 2687 dies
1970 2634 2119 2687 laetus

566 2749 647 2793 cst
670 2778 687 2803 ,
736 2752 830 2792 sua
859 2744 1061 2789 tantum
1111 2731 1342 2787 secunda
1370 2728 1701 2785 numeranti?
1730 2727 1907 2780 Latius
1928 2724 2119 2793 gaudet

565 2830 655 2896 qui
688 2838 740 2882 et
770 2826 990 2880 alterius
1028 2823 1183 2876 bonis
1209 2820 1459 2889 pascitur.
1490 2818 1601 2883 Qua
1633 2831 1717 2870 me
1744 2816 1899 2894 igitur
1938 2825 2116 2882 gratu-

567 2920 765 2972 latione
813 2914 1057 2969 aﬂectum
1102 2922 1293 2981 putas,
1340 2924 1460 2963 cum
1512 2907 1603 2961 tibi
1644 2905 1877 2973 comperi
1916 2903 2123 2971 jngales

567 3013 697 3065 deos
736 3004 1185 3061 matremfamilias
1226 3000 1530 3070 copulasse,
1571 3006 1726 3065 atque
1754 3011 1817 3051 ex
1855 3010 1915 3050 ea
1957 2992 2118 3047 ﬁlium

568 3104 674 3169 jam
704 3097 1023 3165 tempestivo
1050 3092 1261 3147 dedisse
1288 3088 1583 3158 proventu?
1625 3086 1753 3138 Nam
1782 3094 1839 3138 ut
1879 3099 1919 3138 st
1940 3085 2005 3148 is,
2038 3085 2118 3137 in-

573 3189 796 3242 tervallo
842 3184 1002 3239 utaris
1030 3194 1187 3251 atque
1230 3191 1487 3234 terrarum
1530 3192 1632 3246 quo
1668 3176 1985 3239 detinemur,
2017 3188 2121 3226 non

578 3279 723 3346 prius
749 3276 1027 3342 conjugem
1058 3272 1189 3335 tibi,
1216 3284 1374 3335 quam
1411 3268 1649 3321 sobolem
1678 3265 1966 3320 accessisse
1995 3278 2126 3331 cog-

575 3368 717 3421 novi.
762 3365 965 3432 Quippe
1002 3362 1121 3416 unis
1146 3359 1335 3414 litteris
1363 3366 1419 3412 et
1446 3357 1681 3411 nuntium
1722 3354 1896 3408 ﬁliolae
1938 3366 2122 3406 recens

575 3459 751 3524 editm,
778 3464 833 3510 et
863 3452 1148 3524 nuptialem
1172 3449 1459 3518 sportulam
1486 3447 1738 3502 detulisti.
1763 3446 1889 3513 Quae
1913 3444 2125 3515 quidem

578 3554 710 3606 bona
741 3550 832 3603 tibi
854 3546 1128 3616 dispertita
1150 3543 1474 3612 temporibus
1493 3530 1817 3598 acCideruttt.
1832 3539 1926 3591 sed
1951 3553 2125 3591 meum

581 3649 761 3710 pectus
804 3640 1004 3708 pariter
1055 3638 1288 3705 ingressa
1333 3639 1475 3685 sunt.
1504 3628 1702 3683 Cedant
1748 3629 1931 3697 gaudia
1962 3628 2127 3681 divisa

578 3729 895 3800 conjunctis.
924 3725 1233 3781 UberiOrem
1263 3721 1487 3775 fructum
1524 3719 1647 3772 milti
1683 3718 1923 3785 praestitit
1957 3731 2126 3773 mora.

579 3820 691 3875 Iam
724 3833 828 3872 non
866 3830 1060 3883 queror
1098 3813 1235 3882 quod
1292 3809 1527 3878 epistola
1558 3817 1659 3860 tum
1704 3821 1839 3860 sera:
1865 3815 2007 3859 sunt.
2038 3806 2132 3859 Ju-

580 3913 750 3968 cunda
780 3907 963 3965 diluio
988 3915 1106 3971 est,
1148 3920 1267 3975 quae
1306 3902 1461 3956 simul
1506 3900 1642 3953 bona
1671 3898 1837 3968 pluria
1878 3898 2128 3952 restituit.

581 4004 727 4056 Vale.

1152 4062 1364 4116 EPIST.
1404 4061 1567 4115 XXV.

1042 4172 1346 4213 IYIIACHUS
1383 4168 1684 4210 IARINIANO.

658 4276 835 4329 Plena:
863 4282 1019 4340 atque
1063 4272 1367 4323 inveterata:
1415 4269 1549 4321 inter
1598 4278 1694 4318 nos
1721 4260 1964 4315 amicitia:
2010 4255 2139 4310 nihil

588 4364 743 4435 adjici
786 4376 945 4432 posse
974 4358 1324 4413 credideram.
1354 4355 1606 4409 Invenisti
1641 4364 1848 4413 tamen,
1888 4362 1994 4414 quo
2023 4361 2142 4413 per-

591 4458 779 4509 fectam
806 4450 1131 4521 diligentiam
1161 4450 1233 4502 tui
1259 4451 1309 4501 in
1341 4446 1601 4512 fastigium
1632 4442 1956 4497 tolleremus.
1986 4437 2140 4489 Atua-

593 4545 684 4599 hili
733 4542 874 4595 enim
924 4539 1109 4593 fiducia
1144 4537 1363 4592 Ausioni
1393 4546 1495 4589 tute
1536 4530 1814 4601 praebenda
1858 4525 2139 4588 mandasti,

594 4624 1091 4702 quat'peregrinatio
1121 4630 1341 4683 hiberna
1392 4626 1659 4695 poscebat.
1689 4622 1773 4676 Tu
1807 4633 1933 4673 vero
1978 4618 2142 4671 abun-

596 4727 727 4777 dans
756 4722 1018 4781 otnnibus,
1044 4718 1216 4772 studio
1237 4716 1393 4769 dandi
1425 4713 1664 4767 beneﬁcii
1692 4709 1993 4777 excogitasti
2023 4722 2147 4761 cauo

599 4829 707 4867 satu
754 4810 987 4883 petendi.
1028 4808 1130 4863 Sed
1173 4806 1385 4860 dedisse
1416 4813 1467 4857 te
1506 4818 1568 4855 ex
1612 4804 1708 4853 hoc
1738 4799 1990 4868 gratiam,
2019 4798 2148 4849 satis

603 4913 807 4957 constat
840 4920 853 4955 :
888 4902 1009 4969 quia
1042 4899 1156 4965 plus
1183 4897 1405 4961 accepit,
1434 4893 1501 4945 de
1527 4908 1632 4959 quo
1658 4891 1756 4943 sibi
1787 4888 1981 4957 aliquid
2018 4887 2151 4941 alte-

603 4997 710 5049 rius
738 5008 885 5045 amnr
918 4989 1165 5042 vindicat.
1192 4984 1308 5037 Uno
1336 4990 1534 5033 tantum
1563 4981 1707 5047 lapsu
1727 4978 1827 5047 (fas
1854 4980 1925 5031 sit
1949 4974 2148 5042 dicere)

604 5084 768 5137 amica
799 5078 1081 5132 vindicatio
1125 5072 1481 5135 claudicavit,
1524 5071 1663 5136 quod
1710 5064 2149 5120 remunerandum

608 5189 691 5227 me
728 5172 793 5226 de
817 5166 1041 5223 Callatia
1076 5165 1177 5231 poli
1202 5164 1360 5224 ceris,
1393 5162 1479 5214 ubi
1505 5161 1569 5211 ad
1604 5161 1826 5223 patrium
1863 5159 2155 5223 laremﬂe-

610 5263 768 5316 ueris.
799 5258 1093 5312 Noluissem
1124 5252 1472 5305 constantiam
1504 5248 1623 5301 boni
1655 5246 1775 5299 facti
1820 5249 1831 5299 i
1858 5267 1868 5296 ι
1912 5248 2022 5300 tunc
2052 5256 2156 5298 tre-

613 5353 745 5419 pida:
793 5343 1127 5401 verecundia:
1173 5344 1335 5393 verba
1380 5338 1721 5392 descendere.
1766 5336 1869 5389 Sed
1902 5347 2157 5403 praetereo

614 5443 834 5496 laudatae
874 5435 1110 5503 epistol-.2
1162 5433 1275 5484 leve
1320 5429 1599 5482 fascinum.
1649 5427 1825 5493 Neque
1879 5426 2023 5478 enim
2076 5436 2160 5475 me

618 5540 775 5585 tanta
820 5526 998 5596 gratiae
1042 5522 1291 5592 obligatio
1341 5533 1643 5572 sermonum
1677 5517 2012 5583 interpretem
2044 5526 2161 5566 esse

2174 4586 2221 4644 D

2747 2070 2959 2125 EPIST.
3000 2069 3236 2125 XXVIII.

2671 2177 2727 2216 ει
2736 2180 2767 2216 Ι
2776 2176 2976 2216 IACBUS
3012 2177 3314 2217 ILNNIANO.

2284 2276 2615 2344 Exspectate
2642 2272 2772 2327 mihi
2818 2281 2923 2326 tua:
2953 2273 3141 2327 litteras
3187 2272 3547 2340 contigerunt,
3576 2272 3769 2341 quibus

2217 2365 2511 2433 promptior
2539 2363 2603 2415 ad
2646 2362 3061 2417 vicissitudinem
3092 2360 3285 2416 reddar
3313 2361 3491 2415 ofﬁcii.
3536 2360 3643 2415 Nec
3675 2364 3770 2415 mi-

2217 2454 2356 2508 reris
2389 2452 2531 2523 quod
2558 2451 2651 2506 tibi
2682 2465 2859 2506 sermo
2886 2460 3065 2506 noster
3088 2465 3211 2506 sero
3245 2450 3504 2515 tradetur,
3533 2464 3653 2504 cum
3677 2451 3772 2503 ali-

2218 2545 2341 2613 quid
2368 2545 2468 2599 sibi
2498 2544 2872 2611 occupationes
2901 2544 3189 2607 vindicent,
3230 2557 3607 2611 nonnunquam
3635 2541 3773 2595 desit

2220 2634 2461 2700 facultas,
2495 2633 2884 2689 tabellariorum
2909 2647 3118 2702 quoque
3138 2629 3453 2702 negligentia
3476 2639 3773 2699 susceptam

2220 2738 2435 2793 operam
2460 2723 2769 2793 plerumque
2796 2723 3096 2777 frusttetur.
3124 2722 3316 2777 Desine
3343 2721 3501 2789 igitur
3540 2721 3774 2773 animum

2220 2824 2457 2870 nostrum
2498 2815 2839 2884 epistolarum
2879 2813 3093 2868 seritate
3121 2814 3316 2878 metiri,
3348 2826 3466 2866 cum
3495 2811 3653 2866 rebus
3682 2826 3775 2878 po-

2223 2907 2325 2961 tius
2349 2922 2503 2977 quam
2528 2906 2705 2962 verbis
2736 2913 3005 2971 spectetur
3030 2902 3257 2958 affectio.
3295 2902 3441 2957 Vale.

2783 3012 2992 3067 eptsr.
3024 3010 3219 3065 xxnx.
3250 3089 3256 3093 Q

2675 3116 2980 3158 S‘IIACHUB
3018 3112 3323 3154 IARINIANO.

2148 3252 2193 3313 ο
2297 3219 2513 3273 Factum
2543 3214 2779 3278 nuntias,
2807 3216 2945 3279 quod
2971 3225 3066 3279 spe
3104 3219 3158 3264 et
3181 3209 3432 3277 opinione
3473 3216 3596 3262 ante
3641 3222 3779 3277 pm-

2228 3308 2374 3375 oepi.
2404 3315 2462 3360 ut
2487 3303 2582 3358 tibi
2610 3301 2893 3379 amicitiam
2924 3301 3179 3354 bonorum
3220 3298 3421 3365 primus
3468 3310 3783 3371 congressus

2228 3397 2479 3467 aperiret.
2510 3394 2745 3461 Namque
2773 3392 2871 3445 hoc
2901 3390 3052 3444 nobis
3089 3397 3140 3443 et
3168 3389 3239 3441 tui
3270 3401 3467 3453 mores,
3493 3394 3548 3439 et
3572 3384 3782 3439 illorum

2222 3487 2418 3557 judicia
2444 3484 2817 3553 promiserant.
2851 3478 3029 3533 Facile
3054 3478 3195 3532 enim
3227 3475 3458 3544 probitas
3498 3472 3676 3528 delata
3717 3471 3783 3525 ad

2226 3578 2478 3631 virtutum
2503 3574 2733 3626 arbitros
2770 3571 2962 3638 placet.
2997 3567 3186 3620 Verum
3225 3566 3323 3619 ista
3360 3565 3483 3632 pars
3511 3562 3784 3631 gaudenda

2228 3667 2357 3722 mihi
2400 3666 2595 3733 bonus,
2625 3674 2781 3729 quam
2822 3654 3281 3725 producenda'est.
3305 3652 3438 3706 Illud
3466 3650 3674 3713 mallem
3712 3650 3784 3702 la-

2229 3759 2332 3811 tius
2359 3754 2666 3823 pradicare,
2698 3751 2743 3805 si
2768 3758 3001 3818 aequaret
3024 3746 3193 3799 oratio
3219 3745 3296 3799 rei
3334 3740 3746 3811 magnitudinem
3769 3779 3785 3801 ,

2229 3847 2369 3917 quod
2392 3845 2705 3898 vestimenta
2727 3839 2791 3893 tle
2813 3840 2964 3893 nobis
2985 3838 3103 3891 usui
3130 3846 3219 3890 tuo
3238 3844 3358 3903 apta
3376 3832 3628 3887 vindicas.
3648 3831 3787 3884 Nihil

2232 3935 2332 3989 hoc
2360 3947 2541 3986 amore
2562 3931 2838 3984 sincerius.
2870 3928 3022 3982 Scias
3044 3924 3287 3979 ﬁduciam
3314 3923 3381 3977 de
3398 3918 3631 3988 simplici
3657 3918 3789 3971 all'e-

2232 4025 2408 4079 ctione
2430 4027 2754 4089 surgentem,
2790 4030 2957 4085 genus
2977 4029 3096 4069 esse
3135 4013 3363 4068 virtutis.
3408 4010 3512 4064 Sed
3540 4007 3664 4078 quid
3690 4021 3790 4074 ego

2238 4114 2359 4167 lmic
2398 4112 2604 4181 puritati
2630 4108 2842 4177 dignum
2872 4105 3143 4174 rependo?
3171 4103 3424 4160 Stetimus
3450 4099 3640 4155 ofﬁciis
3667 4097 3793 4151 reli-

2236 4203 2409 4271 gionis
2436 4200 2689 4253 hactenus
2715 4211 2890 4267 pares.
2916 4195 3063 4249 Nunc
3092 4194 3182 4248 tibi
3210 4193 3327 4246 sine
3352 4189 3683 4243 cunctatione
3702 4200 3795 4240 ce—

2239 4294 2433 4345 dimus.
2462 4293 2593 4344 Puto
2616 4290 2711 4343 tibi
2724 4288 2969 4343 sufﬁcere
2992 4285 3059 4339 ad
3083 4288 3247 4339 vicem
3277 4290 3435 4335 tanta
3456 4280 3640 4350 gratia:
3666 4278 3791 4332 victi

2242 4380 2653 4437 confessionem.
2686 4375 2829 4431 Vale.

2812 4466 3026 4522 EPIST.
3067 4462 3233 4518 XXX.

2718 4568 3025 4611 I‘IIACIUS
3051 4564 3323 4607 Αιιιιιοιιο.

2316 4649 2567 4705 Sallustio
2594 4646 2765 4702 amico
2802 4658 2922 4699 meo
2945 4643 3341 4709 multa~sponte
3369 4635 3614 4691 tribuisti.
3647 4634 3799 4689 Nunc

2247 4740 2415 4809 adiice
2430 4753 2548 4809 qua
2568 4744 2872 4807 supersunt,
2892 4742 2952 4788 ut
2971 4746 3071 4801 ego
3094 4744 3303 4801 quoque
3330 4736 3531 4798 partem
3558 4725 3799 4781 beneﬁcii

2249 4830 2468 4899 adeptus
2495 4828 2787 4883 existimer.
2814 4822 3191 4891 Supplementa
3216 4829 3391 4873 autem
3417 4815 3662 4871 desiderii
3682 4816 3801 4883 ejus

2250 4934 2279 4971 a
2304 4918 2577 4974 tabellario
2602 4914 2841 4984 epistola:
2863 4919 3229 4981 suggerentur,
3259 4923 3377 4978 qua:
3396 4907 3534 4975 ston
3555 4905 3801 4973 persequi

2252 5020 2697 5076 supervacaneum
2727 5002 2873 5055 duxi.
2904 5002 3092 5072 Aptius
3111 5007 3193 5053 est
3212 4990 3353 5052 enim
3369 4994 3595 5057 negotiis
3607 4984 3805 5047 'mutuo

2256 5097 2559 5152 intimandis
2583 5095 2725 5149 vivz‘
2743 5095 2889 5148 vocis
2908 5092 3177 5146 indicium.
3209 5088 3339 5141 Vale

2813 5221 3025 5276 EPIST.
3064 5217 3255 5271 XXXI.

2738 5322 3036 5363 SYIIACIIUS
3074 5318 3347 5359 AMBROSIO.

2332 5426 2469 5478 Itero
2500 5424 2814 5491 postulatum
2847 5433 2942 5488 pro
2983 5418 3234 5472 Sallustio
3278 5411 3451 5465 amico
3480 5400 3635 5487 meo,
3676 5418 3725 5459 et
3759 5416 3816 5459 nt

2265 5516 2377 5581 ipse
2406 5490 2741 5575 asseverasti,
2770 5525 2798 5563 a
2824 5519 2873 5562 te
2891 5522 3099 5577 quoque
3142 5508 3193 5557 in
3221 5516 3399 5556 curam
3440 5490 3817 5552 dndumsreee-
3894 5550 3896 5555 ,

618 5618 759 5673 sinit.
808 5616 912 5669 Cur
954 5623 1128 5666 autem
1177 5614 1341 5664 multa
1388 5608 1668 5675 loquimur,
1719 5619 1874 5671 parva
1920 5602 2165 5654 missuri?
2264 5617 2514 5671 pto:non
2534 5600 2673 5669 quod
2692 5606 2917 5651 metuam
2941 5611 3009 5650 ne
3030 5589 3397 5647 fortetutelam
3417 5588 3529 5654 ejus
3552 5584 3819 5639 oblivione

620 5708 902 5775 de~criptio
927 5703 1291 5758 tradendarum
1325 5700 1414 5753 tibi
1450 5699 1672 5751 vestium
1704 5696 1986 5749 secundam
2019 5698 2165 5762 pagi-

626 5816 739 5852 natn
774 5806 931 5851 tenet.
956 5794 1093 5858 Quid
1122 5793 1188 5846 de
1221 5788 1579 5842 mediocritate
1603 5799 1784 5838 etrntn
1808 5784 2026 5843 sentias,
2054 5784 2169 5849 ipse
2262 5758 2481 5848 exsequi
2508 5789 2715 5845 recepta
2742 5776 2981 5830 mandata
3001 5790 3015 5827 :
3036 5758 3134 5825 sed
3157 5770 3274 5836 quia
3300 5766 3625 5830 diligentiam
3649 5778 3823 5816 ineant
3894 5764 3896 5773 '

2262 5692 2543 5760 destituas,
2579 5704 2699 5742 cum
2732 5686 2986 5740 familiare
3014 5685 3081 5760 sit
3108 5677 3417 5733 constantia:
3464 5685 3566 5727 tua:
3596 5673 3821 5726 fideliter
