3912 6366
221 338 319 395 7'21

431 454 547 512 Heu
573 460 586 511 !
620 456 724 512 falx
749 466 897 512 torta
929 467 1166 528 patrum,
1199 467 1438 530 segetem
1466 471 1676 514 caesura
1707 475 1804 515 no-
1832 465 1885 524 Α

1481 548 1500 620 [
1527 559 1732 616 potum,

357 640 472 697 Heu
499 643 513 696 !
548 641 778 710 facinus,
807 641 974 698 Pilate
998 684 1010 706 .
1053 645 1232 700 tunml
1265 651 1396 713 quot
1421 640 1658 714 gesseris
1699 657 1806 696 uno

355 735 598 790 Crimina
624 736 850 805 judicio.
880 737 1028 806 vigili
1054 737 1098 792 si
1128 745 1309 792 mente
1339 723 1578 801 notares,

355 822 472 880 Non
504 827 864 882 solaslavisse
897 843 1104 893 manus,
1140 827 1234 883 sed
1267 842 1494 896 corpore
1519 834 1633 882 toto

210 917 319 974 160
361 919 636 974 Debueras
663 935 876 975 sacrum
908 923 1082 977 venire
1101 937 1328 990 sperare
1350 921 1670 975 lavacrumy

353 1011 598 1082 Corripis
626 1015 921 1081 insontem,
960 1016 1109 1070 sistis
1132 1017 1234 1086 sub
1265 1013 1490 1084 praeside
1519 1028 1728 1084 regem,

357 1104 522 1178 329
557 1105 834 1177 Prxponis
878 1107 1112 1162 humana
1168 1107 1312 1174 Deo;
1349 1123 1454 1178 qua
1499 1116 1673 1163 morte
1723 1115 1798 1164 ιε-

1531 1199 1722 1273 [neris,

352 1290 456 1358 Qui
481 1277 768 1348 Dominum
794 1288 1078 1351 numerosa
1105 1294 1253 1350 cruci
1285 1308 1380 1366 per
1408 1295 1627 1348 vulnera
1647 1292 1798 1365 figis?

1359 339 1642 399 CARMEN
1680 341 2059 399 PASCHALE.
2101 341 2231 400 LIB.
2264 345 2330 400 ν.

3364 340 3475 396 7Ξῖ

2121 461 2364 532 Cumque
2384 461 2539 516 datus
2568 463 2722 516 szevis
2739 462 2803 516 ad
2828 477 3036 532 poenam
3062 445 3293 517 Sanctus
3307 458 3479 514 abiret

1911 553 2014 608 165
2052 554 2328 619 Militibus,
2359 553 2520 608 vilem
2546 555 2692 608 rubri
2718 555 2818 610 sub
2841 555 3074 625 tegmine
3101 552 3246 608 cocci

2057 647 2286 701 Vestitur
2315 645 2674 716 chlamydem,
2705 649 2916 714 species
2944 655 3000 701 ut
3028 653 3220 700 cuncta
3243 647 3483 697 cruenta:

2050 739 2235 794 Mortis
2263 739 2439 807 imago
2468 740 2636 803 foret;
2666 739 2832 808 spinis
2855 739 3208 794 circumdedit
3240 735 3475 803 amplum

2047 830 2195 885 Nexa
2228 845 2424 884 corona
2454 838 2636 901 caput,
2668 833 2916 899 quoniam
2945 830 3154 898 spineta
3182 829 3446 897 benignus

2046 921 2235 976 Omnia
2260 931 2561 975 no~trorum
2590 932 2902 987 susceperat
2927 923 3014 976 ille
3043 922 3333 983 malorum;

1905 1014 2010 1070 170
2044 1013 2206 1085 330
2251 1013 2442 1082 Implet
2470 1013 2679 1067 arundo
2728 1027 2970 1078 manum,
3023 1021 3294 1080 ‘sceptrum
3338 1008 3481 1080 quod

2931 1102 3152 1173 [mobile
3174 1116 3408 1169 semper,

2044 1195 2360 1264 Invalidum,
2408 1194 2598 1266 fragile
2627 1203 2730 1259 est,
2766 1209 3017 1264 vacuum,
3055 1194 3174 1250 leve
3208 1211 3219 1244 :
3253 1204 3488 1263 moxque

2908 1295 2914 1299 ‘
3181 1283 3411 1356 [alienos

1474 1385 1487 1417 ⁵
1563 1394 1743 1463 opus
1779 1400 2162 1482 pascam).

218 1575 260 1583 ﬁ
282 1503 435 1559 Heu!
472 1518 632 1573 quam
681 1501 838 1557 triste
856 1501 1012 1557 falcis
1037 1516 1264 1557 acumen
1294 1495 1398 1568 est,
1428 1517 1546 1572 quae
1565 1514 1796 1556 messem

208 1596 458 1654 Iudaicae
487 1597 817 1668 posteritatis
845 1595 1102 1651 abscidit.
1127 1596 1370 1666 Namque
1402 1611 1588 1653 necem
1618 1595 1798 1650 Domi-

204 1689 263 1744 ui
291 1689 651 1755 postulantes,
679 1689 729 1740 in
755 1701 813 1741 se
835 1687 1251 1757 suosqnelilios,
1302 1686 1418 1756 ejus
1473 1687 1790 1757 sanguinem

203 1778 445 1849 professi
467 1788 594 1833 sunt
624 1793 967 1846 permanere,
1000 1779 1247 1834 dicentes
1279 1778 1566 1841 furialiter,
1591 1788 1646 1833 et
1681 1779 1786 1832 cla-

207 1881 462 1924 mantes:
498 1870 729 1942 Sanguis
761 1871 913 1940 hujus
935 1887 1088 1938 super
1110 1887 1221 1934 nos,
1254 1881 1300 1925 et
1345 1887 1497 1942 super
1527 1871 1663 1939 filios
1693 1885 1787 1923 no-

203 1971 360 2017 stros.
393 1962 618 2018 Omnem
669 1963 900 2018 fructum
944 1964 1024 2018 sui
1056 1964 1315 2034 germinis
1368 1963 1785 2031 damnaverunt,

206 2053 388 2111 donec
416 2056 484 2109 ab
518 2056 596 2108 eis
653 2056 768 2109 lia-c
823 2057 1031 2109 macula
1092 2056 1235 2110 illius
1276 2071 1412 2126 aqua
1450 2056 1789 2124 spiritaliter

205 2142 488 2208 abluatur,
516 2145 675 2214 cujus
705 2146 756 2198 iii
783 2146 862 2198 eis
887 2161 1050 2200 cruor
1074 2146 1346 2200 letlialitcr
1375 2141 1684 2200 dominatur
1707 2159 1794 2200 as-

205 2224 422 2303 persus.
467 2235 608 2290 Heu!
659 2237 899 2305 nequitia
949 2237 1043 2305 tui,
1087 2237 1281 2304 Pilate,
1317 2237 1596 2302 facinoris,
1631 2253 1786 2303 quam

207 2330 472 2397 patrasti!
508 2333 594 2399 qui
623 2340 699 2384 tot
723 2331 774 2384 in
806 2331 1165 2399 unojudicio,
1196 2331 1282 2385 vel
1314 2332 1492 2400 potius
1541 2330 1792 2400 pra-judi-

203 2421 298 2474 cio
342 2421 568 2476 crimina
601 2422 946 2490 commisisti,
993 2438 1113 2494 quae
1158 2423 1202 2477 si
1249 2423 1474 2492 provida
1521 2423 1790 2479 sanandus

204 2525 390 2568 mente
420 2529 797 2585 cognosceres,
821 2522 927 2569 non
969 2515 1114 2569 solas
1164 2503 1356 2570 manus
1392 2517 1660 2580 ablueres,
1696 2515 1788 2570 sed

207 2616 384 2658 totum
404 2607 604 2675 jngiter
629 2621 828 2675 corpus
855 2621 1010 2661 sacro
1038 2606 1306 2660 debueras
1345 2621 1498 2676 aquae.
1535 2607 1792 2676 spiritalis

206 2701 428 2754 lavacro
461 2700 804 2769 perfundere.
851 2699 1058 2770 Justum
1103 2700 1302 2769 injuste
1341 2699 1675 2763 diverberas,
1705 2714 1791 2752 re-

202 2807 329 2861 gem
363 2808 562 2860 praeses
592 2792 893 2849 examinas.
927 2789 1158 2844 Domino
1201 2802 1251 2846 te
1278 2805 1618 2862 praeponere,
1648 2806 1789 2844 mor-

207 2882 334 2938 talis
358 2882 541 2949 bomo,
576 2897 679 2938 non
714 2883 978 2952 trepidas.
1007 2882 1211 2949 Quibus
1242 2881 1407 2953 igitur
1434 2882 1615 2938 luendi
1661 2897 1789 2952 sup-

1908 1497 2052 1570 plicii
2074 1499 2182 1568 jam
2209 1499 2413 1554 teneris
2440 1498 2492 1554 in
2515 1498 2766 1561 vinculis.
2794 1501 2917 1569 quia
2941 1512 3228 1553 numerosa
3255 1511 3349 1566 per
3369 1494 3487 1550 vul-

1903 1606 2032 1646 nera
2075 1574 2221 1666 cruci
2275 1591 2575 1657 Dominum,
2606 1599 2870 1646 creattira:
2901 1589 3146 1659 conligis,
3187 1587 3482 1643 Cursarem-

1902 1697 2009 1752 que
2039 1686 2209 1754 magis
2248 1682 2559 1748 attendere;
2605 1698 2762 1753 quam
2796 1681 3029 1737 Cmsaris
3061 1683 3256 1737 metuis
3294 1680 3484 1736 eondi-
3562 1714 3578 1727 ι

1902 1775 2109 1830 torem?

1902 1938 1907 1943 ἱ
1961 1863 2206 1935 Cumque
2237 1865 2721 1934 militariCliristus
2744 1865 3079 1920 exsecutioni
3106 1866 3462 1935 contraditus,

1894 1961 2083 2012 mortis
2137 1959 2420 2012 sententia:
2467 1957 2794 2026 subiaceret,
2855 1959 2906 2012 in
2957 1959 3076 2028 ipso
3119 1957 3472 2014 nihilominus

1891 2051 2062 2114 cultu,
2103 2065 2261 2120 quem
2289 2051 2452 2120 regite
2493 2051 2591 2104 sub
2624 2050 2871 2119 imaginis
2918 2050 3170 2105 illusione
3198 2052 3460 2119 suscepit,

1894 2142 2073 2210 magni
2103 2142 2434 2210 gerebantur
2463 2153 2796 2196 sacramenta
2853 2143 3118 2212 mysterii.
3144 2141 3296 2210 Quod
3330 2143 3472 2198 enim

1891 2235 2158 2287 cor-ciuem
2179 2233 2472 2303 chlamydis
2503 2233 2746 2287 velamen
2777 2234 2996 2288 indutus
3020 2245 3103 2289 est
3126 2276 3140 2298 ,
3185 2242 3468 2288 cruentum

1893 2326 2092 2380 futurre
2143 2327 2332 2380 mortis
2372 2326 2785 2380 demonstrabat.
2813 2339 3112 2393 aspectum.
3153 2329 3346 2398 Spinca
3393 2330 3483 2382 ea;

1895 2420 2130 2490 putejus
2155 2435 2352 2474 corona
2408 2421 2780 2486 circumdedit,
2838 2423 3091 2492 quoniam
3133 2423 3314 2490 spinas
3361 2437 3480 2475 orn—

1895 2514 2041 2567 nium
2069 2523 2436 2580 peccatorum,
2484 2529 2604 2582 qua:
2647 2515 2940 2567 humanum
2966 2530 3133 2581 genus
3159 2513 3359 2584 passim
3397 2515 3478 2566 in-

1894 2616 2169 2666 vaserant.
2204 2608 2286 2674 pia
2319 2607 2469 2659 solus
2502 2607 2802 2660 humilitate
2837 2589 3087 2675 portavit.
3138 2606 3270 2660 Nam
3299 2606 3477 2660 datam

1896 2697 2143 2765 gestabat
2172 2698 2519 2761 arundinem,
2552 2697 2827 2750 mundano
2857 2713 3022 2766 regno
3047 2705 3317 2765 sceptrum
3353 2711 3481 2752 vero

1897 2792 2204 2854 consimile.
2239 2792 2379 2860 quod
2425 2808 2518 2860 pro
2575 2792 2869 2847 mutatione
2919 2792 3222 2862 smpissima
3269 2793 3478 2861 fragile,

1896 2899 2146 2949 vacuum,
2173 2885 2290 2938 leve
2320 2885 2582 2950 cernitur,
2608 2893 2660 2939 et
2682 2884 2967 2939 caducum.
2987 2870 3214 2955 Moxque
3235 2884 3474 2940 vestibus

1692 3019 2002 3077 SCHOLIA.

281 3135 400 3191 156.
436 3135 584 3203 Διὰ,
624 3105 803 3189 Iesum
847 3136 916 3188 ad
939 3093 1164 3206 .pwnam
1194 3136 1422 3206 ductum.
1478 3134 1628 3188 Meus
1671 3149 1792 3190 cor-
1816 3133 1861 3196 C
1897 3149 1993 3203 pro
2023 3135 2262 3190 Sanctus.

201 3217 362 3280 rupto
386 3209 519 3280 ﬂag,
549 3219 601 3261 et
623 3207 748 3280 All).
783 3206 910 3274 felix
937 3205 1031 3274 pro
1059 3208 1172 3274 falx
1199 3225 1210 3258 ;
1245 3207 1297 3258 in
1322 3205 1453 3280 Reg.
1490 3208 1511 3280 1
1553 3221 1648 3280 pro
1680 3206 1792 3280 falx

200 3275 417 3333 videtur
448 3275 614 3331 fuisse
640 3276 844 3344 fallax;
872 3293 997 3331 vera
1023 3280 1288 3342 scriptura
1322 3285 1404 3330 est
1427 3277 1554 3344 falx.
1593 3275 1786 3329 P-lrl'll.

202 3350 320 3419 falx
335 3365 508 3412 curva,
539 3350 679 3411 quod
706 3347 935 3416 eotiiecil
959 3345 1123 3402 etiam
1147 3347 1534 3402 Nebi-issensis.
1571 3345 1626 3398 In
1654 3346 1784 3415 Reg.

201 3422 228 3475 1
269 3427 522 3474 esttona
555 3435 676 3474 cum
732 3419 1037 3486 plerisque,
1068 3421 1163 3472 sed
1214 3421 1440 3472 fortasse
1470 3419 1566 3482 fuit
1615 3420 1784 3470 turba.

199 3491 262 3545 In
290 3492 470 3545 Ottob.
504 3491 527 3544 1
561 3492 737 3552 clare,
767 3489 946 3557 turba,
994 3489 1086 3542 sed
1117 3490 1259 3543 aliud
1291 3489 1418 3552 fuit,
1461 3499 1515 3542 et
1544 3489 1608 3542 ad
1641 3505 1785 3542 utar-

197 3563 382 3631 ginem
411 3571 494 3613 est
517 3604 528 3622 ,
559 3570 736 3631 torva;
769 3575 945 3628 prosa,
975 3564 1141 3624 triste,
1165 3560 1312 3630 falcis
1340 3575 1568 3612 acumen.

277 3631 397 3701 157.
419 3633 533 3685 Ott.
557 3631 607 3692 1,
639 3629 794 3701 Urb”
818 3631 989 3701 quod;
1014 3631 1130 3699 lege
1146 3629 1287 3701 quot.

276 3699 397 3756 158.
438 3702 651 3766 Arttiz.,
681 3698 935 3767 Crimine;
966 3698 1196 3769 corrige,
1229 3698 1478 3754 Crimina.

275 3772 398 3826 159.
430 3771 559 3837 Reg.
590 3773 642 3836 5,
672 3773 818 3827 ΑΜ..
848 3771 1115 3836 Nec;alii,
1150 3775 1357 3835 melius,
1392 3771 1774 3833 Non:Arnlz.,

195 3845 400 3905 solum;
434 3843 488 3898 in
515 3844 702 3906 R«-tn.,
745 3843 902 3907 solas,
947 3844 1040 3895 sed
1090 3853 1390 3896 correctum
1449 3857 1541 3907 per
1595 3842 1777 3892 solum.

196 3915 430 3967 Prmstat
455 3917 712 3977 retinere,
739 3929 858 3965 cum
889 3913 1010 3966 aliis
1040 3923 1092 3966 et
1113 3910 1302 3978 prosa,
1328 3915 1484 3966 solas.
1508 3909 1778 3977 Wopken-

197 3983 666 4046 sinseoiieiunius
699 3994 868 4051 putat,
902 3985 988 4036 sed
1008 3983 1160 4035 corde
1187 3982 1372 4045 reloio,
1407 3985 1486 4036 vel
1529 3984 1617 4036 sed
1669 3997 1784 4052 pec-

199 4063 313 4108 tore
336 4057 461 4106 loto.
509 4055 738 4108 Obstant
781 4062 991 4108 veteres
1020 4055 1137 4107 libri
1169 4065 1221 4106 et
1250 4070 1404 4116 prosa
1432 4071 1446 4114 ;
1475 4066 1646 4119 neque
1677 4063 1778 4112 8.",

196 4139 298 4178 cur
322 4126 697 4178 inciiucinnuui
715 4125 1098 4178 censeatnrsed
1117 4141 1327 4194 corpore
1343 4137 1467 4187 (0/0;
1493 4127 1657 4176 immo
1681 4125 1780 4175 lioc

199 4207 434 4263 poscunt
461 4197 812 4262 praecedentia
845 4194 965 4247 Non
990 4197 1126 4247 solas
1154 4197 1334 4247 lavisse
1363 4212 1564 4247 manus.
1741 4201 1747 4207 '

272 4265 396 4319 160.
433 4265 564 4334 Reg.
601 4267 622 4320 ί
661 4281 755 4332 pro
781 4266 834 4318 d.
863 4283 933 4328 s.,
959 4264 1092 4332 Reg.
1119 4266 1175 4331 2,
1203 4268 1347 4329 Alb.,
1387 4265 1502 4334 \lat.
1524 4265 1575 4327 2,
1605 4264 1775 4326 Meus,

195 4333 434 4390 Ottob.1
487 4332 547 4390 ei:
594 4339 955 4403 carri-etiune,
989 4350 1124 4398 tuss,
1166 4338 1338 4404 [Δρ-ιη
1388 4332 1568 4400 Cant.,
1605 4335 1773 4393 Alin.,

193 4409 411 4466 Arntz.,
440 4423 688 4476 sperare;
715 4408 802 4458 alii
837 4421 962 4458 mss.
994 4416 1047 4476 et
1093 4407 1272 4471 plures
1318 4406 1475 4465 editi,
1525 4414 1772 4476 spectare.

195 4479 339 4546 quod
367 4475 624 4546 suffragio
655 4493 752 4529 suo
777 4476 991 4530 scliedze
1020 4475 1228 4530 Poelm.
1263 4475 1578 4537 Probarunt.
1612 4475 1778 4540 Wop-

194 4543 422 4600 keitsius
449 4543 804 4601 Sttb'stitueltat
823 4549 1040 4612 spirare,
1067 4548 1206 4609 quod
1234 4546 1516 4610 Gruneru,.
1537 4557 1588 4599 et
1614 4548 1767 4599 Arul-

193 4619 356 4669 zenio
389 4632 496 4668 non
547 4618 891 4684 diSplicebat.
925 4617 1027 4668 Sed
1061 4616 1142 4669 vel
1182 4627 1496 4681 exspectare,
1547 4619 1627 4669 vel
1659 4633 1773 4687 spe-

191 4702 310 4739 rare
346 4691 540 4746 notius.
579 4688 699 4739 huic
725 4687 842 4740 lecti
870 4688 1000 4739 satis
1030 4697 1450 4752 consentaneum
1473 4695 1575 4740 est.

266 4758 391 4841 16-1.
421 4757 624 4841 Ven-1,
655 4759 819 4841 Rion...
839 4757 1110 4816 mendose,
1131 4755 1372 4841 Corporis
1400 4773 1501 4841 pro
1523 4757 1770 4841 Corripis.
1809 4753 1823 4762 ’

193 4826 412 4890 Parrh.,
441 4836 488 4880 et
518 4830 692 4890 sistis;
725 4829 810 4879 alii
837 4844 954 4880 cum
991 4841 1146 4892 prosa
1175 4826 1428 4880 omittunt
1455 4838 1522 4881 et.

270 4897 394 4952 16:5.
437 4898 558 4950 Mss.
611 4898 776 4952 uoSIri
817 4913 936 4952 cum
969 4898 1131 4962 Aug.,
1179 4898 1299 4950 cod.
1338 4898 1558 4957 Bartliii.
1603 4898 1771 4959 Alm.,

193 4970 409 5025 Arntz..
463 4970 671 5027 l’arrb..
705 4968 852 5030 Ald.,
901 4977 956 5021 et
997 4968 1114 5020 aliis
1160 4969 1488 5022 editiouibus
1515 4971 1769 5036 antiquis,

192 5036 716 5108 Prmponisfhumana
745 5055 761 5092 :
795 5039 1014 5100 Alliam,
1043 5051 1097 5090 et
1120 5039 1325 5099 vulgati
1359 5040 1526 5101 multi,
1557 5039 1774 5105 Prazpo-

195 5111 376 5176 nisque
402 5111 644 5161 huma’na.
677 5108 731 5161 Id
768 5109 982 5174 pra-fert
1010 5110 1362 5173 Arntzrnius;
1389 5111 1591 5172 nescio,
1623 5127 1721 5162 cur
1754 5128 1767 5163 :

194 5179 457 5234 Sedulius
499 5181 641 5232 enim
675 5195 821 5247 sa-pe
865 5179 1178 5246 aspiratiuni
1211 5181 1242 5230 h
1275 5181 1376 5232 vim
1421 5182 1772 5234 eonsonantis

191 5249 424 5313 tribuit,
490 5260 545 5302 ut
606 5252 780 5304 brevis
836 5250 1188 5318 praecedentis
1242 5250 1488 5303 dictionis
1546 5251 1772 5315 produci

191 5322 382 5383 possit.
417 5319 676 5373 Arntzen.
703 5335 730 5372 a
761 5336 871 5374 sec.
903 5336 998 5386 tn.,
1026 5320 1342 5389 l’arrb.,qui
1369 5329 1527 5373 morte
1549 5324 1768 5386 teneris;

188 5390 330 5460 lege,
350 5407 448 5456 qua
461 5401 640 5444 morte.
1061 5426 1067 5430 ~

264 5461 387 5514 165.
431 5460 614 5514 Ottob.
647 5462 697 5523 1,
726 5465 914 5521 crucis,
948 5472 1093 5516 recte
1138 5472 1438 5514 correctum
1471 5476 1568 5528 per
1605 5463 1766 5513 cruci.

188 5530 322 5599 Reg.
437 5533 587 5601 Διό..
620 5531 800 5596 Fabr.,
827 5540 881 5584 ct
912 5535 1126 5600 quidam
1157 5533 1246 5585 alii
1276 5533 1493 5599 vulgati,
1528 5545 1636 5598 past
1663 5532 1772 5584 rul-

187 5617 346 5722 nega;
399 5602 642 5672 plerique
685 5618 814 5656 mss.
868 5619 990 5656 cuin
1038 5604 1160 5656 aliis
1210 5605 1371 5655 editis
1429 5605 1624 5656 melius
1682 5620 1772 5672 per

191 5688 254 5722 ru
281 5688 428 5722 nera.

191 5688 428 5725 camera.

260 5740 750 5814 164._Ald._lesum
779 5744 847 5795 ad
869 5759 1068 5812 poenam
1094 5744 1324 5814 ductum.
1365 5743 1572 5797 Titulus
1615 5759 1771 5814 repe-

189 5812 337 5870 titus.
368 5812 524 5882 Urb.,
554 5811 740 5879 Rom,
770 5816 838 5866 ad
865 5831 1058 5884 poenas.
1094 5815 1214 5869 Vat.
1247 5813 1282 5866 2
1310 5823 1564 5884 corrupte
1589 5811 1767 5871 sensus

1801 4515 1856 4575 D

1885 3265 1888 3267 Α
1969 3207 2088 3279 ltili.
2133 3210 2319 3260 Arntz.
2349 3223 2468 3262 cum
2500 3207 2685 3274 Fabr.,
2715 3209 3104 3279 etqnilnisdam
3135 3209 3254 3264 aliis
3282 3210 3465 3279 editis,

1901 3277 2045 3350 rubri
2085 3281 2269 3343 uilem;
2301 3294 2431 3332 mss.
2475 3281 2642 3332 nostri
2678 3277 3045 3344 cum'Parrli"
3095 3283 3241 3346 Ald.,
3272 3293 3323 3334 et
3355 3277 3472 3350 ple?

1895 3349 2076 3416 risque
2107 3351 2459 3410 editionilius,
2493 3350 2637 3402 vilem
2660 3352 2829 3404 rubri:
2861 3353 2953 3405 sed
2983 3357 3030 3404 in
3052 3350 3201 3406 0tt.1
3235 3349 3468 3409 fortasse

1892 3416 1992 3492 fuit
2012 3417 2330 3487 chlamydem
2362 3422 2501 3472 rubri
2529 3421 2618 3472 sub
2640 3425 2854 3492 tegmine
2876 3424 3012 3476 cocci
3035 3452 3105 3462 -—
3143 3421 3365 3477 Vestitnr
3395 3429 3470 3478 υἱ·
3547 3423 3552 3427 ’

1895 3489 2012 3551 lem,
2059 3493 2198 3556 quod
2249 3493 2299 3542 in
2335 3508 2453 3545 meo
2497 3489 2810 3545 codii-e'sic
2858 3503 3051 3547 exstat.
3107 3492 3466 3561 Wopkensius

1891 3561 2024 3682 Vltgl,
2059 3562 2383 3641 coniunctim
2429 3563 2527 3630 legi
2557 3563 2871 3634 subtegmine
2895 3581 2913 3617 :
2940 3565 3188 3635 plerique
3217 3566 3462 3622 scribunt

1891 3647 1948 3682 ευ
2006 3643 2238 3682 ιρηηηηε.

1889 3643 1980 3683 suo
2006 3643 2238 3702 tegmine.

1964 3699 2084 3755 166.
2126 3702 2310 3776 Arntz.
2334 3771 2345 3776 Α
2370 3699 2612 3776 Vcs-titus.
2648 3701 2766 3776 Vat.
2806 3703 2853 3766 1,
2881 3703 2991 3756 Ott.
3029 3705 3082 3764 2.
3112 3704 3275 3776 Ang.,
3319 3707 3461 3762 Alm.

1848 3830 1853 3838 ,
1888 3776 2182 3844 speciesque
2215 3771 2349 3825 :alii
2393 3775 2582 3844 species
2626 3774 2742 3826 sine
2779 3790 2895 3844 que.
2952 3776 3119 3834 Alm..
3166 3771 3274 3829 υἰι.
3312 3779 3360 3843 1,
3405 3779 3461 3840 2.

1888 3841 2074 3900 Farina,
2105 3853 2157 3894 et
2189 3843 2425 3896 nonnulli
2461 3843 2548 3895 alii
2577 3844 2738 3904 editi,
2767 3841 2977 3897 cruenta
3012 3862 3029 3898 :
3081 3847 3130 3899 id
3166 3848 3234 3900 ita
3271 3841 3369 3902 fuit
3402 3851 3455 3903 in

1888 3912 2020 3988 Reg.
2050 3914 2096 3975 Ι,
2123 3913 2214 3965 Sed
2235 3925 2645 3988 correctunrest
2671 3929 2764 3977 per
2785 3928 3027 3978 ενυρηηε,
3056 3917 3196 3980 quod
3224 3919 3462 3988 plerique

1887 3986 2163 4060 exhibent,
2197 3983 2491 4060 et_s«_lte_d;u
2524 3983 2726 4038 Poeltn.
2750 3988 3014 4060 proliaut._
3037 3990 3108 4060 lle
3150 3983 3455 4060 chlamyde,

1886 4069 1987 4119 qua
2021 4054 2237 4107 indutus
2269 4054 2361 4106 fuit
2391 4055 2567 4114 Jesus,
2599 4070 2899 4107 set-monent
2934 4058 3090 4111 ltabni
3141 4061 3204 4110 ad
3257 4054 3464 4113 .Iuvun;

1886 4138 2009 4176 cuin
2045 4125 2078 4178 Ι.
2117 4142 2186 4186 tv,
2217 4123 2860 4179 vers.645.vilisd:citnr
2882 4126 3170 4190 :tSeduIio,
3194 4132 3458 4194 qttasialié

1885 4195 2037 4262 cujus
2054 4197 2172 4248 vilis
2196 4195 2374 4247 militis
2398 4196 2607 4262 propria
2623 4208 2805 4249 vesus.
2822 4197 3115 4250 Concilium
3132 4199 3453 4255 Toletanum

1884 4265 1925 4329 Ι,
1957 4282 2096 4318 anno
2127 4265 2250 4324 400,
2281 4281 2400 4338 ean.
2435 4266 2468 4319 8
2502 4286 2514 4318 :
2557 4267 2754 4335 Siquis
2778 4278 2889 4338 post
2931 4269 3233 4334 baptismum
3267 4273 3457 4324 milita-

1884 4338 2025 4411 uerit,
2056 4347 2104 4388 et
2131 4337 2450 4411 chlamydem
2477 4340 2764 4411 sumpserit.
2791 4349 2880 4411 aut
2905 4342 3187 4411 cingulum,
3214 4351 3319 4395 etc.
3351 4343 3450 4397 Ne-

1884 4405 2371 4483 brisseusistuiueii
2401 4421 2608 4483 censet,
2640 4407 2747 4460 dici
2776 4409 2955 4483 vilem,
2987 4405 3108 4476 quia
3140 4412 3190 4464 iu
3223 4415 3452 4483 vilipen-

1882 4476 2028 4528 ilium
2059 4477 2262 4549 Citriin
2290 4476 2546 4549 adhibita,
2591 4494 2696 4530 non
2739 4482 2881 4546 quod
2914 4483 3057 4547 parvi
3093 4485 3244 4549 pretii
3287 4476 3450 4539 esset.

1887 4549 1952 4598 At
1986 4547 2283 4600 verisimile
2309 4557 2412 4612 est,
2445 4548 2804 4617 chlamydem,
2835 4552 2886 4603 iit
2913 4547 3263 4615 vilipendiutn
3295 4554 3448 4609 adhi-

1883 4617 2068 4684 bitam,
2100 4621 2257 4670 vilem
2286 4633 2494 4682 quoque
2522 4617 2706 4679 fui~sce.
2735 4629 2788 4672 et
2815 4621 2965 4685 parvi
2994 4622 3166 4686 pretii.

1953 4689 2072 4761 16?.
2119 4688 2253 4741 Bibl.
2290 4688 2468 4761 Lugd.
2520 4689 2871 4761 circumdabit.
2905 4694 3045 4760 quod
3094 4693 3447 4761 depravatum

1878 4769 1979 4809 est.
2027 4759 2127 4811 [δι-ω
2158 4759 2384 4824 amplum
2415 4757 2665 4823 conjiciat
2703 4763 2895 4827 aliquis
2924 4757 3179 4816 ’afmum.‘
3216 4767 3309 4818 sed
3348 4765 3450 4820 Ne-

1879 4828 2165 4904 lirissensis
2190 4829 2410 4897 esponit
2447 4827 2698 4895 amplum,
2751 4832 2804 4886 lt.
2840 4847 2917 4896 e.,
2964 4833 3268 4904 honestum.
3315 4837 3449 4890 lliuc

1877 4901 2176 4968 amplitudo.

1952 4967 2072 5024 170.
2117 4969 2298 5022 Uttob.
2328 4969 2374 5041 1,
2407 4967 2572 5032 Meus,
2603 4971 2728 5040 lteg.
2760 4971 2815 5034 5,
2847 4976 3005 5041 Ang.,
3040 4974 3164 5028 Vat.
3197 4975 3250 5038 2,
3281 4987 3337 5030 ut
3368 4979 3446 5030 vi-

1877 5039 2070 5117 detur;
2102 5041 2223 5094 Ald.
2257 5040 2398 5108 quia,
2448 5041 2585 5107 quod
2618 5039 2864 5117 _l’ort:is.~e
2896 5039 3055 5117 etiam
3089 5044 3187 5100 fuit
3234 5050 3281 5099 in
3317 5048 3447 5117 Reg.

1879 5113 1928 5184 1.
1963 5110 2168 5184 in_quo
2200 5125 2343 5184 nunc
2366 5120 2443 5162 est
2489 5112 2647 5184 quod,
2683 5122 2739 5165 ut
2780 5112 2830 5164 in
2880 5116 3153 5184 plerisque.
3190 5117 3362 5170 Etiam
3396 5110 3449 5173 in

1876 5181 2045 5253 Ottal
2086 5188 2230 5246 prius
2275 5181 2374 5253 fuit
2417 5182 2570 5242 quod.
2609 5181 2738 5249 Reg.
2777 5185 2798 5235 1
2839 5199 2932 5250 pro
2961 5185 3015 5238 d.
3049 5181 3117 5253 5-,,
3154 5186 3269 5239 Vat.
3307 5189 3353 5253 ι,
3389 5198 3445 5243 (ει

1878 5252 2093 5325 plurimi
2127 5252 2346 5325 vulgati,
2380 5267 2599 5325 semper.
2635 5253 2762 5305 M~s.
2813 5257 2900 5306 alii
2954 5270 3073 5308 cum
3121 5258 3282 5325 Ang.,
3315 5252 3438 5314 cod.

1877 5319 2103 5396 Bartliii.
2135 5323 2352 5396 ἓως-ΙΙ..
2395 5318 2542 5396 Ald.)
2574 5335 2741 5384 terraz,
2792 5326 3079 5391 quodcum
3115 5318 3231 5380 ιιιεΪ
3266 5318 3447 5396 Cant.,

1874 5391 2089 5462 seuerus
2135 5391 2366 5454 Poelin.,
2406 5399 2471 5462 Aet
2498 5392 2684 5449 Prosa.
2719 5398 3010 5460 praderuut
3046 5397 3344 5462 Grunerus,
3383 5391 3439 5453 et

1873 5461 2216 5515 Arulzeuins.
2237 5460 2484 5515 Barthius
2506 5464 2806 5531 coujecerat
2830 5480 2920 5532 per
2943 5483 3013 5531 se,
3049 5467 3100 5520 lt.
3130 5484 3204 5529 e.,
3234 5460 3442 5522 sua-na-

1876 5541 2013 5586 tura.
2051 5535 2104 5586 ln
2136 5532 2246 5586 Ott.
2277 5534 2295 5583 1
2333 5545 2414 5586 est
2444 5540 2609 5599 terrae,
2642 5535 2734 5586 sed
2768 5535 2978 5590 videtur
3006 5536 3175 5597 fuisse
3218 5556 3438 5609 semper,

1873 5619 1972 5673 pro
1999 5620 2102 5669 quo
2126 5613 2229 5656 stat
2255 5618 2433 5670 prosa.

1946 5673 2162 5748 {7'11"
2194 5689 2314 5748 tneo
2355 5672 2476 5726 cod.
2517 5672 2857 5731 desideratur
2884 5679 3005 5731 leve.
3037 5676 3166 5748 Reg.
3199 5681 3253 5745 5,
3279 5679 3428 5748 ΑΜ..

1870 5761 1990 5799 mox
2013 5744 2207 5798 alienos
2231 5746 2346 5798 sine
2374 5759 2491 5814 que.
