3920 6328
418 133 516 182 7'27

549 249 662 304 Hoc
691 249 852 303 docet
883 262 984 302 una
1017 247 1168 309 ﬁdes,
1199 238 1363 298 unum
1390 253 1472 297 ter
1500 243 1681 298 dicere
1713 259 1916 313 regem.

409 342 512 398 200
621 344 792 412 llujus
826 345 876 396 in
909 340 1110 395 exuviis
1135 354 1256 392 sors
1280 339 1531 400 mittitur,
1555 347 1610 391 ut
1639 352 1796 392 sacra
1811 339 2000 392 vestis.

549 435 874 490 lntemerata
909 446 1154 496 manens,
1204 446 1233 484 a
1263 431 1479 486 Christo
1511 430 1743 484 schisma
1771 440 2000 485 vetaret.
2047 437 2051 442 “

627 528 766 594 Quin
799 526 957 579 etiam
991 524 1225 578 insontis
1262 523 1429 577 latere.
1457 538 1523 577 ex
1552 531 1777 591 utroque
1806 537 2005 577 eruen-

1827 615 1937 688 [tos

553 713 899 768 Constituere
928 713 1094 777 viros,
1129 712 1378 764 meritum
1412 711 1536 764 licet
1567 710 1818 766 omnibus
1844 726 2008 766 unum

553 803 668 857 Non
703 805 856 857 iaciat
891 803 1082 856 similis
1123 803 1367 868 quamvis
1417 803 1720 865 sententia;
1773 817 2009 870 namque

413 898 522 952 205
561 898 724 969 335
757 896 899 949 Inter
923 896 1206 948 earniliees
1227 904 1416 946 sancto
1449 894 1720 961 pendente
1747 895 2006 959 latrones,

558 994 662 1046 Par
693 1004 779 1046 est
814 1006 966 1060 paena
1002 992 1187 1053 trium,
1222 989 1316 1042 sed
1350 991 1534 1058 dispar
1562 1003 1722 1043 causa
1755 988 2008 1042 duorum.

563 1085 626 1137 lli
660 1085 858 1137 mundo
884 1094 1003 1136 sunt
1032 1083 1232 1150 quippe
1264 1080 1342 1134 rei
1371 1097 1465 1149 pro
1493 1080 1720 1134 crimine
1752 1079 1954 1143 multo;

562 1178 693 1228 lluie
717 1190 841 1229 reus
879 1185 963 1229 est
995 1173 1247 1236 mundus,
1285 1171 1524 1226 salvatus
1551 1172 1815 1241 snnguine
1837 1171 2006 1240 justo.

1783 125 1998 183 (Σωῌί

2142 127 2306 184 >υῐ.ιι
2547 136 2550 138 ’
3596 129 3683 184 72!

2034 249 2086 307 Α

2251 243 2647 313 Snppliciisque
2673 253 2848 299 tamen
2881 259 3059 299 rerum
3087 243 3404 298 dominator
3424 242 3479 297 in
3507 243 3633 313 ipsis

2093 337 2212 400 ,210
2249 336 2375 391 Jura
2409 337 2694 406 potestatis
2723 352 2830 392 non
2862 335 3130 407 perdidit:
3183 351 3373 407 :equns
3413 345 3689 405 utrumque

2256 430 2428 484 Judex
2464 446 2698 496 namque
2730 441 2909 498 tuens,
2939 431 3080 486 hunc
3106 431 3279 501 eligit,
3329 431 3476 485 hunc
3508 446 3689 500 repro~

3325 568 3329 572 .
3423 524 3623 596 [sane

2253 617 2550 676 Amborum
2581 619 2775 675 merita
2798 620 3062 689 praeciso
3091 619 3342 674 examine
3367 633 3623 690 pensans.

2254 711 2403 766 Unus
2434 711 2599 776 enim,
2628 725 2789 780 quem
2816 712 2918 765 vita
2949 711 3102 766 ferox
3127 727 3228 766 nec
3253 719 3430 765 morte
3456 710 3690 779 reliquit,

2254 802 2312 856 ln
2342 803 2629 858 Dominum
2659 803 2924 859 scelerata
2956 819 3178 858 movens
3211 804 3480 869 eoovicia,
3510 805 3661 857 dictis

2111 895 2216 952 2i5
2255 895 2536 952 Mordebat
2563 895 2814 967 propriis,
2848 907 2902 952 et
2936 907 3206 964 tamquam
3246 897 3455 967 seliger
3487 897 3660 952 hircos

2253 986 2360 1042 Ore
2381 1002 2656 1042 venenoso
2682 989 2846 1042 vitem
2879 987 3151 1043 lacerabat
3176 1002 3448 1042 amoenam
3474 1005 3487 1041 :

2253 1079 2426 1143 Alter,
2452 1079 2676 1134 adorato
2710 1067 2808 1149 per
2851 1081 3013 1135 verba
3049 1081 3328 1148 precantia
3358 1082 3601 1148 Christo,

2256 1170 2420 1242 336
2448 1170 2643 1226 Saucia
2675 1173 2921 1241 dejectus
2951 1172 3203 1229 ﬂeetebat
3239 1173 3470 1242 lumina,
3499 1183 3695 1229 tantum

1774 1304 1952 1360 orus
1994 1289 2379 1360 PASCHALE.

415 1437 572 1497 pata,
607 1442 727 1481 cum
761 1425 1056 1480 Christiani
1085 1423 1358 1494 dogmatis
1382 1420 1641 1476 meruerit
1664 1429 2010 1476 sacramenta

418 1520 636 1583 sortiri,
696 1522 836 1571 inter
883 1518 1155 1571 Abraham
1206 1516 1348 1569 ﬁlios
1397 1515 1589 1584 incipit
1623 1515 1714 1568 Dei
1770 1515 2012 1584 populus

2124 1434 2220 1489 pro
2243 1420 2473 1475 crimine
2495 1425 2572 1477 rei
2597 1430 2723 1477 sunt
2754 1423 2981 1477 mundo:
3002 1423 3123 1478 huic
3145 1424 3259 1495 ipse
3279 1439 3411 1480 reus
3439 1433 3524 1480 est
3549 1441 3698 1480 mun-

2119 1511 2247 1577 dus,
2273 1514 2429 1584 cujus
2457 1515 2718 1584 sanguine
2765 1514 3026 1571 liberatus
3053 1527 3134 1571 est
3163 1533 3192 1570 a
3221 1526 3472 1586 peccati).
3530 1518 3585 1573 ln
3614 1519 3700 1574 illo

415 1611 852 1680 nuncupari.Cui
877 1609 1078 1678 legitur
1102 1607 1606 1678 promisiSse,qnod
1634 1622 1756 1660 eum
1784 1606 2008 1674 laceret,
2047 1637 2090 1695 Β
2123 1617 2298 1661 tamen
2331 1607 2590 1662 Dominus
2617 1610 2856 1676 patibulo
2888 1610 3239 1675 constitutus,
3277 1611 3568 1679 potestatis
3597 1627 3700 1666 sua

416 1705 554 1758 sicut
597 1714 651 1757 et
682 1703 828 1768 fecit,
876 1708 1117 1756 Omnium
1151 1699 1392 1770 gentium
1430 1710 1661 1767 patrem.
1691 1698 1853 1753 Jesus
1881 1713 2013 1767 ergo

420 1797 600 1851 dictus
624 1806 710 1850 est
739 1796 852 1848 Rex
882 1795 1228 1856 Judreorum,
1263 1809 1369 1848 non
1396 1800 1602 1846 tantum
1637 1793 2014 1860 ιιτωδειιιὶιιῐη,

420 1893 516 1946 sed
540 1893 706 1946 etiam
738 1890 1171 1959 futurorum,qui
1194 1887 1458 1942 naturalis
1477 1888 1739 1955 germinis
1767 1887 2012 1942 inutilem

422 1985 799 2053 relinquentes
828 1985 1139 2048 horrorem,
1169 1997 1293 2034 mox
1327 1980 1382 2035 in
1411 1981 1588 2034 oieam
1618 1979 1864 2034 fecunda:
1893 1993 2016 2034 sua-

418 2076 601 2130 vitatis
634 2086 916 2145 unguento
968 2071 1148 2128 sancti
1205 2072 1524 2127 chrismatis
1578 2065 1854 2127 inserendi
1891 2085 2015 2140 per-

425 2167 554 2222 dent
581 2167 1004 2221 amaritudinem
1033 2164 1244 2219 sterilis
1270 2163 1514 2218 oleastri.
1642 2163 1648 2168 ’

500 2259 640 2328 Quin
671 2258 831 2314 etiam
863 2258 1019 2328 plebs
1050 2256 1254 2320 feralis,
1280 2264 1336 2310 et
1363 2254 1548 2320 noxia,
1583 2254 1746 2309 nullis
1774 2255 2016 2308 animum

422 2354 620 2410 satiata
651 2352 965 2422 suppliciis,
1001 2358 1260 2405 cruentos
1290 2363 1354 2402 ex
1409 2356 1635 2417 utroque
1679 2347 1848 2401 latere
1876 2346 2017 2401 circa

427 2448 718 2502 Dominum
748 2447 896 2499 viros
924 2443 1112 2498 eadem
1147 2441 1338 2496 statuit
1362 2441 1711 2494 damnatione
1751 2440 2018 2506 conlisos,

429 2550 486 2593 ut
515 2538 745 2607 injectas
774 2536 1062 2591 vulnerum
1094 2534 1280 2602 plagas
1304 2531 1492 2584 talium
1517 2530 1802 2584 acerbaret
1824 2531 2022 2599 injuria

429 2643 791 2703 personarum
815 2669 831 2694 ,
885 2629 1012 2682 licet
1043 2627 1221 2681 meriti
1256 2623 1675 2678 similitudinem
1708 2637 1812 2677 non
1862 2623 2026 2678 habet

427 2724 736 2780 similitudo
779 2722 1085 2776 sententias.
1138 2719 1284 2773 Inter
1313 2719 1552 2771 latrones
1606 2732 1840 2786 namque
1863 2717 2024 2785 'justo

431 2818 705 2886 pendente
731 2815 1020 2870 carniﬁces
1046 2825 1069 2881 ,‘
1114 2813 1274 2867 trium
1302 2811 1517 2866 videtur
1537 2825 1662 2886 esse
1709 2826 1808 2881 par
1838 2826 2020 2881 poena,

431 2881 528 2967 sed
575 2909 810 2966 duorum
855 2907 1044 2979 dispar
1070 2915 1370 2962 estcausa.
1420 2903 1502 2958 llli
1533 2881 1804 2973 siquidem
1851 2904 2024 2959 multo

2113 1699 2234 1769 jura
2285 1715 2390 1754 non
2424 1701 2690 1770 perdidit,
2727 1703 2816 1772 qui
2847 1702 2913 1757 de
2943 1703 3188 1758 Sublimis
3217 1705 3403 1758 crucis
3434 1705 3696 1771 examine,

2118 1794 2264 1848 velut
2291 1794 2360 1850 de
2384 1796 2550 1866 regali
2592 1796 2786 1851 throno
2809 1838 2823 1862 ,
2848 1794 3012 1865 judex
3045 1811 3234 1868 :equus
3263 1804 3565 1864 utrumque“
3585 1812 3698 1866 pro.

2117 1889 2373 1957 spiciens,
2407 1900 2461 1944 et
2484 1889 2768 1944 amborum
2791 1890 2982 1945 merita
3004 1891 3170 1945 divini
3197 1891 3384 1946 cordis
3413 1891 3574 1945 lance
3597 1905 3704 1958 per-

2120 1979 2386 2049 pendens,
2418 1980 2566 2036 huuc
2593 1982 2783 2051 elegit,
2807 1981 2960 2035 illum
2990 1983 3234 2052 reliquit,
3271 1999 3382 2037 non
3408 1983 3699 2053 praeterita,

2119 2090 2238 2145 qua:
2269 2075 2513 2142 luebant,
2561 2075 2701 2130 facta
2731 2075 3061 2142 discutiens,
3093 2076 3190 2131 sed
3222 2089 3528 2146 praesentes
3558 2091 3720 2131 men-.

2125 2169 2257 2222 tium
2283 2168 2634 2222 diversitates
2657 2167 2966 2223 intendens.
3001 2167 3153 2224 Unus
3183 2169 3350 2233 enim,
3378 2183 3406 2221 a
3441 2183 3550 2238 quo
3575 2167 3716 2223 feros

2125 2264 2207 2318 cis
2255 2261 2513 2315 atrocitas
2569 2261 2804 2314 instituti
2836 2275 2936 2314 nec
2964 2260 3017 2314 in
3045 2245 3363 2315 discrimine
3401 2260 3708 2328 declinavit,

2127 2353 2292 2408 stevis
2325 2353 2610 2407 Dominum
2643 2352 2919 2406 lacerabat
2951 2351 3189 2418 injuriis,
3246 2351 3408 2407 dictis
3448 2351 3710 2406 mordaci-

2128 2446 2228 2499 bus
2253 2443 2648 2507 exsecrandns,
2682 2423 2955 2514 tamquam
2985 2458 3147 2511 caper
3177 2443 3424 2498 hirsutus
3451 2442 3706 2498 venenosi

2125 2535 2305 2590 dentis
2353 2544 2553 2590 attactu
2609 2535 2817 2605 palmiti
2865 2535 3199 2588 suavissimae
3256 2535 3386 2588 vltis
3440 2533 3710 2598 inimicus,

2132 2631 2204 2684 ita
2237 2630 2559 2699 loquebatur
2589 2628 2856 2683 illudens:
2889 2628 2952 2681 Si
2978 2639 3032 2682 tu
3056 2643 3107 2682 es
3132 2624 3401 2690 Christus,
3445 2627 3648 2680 solvunt
3673 2636 3714 2680 te

2128 2722 2236 2792 fac,
2272 2729 2319 2774 et
2344 2736 2455 2773 nos.
2491 2719 2641 2773 Alius
2672 2734 2805 2773 vero
2833 2734 2930 2788 spe
2978 2719 3203 2773 meliore
3227 2717 3580 2789 modestior,
3631 2717 3716 2786 qui

2127 2814 2252 2869 dum
2281 2829 2392 2868 sua:
2417 2811 2588 2882 j‘iarcit
2614 2813 2831 2882 linguze,
2863 2813 3107 2880 pepercit
3133 2819 3186 2865 et
3218 2825 3394 2879 paenae
3421 2809 3712 2879 supplicio,

2133 2907 2460 2962 Dominum“
2486 2907 2665 2963 verbis
2698 2907 3043 2978 precantibus
3073 2897 3388 2976 alloquitur,
3421 2903 3716 2962 deﬂectens

1935 3041 2248 3100 SCllOLlA.

505 3166 629 3224 199.
664 3163 762 3218 Ter
783 3163 1032 3232 designat
1051 3159 1150 3217 SS.
1180 3159 1525 3222 Trinitatem,
1555 3172 1660 3213 non
1689 3157 1880 3228 triplex
1911 3174 2032 3230 reg-
2059 3161 2105 3224 C
2135 3161 2311 3231 glossa
2349 3162 2622 3224 sententia,
2653 3159 3070 3232 damnatrAlbn
3106 3157 3363 3232 mendose
3413 3157 3464 3212 Ν

431 3254 584 3301 num,
615 3249 668 3288 ut
696 3235 966 3289 Ceilarins
995 3232 1322 3298 suspicatur.

502 3309 630 3362 200.
663 3306 869 3359 Poelm.
897 3303 1064 3374 Super
1090 3303 1314 3357 tunicam
1334 3301 1652 3374 sortiuntur.
1684 3300 2034 3374 Dempstcrus

431 3381 499 3434 ad
548 3377 736 3431 Rosin.
791 3376 826 3428 l.
857 3371 984 3437 vut,
1019 3391 1069 3428 c.
1102 3376 1156 3437 8,
1206 3389 1259 3442 p.
1295 3371 1429 3436 840,
1464 3371 1682 3442 conjicit
1713 3371 1768 3422 in
1801 3372 2029 3440 esurias,

433 3452 575 3518 quod
609 3447 818 3501 videtur
852 3449 997 3514 prius
1027 3441 1276 3499 fuisse’in
1315 3443 1432 3495 Vat.
1463 3442 1524 3505 1;
1556 3441 1651 3496 sed
1683 3441 1822 3496 bene
1866 3453 1948 3496 eSt
1977 3442 2031 3494 in

435 3536 648 3575 esurus.

507 3591 637 3646 20L
665 3587 836 3646 Meus,
868 3595 1073 3638 necaret
1101 3600 1118 3637 :
1149 3586 1268 3654 lege
1290 3591 1503 3636 vetaret.
1555 3581 1619 3636 Hi
1650 3596 1844 3638 versus
1871 3599 2033 3654 supra

436 3663 491 3718 in
516 3675 684 3730 prasa
703 3657 955 3730 explicati
985 3665 1132 3730 sunt.

509 3721 633 3786 202.
661 3721 813 3790 Ald.,
849 3724 993 3780 Duos
1027 3727 1251 3779 latrones
1292 3723 1357 3777 ad
1389 3721 1603 3776 Domini
1629 3723 1790 3776 latera
1830 3727 2037 3794 cruciﬁ-

436 3819 551 3857 που.
586 3799 799 3859 Parrh.,
828 3795 956 3852 Cum
981 3797 1138 3851 simul
1161 3796 1288 3849 :alii
1319 3794 1455 3860 Quin
1483 3794 1654 3846 etiam.
1687 3795 1798 3849 Ott.
1836 3797 1888 3861 1,
1915 3796 2032 3849 Vat.

441 3875 497 3939 1,
529 3872 586 3933 2,
610 3870 744 3939 Reg.
775 3871 828 3927 5,
883 3868 1031 3928 Ald.,
1064 3868 1222 3939 Cant.
1243 3864 1505 3939 ,_scheda
1535 3863 1772 3939 Roeltn.,
1801 3866 2034 3919 insonti:

440 3934 956 4013 plerique'insonlis,
1009 3937 1108 4013 sed
1155 3938 1209 3991 in
1256 3935 1390 4004 Reg.
1427 3935 1452 3988 1
1497 3934 1707 3988 videtur
1731 3947 2035 4013 correctum

439 4008 540 4084 per
585 4008 796 4065 insonti.
831 4009 958 4062 ‘Pro
997 4008 1268 4062 scelerato
1311 4015 1575 4059 cruentum
1623 4008 1788 4074 poni,
1838 4023 2036 4061 novum

441 4100 548 4138 non
577 4091 680 4136 9.8L

511 4155 636 4208 205.
669 4151 726 4206 In
756 4150 912 4203 Rom.
945 4149 1182 4202 meritum
1207 4147 1441 4200 omnibus
1465 4163 1624 4198 unum
1645 4146 1794 4200 deest
1814 4147 2038 4216 aliquid,

440 4223 645 4279 Similis
671 4237 825 4276 error
863 4221 917 4273 in
948 4220 1076 4274 Urb.
1118 4221 1456 4287 meritumque
1485 4217 1746 4270 omnibus.’
1789 4217 2041 4273 Barthius

441 4309 509 4348 ex
540 4294 743 4358 optimo
770 4291 954 4344 codice
983 4289 1175 4358 allegat
1205 4289 1442 4342 meritum
1470 4304 1572 4339 non
1595 4289 1827 4343 omnibus
1855 4305 2037 4354 unum,

442 4365 586 4433 quod
613 4363 780 4416 edidit
801 4359 1148 4433 Parrhasius,
1180 4371 1233 4411 et
1263 4361 1444 4433 insun
1472 4359 1592 4433 cod.
1629 4359 1836 4411 invenit
1862 4375 1888 4433 a
1921 4375 2040 4433 δρα.

446 4421 607 4488 manu
632 4431 979 4486 Arntzenius.
1011 4429 1262 4497 Plerique
1292 4429 1405 4481 licet
1437 4430 1690 4491 omnibus,
1735 4430 1878 4497 quod
1926 4421 2039 4482 dis-

447 4506 678 4574 plicehat
709 4503 957 4557 Grunero
977 4514 1113 4574 _cn_|n
1155 4499 1414 4569 particula
1445 4501 1686 4574 quamius
1733 4499 1962 4574 repetita
1986 4516 2037 4553 ν.

447 4569 564 4640 seq.
600 4574 805 4626 Idcirco
834 4587 898 4626 es
927 4569 1013 4640 ed.
1049 4570 1197 4635 Lips.
1242 4569 1483 4633 reposuit
1509 4570 1754 4626 meritum,
1786 4571 1900 4622 licet
1932 4586 2043 4622 ont-

449 4639 600 4697 nib’us
630 4659 791 4695 unum
815 4672 885 4681 —
915 4639 1039 4693 Non
1068 4640 1243 4707 faciat,
1267 4639 1448 4692 similis
1471 4649 1636 4691 tamen
1665 4649 1739 4692 est
1766 4642 2039 4694 sententia.

447 4715 524 4769 Ita
557 4713 779 4766 omnino
801 4711 966 4766 habet
994 4725 1145 4763 mens
1174 4712 1364 4769 codex,
1396 4717 1451 4763 et
1475 4709 1611 4761 alter
1651 4709 1875 4773 Barthii,
1909 4723 1960 4763 et
1989 4712 2042 4764 in

448 4786 572 4838 aliis
601 4783 928 4837 editionibns
953 4781 1031 4834 sic
1062 4791 1300 4844 exstare,
1334 4781 1627 4846 ascriptqu
1659 4791 1775 4832 erat
1806 4781 1862 4835 in
1890 4782 2042 4834 sche-

449 4854 535 4909 dis
592 4854 930 4907 Poelmanni.
992 4851 1358 4905 Nihilominus
1416 4849 1694 4902 retinenda
1752 4861 1832 4903 est
1887 4851 2044 4903 lectio

449 4924 776 4987 communis,
829 4932 892 4976 et
926 4937 1048 4976 Ctllll
1092 4919 1430 4986 Wopkeusio
1460 4915 1776 4984 extilicanda
1805 4921 2041 4973 meritum

449 4997 565 5048 licet
597 4994 831 5048 omnibus
864 5009 1020 5044 unum
1048 5018 1118 5030 -
1146 4991 1268 5043 Non
1290 4990 1446 5060 faciat
1471 4991 1652 5043 similis
1676 4993 1904 5060 quamvis
1931 4997 2042 5043 sen-

452 5068 610 5119 tentia
644 5081 660 5118 :
695 5065 749 5116 h.
781 5079 855 5126 e.,
889 5063 1013 5116 licet
1040 5062 1301 5114 sententia
1332 5063 1675 5129 quantumvis
1714 5062 1905 5115 similis
1936 5076 2040 5113 non

450 5136 611 5189 faciat
641 5135 893 5188 omnibus
921 5149 1108 5193 unum,
1136 5133 1216 5183 vel
1242 5132 1420 5184 simile
1448 5129 1720 5183 meritum.
1775 5132 2042 5185 Prmterea

451 5205 741 5274 aliquando
788 5202 1310 5274 Latiniparticulas
1360 5201 1475 5253 licet
1513 5202 1746 5270 quamvis
1790 5203 2042 5270 jungunt,

454 5287 509 5329 ut
540 5272 847 5337 Lucretius,
881 5285 935 5326 et
963 5272 1174 5327 Cicero.
1505 5305 1508 5307 ›

524 5349 651 5400 204.
702 5344 756 5398 in
789 5345 921 5412 Reg.
958 5348 980 5398 1
1040 5343 1232 5396 similes
1276 5352 1581 5395 correctum
1618 5356 1714 5410 per
1738 5342 1944 5410 similis,
1995 5351 2049 5396 et

529 5470 553 5496 α
595 5461 806 5513 Lacuna
842 5459 930 5513 hic
959 5470 1073 5512 erat
1105 5462 1156 5512 in
1205 5462 1377 5514 veteri
1410 5459 1630 5526 codice;
1681 5461 1937 5516 nimirum
1965 5463 2042 5516 sic

457 5529 710 5595 habebat,
769 5531 1050 5600 supplicio,
1093 5549 1151 5582 ac
1182 5531 1390 5583 Domini
1418 5531 1578 5602 uerbis
1631 5532 1933 5602 alloquitur.
1984 5532 2041 5587 In

459 5601 727 5682 plerisque
755 5603 984 5670 vulgatis
1011 5603 1283 5670 sttpplirio,
1313 5619 1373 5654 ac
1427 5600 1706 5656 Dominum
1731 5600 1895 5656 verbis
1927 5619 2040 5673 pre-

2069 4539 2122 4599 D

3468 3176 3525 3214 ec
3571 3162 3720 3216 faciat

2136 3162 2311 3231 glossa
2349 3162 2622 3224 sententia,
2653 3162 2884 3214 damnat.
2913 3162 3062 3226 Alb.,
3106 3162 3363 3214 mendose
3413 3162 3720 3285 Emeisi“

2136 3232 2366 3300 quamvis
2394 3233 2550 3302 simul
2586 3233 2857 3285 sententia.
2892 3230 3142 3286 Barthius
3169 3245 3236 3302 ex
3274 3230 3447 3302 altera
3591 3271 3603 3283 .
3629 3248 3722 3302 op-

2139 3305 2270 3354 timo
2289 3303 2436 3365 ciunt,
2477 3301 2585 3356 Hos
2606 3304 2763 3372 faciat
2791 3302 2991 3372 similes
3007 3318 3025 3366 ;
3051 3317 3116 3372 es
3148 3300 3347 3372 altero,
3383 3300 3505 3354 Non
3537 3300 3714 3372 faciat,

2135 3374 2316 3425 similis
2345 3360 2511 3426 tamen
2543 3360 2617 3425 esi
2646 3374 2916 3426 sententia.
2969 3360 3186 3438 Parrh.,
3220 3360 3493 3496 H‘os'rfacit
3519 3360 3721 3437 animi;

2138 3443 2228 3495 les.
2258 3444 2373 3496 Vet.
2409 3446 2458 3496 1.
2485 3444 2652 3496 Μηη..
2679 3442 2790 3496 Hos
2817 3443 2969 3496 faciat
2993 3441 3202 3496 similes.
3227 3444 3342 3496 Con
3366 3459 3429 3496 er
3452 3459 3570 3496 var.
3601 3446 3721 3496 lect.

2138 3443 2228 3495 les.
2258 3444 2373 3498 Vet.
2409 3446 2458 3503 1.
2485 3444 2652 3510 Mnn.,
2679 3442 2790 3497 Hos
2816 3443 2969 3514 faciat
2993 3441 3202 3496 similes.
3227 3441 3429 3497 Confer
3452 3459 3570 3498 var.
3601 3446 3723 3499 lect.

2137 3528 2278 3566 vers.
2312 3517 2520 3582 prmced
2532 3558 2544 3571 .
2563 3547 2569 3553 -
3423 3578 3431 3583 ι

2206 3585 2332 3639 206.
2381 3588 2563 3638 Arntz.
2599 3585 2758 3638 tribus
2781 3599 2886 3638 non
2914 3585 3173 3656 malepro
3203 3584 3360 3637 trium
3389 3599 3408 3637 :
3439 3592 3572 3639 tunc
3622 3584 3721 3656 legi

2139 3667 2318 3723 posset
2349 3656 2563 3719 duobus,
2593 3665 2650 3708 ut
2681 3657 2876 3721 legitur
2901 3657 2952 3706 in
2979 3654 3111 3709 Urh.

2210 3725 2337 3779 208.
2371 3726 2530 3778 Rom.
2563 3725 2836 3779 salvandus
2865 3741 2882 3779 :
2907 3727 3095 3795 reliqui
3119 3725 3362 3779 salvatus.
3549 3779 3552 3784 _

2166 3822 2186 3878 .-
2209 3796 2336 3878 200.
2373 3797 2489 3878 Vat.
2519 3797 2577 3878 .1,
2631 3795 2912 3868 Suppliciis
2949 3806 3159 3861 tamen;
3183 3797 3345 3861 deest
3394 3812 3496 3868 que
3525 3797 3592 3852 ad
3614 3807 3698 3852 "ra

2141 3869 2349 3922 tionem
2377 3869 2554 3920 metri.

2174 3939 2336 4061 r2“.
2369 3936 2562 4000 Tuens,
2596 3937 2648 3991 h.
2681 3952 2758 4004 e.,
2785 3938 3022 4000 intuens,
3055 3947 3114 3990 ut
3143 3936 3280 4006 apud
3309 3937 3624 4006 Virgilium,
3672 3949 3726 4009 et

2198 4023 2295 4061 IOS.

2141 4023 2295 4061 aIIOS.

2209 4077 2336 4132 212.
2363 4078 2547 4141 Cant.,
2577 4076 2690 4132 Ott.
2723 4080 2773 4137 1.
2805 4076 2974 4142 Alb.,‘
2996 4077 3185 4130 Parrh.
3206 4119 3218 4139 ,
3247 4076 3434 4142 Fahr.,
3462 4080 3718 4142 meritum,

2141 4157 2302 4214 atque
2350 4151 2418 4201 ita
2468 4149 2628 4203 scribi
2675 4149 2866 4215 jubent
2918 4147 3130 4202 schedm
3163 4149 3496 4203 Poelmanni.
3525 4149 3725 4204 Verum

2143 4222 2410 4290 scriptura
2434 4220 2734 4272 communis
2756 4221 2955 4290 merita,
2983 4233 3105 4287 quae
3124 4221 3288 4290 etiam
3315 4221 3368 4272 in
3385 4221 3497 4278 Ott.
3530 4221 3552 4273 1
3585 4221 3728 4290 prius

2146 4289 2360 4342 videtur
2391 4289 2578 4352 fuisse,
2607 4289 2895 4344 retinenda
2924 4298 3024 4352 est,
3075 4288 3343 4355 producto
3372 4305 3403 4340 α
3455 4288 3729 4356 pomi-eum

2145 4359 2215 4412 ob
2241 4377 2302 4428 pr
2328 4360 2582 4413 dietionis
2611 4360 2910 4428 sequentis,
2943 4369 3002 4412 ut
3034 4359 3167 4412 nihil
3199 4358 3374 4412 dicam
3409 4359 3478 4414 de
3501 4374 3727 4426 caesura,

2145 4445 2264 4498 quae
2305 4433 2465 4483 etiam
2521 4430 2572 4483 id
2601 4430 2862 4484 etiieeret.
2907 4428 3058 4493 Ald.,
3089 4444 3151 4482 ea:
3185 4431 3431 4498 agmine;
3479 4433 3728 4498 emenda,

2147 4516 2398 4554 CIGMlﬂe.

2217 4568 2342 4625 215.
2376 4567 2563 4625 Arntz.
2601 4569 2748 4625 Unus
2769 4568 3067 4640 eratrlege
3096 4583 3218 4622 cum
3267 4568 3388 4622 aliis
3437 4582 3494 4626 et
3549 4587 3728 4640 prosa,

2152 4638 2299 4693 Unus
2338 4644 2488 4694 enim.
2523 4641 2576 4692 ln
2618 4641 2728 4694 Ott.
2757 4640 2814 4705 2,
2846 4639 3059 4694 videtur
3079 4654 3170 4691 nec
3194 4640 3247 4692 in
3277 4650 3441 4693 morte
3463 4660 3482 4696 :
3509 4638 3604 4698 sed
3645 4660 3730 4698 re-

2149 4721 2348 4782 pugnat
2375 4725 2603 4764 metrum
2631 4709 2838 4782 :rUrb.,
2865 4707 3048 4772 Rom.,
3073 4710 3317 4782 relinquit
3342 4727 3356 4764 ε
3381 4713 3480 4765 alii
3508 4715 3728 4782 reliquit.

2148 4778 2262 4834 Non
2295 4783 2434 4834 male
2459 4791 2542 4834 est
2591 4781 2870 4846 relinquit;
2919 4778 3217 4849 praesertim
3276 4783 3320 4832 si
3377 4778 3625 4838 imitatio
3662 4785 3733 4838 sit

2149 4850 2352 4974 [\firgilii
2385 4852 2505 4904 libr.
2525 4867 2598 4917 vr,
2624 4865 2764 4905 vers.
2798 4848 2934 4906 sui
2963 4848 3111 4904 Curre
3130 4865 3230 4903 non
3259 4853 3372 4917 ipsa
3394 4854 3450 4906 in
3475 4863 3638 4910 morte
3653 4870 3732 4908 re-

2171 4933 2410 4974 inauunn

2171 4933 2410 4988 tnquunt.

2220 4993 2345 5044 2M.
2380 4991 2515 5046 Urb.
2559 4991 2769 5061 loquens
2799 5005 2895 5058 pro
2926 4995 3152 5045 movens.

2221 5061 2345 5116 216.
2392 5063 2446 5116 In
2482 5062 2611 5130 Reg.
2645 5067 2698 5126 5,
2728 5071 2782 5115 et
2812 5063 2948 5116 Bibl.
2975 5061 3171 5130 Lugd”
3201 5063 3462 5119 mendum
3486 5066 3732 5120 estvitatn

2152 5146 2248 5200 pro
2277 5134 2446 5186 vilem.
2474 5132 2643 5204 Mens,
2675 5133 2955 5204 mordebat.
2980 5133 3121 5204 quod
3148 5134 3258 5202 jam
3288 5150 3432 5188 vers.
3454 5151 3573 5204 sup.
3603 5151 3731 5203 pra:-

2153 5204 2316 5256 cessit
2341 5220 2354 5254 :
2385 5203 2566 5256 ca-teri
2590 5202 2844 5256 lacerabat
2874 5202 3154 5274 :Barlhins
3187 5205 3224 5256 l.
3252 5219 3336 5258 uv
3356 5202 3648 5274 Adv.,'cap.
3676 5205 3731 5268 7,

2152 5274 2281 5328 citat
2309 5274 2454 5326 vitem
2483 5274 2763 5344 populatur
2792 5288 3065 5326 amoenam.
3111 5266 3258 5329 Hirci
3291 5266 3533 5330 morsum
3571 5266 3731 5332 vitent

2154 5358 2383 5398 enecare
2420 5359 2451 5398 τι
2483 5344 2665 5398 multis
2698 5346 2970 5412 proditum
3003 5354 3104 5397 est.

2152 5464 2384 5586 gentibus
2400 5466 2708 5591 qilloquitur.
2731 5466 3050 5524 Gallandius
3069 5467 3250 5524 omisit
3269 5485 3354 5538 ac,
3381 5469 3530 5543 quod
3543 5469 3730 5528 obesse

2182 5548 2333 5590 ensni
2365 5553 2413 5590 vi
2455 5549 2597 5591 etur.

2182 5548 2333 5590 ensnt
2365 5548 2597 5592 videtur.
