3920 6344
246 392 359 445 τ”5

387 508 524 561 Cum
558 514 772 577 peteret
802 506 1015 573 sitiens,
1053 520 1190 559 unus
1217 504 1284 559 de
1317 504 1472 573 plebe
1496 502 1728 559 nefanda

237 601 352 657 253
392 599 658 656 Peniculo
682 598 921 653 infusum
951 599 1161 653 calamo
1191 598 1436 667 porrexit
1460 606 1695 652 acetum.

395 690 761 746 Mamzeribus
790 690 1007 759 papulis
1040 690 1091 743 in
1124 688 1396 743 deteriora
1430 687 1628 742 volutis

392 781 745 838 Conveniens
775 782 951 852 liquor
980 780 1071 835 ille
1103 779 1202 834 fuit
1236 797 1248 833 :
1283 796 1402 833 nam
1435 778 1616 834 dulcia
1643 779 1768 833 vina

393 874 544 929 Sicut
573 874 626 927 in
652 872 984 928 horrendum
1015 872 1142 927 dum
1173 880 1569 928 convertuntur
1598 881 1831 939 acetum,

394 968 431 1019 A
467 964 673 1021 mensis
700 962 938 1034 projecta
962 966 1145 1033 jaceat
1178 982 1191 1018 :
1228 965 1296 1018 ita
1325 974 1569 1034 tempore
1596 963 1781 1033 prisco

232 1057 349 1115 260
386 1056 533 1113 Gens
562 1067 782 1125 accepta
810 1056 943 1120 Deo,
975 1071 1119 1121 nunc
1146 1066 1229 1110 est
1259 1056 1442 1110 (ldiltSd
1470 1070 1729 1125 propago.

461 1149 601 1219 Ergo
651 1146 743 1202 ubi
794 1158 984 1205 cuncta
1032 1149 1161 1204 buni
1206 1148 1475 1220 completa
1524 1159 1608 1203 est
1653 1149 1831 1219 passio

1495 1239 1756 1311 [Clitisti,

389 1333 546 1408 35.1
594 1333 715 1404 Ipse
767 1333 999 1390 animam
1061 1333 1280 1405 proprio
1341 1333 1546 1389 dimisit
1601 1348 1831 1404 corpore

1466 1424 1726 1498 [sanctam
1746 1466 1759 1490 ,

388 1519 509 1593 Ipse
566 1517 759 1575 iterum
814 1527 1132 1590 sumpturus
1190 1533 1352 1587 eam,
1407 1520 1528 1591 quia
1587 1528 1833 1575 mortuus

1570 1610 1757 1683 [idcm,

1385 388 1668 444 CARMEN
1710 386 2098 449 l’ASClIALE-
2144 388 2278 445 LIB.
2323 389 2387 445 ν.

1868 508 1918 573 Α

3422 394 3525 449 754

2090 503 2235 560 idem
2261 504 2413 560 vivus
2435 513 2571 570 erat,
2604 505 2862 560 membris
2891 506 3216 561 obeuntilus
3245 508 3297 562 in
3321 521 3401 572 se,

1944 594 2051 649 265
2087 593 2203 649 Non
2232 594 2465 663 abeunte
2495 595 2630 657 Deo,
2659 596 2814 665 cujus
2840 599 3037 652 virtute
3067 607 3368 653 retrorsum

2084 689 2315 745 Inferna:
2345 700 2569 762 patuere
2601 693 2723 761 vite,
2754 694 3036 764 ruptaque
3057 694 3317 751 fatiscunt

2086 785 2267 845 Divisa
2295 801 2556 855 compage
2578 799 2764 856 pen-se,
2790 789 3027 843 rediviva
3048 789 3322 858 jacentum

2090 881 2333 948 Corpora
2361 890 2671 934 sanctorum
2699 880 2883 936 fractis
2912 880 3097 936 abiere
3126 883 3415 949 sepulcris,

2057 994 2061 998 ι
2088 970 2143 1025 In
2171 971 2383 1026 cineres
2409 972 2650 1026 animata
2677 986 2838 1038 suos;
2868 972 3159 1044 subitoque
3191 972 3407 1044 fragore

1936 1060 2041 1116 270
2083 1060 2220 1117 lllud
2251 1078 2423 1119 ovans
2446 1065 2742 1131 templum,
2772 1063 2994 1134 majoris
3019 1065 3253 1120 culmina
3284 1068 3470 1137 templi

2080 1154 2446 1209 Proculmisse
2476 1156 2690 1221 videns,
2715 1156 2821 1210 ritu
2850 1156 3160 1226 plangentis
3186 1158 3416 1224 alumni,

2080 1246 2272 1302 Saucia
2296 1247 2529 1303 discisso
2557 1248 2781 1303 nudavit
2813 1256 3031 1318 pectora
3061 1250 3203 1317 Vcio,

2079 1338 2341 1393 Interiora
2365 1340 2447 1393 sui
2474 1340 2687 1409 pupulis
2707 1355 2905 1396 arcana
2934 1341 3131 1395 futuris

2086 1429 2246 1504 342
2283 1430 2400 1486 iam
2426 1431 2720 1489 reseranda
2752 1432 2976 1498 docens,
3003 1433 3126 1505 quia
3148 1434 3238 1492 lex
3261 1436 3529 1493 velamine

3263 1528 3454 1602 [Moysi

1938 1616 2043 1671 9.73
2082 1617 2243 1673 Tecta
2268 1617 2361 1675 diu
2385 1659 2398 1687 ,
2421 1617 2642 1675 Christo
2667 1620 2833 1677 nobis
2862 1621 3136 1687 veniente,
3167 1623 3415 1693 patescit.

1584 1750 1763 1808 OI’US
1803 1752 2186 1810 PASCIIALE.

232 1856 459 1905 verunt.
480 1845 524 1902 Ο
554 1846 706 1915 signa
739 1850 815 1898 tot
855 1842 1141 1913 praesentis
1177 1848 1353 1897 metus
1381 1839 1617 1895 inaudita
1648 1842 1831 1911 prodi-
1867 1848 1907 1906 Β
1939 1862 2120 1900 meam.
2158 1848 2357 1902 lterum
2389 1851 2643 1915 accipiam
2668 1868 2797 1915 eam,
2833 1860 2879 1903 et
2904 1860 3205 1921 potestatem
3237 1853 3396 1907 habeo
3422 1855 3515 1907 ite-

234 1944 327 2014 gia
346 1943 360 1995 ἓ
380 1940 519 2009 Quin
550 1941 769 2009 insuper
786 1953 907 1994 cum
934 1950 1117 2010 potum
1142 1939 1333 1993 sitiens
1350 1938 1667 2006 postularet,
1691 1955 1833 1994 unus

237 2038 313 2092 de
342 2037 500 2107 plebe
529 2035 827 2089 suavissima
854 2035 1131 2103 spongiam
1158 2033 1363 2087 calamo
1398 2034 1600 2097 nexuit,
1626 2044 1677 2087 et
1709 2050 1833 2089 ace-

242 2140 360 2185 tum
392 2129 508 2198 ejus
536 2129 617 2182 ori
651 2128 908 2197 porrexit.
937 2126 981 2181 0
1011 2142 1169 2196 quam
1196 2126 1503 2181 Judarornm
1536 2128 1710 2181 menti
1733 2143 1829 2181 ne-

235 2224 517 2291 quissima:
548 2222 724 2291 liquor
753 2218 858 2274 fuit
898 2219 989 2273 ille
1020 2220 1388 2273 conveniens!
1440 2219 1529 2287 qui
1560 2218 1829 2273 deteriora

236 2318 441 2381 secuti,
492 2315 574 2370 vel
622 2315 833 2369 inlirtna
878 2327 973 2383 pro
1020 2314 1173 2383 cnlpa
1216 2312 1427 2368 scilicet
1472 2312 1828 2377 inﬁdelitatis,

238 2410 525 2465 llanzercs
556 2416 581 2444 ⁸
604 2414 729 2462 sunt
744 2408 954 2461 vocati:
990 2410 1131 2459 sicut
1157 2407 1278 2461 vina
1328 2406 1535 2471 suavia,
1563 2398 1683 2459 cum
1713 2404 1829 2460 fue-

238 2505 353 2559 rint
378 2504 427 2556 in
459 2511 670 2558 acetum
703 2502 861 2559 triste
890 2514 1153 2555 conversa
1188 2542 1203 2567 ,
1225 2500 1435 2555 cunctis
1465 2515 1493 2552 a
1524 2514 1828 2553 mensarum

243 2597 458 2666 populis
487 2597 703 2666 repulsa
726 2596 1027 2671 jactantur,
1052 2596 1118 2649 ita
1143 2610 1275 2664 gens
1300 2596 1398 2650 ista
1430 2594 1632 2658 feralis,
1653 2604 1707 2649 et
1733 2595 1831 2649 im-

243 2689 352 2756 pia,
381 2701 502 2755 qua:
526 2688 718 2755 priscis
742 2686 1074 2753 temporibus
1096 2686 1207 2741 Deo
1234 2686 1527 2756 placuerat,
1556 2701 1697 2740 nunc
1715 2684 1831 2739 odi-
1854 2689 1866 2699 '

239 2776 390 2841 bilis,
421 2792 483 2831 ac
509 2778 673 2831 nimis
700 2786 784 2833 est
815 2778 1169 2832 exsecranda.
1318 2840 1325 2847 ἱ

323 2869 391 2925 Ut
410 2886 548 2945 ergo
577 2871 752 2926 beatze
784 2872 1043 2927 Dominus
1070 2872 1251 2928 omnia
1278 2872 1542 2941 passionis
1565 2872 1825 2940 implevit,

244 2962 478 3015 animam
506 2963 752 3031 protinus
783 2979 932 3016 suam
958 2974 1143 3019 sancto
1166 2965 1232 3017 de
1254 2978 1481 3032 corpore
1502 2964 1689 3017 volens
1714 2965 1828 3033 ipso

244 3054 516 3119 deposuit,
565 3069 681 3107 eam
710 3055 1014 3110 voluntarie
1040 3054 1157 3123 ipse
1184 3069 1371 3111 rursus
1402 3065 1733 3124 sumpturus,
1772 3063 1827 3107 ut

240 3131 388 3212 fecit,
426 3147 675 3216 quoniam
710 3158 951 3205 mortuus
981 3149 1194 3218 quidem
1224 3148 1413 3211 fuerat,
1465 3150 1557 3204 sed
1585 3149 1823 3213 vivebat,

1937 1957 2048 2005 rum
2077 1942 2369 2007 accipiendi
2414 1959 2546 1996 eam.
2595 1942 2711 1996 Hoc
2743 1943 3043 1997 mandatum
3074 1946 3249 2013 accepi
3280 1963 3310 1998 a
3353 1959 3518 2017 patre.

1935 2035 2064 2100 Quis
2098 2036 2281 2103 itaque
2306 2037 2470 2105 possit
2499 2037 2765 2102 dubitare,
2798 2037 2876 2091 vel
2900 2052 3007 2091 non
3034 2038 3218 2092 antliat
3245 2054 3392 2107 enm,
3429 2041 3513 2096 cui

1936 2141 2089 2179 suam
2141 2142 2343 2193 ponere
2371 2128 2517 2181 licuit
2548 2128 2808 2191 animam,
2856 2142 2977 2181 cum
3028 2129 3240 2193 liberet,
3275 2132 3517 2199 potuisse

1939 2238 2156 2291 quoque
2182 2236 2483 2287 resumere,
2510 2236 2629 2275 cum
2662 2221 2925 2291 placeret,
2948 2230 3001 2276 et
3021 2224 3156 2277 hanc
3182 2224 3233 2278 in
3260 2239 3379 2279 sese
3408 2240 3522 2280 ma-

1935 2316 2015 2382 gis
2044 2314 2257 2380 aperari
2294 2314 2573 2378 virtutem,
2614 2330 2773 2379 quam
2809 2314 3059 2383 dignatus
3087 2324 3168 2370 est
3196 2315 3246 2369 in
3278 2317 3524 2385 plurimis

1933 2406 2351 2461 demonstrare?
2414 2406 2746 2460 lteserantur
2827 2408 2969 2460 tores
3036 2422 3164 2462 ecce
3232 2417 3515 2479 tartareae,

1934 2500 2151 2555 Christo
2192 2502 2461 2561 veniente,
2509 2500 2758 2570 dejectio,
2792 2509 2939 2569 patet
2967 2501 3171 2554 inferna
3224 2512 3370 2555 retro
3409 2503 3521 2573 jam

1932 2593 2143 2655 semita,
2199 2602 2523 2661 rumpuntur
2551 2607 2701 2656 saxa,
2758 2592 2976 2647 lintlitur
3006 2602 3181 2659 terra,
3230 2592 3523 2650 vacuantur

1932 2686 2180 2753 sepulcra
2206 2685 2551 2753 corporibus,
2576 2684 2851 2739 reviviscit
2881 2684 3068 2748 turba;
3102 2695 3151 2739 et
3176 2700 3240 2738 ne
3264 2684 3398 2740 lides
3421 2687 3516 2743 de-

1932 2777 2147 2832 fecisset
2168 2777 2221 2830 in
2244 2776 2505 2842 credulis,
2553 2779 2863 2846 agnoscitur
2896 2779 3292 2845 resurgentium
3327 2778 3508 2832 multi—

1935 2869 2081 2922 tudo.
2114 2869 2265 2922 Tunc
2292 2868 2424 2923 illud
2450 2885 2665 2939 quoque
2690 2870 2948 2939 templum
2996 2869 3269 2936 mirabile,
3296 2872 3514 2940 plenum

1932 2961 2212 3029 religionis
2245 2963 2500 3030 antiquae,
2551 2961 2773 3030 majoris
2829 2963 3013 3030 templi
3043 2962 3275 3016 culmina
3321 2961 3516 3019 bccci-

1932 3056 2075 3109 dissc
2106 3055 2451 3124 conspiciens
2478 3094 2491 3119 ,
2552 3055 2699 3109 velut
2729 3057 2978 3110 alumnus
3017 3058 3205 3118 tristis.
3259 3067 3313 3111 et
3364 3059 3517 3128 inge-

1934 3162 2106 3211 mens,
2137 3147 2409 3215 proprium
2434 3146 2659 3201 dellerat
2680 3156 2975 3202 auctorem.
3008 3149 3242 3203 Discisso
3265 3151 3507 3218 protinus

247 3239 508 3292 membris
533 3239 879 3307 abeuntibus,
933 3255 1039 3294 non
1068 3241 1351 3296 divinitate
1375 3240 1681 3295 defunctus.
1710 3240 1825 3295 An-
1856 3233 1901 3297 Ο
1938 3238 2058 3291 velo
2084 3238 2283 3292 nudum
2312 3239 2524 3293 cunctis
2572 3248 2754 3308 pet-tus
2786 3240 3043 3303 ostendit,
3093 3242 3346 3296 interiora
3370 3245 3517 3297 scili-

243 3329 455 3388 diamus
486 3348 551 3385 ex
582 3332 697 3402 ejus
730 3348 981 3400 persona,
1042 3333 1281 3390 Joannes
1309 3334 1648 3405 Evangelista
1697 3335 1825 3404 quid

241 3424 477 3478 referat:
512 3427 587 3479 ait
616 3427 756 3479 enim
788 3427 1048 3481 Dominus
1079 3426 1144 3481 ad
1176 3427 1478 3496 discipulos
1500 3440 1655 3480 Snus:
1692 3425 1828 3479 Pra—

241 3525 354 3586 pter
396 3516 495 3569 hac
551 3532 630 3570 me
685 3516 843 3571 Pater
869 3517 1057 3590 diligit,
1096 3518 1233 3583 quod
1280 3534 1371 3588 ego
1422 3534 1554 3589 pono
1607 3503 1830 3572 animum

1934 3341 2017 3385 Cet
2042 3332 2320 3385 evidenter
2347 3346 2542 3399 arcana
2576 3333 2827 3401 gentibus
2854 3332 3145 3387 reseranda
3173 3335 3508 3404 signiﬁcans,

1935 3441 1983 3478 et
2010 3425 2224 3494 populis
2249 3424 2484 3478 fideliter
2508 3423 2782 3479 all‘nturis:
2809 3410 3199 3494 quoniant‘lcx,
3253 3442 3369 3496 qua!
3413 3430 3514 3482 sub

1943 3518 2107 3586 Moysi
2140 3515 2402 3570 velamine
2432 3516 2521 3570 diu
2572 3525 2709 3571 tecta
2760 3518 3077 3586 permansit,
3112 3516 3329 3572 Christo
3360 3521 3518 3574 nobis

1721 3661 2037 3717 SCHOLIA.

311 3758 436 3813 255.
473 3754 730 3811 Nonnulli
764 3756 1011 3812 scribunt
1058 3756 1384 3821 Penniculo;
1414 3755 1524 3813 alii.
1563 3756 1829 3811 Peniculo.

310 3829 435 3884 256.
482 3826 730 3897 Plerique
772 3831 941 3881 nostri
1000 3844 1130 3883 mss.
1184 3830 1429 3883 scribunt
1479 3827 1827 3881 Mauri-ibus.

238 3897 533 3964 Nonnulli,
566 3896 936 3965 Marmeribus,
972 3908 1064 3953 aut
1097 3899 1420 3953 Manceribns
1447 3941 1459 3959 ,
1494 3907 1585 3951 ant
1626 3898 1828 3951 Monae-

237 3972 407 4034 ribus,
434 3982 530 4025 aut
577 3968 914 4040 Nameribus,
961 3980 1051 4023 aut
1097 3968 1456 4025 Mamseribus.
1503 3968 1554 4021 In
1603 3970 1828 4037 Vulgata

242 4043 469 4097 Denter.
517 4054 669 4107 χχιιι,
712 4039 789 4103 2,
838 4041 1091 4095 scribitur
1137 4040 1387 4099 Mamzer.
1441 4049 1648 4094 retenta
1698 4055 1827 4093 voce

239 4112 490 4178 Hebrea,
532 4126 650 4177 quae
692 4111 914 4165 nothum
956 4113 1225 4180 signiﬁcat
1271 4130 1282 4165 :
1331 4110 1451 4164 Non
1507 4112 1826 4180 ingredietur

242 4183 497 4249 lantur,
530 4181 623 4235 hoc
650 4193 745 4246 est,
793 4182 855 4235 de
894 4192 1061 4235 scorto
1102 4192 1273 4250 aptus,
1307 4183 1357 4234 in
1406 4182 1690 4234 Ecclesium
1720 4180 1827 4233 Do-

238 4256 391 4309 mini.
424 4252 727 4310 Venantius
752 4252 1081 4308 Fortunatus
1112 4254 1147 4305 Ι.
1183 4269 1235 4315 v,
1266 4268 1432 4306 carm.
1466 4254 1521 4319 .5,
1553 4269 1698 4305 vers.
1735 4253 1822 4315 75,

237 4325 763 4396 usurpavitragmina
793 4339 1050 4383 inanzera.
1088 4324 1397 4396 Canonistze
1435 4322 1651 4396 fumium
1700 4336 1824 4391 pro-

237 4397 449 4453 stituta:
481 4394 620 4451 filios
650 4409 907 4449 manzeres
930 4406 1120 4449 VOCant
1157 4412 1169 4447 :
1204 4394 1534 4448 Manzm’bna
1566 4404 1815 4459 scortum,

1940 3758 2120 3811 ςὶῐὲευτί
2156 3758 2350 3810 melius
2380 3756 2595 3809 dimisit.

1962 3884 1965 3887 _
2008 3828 2134 3881 265.
2178 3827 2364 3888 Faltr.,
2396 3828 2628 3892 abeunte,
2662 3828 2837 3881 minus
2868 3827 3026 3894 bene,
3062 3845 3157 3897 pro
3188 3830 3422 3883 abeunte.

2007 3900 2130 3953 266.
2176 3902 2387 3970 Amm,
2416 3908 2718 3965 putescunt;
2751 3898 2947 3953 rectius
2978 3900 3089 3963 alii,
3124 3903 3387 3970 fatiscunt,
3428 3902 3511 3957 vel

1937 3973 2219 4041 [atescunu
2247 3969 2459 4036 Parrh.,
2488 3972 2792 4038 [at/iiscum.
2832 3972 2888 4024 In
2922 3970 3032 4024 Ott.
3068 3972 3093 4025 1
3126 3969 3342 4025 videtur
3365 3972 3515 4041 prius

1936 4039 2102 4094 fuisse
2130 4041 2412 4094 dehiscunt.

2004 4112 2129 4164 207.
2171 4111 2226 4164 ln
2261 4110 2379 4164 Vat.
2423 4113 2439 4164 l
2484 4128 2548 4164 ex
2584 4110 2762 4164 Divisa
2794 4111 3009 4165 videtur
3052 4123 3355 4167 correcmm
3417 4112 3513 4167 Di-

1932 4180 2071 4234 visre.
2105 4183 2366 4253 (lonjiciat
2394 4182 2587 4250 aliquis
2617 4180 2829 4253 Dina/sa
2862 4198 3125 4253 compage,
3152 4192 3209 4237 ttt
3231 4184 3370 4239 anud
3406 4186 3503 4237 Mi-

1934 4252 2146 4324 nucium
2183 4251 2414 4306 Felicem
2447 4270 2569 4320 cap.
2598 4256 2652 4313 9,
2685 4250 2885 4324 Citlein
2912 4250 3155 4324 compage
3183 4255 3362 4319 divisit,
3396 4256 3509 4319 vel,

1933 4334 1984 4374 ut
2011 4323 2098 4376 alii
2127 4338 2389 4385 reponere
2415 4333 2640 4388 tentant,
2676 4322 2896 4377 diuulsa.

2001 4392 2127 4449 2'58.
2174 4393 2293 4448 Vet.
2332 4394 2392 4457 l,
2439 4395 2606 4457 abire;
2635 4396 2713 4449 sic
2758 4393 2853 4449 fuit
2904 4396 2954 4447 in
2988 4394 3171 4461 Rom.,
3216 4396 3312 4450 sed
3360 4406 3509 4452 recte

238 4468 330 4547 sed
350 4466 545 4547 mmclta
575 4464 743 4547 nolitis
774 4467 913 4547 dedit
940 4474 1131 4547 ortum.
1163 4494 1234 4547 -έ
1277 4464 1344 4519 Ut
1372 4482 1510 4547 seges
1547 4467 1608 4517 ab
1642 4466 1818 4547 spica,
1851 4488 1901 4547 Β
1930 4464 2276 4547 ειιλιὲιάίιιιιιιι
2307 4477 2386 4547 est
2419 4481 2510 4533 per
2528 4465 2726 4547 abiere.

238 4540 313 4593 sic
344 4538 555 4605 spurius
578 4546 648 4591 est
672 4536 734 4590 ab
764 4538 951 4593 antica.
977 4568 1046 4579 —
1068 4536 1209 4593 Dant
1230 4536 1512 4601 naturales,
1539 4551 1652 4603 qtae
1678 4536 1821 4590 nobis

235 4618 359 4665 sunt
377 4608 646 4674 speciales.

310 4680 441 4734 258.
493 4679 747 4745 Plerique
792 4693 920 4733 mss.
964 4687 1123 4747 atque
1161 4678 1319 4742 editi,
1353 4694 1499 4744 cum;
1532 4677 1670 4745 Reg.
1711 4678 1733 4730 1
1772 4685 1826 4733 et

237 4750 356 4814 alii,
390 4750 531 4803 dum.
572 4750 682 4803 Ott.
715 4749 769 4813 1,
799 4758 1181 4811 conuertantur,
1212 4749 1307 4804 sed
1347 4760 1657 4804 correctum
1704 4764 1823 4802 con-

240 4829 533 4875 vertuntur.
1102 4822 1107 4825 “

311 4892 438 4949 259.
483 4890 695 4954 Arum,
730 4905 933 4961 mensa,
982 4905 1081 4961 pro
1110 4892 1319 4945 mensis.
1351 4889 1567 4953 Parrlt.,
1612 4890 1685 4942 sic
1731 4903 1826 4959 pro

239 4966 336 5017 ita.
370 4962 505 5032 Reg.
542 4964 698 5032 lsic.
720 4960 774 5032 d.
810 4961 976 5015 s.-ita.

311 5030 655 5094 260.‘Rotn.,
692 5030 823 5087 Urb.
852 5033 1008 5096 ,.0tt.
1062 5033 1113 5097 1,
1170 5033 1353 5094 Parr..
1403 5047 1593 5098 exosa;
1639 5032 1825 5089 cmteri

238 5106 455 5168 odiosa;
484 5104 644 5157 etiam
680 5104 732 5156 in
757 5105 866 5155 ιιιι.
898 5104 916 5157 1
952 5101 1091 5156 forte
1122 5105 1267 5167 prius
1295 5102 1396 5157 fuit
1425 5104 1624 5155 odiosa.

312 5175 439 5230 26L
477 5175 647 5239 Meus,
674 5172 1022 5244 Exspiravit;
1047 5174 1191 5238 Ald.,
1224 5171 1403 5228 Iesum
1426 5176 1740 5242 erspirasse.
1781 5184 1827 5229 et

239 5247 406 5301 multa
450 5257 745 5300 sanctorum
770 5251 1010 5309 ‘corpora
1060 5247 1401 5299 resuscitasse.
1466 5245 1541 5299 De
1584 5246 1827 5310 epitheto

242 5318 395 5384 boni,
427 5333 533 5387 quo
574 5316 822 5370 Cltristns
857 5331 951 5378 per
977 5318 1355 5371 excellentiam
1405 5316 1709 5387 insignitur,
1746 5316 1826 5367 vi-

239 5389 359 5444 deri
407 5395 589 5458 potest
632 5387 963 5455 'fheOphilus
1010 5387 1335 5459 Raynaudus
1385 5397 1420 5459 ι.
1467 5386 1541 5453 ll,
1588 5397 1721 5459 sect.
1772 5388 1822 5453 1,

239 5475 362 5525 cap.
397 5460 451 5531 5,
481 5459 793 5525 quod‘novo
823 5460 977 5513 titulo
1006 5458 1290 5531 inseripsit
1315 5500 1328 5523 ,
1359 5458 1595 5513 Christus
1634 5458 1822 5526 bonus,

240 5531 401 5589 bona.
427 5529 635 5584 bonum.

314 5601 442 5657 262.
486 5601 641 5665 Urb.,
667 5599 825 5655 Rom.
851 5615 878 5653 a
914 5616 994 5671 pr.
1022 5617 1122 5668 m.,
1148 5600 1398 5655 nonnulli
1421 5598 1551 5655 editi
1582 5599 1824 5667 demisit;

317 5746 344 5775 ε
373 5736 540 5793 Vetus
564 5737 739 5795 codex
759 5736 1034 5793 referebat
1058 5736 1279 5794 Maziret
1314 5752 1407 5805 pro
1443 5736 1734 5796 Manzeres.
1769 5746 1824 5797 et

241 5820 461 5877 tangens
482 5809 581 5862 ista
607 5825 703 5881 pro
724 5812 799 5864 ita
826 5825 951 5881 gens
979 5811 1097 5866 ista.
1139 5808 1312 5878 Supra
1344 5807 1485 5864 forte
1531 5808 1821 5881 legendum

240 5888 557 5953 aperuerunt
585 5880 647 5935 ob
671 5879 841 5953 signa,
867 5887 997 5955 etc.,
1026 5892 1078 5939 et
1108 5897 1139 5936 a
1174 5896 1469 5937 memorum
1497 5879 1697 5950 poculis
1726 5894 1822 5951 pro

1995 4536 2119 4590 272.
2166 4538 2262 4589 Ms.
2308 4535 2451 4603 Lips.
2485 4545 2540 4590 et
2579 4536 2824 4590 nonnulli
2853 4536 3016 4602 editi,
3048 4538 3313 4603 discusso;
3363 4538 3506 4606 lege,

1928 4623 2047 4660 cum
2086 4610 2321 4669 ct-teris,
2354 4607 2589 4673 discisso,
2627 4608 2743 4670 vel,
2780 4615 2835 4661 nt
2864 4607 3104 4661 nonnulli
3154 4608 3384 4668 habent,
3426 4608 3509 4660 di-

1926 4679 2078 4730 scito.
2110 4679 2203 4732 Sic
2230 4678 2518 4741 abscissus,
2556 4688 2609 4731 et
2646 4679 2873 4731 abscisus
2914 4677 3223 4747 frequenter
3268 4679 3408 4733 inter
3451 4695 3512 4734 se

1930 4758 2324 4815 permutantur.
2373 4749 2485 4803 Hoc
2516 4761 2693 4803 autem
2738 4748 2855 4803 loco
2896 4750 3086 4802 melius
3119 4759 3199 4802 est
3230 4749 3441 4803 discisso
3476 4764 3505 4801 a

1929 4818 2185 4873 discindo.
2233 4819 2467 4873 Pulchra
2511 4820 2795 4873 translatio
2840 4821 2907 4875 ab
2954 4822 3041 4884 iis,
3088 4819 3181 4887 qui
3225 4820 3279 4873 in
3318 4818 3507 4874 funere

1932 4904 2157 4945 suorum
2189 4889 2393 4944 nudant
2422 4902 2661 4960 pectora,
2687 4889 2935 4944 scindunt
2956 4891 3296 4951 vestimenta.
3330 4902 3460 4943 etc:

1999 4962 2123 5015 274.
2169 4961 2332 5016 Arntz
2362 4977 2390 5013 a
2425 4977 2505 5029 pr.
2541 4979 2638 5027 m.,
2672 4971 2987 5026 monstrata;
3026 4962 3154 5025 alii,
3190 4962 3507 5026 reseranda;

1930 5032 2027 5085 sed
2058 5034 2109 5085 in
2140 5031 2253 5087 Ott.
2290 5036 2308 5086 I
2347 5032 2491 5086 aliud
2526 5032 2652 5096 fuit,
2686 5041 2741 5085 et
2766 5034 2815 5084 in
2844 5032 2976 5102 Reg.
3020 5035 3043 5086 1
3085 5032 3341 5085 scribitur
3368 5046 3511 5084 rese-
3544 5038 3551 5043 '

1930 5104 2129 5169 renda,
2188 5104 2330 5171 quod
2376 5102 2591 5157 videtur
2640 5102 2891 5157 mendum
2939 5120 2951 5155 :
2998 5119 3117 5155 nam
3167 5102 3391 5161 verbum
3429 5112 3513 5155 est

1932 5189 2099 5228 resera
2124 5217 2137 5238 ,
2163 5191 2390 5240 reseras;
2422 5190 2524 5229 ιιοιι
2553 5191 2755 5237 resera,
2789 5175 2989 5227 reseris.
3024 5172 3094 5227 Ut
3130 5172 3289 5234 alibi,
3323 5174 3395 5226 ita
3426 5172 3514 5225 hic

1933 5247 2094 5300 etiam
2128 5246 2341 5297 variant
2371 5262 2501 5300 mss.
2536 5255 2590 5300 et
2616 5245 2742 5299 editi
2774 5262 2786 5299 :
2827 5244 3097 5310 plerique,
3133 5242 3336 5313 Moysi;
3373 5258 3510 5296 non-

1935 5316 2088 5380 nulli,
2117 5316 2295 5379 Mosi;
2324 5316 2464 5377 λιιι..
2496 5316 2672 5369 Mosw.
2698 5314 3066 5368 Nebrissensis
3096 5315 3146 5367 id
3171 5317 3399 5380 explicat
3426 5313 3511 5367 vel

1936 5389 2002 5441 tle
2034 5388 2149 5452 lege
2182 5388 2377 5458 Moysis
2399 5434 2411 5451 ,
2447 5386 2769 5458 veltlelege
2800 5392 2940 5437 tecta
2964 5386 3237 5458 velamine
3279 5383 3514 5458 .‘ilovsis,

1937 5458 2005 5512 de
2037 5473 2143 5527 quo
2177 5455 2484 5526 Apostolus,
2516 5457 2555 5510 ll
2587 5456 2652 5510 ad
2680 5458 2807 5510 Cor.
2840 5471 2920 5511 ιιι.
2948 5456 3227 5527 Glossttor
3258 5456 3454 5521 inlicg.
3489 5455 3511 5507 1

1936 5526 2073 5584 lianc
2101 5528 2391 5583 secundam
2424 5529 2921 5597 interpretationem
2950 5537 3114 5579 tenet.
3142 5526 3196 5579 ln
3224 5541 3384 5595 prosa
3406 5532 3523 5579 erat

1934 5601 2027 5653 sub
2058 5600 2236 5670 Moyse
2266 5600 2534 5653 velamine.

1932 5739 2315 5866 paguliiindose
2346 5816 2503 5866 vetus
2534 5808 2692 5874 liber,
2726 5806 2902 5878 templi
2928 5822 3043 5862 cum
3074 5808 3213 5861 mina
3244 5806 3513 5861 recidisse.
