3896 6372
126 454 199 506 2t“)
1269 449 1447 504 EPIS'I
1463 439 1743 502 OLARI'M
1785 447 1980 500 LIBER
2026 447 2106 500 III.

3195 448 3294 501 iit)

128 571 288 620 Mtttna
312 568 453 620 annei
488 582 645 634 saepe
683 569 947 632 sollicitat,
999 579 1052 622 et
1098 565 1456 620 laborantibus
1498 579 1643 618 com-
1669 565 1717 622 Α
1752 563 1858 614 lere
1891 572 1938 613 te
1973 564 2204 626 rccijrerc
2229 565 2278 611 in
2304 573 2441 612 tuam
2471 573 2649 612 curam
2694 560 3019 625 pecuniarias
3043 569 3292 613 actiones.

127 658 346 711 ηετηὼιῑο
373 672 472 710 una
500 672 612 710 non
644 658 874 719 sufﬁcit,
905 658 1025 712 licet
1047 658 1299 712 tenaciter
1325 671 1638 719 memorem,

128 761 272 799 rursus
291 746 563 798 admoneo.
598 745 882 799 Prmstabit
909 745 1147 800 beneﬁcii
1176 747 1248 798 tui
1277 745 1544 808 celeritas,
1575 758 1642 798 ne

124 838 178 888 sit
199 836 306 888 milii
331 847 547 888 necesse
573 834 720 888 idem
752 837 940 902 sapius
961 835 1155 890 facere.
1183 835 1305 888 Vale

625 927 840 981 EPIST.
883 927 1097 982 XXXII.

543 1032 852 1072 εῑιηηειιυε
889 1033 1162 1073 AIBIOSIO.

179 1106 366 1160 Fratres
413 1106 519 1159 mei
569 1107 868 1160 Dorntheus
905 1117 958 1162 et
990 1109 1277 1176 Septimus,
1328 1107 1642 1176 spectabiles

125 1198 218 1259 viri,
239 1211 380 1248 unam
408 1207 550 1248 tuam
580 1197 860 1262 epistolam
882 1198 1242 1266 pratulerunt.
1267 1198 1371 1251 Sed
1403 1199 1530 1250 mibi
1563 1211 1643 1250 re-

121 1286 220 1351 ligio
246 1285 332 1335 fuit
364 1285 661 1337 iStiusmodi
690 1294 903 1352 captare
941 1286 1332 1353 compendium,
1375 1276 1512 1338 ut'et
1553 1285 1644 1338 tibi

119 1375 342 1440 geminata
375 1374 724 1442 responderet
751 1373 911 1428 ofﬁcii
937 1389 1115 1438 usura,
1145 1386 1200 1430 et
1226 1375 1448 1443 singulis
1477 1377 1646 1428 honor

117 1463 249 1514 debiti
281 1463 561 1514 testimonii
583 1463 903 1529 proveniret.
928 1463 1056 1516 Nam
1083 1466 1182 1518 etsi
1212 1466 1506 1518 DorOtlieus
1535 1481 1646 1532 prn-

118 1553 244 1602 balus
267 1560 357 1611 est,
398 1553 552 1618 cupio
597 1563 793 1615 tamen,
822 1562 878 1604 ut
917 1569 1036 1606 eum
1068 1554 1322 1621 majorem
1354 1556 1404 1606 in
1432 1555 1643 1608 modum

114 1641 262 1706 judicii
291 1644 384 1694 mei
420 1641 770 1710 przerogativa
801 1643 1070 1705 conciliet,
1107 1644 1246 1712 quod
1273 1643 1504 1697 futurum
1541 1661 1646 1697 non

115 1733 311 1798 ambigo,
341 1748 455 1784 eum
485 1733 702 1786 affectio
734 1732 857 1786 boni
877 1724 1038 1785 animi
1069 1748 1234 1802 capax
1263 1736 1333 1788 sit
1353 1736 1644 1804 augmenti,

112 1825 324 1888 quotiens
347 1823 551 1876 meritis
579 1833 906 1889 provocatur.
935 1823 1080 1877 Vale.

618 1914 832 1968 EPIST.
874 1914 1110 1969 XXXIII.

553 2017 856 2056 εγιιιιοηυε
894 2017 1166 2058 Ακυιιοειο.

169 2089 300 2143 Licet
326 2091 575 2155 arbitrer,
613 2093 916 2159 superiores
945 2094 1146 2147 litteras
1175 2110 1340 2159 meas,
1379 2098 1570 2163 quibus
1593 2109 1647 2150 ut

110 2179 294 2234 fratrem
323 2196 498 2235 meum
533 2184 852 2237 Marcianum
875 2185 943 2237 ab
973 2185 1180 2252 injuriis
1207 2189 1440 2241 vmdiees
1466 2198 1648 2256 postu-

108 2269 211 2334 lavi,
249 2272 298 2322 in
323 2287 509 2325 manus
556 2284 672 2326 tuas
701 2274 936 2327 delatas:
969 2275 1238 2331 abstinere
1286 2286 1462 2332 tamen
1487 2280 1646 2333 etiam

108 2359 306 2412 secunda
354 2363 614 2430 petitione
659 2379 763 2418 non
794 2365 988 2432 debui,
1030 2376 1088 2420 ut
1134 2369 1504 2423 necessitatem
1550 2371 1647 2424 viri

107 2451 281 2513 optimi,
307 2453 395 2502 sed
431 2453 630 2504 invidia
665 2456 926 2522 tyrannici
959 2461 1211 2523 temporis
1241 2457 1494 2523 involuti,
1529 2474 1646 2526 pre-

107 2541 224 2592 Nilo
249 2543 509 2609 geminata
542 2553 784 2598 testetur.
809 2546 985 2612 Quare
1008 2562 1191 2602 rursus
1219 2558 1269 2602 te
1289 2549 1354 2602 ad
1376 2551 1531 2603 amici
1555 2554 1647 2604 de-

104 2630 364 2684 fensionem
395 2635 692 2697 exhortor;
731 2625 880 2702 cujus
912 2638 1137 2692 tenuitas
1165 2649 1278 2691 orta
1327 2654 1392 2692 ex
1423 2640 1646 2707 integri-

107 2732 213 2780 tate,
240 2737 335 2773 non
360 2725 582 2789 patitur,
609 2734 662 2776 ut
687 2739 946 2778 annorum
972 2723 1138 2792 pretia
1161 2729 1324 2794 possit
1348 2731 1643 2794 exsolvere,

102 2826 200 2874 qua:
215 2813 315 2878 jam
336 2818 521 2868 multis
542 2816 783 2884 ejusdem
807 2819 1057 2884 temporis
1076 2818 1343 2886 judieibus
1361 2820 1646 2888 imperialis

103 2905 352 2956 ciementia
376 2908 663 2962 relaxavit.
699 2908 813 2961 Erit
839 2911 996 2976 igitur
1024 2909 1118 2963 tibi
1156 2910 1356 2963 facilior
1385 2911 1448 2963 ad
1477 2913 1646 2981 impeo

103 2997 314 3048 trandum
345 2998 446 3059 via,
472 3014 599 3050 eum
632 2999 942 3053 meritorum
977 3009 1182 3054 tuorum
1211 3001 1488 3068 opitulatio
1510 3003 1646 3056 alio-

107 3097 204 3135 rum
230 3088 483 3153 exemplis
510 3089 753 3156 juvetur.
790 3089 934 3140 Vale.

623 3177 836 3231 EPIST.
880 3178 1116 3232 XXXIV.

554 3279 862 3336 SYIILKIHUS
898 3283 1171 3321 annnosro.

159 3350 235 3405 Nae
259 3355 349 3405 aevi
382 3353 564 3407 instar
586 3363 691 3418 est,
716 3367 772 3407 ut
802 3356 963 3410 frater
985 3374 1136 3412 mens
1157 3360 1432 3427 Magnillns
1456 3363 1646 3416 vicaria

103 3449 327 3503 poteSIate
368 3460 466 3511 per
518 3444 750 3498 Africam
791 3445 1038 3513 functus,
1072 3450 1373 3503 testimonio
1414 3455 1646 3506 omnium

104 3530 282 3596 publice
304 3534 668 3604 privatimque
692 3539 1032 3604 conspicuus,
1068 3539 1233 3594 variis
1260 3541 1310 3592 in
1346 3557 1404 3594 ea
1440 3542 1650 3609 provin-

101 3623 166 3672 cia
195 3626 486 3679 retardetur
503 3625 822 3680 obstaculis.
854 3628 1029 3682 Nostri
1055 3632 1240 3697 optimi
1261 3632 1355 3683 viri
1379 3635 1651 3686 maturita-

102 3718 212 3775 tem,
241 3723 577 3782 exterasque
630 3723 774 3768 artes
821 3717 1020 3780 bonas,
1051 3718 1243 3786 quibus
1294 3720 1453 3773 etiam
1503 3731 1647 3775 tuum

103 3817 332 3866 amorem,
356 3820 480 3858 eum
513 3806 789 3873 Liguriam
815 3808 1153 3875 gubernaret,
1184 3814 1420 3864 attraxit.
1448 3813 1509 3866 Et
1534 3815 1649 3868 ideo

100 3892 211 3957 apud
246 3904 295 3947 te
323 3895 694 3948 redundantis
712 3905 794 3949 est
834 3913 1011 3961 mene
1044 3900 1257 3954 laudare
1293 3916 1646 3970 compertum.

99 3983 248 4044 Quare
269 3984 548 4054 impendio
576 3995 715 4052 peto,
740 3995 796 4039 ut
815 4001 936 4040 cum
958 4005 987 4041 a
1012 3990 1189 4056 hajulo
1209 3993 1501 4046 litterarum
1527 4010 1651 4048 cau-

101 4085 169 4124 sas
203 4089 466 4130 morarum
514 4079 814 4146 acceperis,
845 4079 1148 4148 religiosum
1189 4097 1284 4149 pro
1331 4083 1448 4149 ejus
1477 4085 1650 4138 reditu

100 4162 422 4221 interventum
457 4169 706 4237 digneris
734 4169 1009 4236 adbibere,
1050 4186 1158 4240 quo
1203 4173 1414 4227 tandem
1469 4177 1651 4243 patriai

100 4255 359 4320 restitutus,
395 4258 584 4327 longae
611 4258 1053 4326 peregrinationis
1080 4263 1322 4330 injuriam
1355 4264 1650 4319 desiderata

98 4346 245 4406 quiete
263 4357 595 4402 commutet.
627 4347 771 4401 Vale.

637 4436 853 4492 EPIST.
893 4437 1108 4492 XXXV.

541 4545 860 4586 BVIIACIIUS
908 4546 1182 4586 AIBBOSIO.

1747 651 1840 704 Ille
1873 663 2066 712 tamen,
2102 659 2158 702 ut
2199 659 2277 702 est
2322 649 2591 702 hominum
2642 649 2953 715 plerumque
2977 664 3294 716 supervacua

1748 741 2045 808 trepidatio,
2073 751 2460 795 consentaneas
2499 739 2698 793 sanctis
2725 740 2959 793 moribus
2988 740 3093 794 tuis
3120 740 3186 793 de
3216 755 3296 792 me

1745 831 1949 884 litteras
1980 832 2283 898 postulavit.
2314 830 2427 884 Non
2457 831 2615 883 abnui
2643 845 2858 899 operam
2895 831 3065 883 facilia
3089 830 3296 898 etjusta

1745 921 1999 985 poscenti.
2031 920 2246 972 Summa
2273 932 2355 974 est
2399 921 2556 989 igitur
2585 919 2816 987 impositi
2848 919 2973 971 mihi
3019 921 3254 973 muneris
3282 961 3296 983 ,

1744 1021 1924 1063 contra
1949 1012 2219 1068 absentem
2246 1011 2435 1077 civem,
2461 1013 2722 1079 simulque
2752 1011 3044 1063 districtum
3079 1012 3299 1078 publicis

1743 1103 1908 1166 curis,
1951 1117 2055 1156 non
2084 1103 2228 1156 siuas
2273 1103 2560 1170 quidquam
2606 1102 2672 1155 de
2712 1102 2915 1169 justitia
2955 1113 3040 1155 tua
3086 1118 3300 1168 sperare

1746 1193 2067 1256 praesidium.
2115 1192 2248 1246 Sunt
2277 1192 2389 1247 fora
2409 1236 2423 1259 ,
2472 1201 2594 1245 sunt
2622 1192 2795 1260 leges,
2827 1201 2952 1246 sunt
2989 1193 3263 1246 tribunalia
3283 1235 3296 1255 ,

1745 1292 1870 1334 sunt
1893 1283 2253 1350 magistratus,
2287 1284 2478 1352 quibus
2525 1283 2755 1352 litigator
2785 1292 2963 1337 utatur
3006 1285 3150 1338 salva
3177 1300 3300 1338 con-

1745 1370 1966 1425 scientia
1990 1382 2095 1426 tua.
2134 1373 2280 1426 Vale.

2275 1459 2488 1514 EPIST.
2526 1459 2784 1513 XXXVII.

2212 1564 2512 1604 εϊιιιιΑαιιυε
2551 1565 2819 1604 Αιιειιοδιο.

1820 1641 2025 1696 Diarius
2036 1642 2363 1696 clarissimus
2378 1643 2479 1705 vir,
2494 1644 2579 1710 qui
2599 1643 2734 1694 inter
2750 1641 3070 1708 professores
3085 1641 3301 1695 meden-

1748 1730 1800 1782 di
1823 1741 2134 1785 summatem
2162 1734 2332 1786 Iocum
2350 1732 2469 1800 jure
2489 1734 2712 1798 obtinet,
2733 1732 2944 1785 afﬁnem
2973 1747 3304 1795 suum,eum.

1749 1821 1976 1889 demque
2004 1811 2370 1890 cognominem
2398 1831 2488 1875 tuo
2530 1824 2822 1889 patrocinio
2851 1823 2982 1875 tradi
3018 1838 3136 1874 meo
3161 1832 3306 1888 opta-

1752 1915 1824 1965 vit
1867 1927 2039 1967 oratu.
2075 1914 2266 1968 Libens
2303 1915 2606 1967 amicissimi
2637 1915 2737 1966 viri
2759 1914 3022 1966 desiderio
3053 1914 3304 1977 satisfeci,

1751 2018 1801 2058 ut
1834 2022 1933 2058 una
1967 2009 2047 2058 via
2076 2017 2130 2059 et
2158 2016 2209 2059 te
2245 2006 2540 2059 excolerem
2587 2007 2759 2059 salute
2788 2004 3007 2058 dicenda
3027 2045 3041 2066 ,
3081 2014 3134 2056 et
3163 2003 3305 2056 illius

1749 2097 1861 2147 usui
1916 2095 2328 2147 commodarem.
2382 2095 2485 2147 Fac
2532 2094 2690 2161 igitur
2711 2110 2825 2156 oro,
2881 2093 3304 2148 commendatqu

1749 2186 1941 2236 tuearis
1967 2183 2178 2248 auxilio,
2214 2199 2296 2236 me
2326 2198 2573 2236 sermone
2597 2183 2792 2236 vicario
2815 2184 3132 2238 munereris.
3159 2184 3304 2239 Vale.

2259 2274 2470 2329 EPIST.
2515 2275 2795 2332 XXXVIII.

2236 2379 2543 2420 δγυειιωιυε
2574 2381 2804 2418 Βιιιιιιο.

1819 2455 1949 2506 Cum
1985 2453 2078 2507 has
2105 2456 2170 2507 ad
2204 2464 2253 2508 te
2283 2456 2487 2509 litteras
2514 2455 2714 2518 darem,
2757 2455 2948 2508 lcetqu
2992 2471 3133 2524 a‘ger
3162 2467 3307 2512 tene-

1751 2544 2010 2609 bar;jjam
2055 2546 2319 2613 quidema
2374 2545 2607 2613 periculo
2657 2547 2971 2612 vindicatus,
3015 2547 3108 2600 sed
3138 2548 3306 2601 adhuc

1751 2635 1901 2702 inops
1928 2635 2136 2700 virium,
2163 2651 2280 2699 qua:
2309 2636 2533 2689 subinde
2555 2637 2770 2690 incertis
2800 2637 3033 2691 febribus
3062 2639 3307 2691 deterun-

1751 2731 1853 2774 tur.
1885 2724 2023 2776 Inter
2074 2724 2185 2778 Itme
2213 2735 2386 2778 tamen
2423 2726 2557 2778 mala
2599 2726 2909 2780 valetudinis
2955 2742 3084 2780 mere
3125 2731 3306 2781 amicis

1752 2813 2018 2879 negmium
2050 2815 2191 2878 dedi,
2227 2825 2283 2868 ut
2315 2815 2502 2884 pignus
2524 2831 2804 2869 commune
2833 2817 3071 2869 consulta
3099 2828 3302 2884 patrum

1755 2903 1879 2955 viris
1909 2905 2274 2958 consularibus
2301 2906 2630 2975 iungeretur.
2668 2909 2853 2962 Habita
2885 2918 2964 2962 est
2984 2912 3114 2962 ratio
3144 2911 3299 2964 meri-

1752 3003 1920 3045 torum
1953 3004 2177 3047 tuorum.
2210 2995 2345 3049 Nihil
2368 2996 2506 3049 enim
2535 2997 2718 3064 gratia:
2741 3005 2870 3052 mcte
2898 2999 3032 3052 duco
3054 3000 3302 3053 delatum.

1752 3085 1879 3135 Acta
1912 3085 2222 3150 amplissimi
2247 3085 2449 3138 ordinis
2469 3086 2687 3138 Ticiano
2702 3087 2925 3142 honesto
2950 3090 3061 3143 viro
3086 3090 3300 3142 tradidi:

1752 3189 1868 3238 quae
1901 3174 1985 3226 ubi
2019 3175 2068 3226 in
2099 3190 2285 3228 manus
2316 3186 2431 3230 tuas
2461 3178 2720 3240 veneriht,
2762 3179 3006 3233 amicitias
3038 3196 3120 3232 tne
3147 3182 3302 3233 satis-

1756 3266 1940 3318 fecisse
1973 3268 2273 3330 pronuntia.
2298 3267 2435 3320 Nihil
2463 3267 2601 3320 enim
2634 3269 2774 3322 malo
2797 3285 2950 3338 quam
2995 3269 3200 3325 honesti
3230 3273 3302 3323 of-

1757 3357 1858 3410 ﬁcii
1878 3358 2099 3425 diligens
2122 3357 2370 3425 judicari.
2402 3358 2549 3411 Vale.

2284 3444 2494 3498 EPISI‘.
2539 3444 2775 3497 XXXIX.

2243 3549 2545 3588 δγιιιμοιιυε
2585 3551 2634 3587 III
2644 3551 2814 3590 LAMO.

1826 3625 2156 3679 Valetudinis
2185 3641 2315 3676 mem
2346 3625 2493 3692 vigor
2519 3626 2679 3691 ccepit
2721 3639 3016 3692 assurgere.
3059 3626 3158 3681 Fas
3203 3641 3303 3691 est,

1755 3723 1808 3764 nt
1835 3714 1901 3766 de
1933 3730 2016 3768 me
2045 3715 2309 3768 scribendi
2338 3715 2620 3770 assiduitas
2659 3717 2938 3784 exigatur:
2970 3713 3175 3770 maneat
3196 3730 3307 3772 tau-

1755 3813 1863 3857 tum
1894 3805 2134 3858 sanitatis
2160 3805 2305 3868 ﬁdes,
2333 3821 2490 3872 quam
2523 3806 2830 3876 plerumque
2853 3807 3099 3861 sollicitat
3123 3809 3307 3867 hiemis

1756 3897 1966 3963 injuria.
2001 3896 2167 3952 Nimis
2194 3899 2334 3950 enim
2368 3907 2546 3951 tenera
2574 3908 2730 3967 atque
2774 3901 3036 3956 imbecilla
3066 3914 3147 3957 est
3175 3908 3308 3959 ratio

1756 3987 2158 4040 convalescendi
2185 4028 2199 4048 ,
2231 3997 2285 4039 et
2309 3997 2434 4039 ante
2475 3988 2708 4042 medicas
2758 4006 2945 4045 manus
2995 4006 3147 4060 opem
3187 3999 3305 4050 caeli

1756 4077 2118 4131 clementioris
2159 4086 2435 4145 exspectat
2475 4079 2706 4142 sanitas;
2754 4096 2820 4134 ne
2857 4082 2948 4135 tibi
2992 4085 3169 4137 videar
3198 4103 3307 4140 me-

1755 4167 1914 4220 dendi
1945 4177 2058 4220 arte
2086 4166 2271 4220 morbo
2299 4160 2698 4223 diuturnitatism
2744 4171 2971 4226 dedisse.
3002 4173 3133 4227 Volo
3167 4179 3306 4228 cnim

1756 4262 2062 4311 memoriam
2115 4260 2370 4318 malorum
2403 4261 2503 4326 ioci
2550 4270 2821 4315 venustate
2852 4262 3169 4332 frangamus.
3205 4267 3305 4322 Sed

1757 4350 1858 4416 jam
1893 4350 2053 4401 etiam
2073 4349 2269 4417 aliquid
2297 4349 2362 4402 de
2388 4349 2683 4416 Repentino
2705 4351 2897 4419 juvene
2921 4353 3117 4421 Optimo
3138 4355 3308 4409 dicen-

1757 4438 1882 4491 dum
1925 4448 2025 4500 est,
2063 4439 2215 4504 cujus
2254 4452 2354 4505 ego
2395 4438 2756 4492 assiduitatem
2784 4441 3111 4496 desideravi:
3147 4460 3300 4513 quam

1763 4531 1890 4582 mihi
1920 4539 1977 4583 ut
2007 4532 2253 4594 arbitror,
2283 4530 2599 4583 verecundia
2636 4531 2749 4599 ejus
2778 4536 3001 4599 negavit,
3033 4550 3149 4588 eum
3177 4537 3308 4590 fidit-

155 4619 218 4673 ει
248 4638 341 4676 mu
398 4625 558 4679 venit
617 4630 682 4710 ut,
701 4638 858 4690 opem
901 4621 1272 4679 desiderantes
1304 4625 1369 4680 ad
1407 4627 1652 4698 sum-agi;
1680 4589 1734 4651 D
1761 4620 1842 4672 cia
1864 4636 1925 4673 ex
1960 4629 2011 4673 te
2037 4629 2241 4685 sumpta
2271 4629 2524 4685 praestare
2542 4620 2801 4674 debuerit.
2833 4623 2941 4675 Erit
2965 4632 3134 4678 tamen
3156 4628 3304 4694 copia

97 4717 287 4774 probata
316 4715 670 4785 confugiant.
719 4714 918 4768 Horum
961 4731 1097 4771 unus
1142 4715 1404 4774 Eusebius
1433 4729 1532 4787 est,
1566 4722 1653 4788 qui

97 4800 441 4859 adolescentiae
485 4805 783 4874 prolapsus
809 4819 1012 4874 errore,
1060 4816 1378 4876 notatusque
1418 4809 1652 4878 judicio,

95 4893 570 4960 exploratissimum
606 4895 899 4975 remedium
945 4899 1114 4950 venia
1141 4895 1430 4966 imperialis
1460 4897 1652 4967 implo-

97 4992 180 5036 rat.
214 4985 312 5039 Sed
352 4998 410 5041 ut
441 4987 493 5040 ei
522 4983 783 5039 celeriter
821 4984 1055 5039 arrideat
1092 4986 1339 5052 effectus;
1369 4989 1562 5042 deferri
1599 4990 1652 5042 in

95 5087 250 5127 curam
279 5064 424 5131 tuam
445 5091 610 5147 spem
643 5073 916 5144 petitionis
944 5077 1173 5142 optavit:
1201 5077 1354 5146 cujus
1376 5076 1490 5131 hmc
1510 5093 1654 5131 sum-

96 5181 163 5217 ma
189 5175 283 5233 est,
312 5179 365 5221 ut
387 5169 626 5238 iudicati
654 5165 991 5232 remissione,
1023 5165 1180 5223 fama
1199 5183 1310 5222 sua:
1337 5169 1528 5222 vulnus
1554 5184 1651 5224 ex-

94 5257 265 5316 cludat.
295 5260 444 5317 Vale.

617 5327 842 5383 EPIST.
891 5328 1128 5384 XXXVI.

550 5432 868 5472 IIIIACIIUS
903 5433 1179 5474 Διιιιοδιο.

153 5530 305 5587 Filius
333 5548 490 5588 meus
539 5528 871 5586 Cacilianus
903 5532 983 5584 vir
1005 5529 1353 5594 clarissimus,
1396 5529 1486 5598 qui
1516 5545 1656 5584 nunc

96 5623 368 5677 criminantis
411 5621 616 5691 patria
643 5617 908 5688 gubernat
931 5632 1219 5686 annonam,
1243 5629 1390 5673 certo
1410 5620 1657 5687 cognovit

99 5713 287 5780 indicio,
314 5713 700 5770 adversarium
728 5724 887 5764 suum
918 5709 1160 5784 Pyratam
1180 5712 1412 5774 nomine,
1436 5711 1518 5764 vel
1541 5711 1655 5778 ejus

100 5813 496 5870 procuratorem,
529 5817 691 5872 spem
722 5799 801 5854 tui
832 5797 1023 5854 favoris
1049 5801 1310 5855 hausisse.
1332 5799 1528 5868 Negavi
1561 5815 1650 5854 so-

1763 4711 1980 4770 meliur.
2030 4726 2146 4764 eum
2209 4711 2461 4780 intelliget
2513 4726 2615 4765 non
2664 4728 2721 4766 se
2750 4714 2994 4768 debuisse
3040 4716 3303 4786 deserere,

1758 4817 1914 4869 quem
1948 4802 2209 4870 frequenti
2253 4803 2560 4856 testimonio
2597 4811 2684 4856 tuo
2718 4803 2785 4857 de
2811 4818 2872 4858 se
2895 4816 3111 4859 noverat
3139 4808 3306 4862 credi-

1755 4890 1916 4944 disse.
1953 4890 2095 4944 Vale.

2347 4960 2558 5016 EPIST.
2598 4962 2706 5016 XL.

2253 5065 2554 5105 SI'IIACBUS
2590 5065 2815 5105 BILAIIO.

1825 5163 1986 5216 Recte
2015 5163 2184 5216 valeo.
2214 5164 2324 5216 lloc
2361 5164 2502 5215 enim
2530 5163 2792 5219 scribendi
2836 5164 2992 5219 debet
3015 5181 3130 5221 esse
3161 5170 3300 5236 prin-

1753 5254 1973 5321 cipium,
2018 5255 2155 5322 quod
2203 5253 2431 5307 maxime
2464 5264 2713 5320 expetunt
2750 5261 2866 5308 vota
2899 5256 3100 5308 lecturi.
3131 5258 3299 5328 Eque

1697 5399 1700 5402 ,
1756 5345 1846 5397 tibi
1873 5346 2110 5399 oblatum
2141 5344 2372 5412 vigorem
2406 5346 2562 5399 nimis
2585 5346 2786 5412 gaudeo
2812 5363 2824 5402 :
2856 5362 2975 5399 nam
3003 5364 3086 5403 me
3107 5350 3298 5405 indicio

1755 5436 1844 5488 tali
1900 5451 2063 5504 nuper
2115 5434 2370 5487 hilarasti.
2397 5433 2528 5486 Illud
2552 5449 2758 5504 quoque
2796 5440 2846 5488 in
2877 5452 3131 5492 summam
3161 5456 3298 5507 pono

1757 5528 1972 5593 lmtitiz,
2002 5527 2139 5593 quod
2173 5535 2224 5581 te
2254 5540 2541 5580 memorem
2564 5527 2665 5580 mei
2695 5526 3086 5582 honoriﬁcentia
3127 5534 3299 5596 proxi-

1757 5633 1856 5670 mae
1885 5617 2184 5685 scriptionis
2211 5616 2465 5670 ostendit.
2492 5617 2654 5684 Cujus
2674 5617 2749 5672 rei
2768 5619 2987 5686 gratiam
3016 5619 3172 5671 silere
3195 5636 3299 5674 nou

1756 5707 1924 5760 debeo
1946 5750 1958 5772 ,
2003 5715 2059 5760 ut
2087 5709 2184 5759 hoc
2214 5706 2554 5760 invitamento
2581 5707 2646 5761 ad
2689 5707 3293 5777 perseverantiam-line-

1757 5801 1880 5854 rarii
1922 5800 2153 5854 muneris
2173 5797 2501 5865 provoceris.
2537 5798 2686 5854 Vale.
