3920 6372
79 338 185 392 737

227 453 293 507 Et
327 452 490 506 faciat
518 460 707 506 tenues
741 456 890 504 tanto
921 462 1174 505 mansore
1203 464 1449 520 capaces.
1690 452 1741 510 Α

82 546 192 603 295
305 537 465 613 Ετςᾰ
498 543 588 598 ubi
634 543 861 613 depositi
912 540 1220 596 thesaurum
1264 541 1665 612 corporisam-

1411 625 1591 698 [plum

229 722 436 778 Nubilis
465 722 672 792 accepit
701 721 932 776 Domino
962 721 1111 776 locus
1136 721 1226 776 ille
1253 721 1489 789 iacente,

229 814 469 870 Nobilior
494 823 748 884 surgente
779 825 979 878 tamen,
1009 816 1288 886 generatio
1310 812 1466 867 fallax

227 908 471 978 Augebat
497 908 594 962 sub
621 908 784 962 corde
810 907 980 972 nefas,
1015 907 1157 978 quod
1189 915 1344 961 nocte
1374 905 1554 960 silenti

230 1001 486 1073 Discipuli
518 999 794 1057 Christum
843 1009 1120 1072 raperent,
1173 1008 1229 1055 et
1271 999 1449 1056 abisse
1500 1000 1665 1056 reler-

1343 1111 1350 1117 ·
1422 1088 1593 1160 [rent,

81 1190 190 1246 500
229 1188 340 1246 Ter
361 1188 619 1245 redeunte
649 1186 738 1244 die
759 1230 774 1254 ,
808 1188 945 1245 sicut
972 1185 1303 1257 praedixerat
1330 1185 1465 1254 ipse.

229 1281 347 1347 Quo
370 1280 683 1335 stimulante
700 1289 866 1342 metu,
887 1278 1109 1348 vigilum
1133 1276 1423 1330 munimina
1442 1284 1668 1344 poscunt

227 1373 394 1429 Plura
421 1371 559 1438 dari,
588 1385 837 1438 szevaque
858 1370 1033 1424 locum
1056 1367 1339 1423 obsidione
1369 1367 1563 1422 teneri.

305 1465 363 1522 Si
394 1464 630 1520 nondum
659 1471 781 1534 post
809 1463 984 1518 vincla
1015 1463 1192 1518 crucis
1216 1503 1232 1530 ,
1264 1453 1404 1532 post
1442 1461 1664 1516 vulnera

1413 1555 1595 1629 [ἴδω-ἰ,

1213 331 1497 388 CARMEN
1538 328 1918 388 PASCHALE.
1963 329 2093 386 LIB.
2135 329 2201 384 V.

3239 329 3351 390 738

1912 440 2071 516 355
2115 444 2244 500 Post
2291 442 2500 498 obitum
2560 440 2793 508 mortis,
2866 456 3154 498 numerosa
3205 444 3355 501 crede

2949 539 3278 610 [cruentum,

1769 632 1874 688 505
1912 631 2232 701 Carnillgces,
2265 633 2527 702 implestis
2560 647 2714 701 opus,
2748 645 2848 687 nec
2883 633 3108 685 creditis
3138 633 3313 701 illum,

1909 725 2010 793 Qui
2039 726 2197 780 toties
2221 725 2344 779 imis
2368 718 2580 778 animas
2610 724 2866 794 produxit
2890 724 2957 777 ab
2983 723 3218 792 umbris,

1910 821 2077 891 Posse
2105 836 2256 875 suam
2287 835 2545 876 revocare
2575 820 2770 890 magis,
2799 819 3079 889 peioribus
3103 831 3258 889 aptos

1908 910 2168 970 Consiliis
2196 921 2403 968 armate
2425 912 2601 974 dolos,
2627 912 2840 981 signate
2869 911 3206 981 sepulcrum,

1910 1003 2102 1058 Ponite
2136 1004 2410 1067 custodes,
2449 1012 2801 1081 monumento
2839 1001 3111 1057 advolvite
3140 1017 3352 1057 saxum.

1767 1095 1872 1152 510
1910 1095 2042 1164 Quis
2073 1097 2270 1165 poterit
2297 1111 2513 1152 servare
2544 1096 2737 1160 Deum,
2772 1096 2858 1149 cui
2884 1094 3107 1150 cardine
3133 1111 3317 1151 rerum

1910 1188 2117 1242 Cuncta
2159 1189 2382 1258 patent?
2421 1188 2586 1242 undis
2617 1185 2858 1252 habitat,
2901 1200 2998 1256 per
3036 1195 3238 1240 tartara
3266 1201 3354 1242 rc-

1843 1269 1846 1273 ’
3108 1278 3280 1351 leuat.

1919 1373 1984 1427 Et
2006 1373 2127 1445 caeli
2151 1373 2219 1429 de
2248 1373 2390 1438 nube
2424 1383 2588 1427 tonat.
2625 1371 2789 1441 Quid,
2819 1385 2963 1429 saeve
2993 1373 3281 1436 tumultus,

1914 1463 2076 1536 346
2103 1464 2360 1519 Excubiis
2375 1464 2628 1534 deperdis
2649 1463 2818 1533 opus?
2835 1463 2964 1532 quid
2993 1463 3187 1519 niteris
3212 1463 3357 1519 illam

1919 1557 2218 1628 Explorare
2246 1557 2430 1630 fidem,
2467 1558 2555 1613 cui
2585 1571 2691 1612 non
2724 1557 2808 1618 vis
2838 1558 3094 1612 credulus
3121 1559 3278 1614 esse?
3321 1557 3325 1561 ’
3405 1603 3410 1608 .

159 1726 449 1797 Postquam
498 1725 658 1794 igitur
689 1698 1000 1779 thesaurum
1047 1720 1292 1791 corporis
1321 1648 2220 1794 pretgfsij‘gefilngocenlis
2247 1722 2451 1777 exitum
2481 1721 2506 1761 ιι
2536 1722 2823 1776 saturastis
2849 1712 3138 1792 injustam,
3168 1722 3358 1781 Domi-

83 1818 323 1884 positum
376 1831 528 1872 sacer
555 1818 703 1870 locus
737 1816 825 1869 ille
875 1815 1132 1884 suscepit,
1165 1814 1278 1884 qui,
1326 1813 1554 1867 Domino
1585 1813 1668 1883 ja-

80 1919 266 1971 centc,
291 1908 490 1963 nobilis
516 1908 731 1973 claruit,
763 1916 1083 1976 resurgente
1106 1905 1338 1967 nobilior
1370 1905 1665 1974 triumpha-

84 2001 188 2067 vit,
211 2000 489 2069 generatio
530 1999 760 2052 fallaciae
801 1997 993 2052 devora
1026 2009 1341 2050 consuetum
1366 1997 1470 2049 sub
1500 1992 1668 2063 impio

79 2095 254 2150 corde
299 2093 451 2148 nefas
488 2093 828 2163 excogitans,
859 2091 1131 2146 Christum
1160 2099 1425 2145 nocturno
1454 2089 1669 2143 silentio

80 2189 370 2261 discipulis
389 2188 600 2257 jactitat
620 2183 995 2245 aulerendum,
1014 2193 1070 2238 ut
1091 2185 1229 2238 sicut
1253 2184 1366 2252 ipse
1392 2184 1667 2251 prmtlixe-

81 2290 195 2346 rat,
226 2264 368 2335 diem
402 2280 714 2350 vulgaretur
731 2277 1039 2331 surrexisse
1071 2285 1191 2344 post
1219 2276 1459 2344 tertium.
1492 2285 1516 2311 ἰ
1545 2275 1668 2329 Hazc

81 2373 275 2443 itaque
300 2371 473 2428 Judzei
497 2370 690 2426 furtiva
717 2369 1027 2438 suspicione
1053 2367 1352 2435 perterriti,
1385 2367 1666 2436 plurimam

83 2474 283 2535 petunt
327 2461 627 2518 custodiam
657 2460 912 2516 solertius
967 2457 1234 2521 adhiberi,
1266 2457 1561 2525 tumulique
1592 2455 1672 2510 fo-

83 2568 286 2627 res,,et
314 2555 534 2625 ianuam
580 2552 682 2606 lida
714 2552 872 2606 nimis
903 2549 1187 2604 obsidione
1207 2549 1420 2602 vallari.
1448 2548 1503 2604 Si
1535 2564 1672 2602 non-

81 2650 220 2706 dum
246 2658 366 2717 post
386 2648 564 2702 crucis
597 2644 793 2700 acerba
833 2643 1118 2713 supplicia,
1155 2651 1276 2708 post
1307 2639 1434 2695 ferri
1464 2639 1666 2710 plagas,

83 2755 145 2800 et
196 2743 466 2812 vulnera,
515 2747 640 2810 post
680 2736 964 2793 mortalem
1021 2734 1266 2803 corporis
1309 2724 1668 2803 sepulturam,

85 2840 401 2906 cruentum,
430 2833 735 2898 carnifices,
763 2830 1026 2901 implestis
1055 2827 1315 2896 ofﬁcium,
1359 2842 1459 2883 nec
1487 2827 1670 2882 odium

1753 1831 1896 1888 .pum
1919 1817 2009 1885 qui
2035 1817 2297 1884 potentiae
2335 1816 2631 1883 singularis
2662 1814 2877 1884 quoties
2923 1816 3134 1870 animas
3171 1816 3363 1873 eduxit

1768 1907 1836 1962 ab
1857 1907 2071 1975 inferis,
2099 1921 2250 1961 suam
2275 1911 2452 1975 potius
2476 1916 2856 1961 revocaturum
2886 1907 3279 1976 non'probatis,
3300 1909 3356 1964 in

1769 2000 2009 2069 pejorem
2043 2008 2249 2068 partem
2277 1999 2505 2055 concilia
2534 1999 2688 2053 vobis
2733 2007 2855 2067 apta
2890 1983 3150 2068 peragite,
3180 1988 3387 2057 fovete-

1768 2091 2018 2145 sensibus
2038 2090 2195 2145 dolos
2219 2091 2465 2160 perfidia:
2485 2090 2827 2144 nutrimentis
2842 2101 3103 2156 armatos,
3119 2091 3358 2159 sepulcri

1767 2185 2004 2239 claustra
2041 2185 2272 2254 signate,
2314 2184 2525 2253 vigilias
2558 2182 2821 2237 militares
2845 2184 3121 2252 apponite,
3167 2199 3383 2239 moon--

1776 2288 2018 2339 mentum
2048 2292 2180 2332 saxo
2209 2277 2549 2344 praecludite,
2575 2287 2883 2348 cunctaque
2907 2276 3258 2346 malignis,ut
3279 2278 3359 2331 la-

1775 2371 1920 2434 citis,
1948 2370 2398 2445 diSpositionibus
2439 2371 2793 2433 instruentes,
2818 2370 3005 2436 dicite,
3027 2370 3148 2440 quis
3174 2370 3355 2425 Domi-

1777 2475 1904 2516 num
1931 2461 2132 2540 poterit
2170 2453 2467 2528 custodire,
2497 2461 2586 2517 cui
2625 2473 2817 2516 cuncta
2863 2473 3195 2530 reserantur,
3228 2463 3363 2519 nihil

1777 2553 2119 2610 obstruitur?
2145 2562 2334 2623 regnat
2364 2553 2418 2608 in
2446 2553 2620 2619 antis,
2650 2554 2882 2626 imperat
2917 2554 3088 2619 fretis,
3113 2554 3363 2625 dumiug-

1780 2645 1871 2700 tur
1894 2644 2101 2700 inferis.
2134 2644 2275 2712 Quid
2321 2645 2508 2715 itaque
2559 2644 2784 2715 perﬁdis
2831 2660 2968 2715 opus
3014 2645 3279 2713 excubiis,
3309 2653 3366 2703 et

1775 2738 2004 2794 labore?
2030 2737 2158 2808 quid
2188 2739 2348 2792 linem
2402 2736 2594 2791 niteris
2634 2736 2944 2815 explorare,
3004 2753 3166 2808 quam
3197 2749 3219 2778 ο
3250 2752 3360 2794 non

1777 2829 1882 2895 vis,
1903 2829 2067 2884 etiam
2093 2844 2216 2885 cum
2241 2828 2516 2901 probaris,
2539 2827 2867 2884 admittere?
3250 2863 3252 2868 ι
3421 2828 3423 2830 ’

1575 2917 1884 2976 SCHOLfA.

163 3021 294 3079 294.
321 2991 324 2999 Ι
357 3018 526 3083 Alm.,
571 3017 758 3088 faciet;
801 3015 1069 3069 sententia
1100 3012 1487 3088 Aexigitlaciat.
1530 3012 1676 3067 Meus
1703 3014 1746 3076 C
1781 3014 2018 3088 deperdis
2040 3030 2190 3086 opus,
2213 3024 2268 3069 et
2291 3014 2661 3071 Nebrissensis
2683 3013 2919 3088 explicat
2939 3032 3066 3088 opus
3092 3017 3361 3084 tumultus,

130 3111 192 3148 ro
224 3102 394 3146 tenues
420 3085 641 3145 exhibet
663 3094 855 3141 mentes
885 3105 895 3140 :
930 3102 1033 3140 non
1064 3086 1259 3155 placet.
1285 3085 1518 3151 Mansor,
1555 3100 1693 3159 ver-1

129 3182 220 3221 um
241 3178 458 3216 novum.

160 3235 292 3290 295.
332 3232 480 3296 Ald.,
513 3229 709 3301 Corpus
734 3227 938 3282 Domini
961 3226 1496 3301 conditttutsepulcro.

160 3306 291 3362 297.
362 3307 528 3357 Arntz
561 3341 577 3366 ,
605 3297 726 3354 Ald.
755 3308 810 3352 et
841 3298 1083 3352 nonnulli
1132 3297 1220 3350 alii
1266 3300 1671 3364 interpungunt,

91 3377 337 3433 Nobilior
363 3384 620 3443 surgente.
649 3383 815 3424 tamen
844 3369 1102 3443 generatio
1119 3368 1293 3443 fallas:
1315 3383 1330 3431 ;
1356 3372 1544 3443 ueteri
1568 3368 1674 3443 alio

89 3450 260 3505 mmlo
281 3436 548 3514 expreESn
569 3445 724 3514 longe
743 3436 955 3514 melius.
976 3436 1338 3514 prkenSiIh'
1353 3438 1677 3514 couijiciebat

88 3530 288 3583 tamen,
316 3507 590 3580 trepidatio
613 3507 783 3583 {ullam
807 3510 1115 3583 -—Angebot
1141 3508 1231 3583 sub
1261 3507 1414 3583 corde
1445 3507 1610 3583 (nefas
1631 3509 1674 3579 .')

87 3592 232 3662 quod
269 3577 411 3641 nocte
441 3577 634 3651 silenti,
667 3580 1229 3662 vel-:ICC-OllllIIOdal'l‘llS
1259 3577 1324 3662 ad
1355 3577 1673 3662 sententiain

91 3647 273 3732 βι-οςςιε
318 3670 515 3732 tamen,
546 3647 804 3732 generatio
828 3651 1010 3732 Iollas:
1034 3679 1112 3732 -.——‘
1126 3647 1376 3732 Fingebat
1401 3648 1494 3702 sub
1524 3651 1677 3704 corde

91 3721 267 3802 nefas,
291 3729 425 3798 quod
447 3721 591 3802 nocte
613 3725 808 3802 silenti.
828 3721 970 3802 Niltil
1004 3721 1313 3802 mutandum
1346 3736 1565 3792 censeo.

163 3790 435 3859 1198.319...
469 3797 638 3862 Lips,
662 3794 876 3860 Parrln,
895 3792 1139 3862 Augebat.
1167 3790 1325 3862 Fabr.
1351 3802 1401 3843 et
1431 3790 1675 3846 nOlttlulll

90 3874 250 3931 editi.
286 3861 795 3937 Audebunﬂeccpta
819 3861 1078 3933 scriptura
1113 3861 1336 3937 Augebat
1367 3862 1504 3937 bene
1556 3875 1675 3937 prof

90 3946 258 4001 cedit.
303 3941 413 3997 Ott.
454 3940 528 4002 2,,
576 3933 754 4008 nefas,
799 3951 860 3989 ne
899 3933 1322 4008 no_cte;rel_iqui,
1349 3933 1516 4008 nefas,
1539 3934 1675 4003 quod

93 4028 272 4079 nocte;
297 4014 390 4067 sed
428 4005 666 4068 inRom.
701 4008 914 4079 videtur
939 4005 995 4079 d.
1021 4020 1067 4058 s.
1097 4006 1218 4079 quia
1251 4019 1348 4079 pro
1370 4005 1527 4079 quod.

165 4073 294 4142 299.
338 4080 551 4147 Parrh,
586 4079 801 4133 scbedtc
827 4077 1058 4141 Poelm.,
1117 4073 1430 4140 Dominum;
1480 4073 1570 4133 alii
1621 4082 1691 4137 et,

88 4173 281 4230 P7053;
307 4152 582 4230 (Ξζπίδηυητ

169 4213 301 4282 505.
329 4215 475 4278 Meus
496 4265 509 4288 ,
556 4218 902 4290 Apostropltat
942 4217 1008 4290 ad
1042 4213 1272 4290 Judteos.
1321 4214 1536 4283 Parrh.,
1567 4214 1672 4270 Sed

94 4301 370 4360 nondum;
395 4293 658 4347 sententia
693 4288 926 4361 postulat
1035 4289 1282 4361 nondum.

170 4370 300 4424 505.
331 4356 711 4419 Νεδτίςερηεὶέ
731 4362 944 4425 legebat
973 4356 1243 4426 (Sarni/isis
1272 4358 1523 4428 implestis
1545 4373 1675 4425 opus

92 4457 223 4496 cum
246 4436 626 4505 explicatione,
650 4431 928 4505 Lami/iris,
951 4429 1206 4505 quisnlet
1241 4428 1525 4505 damnatos
1562 4428 1674 4496 ple-

90 4524 268 4566 ctere.
302 4498 356 4562 In
388 4498 622 4559 editioiie
649 4501 1013 4557 Westbemeri
1045 4499 1238 4567 legitur
1265 4498 1562 4568 Carniﬁces.

166 4581 299 4637 305.
334 4577 523 4632 Parrlt.
549 4618 563 4640 ,
607 4570 969 4627 revocavit‘ab
1014 4571 1205 4637 umbris
1228 4609 1244 4635 ,
1277 4571 1419 4638 quod
1459 4568 1673 4623 schedm

91 4655 307 4708 Puelin.
341 4663 443 4702 non
477 4649 730 4709 probant;
758 4644 939 4698 caeteri
985 4640 1264 4705 produxit,
1305 4640 1400 4694 sed
1440 4641 1587 4694 multi
1621 4641 1672 4694 in

90 4721 424 4784 compendio
456 4717 777 4779 litterarum,
806 4723 862 4766 ut
890 4712 1128 4780 perduxit
1155 4711 1256 4780 legi
1285 4711 1474 4780 possit.
1509 4712 1632 4765 All).
1657 4752 1671 4775 ,

91 4792 373 4864 producit;
417 4857 428 4864 _
539 4852 542 4856 ί

165 4862 300 4918 507.
335 4857 496 4923 Urb.,
527 4853 698 4923 actos,-
727 4853 957 4921 corrige,
987 4859 1158 4920 aptos.

164 4934 298 4988 308.
331 4922 515 4992 Forte,
542 4922 807 4994 Conciliis,
841 4940 905 4978 ex
930 4937 1114 4990 prosa.
1270 4975 1283 4994 Α,

168 5004 300 5060 510.
343 4990 682 5055 Hermannus
707 4990 1127 5063 Cannegieterus
1161 4990 1516 5061 conjiciebat,
1551 4991 1678 5056 Quis

90 5076 286 5145 poterit
303 5087 502 5145 seruare
519 5067 719 5145 Deum?
741 5083 842 5137 quo
870 5063 1077 5145 cardine
1091 5065 1113 5104 ⁷
1127 5063 1569 5145 γιηιηι-ςϐιιηξια
1581 5079 1679 5145 pa-

90 5134 226 5202 ἱεηι.
258 5143 464 5200 Laudat
491 5134 855 5208 conjecturam
884 5136 1230 5199 Arntzenius,
1261 5134 1357 5189 sed
1392 5134 1584 5188 melius
1607 5136 1682 5186 la-

89 5221 190 5281 cit,
226 5214 370 5281 quod
399 5228 502 5264 non
531 5212 793 5281 sequitur.

166 5274 300 5344 3H.
333 5287 544 5344 Arum,
576 5274 727 5334 terris
753 5276 985 5341 habitat;
1031 5275 1142 5340 alii,
1176 5275 1328 5329 undis
1357 5274 1574 5340 habitat,
1605 5274 1682 5327 fa-

92 5373 270 5416 vente
299 5369 487 5425 prosa;
511 5350 865 5425 nonnulli,_in
892 5349 1061 5425 aquis.

165 5415 314 5485 513:
351 5420 578 5480 lmitatio
606 5421 808 5476 Lucani
839 5420 873 5473 I.
906 5415 945 5481 ι,
972 5417 1192 5490 Tarpeia
1217 5417 1280 5490 de
1309 5415 1440 5470 nube
1444 5424 1676 5490 _loua_ns.

89 5498 354 5559 Nonnulli
391 5496 729 5564 distinguunt
753 5491 899 5562 quid,
930 5486 1086 5555 steve,
1112 5486 1680 5542 tumultus-Excubiis

170 5627 194 5656 ³
225 5614 368 5670 Editi
397 5624 604 5672 omnes,
629 5604 897 5672 ch;sed
914 5603 1280 5669 reponendum
1308 5599 1679 5665 videtur,llac.

165 5689 195 5728 δ
226 5687 479 5754 Plerique
508 5680 706 5743 vulgati
733 5677 976 5731 saturatis
1000 5692 1017 5728 :
1045 5674 1360 5754 Gallandius
1387 5673 1677 5754 saturastis,

93 5759 247 5833 quod
277 5743 451 5825 magis
477 5760 570 5833 est
595 5759 1037 5833 consentaneum.
1092 5743 1560 5833 Quiesequuntur,
1595 5758 1684 5797 sa-

95 5819 170 5891 tis
195 5819 432 5886 obscura
452 5832 600 5890 sunt,
628 5831 702 5888 et,
737 5829 795 5875 ut
823 5819 1052 5885 videtur,
1078 5826 1353 5885 corrupta.

1704 4397 1756 4458 Ι)

1781 3087 1834 3139 li.
1870 3102 1921 3141 e.
1946 3101 2122 3156 ,ppus
2152 3089 2623 3140 tumultuosorttm.
2671 3087 2800 3152 Alii,
2830 3087 2977 3156 quid,
3022 3103 3149 3140 same
3171 3090 3364 3142 tumul-

1777 3154 2220 3227 tus,--Excubiis,
2237 3168 2290 3212 et
2315 3157 2366 3211 in
2392 3156 2521 3227 Reg.
2543 3161 2662 3210 test
2689 3154 2862 3227 glossa
2888 3173 2916 3210 ο
2937 3173 3068 3211 δωισθ
3090 3161 3364 3214 tumultus.

1778 3226 2032 3281 Pluribus
2073 3227 2399 3296 conjecturis
2441 3226 2526 3282 hic
2567 3228 2716 3282 locus
2755 3227 3100 3282 Sollicitatur.
3133 3229 3363 3285 Crusius

1779 3297 2008 3351 Probab.
2039 3296 2227 3352 Critic.
2255 3314 2374 3367 pag.
2409 3299 2528 3362 170,
2559 3298 2705 3368 quid,
2725 3315 2869 3360 uerte,
2894 3301 3142 3368 t_umultu,
3164 3297 3360 3354 —Ea:-

1778 3369 1939 3422 cubiis
1964 3368 2087 3436 quid
2113 3363 2284 3426 densis
2306 3363 2472 3441 opus?
2491 3363 2950 3441 Quinctiujecmfa
2980 3379 3092 3441 tam,
3118 3376 3366 3441 nuntiate:

1780 3449 1862 3493 tro
1886 3442 2156 3500 convenit,
2183 3455 2339 3507 quam
2369 3438 2469 3491 alia
2495 3440 2734 3505 ejusdem
2764 3437 2944 3494 Crusii
2967 3441 3022 3492 in
3048 3439 3168 3494 Val.
3203 3437 3366 3496 Flac‘i
3414 3455 3420 3463 '

1778 3523 1897 3564 Cum
1917 3509 2041 3564 libr.
2064 3526 2098 3572 ι,
2119 3524 2258 3581 vers.
2291 3508 2360 3565 94
2392 3507 2597 3581 :Moliri
2630 3512 2744 3562 hinc
2768 3513 2978 3581 puppim
2996 3510 3164 3581 jubet.
3194 3519 3241 3564 et
3271 3513 3376 3566 der

1779 3591 1964 3650 metere
1993 3580 2409 3648 ferro—llobora
2440 3595 2534 3648 pro
2564 3579 2824 3634 demittere
2838 3579 3168 3650 [erroJLegit
3196 3583 3358 3636 etiam

1777 3649 2000 3705 Crusius
2047 3665 2325 3719 srazveprn
2355 3667 2502 3718 steve,
2534 3653 2674 3718 quod
2710 3649 2899 3720 parum
2941 3651 3189 3704 interest.
3225 3651 3361 3706 Bur-

1781 3736 2009 3776 tnanuus
2042 3723 2333 3790 Secundus,
2364 3722 2450 3791 qui
2481 3722 2727 3775 Crusium
2771 3723 3072 3789 castigavit,
3121 3722 3361 3778 teutabat

1779 3793 1925 3862 quid,
1957 3809 2085 3846 swve
2110 3793 2429 3854 tumultu,—
2449 3792 2688 3846 Excubiis
2720 3791 2968 3846 distendis
2999 3809 3145 3860 Opus,
3198 3793 3249 3847 lt.
3284 3810 3360 3858 e.,

1780 3865 1941 3934 rariis
1977 3865 2105 3916 locis
2160 3864 2447 3917 tumultqu
2476 3878 2687 3934 ,moves
2713 3905 2728 3926 ,
2779 3874 2831 3917 et
2873 3865 3129 3934 excubias
3177 3865 3356 3934 ponis.

1778 3933 2036 4004 Cellariiis
2066 3949 2128 3989 ex
2175 3936 2317 3987 Altu.
2364 3943 2418 3988 et
2455 3933 2608 3987 Cant.
2645 3947 2801 4004 mss.,
2833 3933 2978 4002 quid,
3015 3949 3141 3987 srvve
3171 3936 3362 3988 tumul-

1780 4003 2201 4066 tus,—lta:cubiis
2223 4005 2463 4074 dependis
2487 4021 2635 4071 opus,
2661 4003 2714 4057 h.
2743 4019 2819 4069 e.,
2836 4020 3077 4073 operam,
3103 4019 3171 4059 ex
3193 4007 3361 4060 Colu-

1781 4076 1936 4128 mella
1968 4076 2090 4129 libr.
2127 4073 2398 4138 ιν,λο.⁷22,
2429 4073 2692 4128 Incassum
2722 4075 3025 4140 dependitur
3049 4091 3225 4140 opera.
3261 4077 3363 4130 Ea-

1781 4092 1936 4128 metta
1968 4092 2090 4129 ttnr.
2127 4092 2278 4136 tv,‘c.
2307 4092 2398 4138 zz,
2429 4092 2692 4128 Incassum
2722 4092 2784 4127 ae
2823 4092 3025 4128 enauur
3049 4092 3225 4140 opera.
3261 4092 3357 4130 ιιι·

1778 4146 1900 4200 dem
1927 4155 2008 4200 est
2028 4148 2294 4215 scriptura
2323 4145 2375 4199 in
2404 4144 2525 4197 Vat.
2558 4148 2609 4212 l,
2638 4145 2750 4200 Ott.
2777 4092 2833 4207 ξ,
2873 4157 2926 4199 et
2956 4147 3049 4198 fuit
3082 4147 3132 4198 in
3164 4146 3278 4200 Ott.
3305 4149 3357 4214 1,

1780 4217 1832 4270 in
1863 4232 1969 4285 quo
2000 4218 2286 4286 corrigitur
2326 4215 2572 4287 dependis
2616 4233 2711 4282 per
2741 4216 2998 4282 deperdis.
3038 4215 3095 4270 In
3127 4216 3260 4284 Reg.
3303 4218 3359 4278 2,

1780 4287 2053 4358 deperdis;
2082 4288 2134 4341 d.
2168 4302 2212 4358 s.
2240 4286 2505 4357 dependts.
2547 4286 2650 4340 Alii
2685 4289 2874 4353 nostri,
2925 4287 3138 4348 Arutz.,
3170 4287 3360 4342 Psrrli.

1781 4357 1900 4429 cum
1927 4358 2106 4410 multis
2132 4357 2293 4412 editis
2314 4358 2720 4429 deperdisropus.
2753 4359 2922 4423 Meus,
2949 4358 3193 4427 dependis
3221 4375 3359 4429 opes.

1779 4427 1943 4495 Ang.,
1976 4429 2224 4493 dependis
2253 4425 2401 4499 opus.
2449 4425 2512 4482 Ο.
2547 4428 2872 4499 Arntzenius
2896 4471 2910 4489 ,
2964 4425 3184 4496 patruus
3218 4425 3365 4483 lien-

1777 4499 1896 4561 rici,
1913 4500 2178 4553 divinabat
2193 4498 2338 4567 quid,
2355 4514 2504 4562 satae,
2528 4498 3120 4553 tremenda—Excubiis
3145 4510 3218 4552 est
3242 4517 3365 4570 gen-

1733 4567 1745 4581 '
1779 4571 1841 4622 lis
1868 4571 2034 4636 Opus?
2070 4571 2152 4623 vel
2185 4570 2443 4624 trementis
2468 4611 2482 4634 ,
2525 4570 2648 4638 quia
2681 4571 2879 4623 milites
2908 4587 3012 4637 pra:
3045 4567 3362 4624 timure'au-

1778 4639 2046 4706 fugerunt.
2080 4641 2263 4694 Herm.
2291 4640 2713 4707 Cannegietcrus
2756 4640 2862 4694 alio
2913 4641 3070 4693 modo
3100 4641 3255 4710 quid,
3283 4657 3363 4694 se-

1779 4711 2431 4771 ditle,multis—E;rcubiis
2453 4710 2684 4781 defendis
2698 4727 2847 4776 opus.
2880 4711 3222 4776 Arntzeuius,
3249 4713 3367 4764 erli-

1779 4790 1864 4835 tur
1891 4783 2120 4847 Sedulii,
2144 4786 2224 4836 sic
2249 4782 2637 4847 ltariolabatur,
2666 4782 2814 4850 quid.
2845 4798 2993 4840 steve.
3021 4783 3366 4848 tumultus,—

1780 4850 2028 4906 Excubiis
2053 4854 2299 4906 dementis
2327 4869 2474 4921 Opus.
2504 4854 2603 4906 Per
2622 4868 2809 4906 siceum
2835 4852 3057 4904 Pilatum
3091 4851 3365 4919 intelligit,

1783 4937 1877 4991 per
1906 4924 2178 4976 tumultum
2215 4924 2498 4977 dementem
2526 4924 2800 4977 custodes.
2835 4923 3028 4977 Verum
3062 4922 3143 4976 ita:
3173 4937 3367 4978 omnes

1781 4995 2109 5060 coujccutrtn
2152 4997 2321 5048 multo
2371 4996 2716 5047 obscuriores
2761 5001 2888 5046 sunt
2935 4994 3045 5061 ip~a
3094 4995 3366 5060 scripturn

1782 5075 2021 5119 veterum
2050 5067 2434 5134 exemplarium
2458 5065 2603 5134 quid,
2624 5079 2749 5118 saeve
2773 5062 3371 5134 tuntultu.s_.—E.rcubiis

1784 5134 2023 5205 deperdis
2048 5132 2219 5203 Opus,
2238 5139 2318 5190 vel
2346 5132 2491 5206 quid,
2523 5151 2649 5189 sitve
2680 5135 2925 5206 tumultus
2945 5179 2958 5201 ,
2978 5205 2983 5206 ν
3003 5132 3250 5188 Excubiis
3281 5139 3369 5188 dc-

1783 5208 1964 5276 pendis
1994 5224 2142 5274 Opus,
2171 5207 2274 5269 vel,
2309 5205 2365 5260 ut
2386 5217 2468 5260 est
2499 5207 2549 5258 in
2575 5220 2694 5258 ineo
2710 5205 2921 5268 codicis,
2952 5205 3195 5276 dependis
3221 5222 3364 5272 opes,

1781 5274 1867 5328 vel
1902 5289 1958 5330 ut
1982 5282 2032 5330 in
2060 5277 2179 5332 aliis
2213 5278 2369 5331 codd.
2405 5276 2624 5343 legitur,
2652 5277 2908 5342 disperdis
2933 5291 3082 5343 apus.
3117 5274 3173 5329 In
3208 5291 3366 5344 prOsa

1785 5347 2011 5402 nihilde
2043 5349 2271 5402 tumultu
2301 5347 2494 5399 dicitur
2541 5365 2550 5397 :
2585 5361 2708 5398 nam
2754 5347 2965 5415 perﬁda:
3007 5347 3247 5400 excuhizc
3275 5360 3369 5400 vo-

1783 5430 1995 5485 eantur,
2027 5421 2154 5487 quia
2179 5419 2507 5474 fefellerunt,
2536 5423 2594 5469 ut
2619 5431 2760 5487 vers.
2790 5419 2893 5472 566
2925 5418 3240 5484 explicatur.

1855 5489 1980 5543 514.
2019 5485 2160 5559 Virg.
2191 5491 2292 5544 ecl.
2322 5489 2375 5551 9,
2403 5501 2455 5540 v.
2482 5487 2551 5541 '54
2573 5527 2589 5554 ,
2618 5485 2724 5542 Sed
2747 5504 2847 5541 non
2877 5503 2969 5556 ego
2997 5487 3241 5542 credulus
3267 5488 3370 5542 illi.

1863 5614 1882 5638 ε
1917 5602 1992 5658 Ita
2025 5603 2164 5672 hunc
2204 5601 2382 5656 locum
2434 5603 2646 5672 sanavit
2675 5600 2910 5672 Juretus.
2941 5616 3064 5654 cum
3100 5602 3153 5654 iu
3185 5618 3372 5657 exem-

1785 5673 1920 5741 piari
1951 5671 2380 5744 ms.'legeretur,
2423 5689 2574 5743 quam
2619 5671 2805 5744 nobilis
2834 5672 2988 5729 etiam
3025 5673 3371 5744 comprobaris

1783 5747 2087 5800 ammittere.
2121 5743 2352 5802 Interea.
2380 5783 2395 5800 .
2426 5785 2438 5798 .
2497 5743 2750 5798 irradiare
2792 5744 2936 5813 festis
2978 5759 3094 5814 qua:
3119 5743 3366 5802 Domino.
