3886 6404
67 392 146 448 7M

65 509 153 565 555
182 505 400 561 Deserta
429 502 670 583 statione
693 501 876 575 fugax,
909 503 1176 572 testisque
1208 499 1419 554 timoris

195 597 326 654 Vera
349 595 521 653 refert
548 596 750 668 gratis;
777 602 1064 666 postquam
1080 593 1209 648 data
1231 608 1479 658 munera,
1496 589 1635 646 fallit

189 689 636 762 Discipulumque
688 687 912 760 globum
967 684 1170 757 placidi
1222 686 1323 739 sub
1391 693 1640 754 tempore

1363 773 1565 848 [sumni

188 877 338 934 Clam
361 875 470 932 sibi
491 883 756 931 nocturna
783 871 1062 930 Christum
1085 871 1424 928 abstraxisse
1453 866 1645 940 rapina

197 975 551 1049 Compositus
575 973 864 1032 simulator
890 971 986 1029 ait.
1017 973 1180 1038 Fare,
1241 970 1491 1044 improbe
1519 984 1645 1027 cus-

1439 1063 1570 1137 [tos,

61 1171 156 1230 340
191 1169 519 1244 Responde,
565 1169 832 1230 scelerata
895 1166 1128 1236 cohors,
1184 1167 1228 1223 si
1259 1166 1546 1232 Christus,
1588 1143 1647 1222 ut

1381 1268 1575 1342 [audes

193 1377 414 1443 Dicere,
443 1373 705 1430 concluso
735 1372 922 1429 furtim
952 1371 1254 1444 productus
1276 1371 1344 1427 ab
1374 1379 1555 1436 antro,

197 1477 416 1549 Sopitos
447 1477 626 1544 latuit,
654 1475 810 1546 cujus
837 1474 983 1546 jacet
1011 1473 1155 1530 intus
1175 1474 1432 1541 amictus,

193 1578 362 1654 35.9
385 1577 553 1648 Cujus
599 1573 668 1632 ad
708 1577 952 1656 exuvias
983 1573 1141 1631 sedet
1187 1573 1476 1646 Angelus?
1512 1589 1654 1631 anne
1683 1577 1721 1618 ι

1409 1672 1581 1748 [beati

199 1782 462 1854 Corporis
488 1783 704 1837 ablator
731 1777 976 1835 velocius
1005 1789 1130 1833 esse
1159 1778 1370 1848 putavit

59 1888 163 1944 545
201 1885 434 1942 Solvere
456 1889 790 1946 contectum,
823 1894 985 1950 quam
1011 1871 1320 1934 devectare’
1350 1878 1616 1949 ligatum?
1678 1879 1688 1885 '

200 1987 340 2044 Cum
372 1999 524 2041 mora
554 1985 625 2039 sit
652 1981 812 2038 furtis
842 1981 1138 2046 contraria,
1171 1981 1388 2036 cautius
1419 1996 1551 2052 ergo

1186 375 1473 436 CARMEN
1511 372 1889 434 PASCHALE.
1933 371 2067 429 LIB.
2113 371 2175 426 ν.

1663 501 1718 561 Δ

3231 369 3334 425 7η

1884 492 2022 550 Cum
2058 491 2285 547 Domino
2310 498 2540 560 potuere
2562 491 2733 560 magis
2764 502 2863 543 sua
2893 487 3057 542 lintea
3089 489 3226 543 tolli.

1890 581 2117 644 Mcntita
2142 597 2228 642 est
2263 595 2364 641 vox
2392 599 2526 639 \ana
2557 583 2659 639 sibi
2687 602 2701 650 ;
2752 593 2936 639 tamen
2965 583 3069 637 ista
3112 583 3338 652 ﬁguram

1887 683 1995 740 Res
2043 681 2208 738 habet
2247 677 2524 751 egregiam
2576 694 2591 732 :
2629 673 2832 733 Judaeis
2881 684 3097 732 constat
3149 675 3339 730 adem-

3065 766 3262 842 [plum,

1746 868 1853 927 550
1892 868 2065 938 Quem
2099 883 2201 924 nos
2230 868 2432 924 devoto
2465 873 3002 944 portamuspcctore
3028 863 3335 920 Chrisrnm.

1955 960 2159 1033 Plange
2175 959 2495 1016 sacerdotes
2510 955 2807 1028 perituros,
2829 957 3025 1028 plange
3038 957 3342 1021 ministros,

1894 1054 1962 1110 Et
1994 1054 2277 1124 populum,
2305 1049 2492 1108 Iudaea
2517 1093 2532 1118 ,
2570 1059 2717 1105 tuum
2753 1066 2850 1120 pro
2879 1048 3078 1104 talibus
3101 1049 3269 1104 ausis.

1893 1145 2011 1204 Non
2046 1146 2200 1214 tuba,
2233 1141 2579 1202 nonUnctus
2608 1189 2623 1215 ,
2674 1150 2783 1200 non
2821 1145 2933 1213 jam
2981 1154 3068 1198 tua
3123 1141 3346 1198 victima

2155 1278 2157 1280 -
2901 1221 2904 1224 ’
2967 1234 3140 1309 [grata
3169 1243 3271 1292 est.

1899 1333 2064 1408 350
2081 1331 2344 1403 Quaenam
2359 1329 2502 1389 bella
2527 1331 2622 1388 tibi
2649 1328 2732 1387 cla
2743 1338 2870 1402 nget
2890 1329 3040 1398 tuba,
3064 1343 3192 1399 rego
3218 1343 3344 1399 per-

2509 1436 2517 1440 "
3029 1422 3280 1495 [empto‘i

1756 1521 1864 1579 555
1901 1521 2034 1590 Quis
2068 1531 2194 1577 tuus
2243 1520 2455 1578 Unctus
2507 1520 2652 1584 erit,
2709 1531 2833 1589 qua:
2863 1518 3065 1572 verum
3102 1516 3354 1570 amiseris

2980 1607 3283 1682 [Unctum't

1907 1706 2136 1762 Victima
2171 1720 2292 1778 qua:
2323 1705 2580 1774 dabitur,
2607 1719 2732 1760 cum
2775 1703 2995 1759 victima
3043 1711 3230 1771 pastor
3260 1700 3356 1755 ha-
3417 1769 3422 1772 _

3051 1796 3239 1870 [betur
3263 1802 3284 1850 Υ

1907 1891 2159 1949 Discedat
2185 1905 2486 1964 synagoga,
2523 1905 2622 1946 suo
2653 1889 2868 1945 fuscata
2902 1889 3112 1956 colore,

1908 1986 2208 2043 Ecclesiam
2251 1984 2506 2041 Christus
2538 1983 2765 2054 pulchro
2793 1982 2900 2038 sibi
2927 1983 3108 2052 junxit
3141 1995 3353 2048 amore,

1420 2113 1598 2172 OPUS
1635 2115 2026 2174 PASCHALE.

59 2237 422 2302 renuntiant;
459 2244 741 2306 postquam
786 2232 945 2289 fidem
977 2233 1152 2302 pretio
1195 2231 1580 2299 vendiderunt,
1605 2234 1658 2288 in

61 2331 338 2385 fallaciam
397 2335 777 2399 permutantur
833 2324 1108 2395 ignavam,
1167 2340 1404 2396 moxque
1461 2325 1661 2381 Christi

56 2425 368 2495 discipulos
407 2432 686 2479 nocturnae
718 2421 924 2492 quietis
953 2419 1166 2475 insidiis
1217 2427 1513 2491 ancupatos
1541 2437 1663 2476 eum

57 2519 363 2588 diripuisse
404 2515 745 2586 confingunt.
807 2513 926 2581 Dic,
972 2516 1202 2569 nefande
1255 2526 1459 2582 custos,
1485 2525 1540 2572 et
1564 2517 1666 2571 im-

57 2612 264 2683 probe,
300 2611 437 2677 fare,
458 2609 724 2664 scelerata
756 2609 916 2678 legio,
945 2607 1072 2678 quid
1097 2608 1377 2662 mrditeris
1398 2619 1666 2677 astruere,

55 2721 184 2774 quae
211 2702 398 2758 studio
448 2701 690 2772 pecuniae
737 2699 1124 2770 coziqnirendre
1155 2699 1367 2756 foveam
1395 2701 1478 2756 cui
1510 2716 1670 2757 casus

55 2814 170 2852 non
189 2796 350 2850 vides
365 2804 390 2832 ⁸
412 2803 467 2850 et
479 2792 685 2864 pericli,
703 2801 963 2862 quantum
979 2790 1227 2862 supplicii
1244 2792 1502 2847 merearis
1521 2793 1672 2863 igno-

56 2905 179 2953 ras,
207 2903 343 2942 cum
373 2885 544 2942 mavis
575 2884 856 2956 negligens
896 2883 1090 2949 videri,
1123 2900 1282 2954 quam
1315 2900 1504 2940 verax.
1529 2882 1676 2946 Con-

55 2989 180 3037 SIat
211 2981 388 3047 enim,
419 2989 472 3033 te
523 2977 692 3033 fuisse
720 2975 1056 3046 pervigilem,
1092 2976 1408 3044 sollicitum,
1467 2977 1675 3047 perspi-

55 3089 287 3140 cacem,
322 3085 617 3141 numquam
643 3069 844 3125 Iumina
870 3083 1069 3124 somno
1100 3068 1342 3135 flexisse,
1367 3071 1468 3125 nisi
1505 3071 1674 3126 labori

57 3165 292 3220 vicibus
325 3161 679 3232 perfovendo,
707 3161 992 3231 proximus
1034 3160 1137 3216 rite
1168 3161 1380 3232 collega
1421 3163 1677 3220 succede-

54 3269 173 3323 ret,
204 3259 284 3312 ita
335 3257 514 3312 locum
547 3256 792 3312 excubiis
821 3254 1213 3318 communisse,
1243 3264 1304 3310 ut
1354 3243 1679 3314 nulli‘sadiri

54 3364 244 3419 posse
278 3347 564 3402 fraudibus
610 3357 918 3416 appareret.
954 3347 1086 3401 Nam
1132 3347 1177 3401 si
1206 3345 1474 3416 Christus,
1507 3359 1683 3404 utau-

51 3444 163 3499 des
183 3441 332 3496 falsa
360 3456 490 3496 voce
508 3454 856 3505 componere,
890 3440 1174 3494 nocturnis
1205 3441 1406 3509 aperis,
1433 3449 1682 3512 tempore

53 3535 273 3606 quieto
300 3548 524 3589 suorum
555 3532 806 3586 manibus
837 3542 1027 3602 raptus
1055 3539 1139 3585 est
1165 3546 1195 3585 e
1225 3533 1497 3602 sepulcro,
1530 3534 1684 3604 cujus

1769 2233 1910 2290 sidet
1932 2233 2186 2303 Angelica
2217 2234 2392 2289 virtus
2415 2234 2480 2289 ad
2521 2235 2742 2290 exuvias
2775 2233 2796 2288 ?
2825 2249 2890 2288 an
2920 2234 3138 2290 bonum
3167 2251 3366 2305 corpus

1774 2327 1882 2394 ille,
1909 2328 2000 2396 qui
2033 2328 2236 2397 rapuit,
2265 2327 2414 2397 prius
2447 2328 2618 2392 exuit,
2649 2335 2705 2382 et
2735 2327 2980 2394 nudavit,
3026 2328 3256 2382 celerius
3286 2342 3366 2383 ar-

1772 2420 2005 2476 bitratus
2032 2420 2309 2476 detectum
2341 2437 2502 2492 posse
2528 2421 2780 2487 subduci,
2805 2436 2964 2492 quam
2993 2422 3233 2491 ligatum,
3264 2422 3371 2477 sic—

1775 2524 1833 2568 ut
1861 2516 2148 2580 manebat,
2191 2515 2431 2570 auferri?
2463 2513 2684 2569 Mentita
2727 2525 2802 2568 est
2844 2516 3087 2584 iniquitas
3113 2514 3212 2568 sibi
3244 2512 3365 2585 (Ps.

1774 2622 1918 2672 xxvi,
1947 2607 2056 2675 l2).
2084 2606 2254 2661 llabet
2285 2615 2465 2661 tamen
2485 2607 2583 2661 ista
2628 2621 2716 2660 res
2743 2609 2970 2675 gratiam
3001 2607 3217 2676 ligursti
3246 2621 3371 2660 sen-

1775 2712 1869 2753 sus
1902 2698 2194 2768 egregiam.
2227 2696 2434 2752 Judmis
2485 2699 2686 2752 etenim
2731 2697 3004 2752 Christum
3059 2697 3372 2767 spiritaliter

1777 2796 1992 2843 constat
2019 2789 2282 2854 ablatum,
2311 2803 2476 2859 quem
2508 2804 2607 2843 nos
2656 2799 2764 2844 tota
2795 2789 3012 2856 mentis,
3048 2798 3101 2844 et
3133 2790 3372 2859 pectoris

1779 2883 2070 2939 devotione
2109 2891 2405 2953 portamus.
2431 2881 2656 2952 Plange,
2682 2883 2887 2948 Judma,
2925 2892 3045 2937 tuos
3082 2881 3266 2951 itaque
3289 2895 3375 2935 sa-

1780 2977 2055 3043 cerdotes,
2088 2977 2283 3044 plunge
2331 2976 2634 3042 ministros,
2689 2962 3048 3046 et'populum,
3108 2990 3228 3044 qua:
3278 2989 3392 3046 pro,

1782 3069 1948 3123 tantis
1975 3067 2194 3122 deserta
2242 3066 2486 3138 ﬂagitiis.
2518 3081 2624 3122 non
2667 3067 2777 3138 jam
2810 3069 2931 3122 tuba
2958 3066 3238 3138 gaudebis,
3268 3073 3395 3121 non”

1784 3160 1962 3218 Uncto
1990 3161 2323 3227 lirmaberis,
2359 3178 2464 3215 non
2511 3161 2798 3216 sacriliciis
2841 3161 3162 3231 perfrueris.
3209 3161 3376 3230 Cujus

1787 3271 1885 3328 spe.
1914 3272 2144 3326 namque
2171 3256 2388 3311 virtutis
2413 3256 2507 3310 tibi
2538 3257 2664 3310 tuba
2683 3256 3016 3327 perﬂabitur,
3041 3243 3161 3310 eum
3194 3272 3376 3326 regem

1788 3351 1972 3405 videas
1997 3349 2422 3418 interemptum?
2451 3350 2585 3416 Quis
2614 3349 2943 3417 Unctusjam
2977 3348 3114 3403 ultra
3142 3347 3379 3414 dabitur,

1788 3457 1910 3498 cum
1959 3442 2134 3513 ipsius
2187 3440 2342 3496 Uncti
2381 3442 2630 3496 amiseris
2683 3441 3092 3511 principatum?
3147 3444 3278 3509 Qua:
3306 3440 3385 3495 vi-

1793 3538 1960 3592 ctima
1991 3535 2238 3602 ferietur,
2274 3550 2398 3589 cum
2432 3534 2650 3589 victima
2701 3535 2860 3588 luerit
2891 3541 3075 3602 pastor
3106 3532 3220 3602 ipse
3273 3547 3386 3587 ma-

51 3628 140 3685 ibi
166 3628 374 3693 lintea,
409 3625 566 3697 cujus
594 3625 846 3695 adjacent
877 3626 1206 3691 velamenta,
1231 3627 1380 3680 circa
1405 3629 1563 3696 cujus
1591 3642 1680 3682 re-
1709 3620 1756 3684 C
1791 3628 2016 3684 rtatus?
2050 3627 2308 3683 Discedat
2335 3641 2631 3698 synagoga,
2664 3629 2885 3697 proprio
2926 3626 3034 3696 jam
3066 3625 3249 3681 colore
3279 3625 3390 3681 fus-

1583 3763 1900 3824 SCHOLIA.

136 3862 287 3919 555.
325 3862 508 3922 Rom.,
538 3857 697 3926 Urb.,
735 3859 904 3930 fuga;
938 3857 1131 3912 melius
1173 3855 1289 3925 alii,
1333 3857 1513 3931 fugax.
1572 3857 1687 3914 Ott.

62 3936 136 4000 2,
180 3933 414 4000 leuique
435 3947 453 3994 ;
483 3931 621 3997 lege,
642 3931 901 3998 testisque.

184 4003 292 4060 56.
312 3999 462 4056 Multi
490 4001 621 4057 editi
649 4001 846 4071 gratis;
878 3999 969 4054 sed
1000 4007 1112 4064 post
1142 4000 1286 4052 data.
1313 3999 1530 4063 Pnrrlt.,
1563 4001 1686 4056 Ald.

63 4093 215 4132 cum
253 4073 459 4128 nostris
482 4073 735 4126 omnibus
764 4087 918 4132 mss.,
963 4081 1017 4126 et
1038 4071 1156 4125 aliis
1185 4071 1418 4125 aliormn
1439 4113 1454 4137 ,
1488 4074 1691 4143 gratis;

50 4157 368 4220 postquam
390 4145 511 4220 data
542 4158 775 4220 m_unera,
811 4143 970 4220 (utfit.

143 4219 297 4273 3'13.
347 4216 402 4269 lu
431 4215 542 4269 Ott.
579 4215 630 4279 l,
656 4228 723 4268 ex
749 4216 957 4267 exuvias
989 4222 1298 4268 correctum
1330 4214 1593 4268 excubias.
1628 4214 1688 4269 In

53 4290 224 4358 Reg.
261 4290 319 4350 2,
350 4287 581 4350 exuvias,
634 4284 729 4358 sed
760 4286 935 4354 glossa
965 4283 1396 4358 vigiliasgindicat
1428 4286 1687 4340 excubias.

55 4356 228 4430 mg.
273 4358 329 4420 l,
369 4373 492 4412 cum
526 4357 823 4430 plerisque,
855 4357 1084 4430 exuvias,
1106 4356 1184 4430 ad
1215 4370 1385 4424 marg.
1425 4372 1520 4420 pro
1551 4359 1604 4410 d.
1637 4372 1686 4412 s.

54 4427 376 4494 excubias,
409 4429 549 4498 quod
591 4442 620 4480 a
646 4442 724 4498 pr.
755 4441 828 4479 m.
865 4427 1035 4482 fuisse
1065 4428 1280 4498 videtur
1309 4431 1360 4480 in
1389 4436 1649 4484 contextu
1675 4446 1688 4481 :

53 4519 217 4557 nam
269 4497 456 4567 glossa
484 4499 684 4570 vigitias
715 4497 818 4551 hoc
847 4499 1044 4568 arguit.
1077 4497 1209 4552 Urb.
1263 4497 1524 4553 mendose
1551 4541 1565 4565 ,
1621 4500 1691 4553 ad

50 4591 154 4630 ex:
165 4589 319 4624 ""08
330 4612 340 4621 .

144 4643 304 4699 546.
365 4640 511 4695 Multi
565 4641 957 4708 interpungunt
1009 4641 1271 4692 detrectare
1317 4635 1572 4710 ligatum?
1623 4671 1693 4682 —-

53 4716 228 4771 Cum
290 4729 435 4766 mora
464 4714 529 4764 sit
558 4713 707 4781 furtis
740 4711 1005 4764 contraria
1028 4752 1039 4768 .
1089 4711 1294 4762 cautius
1342 4726 1465 4780 ergo
1497 4729 1512 4764 :
1557 4726 1696 4765 non-

50 4786 236 4843 nulli
282 4793 409 4850 post
439 4785 697 4836 contraria
729 4791 941 4850 ponunt
980 4781 1426 4850 interrogationis
1471 4791 1650 4835 notam
1679 4825 1692 4848 ,

50 4870 129 4913 ut
197 4856 283 4910 ad
365 4852 730 4920 prmcedentia
791 4852 1082 4907 referatur.
1134 4851 1482 4923 validissimo
1537 4868 1699 4923 argu-

50 4939 296 4985 menlo
329 4925 586 4980 Sedulius
615 4925 956 4978 tnentlaciun‘i
1003 4921 1290 4976 custodum
1345 4923 1582 4986 refellit,
1608 4921 1693 4990 ﬁet,

1794 3861 1927 3931 Reg.
1958 3862 2011 3928 l,
2042 3875 2138 3930 pro
2161 3861 2216 3914 d.
2252 3874 2296 3914 s.
2328 3875 2450 3931 cum
2479 3860 2775 3930 plerisque,
2807 3867 2863 3913 et
2893 3858 3113 3927 Optimis
3139 3871 3300 3923 mss”
3333 3866 3390 3915 et

1795 3930 1981 3996 editis,
2011 3943 2213 4001 pectore
2231 3973 2244 3994 ,
2274 3930 2609 4000 sull‘ragante
2634 3946 2816 3996 prosa.

1870 3998 2018 4059 551(
2043 4003 2164 4056 Ald.
2197 3998 2464 4056 Jttdtcanr
2498 4003 2737 4054 miserum
2786 4001 2927 4069 fore,
2960 4019 3074 4071 (μαῖ’
3125 3998 3388 4055 Christum

1797 4075 2062 4128 occiderit.
2097 4075 2247 4127 Meus
2269 4115 2282 4136 ,
2342 4073 2697 4143 Apostrophat
2742 4074 2810 4124 ad
2857 4084 3058 4142 gentem
3087 4071 3334 4143 Jitdwam
3370 4113 3386 4140 ,

1797 4147 1937 4217 quod
1968 4147 2198 4217 (inriserit
2231 4142 2538 4217 dignitatem
2569 4160 2953 4217 suumsuormn
2977 4142 3237 4217 διψῶ-(ᾖα,

1875 4162 1935 4199 ῡα
1968 4162 2198 4198 anusem
2231 4162 2538 4215 dignitatem
2569 4162 2714 4197 situm
2743 4162 2953 4196 suorum
2977 4162 3033 4196 su
3059 4162 3237 4197 rerum.

1875 4218 1997 4272 55:2.
2044 4215 2150 4270 Pro
2176 4214 2363 4268 talibus
2394 4217 2558 4278 ausis,
2587 4231 2653 4268 ex
2680 4215 2900 4281 Virgilio
2932 4231 2966 4268 ll
2997 4162 3122 4267 Ain.
3155 4213 3279 4269 5.3-5.
3359 4223 3363 4227 λ

1874 4287 2183 4351 555.υ1·ι›.,
2227 4286 2407 4354 Rom.,
2445 4289 2518 4339 vel
2557 4288 2672 4356 jam
2708 4301 2724 4337 :
2759 4285 2847 4337 alii
2881 4287 2980 4338 nari
3019 4289 3154 4356 jam.
3187 4284 3251 4339 (ὗ.
3287 4284 3385 4338 Fa-

1804 4360 2008 4413 bricius
2040 4375 2237 4411 COIIllll.
2273 4373 2391 4426 pag.
2435 4356 2570 4420 HQ,
2617 4366 2800 4409 mtclus
2831 4358 2879 4409 in
2910 4367 3101 4424 quarta
3137 4356 3381 4410 declina-

1803 4430 1951 4484 tione
1983 4444 2080 4498 pro
2110 4432 2362 4483 unctiOne
2394 4429 2582 4481 sumit.
2609 4427 2795 4480 Melius
2820 4428 3084 4481 (Iellarius
3116 4444 3209 4495 pro
3243 4443 3391 4496 rege,

1803 4510 1857 4554 et
1878 4517 2090 4554 summo
2121 4500 2407 4558 διαδικασία
2441 4515 2456 4552 :
2489 4498 2631 4568 quod
2665 4514 2730 4553 ex
2757 4514 2896 4550 vers.
2926 4500 3030 4553 555
3053 4500 3195 4550 clari:
3220 4506 3388 4566 patet.

1877 4571 2002 4627 554.
2045 4571 2127 4624 Αἰ»
2161 4572 2266 4624 huc
2301 4587 2460 4622 versu
2489 4586 2677 4622 rursus
2708 4570 2901 4637 incipit
2929 4571 3095 4622 codex
3129 4569 3262 4639 Reg.
3301 4570 3353 4623 3.

1875 4643 2000 4697 555.
2049 4644 2172 4711 Reg.
2207 4643 2260 4702 5,
2295 4641 2451 4707 Ald.,
2484 4639 2896 4695 Wcstltcmerus
2925 4641 2990 4693 ad
3027 4654 3224 4709 marg,
3253 4642 3390 4694 occi-

1804 4714 1940 4766 deris
1971 4729 1986 4764 :
2020 4714 2238 4781 reliqui,
2265 4714 2517 4764 antiaeiis.

1873 4787 1999 4839 37.8.
2048 4785 2188 4837 litliti
2223 4785 2380 4851 vulgo
2424 4785 2640 4852 pulchro
2680 4780 2965 4836 Christus:
3010 4796 3142 4834 mss.
3197 4797 3392 4836 omnes

1801 4856 1973 4908 nostri
1999 4872 2120 4907 cum
2142 4859 2311 4916 :\ltti.,
2345 4859 2554 4915 Arntz.,
2585 4853 2800 4910 l’at'rh..
2829 4854 2976 4918 Altl.,
3013 4853 3249 4905 Christus
3277 4854 3398 4919 pulo

1803 4927 1948 4978 rliro.
1980 4926 2114 4994 Reg.
2143 4926 2195 4987 τὶ,
2238 4925 2390 4984 Urb.,
2417 4925 2630 4977 scin-da:
2662 4924 2889 4990 l‘ot'lnt.,
2925 4924 3093 4977 Partli
3128 4967 3140 4988 ,
3176 4925 3349 4993 tinxit
3379 4941 3397 4977 :

50 5014 124 5056 ut
167 5000 273 5077 ait
300 4995 661 5061 Maldonatus,
689 4997 757 5075 ad
801 5011 920 5063 cap.
951 5008 1117 5047 xxvm
1149 4993 1334 5047 Matth.
1360 5035 1374 5061 ,
1417 4989 1692 5060 subtiliter,
1725 4989 1779 5048 D
1807 4989 2322 5077 plrtiqucijunxit:
2349 4995 2595 5077 nonnulli
2625 4994 2786 5077 duI-ic
2832 4997 3026 5075 iunxit,
3064 4996 3145 5047 \el
3176 4990 3395 5061 smn,-

50 5082 108 5128 et
150 5073 458 5137 eleganter
493 5068 743 5136 coarguit.

142 5133 310 5197 548.
342 5139 500 5192 Rom.
527 5133 746 5190 Mentha
776 5152 872 5190 vox
905 5154 920 5187 :
949 5135 1150 5188 rectius
1176 5135 1357 5188 (κριθή
1386 5133 1602 5189 Mentita
1633 5146 1707 5190 est

50 5231 204 5268 vox.
249 5211 315 5265 lu
351 5211 483 5278 Reg.
521 5211 543 5262 l
573 5211 691 5273 fuit,
726 5208 857 5272 sibi,
889 5217 1194 5260 correctum
1229 5223 1323 5273 per
1347 5205 1438 5258 tibi
1466 5248 1478 5269 ,
1513 5223 1706 5260 rursus

49 5289 132 5341 ad
175 5281 509 5349 inarginent
550 5280 603 5332 d.
654 5295 698 5332 s.
747 5279 888 5349 sibi,
931 5278 1078 5349 quod
1110 5279 1332 5349 probum
1367 5287 1471 5330 est.
1502 5278 1703 5330 Ibidem

49 5372 178 5428 pro
219 5347 376 5408 varia
407 5350 555 5428 aliud
591 5351 742 5428 prius
769 5348 885 5428 fuit.
921 5348 1090 5428 Magis
1132 5347 1702 5428 videtur_aliuml.i_re;

49 5418 122 5483 ac
152 5438 344 5493 θωνα
380 5418 600 5493 Quideni
629 5421 868 5493 abundat
909 5418 1145 5493 eleganti
1180 5419 1521 5493 hellenismo.
1573 5421 1704 5472 Cum

49 5489 411 5556 mora'sit',
441 5492 613 5561 inquit
634 5491 888 5546 Sedulius
914 5531 928 5554 ,
959 5490 1114 5542 t‘urtis
1161 5489 1454 5554 contraria,
1488 5493 1704 5545 cautius

50 5574 331 5631 fuisset,
371 5564 540 5618 lintea
558 5579 678 5616 cum
711 5562 943 5615 Domino
970 5561 1182 5623 tollere,
1211 5575 1370 5629 quam
1407 5561 1460 5614 in
1491 5562 1707 5615 solven-

50 5645 154 5701 dis
197 5640 309 5694 eis
343 5637 644 5689 immorari.
724 5691 731 5695 _

127 5710 311 5769 550.
358 5706 489 5776 Reg.
526 5706 550 5759 l
583 5706 634 5760 in
666 5707 1138 5776 eontextu,‘Ang.,
1172 5702 1337 5776 _Alb.,
1372 5702 1514 5756 Vati.
1567 5704 1615 5764 l,
1648 5704 1702 5762 ἓ,

49 5780 337 5844 εοιιεάειι
398 5772 649 5840 Ναξία,
708 5785 762 5830 et
823 5773 1069 5844 quadam
1118 5772 1413 5841 editiones,
1445 5789 1704 5843 corpore:

128 5913 166 5971 ξι
216 5896 339 5957 Sic
369 5893 758 5964 omnes'lediti:
787 5907 892 5964 quo
919 5906 1102 5962 sensu,
1133 5905 1243 5948 non
1273 5889 1452 5946 video.

1811 5068 1973 5122 simili
2003 5067 2150 5121 enim
2178 5069 2340 5119 modo
2373 5067 2483 5120 Ita-0
2510 5069 2616 5118 duo
2642 5067 2801 5119 verba
2839 5068 2886 5117 in
2921 5082 3051 5117 mss.
3077 5076 3396 5132 exuruntur,

1813 5154 2087 5206 plusculum,
2119 5139 2206 5190 ubi
2233 5140 2418 5206 211)ίοοκ
2451 5137 2642 5191 littera:
2674 5137 2690 5188 ἰ
2722 5152 2826 5186 m-n
2870 5137 3182 5201 :illieuntur.
3220 5135 3272 5188 In
3301 5135 3402 5189 Ec-

1811 5208 2020 5262 clesium
2050 5211 2287 5263 set-unda
2323 5209 2613 5275 Corripitur
2640 5222 2702 5258 rx
2741 5221 2888 5259 more
2931 5207 3160 5260 aliorum
3208 5218 3397 5274 pocla-

1812 5296 1929 5333 rutn
1959 5283 2407 5341 claristiaimrum,
2441 5278 2529 5340 qui
2561 5278 2764 5330 clarius
2792 5278 2840 5329 in
2873 5295 3029 5331 versu
3056 5289 3396 5344 pentatntrtro

1811 5353 2086 5418 dactylum
2125 5367 2184 5403 ex
2222 5351 2389 5402 il‘lilllS
2424 5351 2610 5415 primis
2636 5348 2866 5418 syllabis
2893 5348 3171 5413 rl'lit-iunt,
3206 5362 3257 5401 nt
3295 5349 3400 5401 Ra-

1812 5422 1983 5475 banus
2009 5439 2178 5474 carm.
2212 5421 2329 5479 100,
2353 5419 2465 5472 lluc
2495 5421 2657 5472 altare
2684 5432 2856 5473 tenens
2880 5420 3143 5472 ecclesiam
3176 5420 3397 5472 detlfatt.

1812 5492 1866 5545 In
1901 5493 2224 5561 QllliiUStialll
2260 5492 2510 5544 versibus
2545 5493 2593 5543 in
2625 5492 2881 5561 honorem
2913 5490 3006 5544 Si.
3037 5491 3246 5554 Jacobi,
3273 5491 3400 5542 Mal-

1815 5560 1937 5616 tliaai
1968 5606 1982 5628 ,
2018 5563 2253 5616 Simonis
2284 5608 2296 5627 ,
2322 5561 2545 5616 Thomas
2573 5602 2585 5625 ,
2627 5576 2764 5628 quos
2789 5560 3086 5630 descriptos
3119 5563 3289 5613 habeo
3333 5576 3399 5615 ex

1811 5637 1982 5688 veteri
2010 5633 2200 5687 Codice
2238 5633 2482 5688 Vatican.
2513 5631 2733 5700 Regina:
2756 5632 2916 5686 Suec.
2969 5649 3023 5686 ιι.
3055 5632 3175 5694 500,
3206 5630 3399 5686 Pasto-

1811 5720 1890 5759 rrs
1918 5704 2112 5771 ovibus,
2132 5704 2455 5775 ecclesiisque
2483 5711 2673 5775 patres.
