3912 6362
56 365 162 425 785

1341 578 1566 650 [gasset,

197 669 331 726 Cum
355 669 795 726 foribtts‘clausis
823 672 1091 728 resideret
1122 673 1273 728 turba
1302 671 1494 737 ﬁdelis,

198 762 343 818 Pace
371 765 812 836 salutantis‘sese
842 766 1236 837 intulit,.atque
1265 767 1464 823 foratas

197 856 361 930 353
399 857 708 929 Expediens
754 859 982 930 palmas,
1022 860 1190 916 nudat
1214 860 1394 916 latus:
1437 867 1522 916 ast
1564 859 1639 914 ibi

661 1019 666 1022 ,
1273 951 1530 1027 [Thomas
1545 999 1560 1022 ,

192 1040 295 1098 Cui
320 1043 579 1116 Didymus
604 1060 904 1116 cognomen
930 1045 1068 1114 erat,
1096 1062 1216 1103 cum
1244 1047 1500 1102 fratribus
1531 1063 1634 1102 una

50 1132 154 1220 580
193 1134 312 1190 Non
341 1136 538 1204 fuerat,
558 1137 885 1210 dubiamque
911 1139 1070 1195 ﬁdem
1091 1140 1190 1196 sub
1211 1140 1374 1196 corde
1392 1140 1638 1210 gerebat.

189 1226 381 1287 Donec
413 1247 624 1301 rursus,
656 1248 722 1289 eo
749 1235 950 1304 pariter
978 1231 1280 1304 residente,
1303 1235 1530 1299 veniret,

193 1322 294 1386 Qui
355 1338 646 1394 numquam
705 1324 1017 1380 subtractus
1066 1336 1203 1382 erat.
1262 1325 1411 1382 Tunc
1460 1326 1643 1381 limine

1366 1417 1574 1490 [clauso

1193 331 1485 428 euntem
1523 366 1904 427 pascuus.
1946 365 2075 421 LIB.
2119 366 2184 420 v.

56 480 162 536 575
199 478 384 535 Plebis
441 479 790 550 apostaticae,
843 481 1312 554 Dominum-qua:
1363 499 1502 540 caeca
1551 499 1645 539 ne—
1669 498 1723 557 Α

3228 363 3331 420 746

1891 481 2149 536 Constitit
2175 478 2229 532 in
2257 474 2459 542 medio,
2494 489 2602 528 non
2632 474 2949 544 dedignatus
2984 488 3229 542 apertum

1887 572 2163 640 Discipulo
2190 576 2502 624 monstrare
2535 567 2698 632 latus,
2729 576 2986 635 tactuque
3014 566 3231 635 probari

1741 667 1846 724 585
1886 663 2162 727 Vulneris,
2194 670 2252 718 et
2275 671 2514 718 mentem
2546 661 2815 731 patienter
2835 660 2979 716 ferre
3009 660 3265 713 labantis.

1882 757 2112 828 Agnitus
2141 753 2269 819 hinc
2297 753 2504 824 potius,
2537 751 2684 824 quod
2718 753 2808 827 sit
2860 752 3160 808 dubitantis
3211 751 3344 805 ami-

3117 849 3268 922 [cus.

1882 949 2136 1021 Quisquis
2180 948 2327 1006 enim
2367 947 2607 1004 artifices
2635 959 2779 1003 czeca
2805 944 2910 1001 sub
2937 943 3171 1014 imagine
3201 942 3348 997 frau-

3134 1036 3276 1109 [des

1887 1135 2051 1209 355.
2086 1135 2334 1206 instruit,
2363 1143 2424 1191 et
2459 1147 2628 1189 vanas
2654 1132 2802 1204 cupit
2831 1145 3090 1187 exemere
3122 1129 3346 1200 figuras,

1889 1232 2007 1287 Non
2037 1231 2152 1286 vult
2176 1231 2419 1301 agnosci,
2456 1244 2566 1284 non
2589 1228 2725 1292 vult,
2757 1242 2852 1282 sua
2885 1226 3021 1281 facta
3049 1223 3276 1292 requiri,

1748 1327 1852 1382 590
1891 1325 1960 1382 Ut
1987 1326 2191 1380 lateant
2215 1325 2314 1381 sub
2342 1325 2484 1380 nube
2532 1323 2666 1388 doli,
2698 1320 3009 1390 nebulaque
3056 1317 3348 1375 recludens

1893 1419 2108 1485 Omnia,
2139 1416 2552 1476 sollicitos'odit
2591 1414 2878 1470 simulator
2905 1413 3130 1468 amicos.

1392 1535 1573 1590 OPUS
1613 1529 1998 1592 PASCHALE.
2034 1590 2040 1599 ,

46 1664 167 1718 quae
219 1649 505 1718 Dominum
558 1665 703 1720 ssepe
751 1660 1072 1721 negaverat,
1105 1651 1398 1707 violentam
1423 1659 1447 1687 ³
1479 1650 1644 1706 susti-

46 1757 178 1798 nere
229 1746 516 1810 saevitiam,
550 1746 750 1800 clausis
790 1746 983 1800 domus
1042 1745 1221 1814 januis
1264 1753 1644 1814 permanerent

47 1836 343 1902 obstrusis,
374 1835 560 1892 astans
591 1838 798 1893 foribus
829 1839 1177 1909 improvisus,
1207 1853 1392 1907 pacein
1423 1837 1642 1892 cunctis

1752 1648 1989 1705 immutis
2016 1663 2075 1703 se
2102 1647 2282 1702 denuo
2323 1645 2532 1700 foribus
2579 1652 2894 1715 presentat,
2925 1643 3020 1712 qui
3053 1655 3349 1710 numquam

1747 1741 2065 1811 spiritaliter
2105 1739 2172 1794 ab
2212 1738 2348 1812 ipst
2391 1724 2749 1804 abscesserat,
2784 1747 3078 1805 coramque
3134 1734 3348 1790 cunctis

1746 1837 1893 1889 visus
1925 1834 1977 1889 in
2013 1831 2215 1899 medio,
2264 1845 2371 1886 non
2405 1827 2733 1898 dedignatur
2774 1843 2980 1883 morem
3021 1841 3210 1901 gerere
3235 1836 3347 1880 tre-

45 1926 202 1980 dedit
229 1927 563 1984 salutatione
591 1931 877 1994 sermonis,
923 1939 982 1985 ut
1033 1929 1252 1986 afﬂictis
1279 1931 1522 1985 ltetitiam
1547 1931 1640 1984 tri.
1670 1966 1718 2026 B
1746 1926 1950 1997 pidanti
1981 1924 2252 1994 discipulo
2286 1939 2298 1976 :
2349 1921 2655 1992 palmisque
2703 1937 2914 1986 rursus,
2949 1930 3006 1976 et
3049 1921 3219 1975 latere
3248 1920 3348 2000 dge-

41 2015 220 2073 buens
279 2020 646 2088 repentinam,
687 2021 831 2092 quod
876 2021 1197 2094 prophetica
1224 2020 1358 2078 voce
1387 2023 1636 2092 signaveo

41 2121 154 2174 rat,
183 2113 536 2181 approbaret,
578 2114 702 2184 quia
756 2132 844 2169 cor
893 2117 1178 2169 contritum
1229 2126 1276 2171 et
1306 2117 1640 2171 humiliatum

41 2199 308 2256 Dominus
339 2220 439 2256 non
467 2205 736 2274 relinquet,
767 2205 994 2275 Moxque
1025 2221 1221 2260 manus
1276 2207 1642 2276 aperuit'per-

39 2292 252 2347 foratas
283 2336 298 2359 ,
349 2296 558 2366 plagam
599 2297 756 2351 lateri
805 2298 1024 2370 nudavit
1073 2300 1317 2365 infixam,
1359 2315 1426 2354 ne
1467 2299 1636 2369 phan.

42 2395 220 2440 tasma
247 2387 558 2453 crederent,
586 2389 628 2442 si
663 2390 946 2446 vulnerum
995 2391 1193 2446 indicia
1223 2407 1330 2445 non
1371 2379 1636 2446 viderent.

42 2476 316 2543 Quoniam
349 2479 481 2534 'vero
508 2479 744 2536 Thomas
785 2498 938 2552 aeque
964 2483 1310 2538 venerandus
1333 2483 1629 2552 apostolus,

40 2584 209 2637 quem
240 2571 527 2641 Didymum
557 2573 819 2628 vocabulo
844 2586 1174 2645 nuncupant,
1195 2575 1271 2630 ibi
1294 2591 1398 2631 non
1428 2575 1631 2638 aderat,

44 2669 102 2715 et
147 2663 278 2715 talia
311 2663 476 2718 sociis
509 2663 870 2726 referentibus
899 2683 1006 2721 non
1038 2667 1295 2722 credebat
1322 2684 1335 2720 :
1368 2662 1496 2722 ecce
1523 2667 1629 2722 Do-

48 2755 260 2826 minus,
293 2757 485 2814 eodem
515 2758 857 2829 postmodum
887 2759 1161 2817 residente
1200 2777 1325 2818 cum
1357 2761 1648 2828 fratribus,

1749 2016 2087 2082 monstratis,
2141 2023 2285 2070 tactu
2318 2015 2602 2068 vulnerum
2636 2016 2841 2081 patitur
2870 2029 2927 2066 se
2952 2013 3199 2082 probari,
3233 2026 3345 2066 nia-

1741 2111 1824 2182 gis
1856 2109 1983 2163 liinc
2004 2108 2241 2178 agnitus,
2270 2106 2414 2176 quod
2447 2106 2564 2175 ipse
2621 2105 2693 2160 sit
2718 2104 2993 2170 Christus,
3044 2105 3134 2174 qui
3181 2104 3343 2161 dubi-

1745 2203 1908 2260 tantis
1935 2201 2171 2255 animam
2206 2199 2415 2270 placida
2447 2197 2579 2270 fovit
2604 2198 2826 2252 lenitate
2850 2197 3351 2266 susceptamQuis-

1743 2287 1862 2362 quis
1892 2293 2036 2348 enim
2067 2291 2224 2345 dolos
2245 2274 2502 2344 ‘artifieis
2535 2303 2679 2344 cuca
2731 2288 2832 2343 sub
2866 2289 3101 2357 imagine
3135 2288 3348 2344 fraudis
3383 2287 3389 2292 ’

1744 2393 1982 2454 exercet,
2003 2399 2278 2453 vanasque
2310 2383 2558 2449 nebulas,
2592 2392 2646 2437 et
2667 2368 2868 2452 ﬁguras
2899 2373 3349 2452 ad'decipiendas
3435 2380 3445 2388 “

1742 2478 1966 2533 instruit
1989 2487 2208 2532 mentes
2231 2477 2502 2542 incautas,
2539 2490 2647 2530 non
2679 2476 2821 2542 vult,
2853 2475 2946 2531 s‘ua
2978 2475 3114 2530 facta
3149 2491 3353 2546 cogno-

1742 2575 1844 2641 sci,
1878 2573 2020 2644 quod
2049 2572 2215 2625 lateat
2261 2571 2364 2626 sub
2408 2569 2569 2625 nubis
2598 2569 2914 2625 velamento
2954 2569 3188 2637 fallacis,
3223 2585 3352 2625 ocu-

1744 2666 1934 2734 losque
1963 2663 2284 2733 compositis
2340 2663 2575 2717 miseros
2606 2661 2917 2715 simulacris
2948 2662 3214 2728 illudens;
3233 2662 3350 2718 odit

1743 2757 2030 2825 sollicitos,
2064 2757 2111 2812 si
2156 2754 2505 2827 deprehendi
2527 2755 2778 2824 coeperit,
2813 2763 2868 2810 et
2921 2755 3128 2809 amicos
3155 2753 3205 2807 ι).
3237 2754 3346 2811 Do—

1531 2895 1842 2955 SCHOLIA.

121 3006 340 3084 375.71n
367 3008 500 3081 Reg.
535 3009 588 3084 1.
615 3019 671 3084 et
691 3009 801 3067 Ott.
830 3015 881 3079 1,
915 3028 1014 3083 pro
1035 3015 1339 3083 apostolica:
1366 3015 1516 3084 prius
1536 3013 1632 3069 fuit
1659 3015 1704 3078 C
1735 3015 1899 3068 etiam
1939 3013 2200 3083 scriptum
2245 3013 2411 3069 fuisse
2450 3013 2529 3084 in,
2550 3012 2686 3082 Reg.
2716 3011 2774 3066 2.
2806 3012 3173 3084 Ceri‘ectioiu
3208 3000 3341 3084 Reg.

39 3080 375 3148 apostolica,
407 3080 549 3148 quod
579 3082 791 3138 videtur
814 3080 977 3139 etiam
1005 3080 1126 3141 esse
1156 3088 1210 3141 in
1258 3080 1382 3141 meo
1420 3086 1626 3141 codice.

35 3151 156 3207 Sed
191 3166 315 3225 vera
344 3153 504 3225 lectio
533 3163 620 3225 est
638 3157 963 3225 apostolicis,
993 3165 1056 3211 ut
1079 3172 1144 3212 ex
1174 3157 1523 3225 sequentibus
1568 3157 1626 3210 li-

36 3173 156 3207 Deu
191 3173 315 3205 vera
344 3173 504 3206 teuto
533 3173 616 3207 eet
638 3173 963 3225 aposwttcw,
993 3173 1056 3211 υι
1079 3173 1144 3212 ex
1174 3173 1523 3228 sequentibus
1568 3173 1630 3210 ll-

36 3232 201 3292 quet.
237 3221 430 3298 P:irr_li.
460 3223 673 3279 sclieda:
697 3225 905 3281 Puelm.
935 3242 1041 3282 non
1087 3229 1228 3282 male
1277 3237 1502 3282 necasset
1532 3244 1630 3298 pro

34 3301 306 3362 negasset.
349 3293 426 3364 Es
457 3309 614 3376 prosa
660 3310 792 3352 vero
823 3313 976 3367 saepe
1025 3293 1629 3370 negaverat'colligitur,

33 3379 234 3438 verum
267 3379 387 3438 esse
426 3377 774 3432 scripturam,
802 3379 1057 3438 negasset.

278 3435 406 3514 Mss.
433 3450 624 3514 omnes
652 3439 845 3514 nostri,
867 3434 1012 3514 λης.
1031 3441 1191 3514 ,Μῦν
1224 3439 1630 3514 Parrh.,_Ald.,

34 3516 98 3563 et
131 3504 226 3560 alii
245 3505 398 3570 editi,
429 3504 568 3561 Pace
592 3509 866 3563 salutanlis
885 3504 995 3565 sese
1023 3504 1392 3576 intulil,-quod
1423 3504 1634 3567 Grunee

32 3592 162 3636 ius.
214 3585 270 3632 et
314 3577 636 3652 Arntzenius
676 3581 1097 3652 amplectuntur.
1161 3583 1259 3652 bis.
1294 3583 1495 3652 ωερε..
1523 3591 1578 3637 et
1603 3596 1634 3635 a

32 3662 158 3703 sec.
184 3662 260 3721 m_.
287 3663 396 3701 non
419 3651 622 3721 recenti
643 3651 790 3710 Alm.
822 3653 1086 3714 salutatis,
1109 3650 1249 3721 quod
1276 3650 1430 3707 tenui
1456 3651 1632 3707 Cella-

33 3723 183 3774 rius.
209 3719 425 3782 Arnim,
450 3717 593 3774 Pace
620 3724 890 3787 salutaris,
925 3740 951 3774 a
986 3738 1098 3777 sec.
1125 3717 1198 3790 in,
1227 3722 1343 3778 Pax
1389 3723 1635 3778 salutaris

34 3798 238 3864 contra
272 3799 526 3844 metrum.
562 3791 848 3859 Arntzen.,
879 3792 1036 3848 Cant.
1068 3793 1251 3846 obtulit
1299 3810 1398 3864 pro
1434 3795 1634 3858 intulit,

35 3861 182 3934 satis
213 3863 539 3934 commode:
571 3865 865 3934 Arnll_rl|l0
917 3881 1023 3919 non
1077 3861 1419 3931 displicebat,
1463 3880 1639 3934 neque

33 3931 187 4004 milii
218 3930 471 4004 displicet
501 3931 638 4004 Pace
663 3932 905 3988 salutatis
924 3952 1030 3990 sese
1051 3930 1253 3989 obtulit.
1280 3935 1336 3990 ln
1366 3930 1638 3990 nonnullis

44 4001 379 4076 editis‘ordo
400 4004 469 4076 ita
512 4002 818 4076 invertitur,
853 4015 914 4061 ut
940 4006 1088 4076 prius
1137 4020 1369 4075 ponatur
1395 4023 1450 4060 v.
1478 4006 1635 4075 Pace,

33 4083 240 4146 tam}.
266 4071 393 4146 Quin
422 4073 638 4140 foribus.

116 4144 245 4199 573.
278 4142 424 4216 'Re‘g.
456 4146 508 4216 ξ,
541 4148 593 4211 5,
623 4147 677 4212 δ,
721 4145 866 4201 Vati.
915 4147 967 4213 i,
1014 4145 1261 4214 2,’Urb.,
1292 4147 1456 4216 Ang.,
1488 4147 1634 4216 Alb.,

30 4216 236 4283 Rom.,
272 4214 423 4278 Ald.,
451 4214 562 4288 Ott.
597 4218 621 4271 1
658 4232 723 4272 ex
752 4217 1109 4286 correctione,
1149 4214 1464 4286 Expediens,
1494 4214 1637 4288 quod

27 4288 440 4360 interpretatur
469 4285 857 4360 _Nebrissensis
893 4290 1176 4360 expeditas;
1193 4289 1480 4360 ostendens.
1512 4285 1635 4360 'Alii

27 4355 312 4415 mss.cum
333 4355 548 4430 Parrb.,
572 4368 627 4413 et
652 4359 922 4430 plerisque
942 4355 1466 4430 editis,Expandms,
1492 4359 1635 4430 quod

29 4445 146 4500 pro
191 4430 372 4497 glossa
401 4425 614 4484 videtur
637 4425 757 4484 esse
869 4432 1001 4502 Reg.
1031 4430 1084 4494 1,
1113 4443 1167 4485 et
1195 4425 1248 4485 lli
1277 4434 1385 4486 Utt.
1419 4425 1462 4484 1⁷
1488 4425 1638 4485 dele-

26 4499 158 4556 tum
192 4510 300 4572 est.
333 4501 544 4565 Arum,
587 4509 735 4572 atque
779 4499 888 4554 ibi:
920 4499 1162 4572 plerique
1204 4517 1334 4556 mss.
1383 4511 1438 4557 et
1483 4502 1638 4570 editi,

26 4581 125 4625 ast
159 4571 230 4624 ibi
257 4587 274 4625 :
306 4573 545 4641 nonnulli
577 4571 794 4641 vulgati,
829 4582 907 4625 ast
934 4573 1040 4626 ubi.
1080 4571 1085 4572 ν
1246 4599 1249 4601 >

115 4641 246 4696 580.
295 4642 426 4710 Reg.
459 4640 512 4710 5,
548 4640 698 4712 Ald.,
727 4642 998 4712 dubioque,
1035 4643 1242 4700 scilicet
1285 4643 1450 4700 corde
1479 4659 1491 4695 :
1524 4643 1636 4713 alii,

22 4715 376 4778 dubiamque.
1379 4723 1388 4732 '

113 4784 248 4841 382.
289 4784 550 4838 Arntz.'a
593 4798 704 4857 sec.
759 4800 858 4850 m.,
908 4787 1046 4840 erit:
1093 4787 1232 4842 bene
1281 4795 1365 4841 est
1393 4795 1498 4841 erat
1551 4802 1646 4857 pro

24 4864 262 4930 fuerat:
293 4856 809 4930 natiiimperfectum
842 4872 939 4925 pro
961 4857 1240 4928 plusquam
1274 4857 1516 4928 perfecto
1543 4856 1645 4912 ali-

76 4927 265 4982 nando
312 4925 745 4999 adliibetnrsllic
787 4925 975 4991 vers,
1002 4941 1055 4983 et
1094 4925 1244 4998 seqq.
1276 4925 1449 4999 usque
1492 4931 1558 4982 ad
1591 4945 1640 4982 ν.

76 4947 265 4982 iianao
312 4947 611 4981 autiiuetur.
648 4947 745 4981 me
787 4947 956 4991 verax,
1002 4947 1055 4983 et
1094 4947 1244 4998 seqq.
1280 4947 1449 4999 usque
1492 4947 1558 4982 au
1591 4947 1640 4982 ν.

19 4947 217 5053 2‘acta
242 4999 581 5066 redemptoris
609 4997 722 5052 fere
741 4999 796 5052 in
823 5000 929 5054 line
952 5000 1076 5055 libri
1104 5002 1299 5055 desunt
1326 5001 1381 5054 in
1404 5014 1526 5056 meo
1552 5014 1645 5054 co-

19 5072 192 5133 dice,
223 5069 416 5123 avuISu
447 5084 556 5123 uno
587 5069 734 5123 folio.
766 5085 769 5087 ·

112 5143 244 5197 584.
291 5138 422 5210 Reg.
456 5139 509 5208 5,
541 5141 689 5203 Ald.,
722 5139 1004 5211 Diseipulis
1029 5160 1047 5208 ;
1074 5142 1250 5196 minus
1282 5143 1440 5198 bene.

65 5241 77 5251 ο
113 5211 506 5285 585.Βοιη.,’
539 5211 854 5282 patientem;
900 5213 1035 5284 lege.
1095 5215 1364 5285 patienter.
1420 5215 1530 5268 Ott.
1584 5216 1641 5278 2,

11 5285 223 5352 Lips.,
250 5282 423 5353 Αιηι.1
449 5283 512 5336 Ai
527 5296 634 5336 niz.
660 5300 688 5336 a
722 5299 802 5352 pr.
838 5301 935 5353 m.,
959 5282 1204 5353 quietiam
1226 5287 1490 5339 editiones
1519 5299 1641 5338 cum

13 5358 180 5426 Reg.
218 5356 275 5420 1,
308 5355 360 5422 5,
391 5352 500 5407 Ott.
533 5356 583 5420 1,
618 5357 780 5424 Ang.,
810 5352 959 5422 Alb.,
981 5352 1229 5424 labentis,
1261 5355 1404 5424 quod
1433 5356 1643 5411 videtur

113 5502 140 5529 α
173 5489 493 5546 (ἔθιιθηόῐυς
521 5505 642 5548 cnm
667 5490 789 5546 aliis
811 5491 969 5546 editis
991 5491 1306 5546 violentiam.
1331 5491 1630 5547 Bibliothe-

15 5581 100 5621 ca
128 5564 354 5618 Patrum
382 5563 700 5618 Parisieihis
729 5563 890 5630 1589,
915 5563 1210 5632 violentam,
1243 5564 1382 5632 quod
1440 5578 1630 5618 sensus
1681 5627 1684 5630 .

17 5634 326 5701 exposcit.
375 5633 556 5688 Malim
613 5637 774 5689 etiam
834 5637 1015 5696 clausi,
1068 5652 1175 5689 nun
1229 5636 1439 5703 clausis,
1492 5634 1635 5705 quod

120 5721 394 5784 sin-mum
432 5716 612 5784 tamen
637 5721 833 5784 omnes
867 5706 1070 5784 vulgati
1099 5709 1418 5784 pra-ferunt.
1448 5705 1641 5762 Postea

120 5723 394 5762 Sll’t'mUlIt
432 5723 612 5761 tamen
637 5723 824 5760 omnes
867 5723 1070 5776 vulgati
1099 5723 1313 5775 praeteri

15 5723 308 5837 [fedatur
337 5777 606 5832 sententia
629 5793 692 5832 ex
724 5777 913 5847 psalin.
947 5793 1000 5842 ι,
1035 5768 1179 5833 vers.
1225 5779 1313 5833 19.

115 5849 141 5888 δ
185 5848 245 5904 In
297 5848 548 5906 omnibus
577 5848 732 5904 editis
763 5850 1021 5918 scriptum
1053 5858 1136 5906 est
1177 5859 1222 5905 et
1263 5850 1496 5905 amictus.
1530 5849 1644 5905 Vox

457 5941 737 6003 ΡΑτιιοι.
786 5939 962 6004 XIX.

1664 4395 1718 4456 D

1735 3085 1770 3139 '5
1799 3093 1857 3140 et
1880 3084 1992 3140 Ott.
2027 3087 2054 3139 1
2088 3094 2192 3148 est,
2223 3085 2466 3139 labantis.
2517 3083 2626 3138 Lex
2662 3085 2817 3152 pedia
2851 3084 3034 3154 exigit,
3085 3083 3347 3148 labantis;

1738 3156 1834 3210 sed
1870 3156 2008 3222 apud
2039 3158 2175 3209 alios
2201 3157 2362 3210 etiam
2396 3166 2589 3225 poetas
2617 3154 2944 3208 christianos
2990 3156 3259 3209 interdum
3294 3156 3349 3210 in

1739 3242 1900 3292 mss.,
1930 3226 2108 3282 labans
2141 3227 2191 3279 in
2217 3225 2390 3280 labens
2421 3235 2808 3279 commutatur.
2840 3225 2950 3278 Hoc
2977 3227 3098 3280 luco
3121 3240 3351 3280 senten-

1740 3298 1825 3367 liu-
1848 3297 2014 3365 magis
2035 3298 2283 3367 congruit
2311 3297 2551 3350 labantis.
2589 3296 2704 3350 Vet.
2724 3296 2844 3361 1,2,
2875 3295 3042 3362 Mon.,
3073 3296 3346 3364 labantem,

1735 3366 1928 3423 Colon.
1962 3367 2117 3435 edit.,
2151 3366 2340 3422 errore
2373 3383 2546 3436 nuper
2574 3367 2850 3435 eitposito,
2889 3367 3162 3421 labentem.

1808 3439 1930 3494 586.
1976 3438 2171 3502 Rum.,-
2193 3439 2290 3503 ﬁt;
2322 3440 2518 3503 retine,
2551 3439 2634 3490 sit.

1809 3509 1936 3564 587.
1975 3509 2120 3562 Ordo
2172 3509 2362 3562 lioruui
2422 3522 2674 3562 versuum
2729 3522 3061 3576 praipostere
3102 3510 3154 3563 in
3204 3509 3345 3564 Bibl.

1737 3578 1909 3650 Lugd.
1941 3580 2248 3634 invertitur.
2283 3576 2441 3650 UrbL,
2466 3579 2626 3633 Rom.
2650 3579 2896 3648 Quisquis
2921 3582 3139 3649 artiﬁcis
3162 3597 3179 3633 :
3207 3581 3348 3634 desi-

1739 3649 1962 3706 deratur
1992 3651 2146 3722 enim.
2175 3650 2293 3722 ριι.
2323 3652 2374 3704 1.
2411 3649 2546 3720 Ri-g.
2577 3653 2632 3715 5,
2661 3652 2786 3704 Alb.
2821 3651 3064 3722 Quisquis
3094 3654 3227 3704 enim
3258 3666 3346 3703 ar-

1744 3723 1918 3790 tificis,
1950 3721 2045 3775 sed
2082 3723 2134 3774 in
2165 3721 2278 3774 Ott.
2303 3721 2648 3774 emendatum
2692 3736 2786 3786 per
2816 3723 3042 3787 artiﬁces
3087 3724 3228 3791 quod
3258 3739 3344 3776 re-

1741 3806 1888 3845 etum
1921 3801 2006 3846 est
2057 3791 2356 3860 adjective.
2389 3794 2591 3846 scilicet
2615 3791 2847 3860 artiﬁces
2882 3793 3108 3860 fraudes.
3164 3794 3347 3846 Corri-

1741 3863 1929 3933 genda:
1959 3877 2090 3931 ergo
2120 3873 2246 3916 sunt
2271 3863 2536 3917 editiones
2566 3861 2775 3933 Vet.__l_,
2808 3861 2866 3933 ἓ,
2911 3866 2968 3914 in
2994 3865 3187 3930 quibus
3217 3864 3349 3932 legi-

1745 3929 1829 4005 iur
1859 3929 2056 4005 fraudis
2081 3949 2104 4005 ,ﬁ
2134 3949 2308 4005 neque
2337 3933 2639 4005 audiendus
2685 3929 3075 4005 Wopkensius,
3108 3934 3198 3996 qui
3233 3929 3344 3987 nia-

1745 4003 1887 4076 leliat
1919 4003 2107 4076 artiﬁci
2136 4003 2297 4060 cacas
2319 4003 2408 4058 sub
2437 4003 2659 4076 imagine
2685 4004 2921 4072 fraudes,
2950 4005 3345 4076 refragantibus

1748 4074 1904 4130 libris
1941 4074 2200 4146 antiquis,
2248 4084 2304 4131 et
2349 4074 2557 4144 prosaf
2588 4075 2828 4128 ltetineri
2882 4075 3084 4144 putei-it
3128 4076 3344 4142 artiﬁcis

1732 4146 1967 4216 fraudis,
1986 4147 2044 4216 isi
2075 4145 2411 4201 accusativus
2434 4145 2584 4200 verbi
2614 4147 2820 4206 instruit
2851 4145 2919 4198 sit
2948 4146 3163 4215 ﬁguras.

1816 4217 1941 4272 388.
1983 4215 2406 4286 RomJnstituit
2431 4226 2479 4271 et
2505 4232 2523 4270 :
2551 4215 2757 4270 resistit
2787 4224 3042 4284 metrum,
3072 4226 3128 4272 et
3169 4217 3348 4286 aptius

1744 4289 1963 4342 verbum
1991 4299 2095 4350 est,
2123 4285 2362 4342 Instruit.

1814 4359 1939 4414 389.
1981 4360 2136 4432 Cant.
2169 4359 2426 4432 cognosci,
2457 4357 2599 4428 quod
2633 4358 2771 4414 idem
2810 4359 3031 4415 verbum
3076 4367 3260 4414 exstat
3284 4360 3338 4415 in

1743 4444 1928 4501 prosa,
1955 4428 2282 4511 etplacebat
2320 4428 2606 4484 G‘runero:
2634 4432 2816 4485 caeteri
2848 4447 3039 4486 omnes
3083 4441 3341 4486 constan-

1744 4513 1849 4561 lel'.
1879 4516 2086 4562 agnoscs
2095 4539 2108 4552 .
2209 4558 2227 4562 _
3054 4557 3060 4562 ο

1820 4519 2168 4637 Sabinam,
2202 4558 2332 4627 Urb.
2380 4572 2713 4628 redundens:
2763 4572 2904 4643 idem
2938 4557 3060 4628 fuit.
3086 4573 3340 4629 mendum

1751 4643 1804 4698 in
1836 4644 1957 4697 aliis
1987 4657 2146 4710 mss.,
2180 4643 2232 4696 in
2253 4644 2448 4712 quibus
2471 4657 2779 4710 correcmm
2805 4657 3024 4712 tippzirel
3053 4647 3339 4698 recludens.

1750 4713 2011 4769 Cellarius
2041 4714 2347 4781 suspicatur
2373 4717 2653 4779 recondens
2678 4731 2696 4768 :
2717 4713 2930 4768 facilius
2958 4731 3024 4770 ex
3053 4731 3238 4769 errore
3266 4732 3346 4769 re-

1752 4785 1982 4839 dundens
2003 4784 2195 4853 conjici
2223 4795 2406 4853 posset
2430 4786 2706 4855 refundens
2731 4802 2748 4837 :
2777 4788 2869 4840 sed
2893 4787 3095 4840 recludo
3119 4803 3225 4838 iion
3256 4801 3346 4841 so-

1755 4857 1862 4911 lum
1888 4856 2154 4926 signiﬁcat
2181 4857 2386 4926 aperio,
2414 4859 2508 4910 sed
2539 4857 2698 4911 etiam
2729 4860 3054 4911 COIIII'nl‘lmII
3081 4857 3342 4924 recondo,

1755 4925 1986 4982 claudo:
2019 4937 2070 4979 et
2094 4926 2146 4979 iii
2176 4925 2360 4979 Arntz.
2384 4931 2558 4995 glossa
2589 4938 2671 4980 est
2697 4927 2960 4982 recludens
2986 4957 3054 4968 -—
3077 4929 3346 4981 claudens.

1754 4998 1913 5052 Plura
1943 5011 2066 5068 esse
2097 4997 2405 5064 hujusmodi
2439 4999 2598 5052 verba
2630 5000 3011 5067 prii-pnsiti«-ne
3044 5017 3098 5052 re
3126 5013 3349 5068 rumpo-

1752 5069 1854 5124 sita
1886 5085 2005 5138 qua:
2025 5067 2237 5123 duabus
2258 5069 2552 5123 contrariis
2579 5069 3067 5136 significationibus
3088 5067 3344 5139 gaudent,

1749 5143 2089 5210 exploratum
2124 5147 2226 5193 est.
2257 5177 2274 5182 ι

1821 5212 1945 5266 591.
1992 5211 2045 5266 In
2073 5210 2182 5264 Ott.
2215 5211 2265 5279 1,
2298 5224 2366 5264 ex
2392 5209 2662 5263 simulatus
2686 5220 2994 5274 correctum
3025 5223 3105 5266 est
3131 5212 3348 5266 simula-

1749 5292 1828 5338 tor
1852 5298 1870 5335 :
1897 5298 2016 5352 quae
2038 5282 2269 5352 genuina
2296 5289 2380 5337 est
2406 5283 2586 5348 lectio,
2609 5283 2858 5352 quamvis
2877 5285 3044 5338 altera
3071 5298 3179 5337 non
3205 5294 3351 5339 esset

1748 5354 2162 5410 contemnenda.

1734 5489 1864 5546 mihi
1892 5497 2164 5559 suspecta.
2196 5486 2370 5555 inquit
2397 5486 2736 5543 Gallandius.
2767 5489 2962 5554 Quidni
2988 5489 3012 5542 'l
3039 5491 3198 5561 Atqui
3235 5493 3345 5546 clav-

1737 5578 1820 5626 ra,
1865 5573 1918 5616 et
1945 5572 2097 5615 certa
2127 5567 2212 5614 est
2251 5563 2522 5614 currectiu
2565 5576 2628 5614 ex
2663 5566 2909 5615 czirmiiie
2953 5561 3210 5616 sollicitos
3241 5564 3348 5614 odit

1737 5633 2010 5688 simulator
2039 5631 2252 5685 amicos.
2289 5630 2454 5697 Prpsa
2509 5632 2655 5685 addit
2682 5643 2752 5697 et,
2789 5631 3000 5687 si-ilicet
3027 5636 3139 5686 odit
3181 5645 3346 5687 etiam

1743 5685 1948 5759 amicos
1995 5703 2278 5756 sollicitos.
2313 5685 2480 5756 Plinio
2525 5711 2644 5769 post
2697 5685 2950 5758 iiienduiii
2990 5685 3201 5760 eratin
3233 5685 3342 5759 vel.

1746 5777 1868 5832 cod.
1895 5775 2163 5829 dubitandi
2190 5789 2286 5848 pro
2307 5774 2593 5848 dubitanti,
2610 5785 2665 5848 et
2690 5777 2912 5848 abigenti
2933 5792 3031 5847 pro
3049 5775 3347 5846 ambigenti.

1752 5848 1985 5904 Medicas
2015 5859 2207 5904 manus
2227 5845 2444 5901 Juretus
2475 5845 2742 5902 adhibuit.

2672 5938 2789 5998 ,Ξῖι
