3886 6376
178 298 262 352 749

294 501 562 572 Explorat
615 500 880 557 Dominus
914 514 929 551 :
962 497 1156 554 Petrus
1212 496 1400 555 annuit
1434 513 1446 553 :
1498 511 1628 568 ergo
1660 498 1741 553 ni-

1466 587 1667 660 [tentes

1290 285 1582 344 CARMEN
1623 282 2005 345 PASCIIALE.
2046 284 2176 342 LIB.
2225 285 2297 341 V..

175 413 261 466 tto
296 407 417 462 itite
447 407 600 474 toris,
641 421 710 461 an
738 402 904 460 corde
925 402 1119 460 Petrus
1147 416 1206 458 se
1237 402 1426 475 diligat
1455 400 1584 470 aito,
1759 403 1805 464 Α

3325 285 3428 341 750

1978 401 2171 484 Pacem
2205 401 2345 458 ferte
2374 415 2579 467 meam,
2612 416 2799 472 pacem
2831 412 3044 474 portate
3070 407 3309 477 quietam
3336 449 3351 474 ,

1983 491 2180 549 Pacem
2216 508 2312 564 per
2342 493 2571 565 populos
2612 493 2838 551 monitis
2868 493 3164 568 dispergite
3185 499 3389 555 sanctis
3410 540 3425 564 ,

1984 585 2055 642 Et
2082 587 2342 642 mundum
2374 597 2600 643 vacuata
2628 587 2785 643 malis
2819 605 2833 641 :
2863 597 3164 659 gentesque
3190 591 3374 647 vocari

295 684 491 739 Pastor
513 697 701 738 amans
733 694 937 752 augere
975 693 1192 752 greges,
1217 680 1470 752 operario
1495 680 1548 735 in
1591 681 1741 737 omni
1840 676 1948 735 420
1983 677 2214 735 Finibus
2240 693 2272 735 e
2297 678 2538 746 cunctis,
2562 677 2706 734 latus
2731 675 2835 750 qua
2862 679 3103 736 tenditur
3124 679 3276 736 orbis
3305 723 3319 748 ,

292 774 456 833 Parte
488 775 635 832 bono
684 772 1034 832 commendat
1072 786 1234 842 oves,
1289 771 1639 830 commendat
1685 782 1742 829 et

1454 867 1667 942 [agnos.

296 963 410 1020 Hoc
440 973 596 1020 terno
639 948 898 1021 sermone
927 975 1179 1030 monens,
1208 971 1267 1018 ut
1317 971 1466 1020 terna
1494 961 1742 1034 negantis

172 1058 264 1117 ns
289 1058 448 1133 357
471 1058 662 1130 [Culpa
694 1072 888 1115 recens
910 1058 1072 1129 parili
1100 1072 1334 1114 numero
1373 1067 1601 1128 purgata
1631 1071 1746 1112 ma-

1472 1149 1681 1223 [nerete

367 1243 499 1302 Inde
527 1243 803 1316 sequenda
828 1243 1054 1311 docens,
1080 1242 1279 1312 Pacem
1303 1257 1515 1311 omnes,
1544 1243 1744 1314 inquit,

1420 1332 1639 1406 [habete
1657 1377 1670 1400 ,

1985 771 2162 828 Jussis
2188 769 2386 826 mando
2414 771 2581 838 meis,
2612 781 2914 844 omnesque
2939 774 2994 828 in
3022 773 3175 830 fonte
3202 773 3390 830 lavari.

2055 864 2183 922 Haec
2204 865 2295 922 ubi
2328 862 2472 921 dicta
2502 864 2594 934 pio
2628 857 2886 923 Dominus
2913 881 3167 926 sermone
3190 868 3433 940 peregit,

1986 957 2275 1014 Bethania
2300 971 2424 1017 mox
2454 965 2588 1014 arva
2627 957 2765 1030 petit
2798 977 2811 1015 :
2843 972 3136 1032 coramque
3161 958 3335 1017 beatis

1986 1051 2091 1122 Qui
2121 1059 2330 1108 tantum
2354 1062 2611 1110 meruere
2635 1051 2768 1108 viris
2794 1059 3047 1124 spectare
3068 1043 3430 1127 triumphum,

1858 1145 1966 1202 425
2005 1146 2296 1204 .Ethereas
2324 1156 2548 1202 evectus
2563 1145 2677 1201 abit
2705 1145 2956 1203 sublimis
2977 1147 3033 1202 in
3062 1160 3251 1203 auras.

1989 1241 2153 1315 358
2192 1239 2271 1296 Ad
2313 1239 2564 1296 dextram
2605 1239 2758 1295 sedet
2795 1238 2912 1310 ipse
2940 1237 3118 1296 Patris
3155 1247 3437 1310 totumque

3075 1329 3368 1405 [gubernat

1481 1467 1659 1526 OPUS
1699 1467 2080 1528 PASCHALE.

232 1568 361 1624 Cum
392 1583 528 1626 vero
557 1568 786 1625 modicis
812 1567 1245 1622 insurrexissent
1267 1548 1501 1636 dapibus
1522 1579 1747 1634 compe-

168 1669 339 1718 tenter
376 1662 621 1732 impleti,
654 1661 879 1717 Petrum
935 1658 1224 1724 Dominus,
1272 1673 1342 1713 an
1393 1672 1518 1713 eum
1561 1656 1750 1727 diligat

169 1761 459 1816 clementer
506 1760 831 1842 interrogat.
866 1755 964 1813 Cui
1013 1756 1262 1825 protinus
1314 1754 1602 1819 annuenti,
1656 1767 1752 1808 cu-

1855 1579 2082 1636 regnum
2112 1573 2508 1646 consequenter
2539 1564 2614 1620 illi
2641 1565 3012 1636 commendat,
3056 1566 3142 1622 cui
3172 1567 3357 1625 claves
3376 1581 3438 1627 se

1857 1657 2110 1714 daturum
2140 1658 2389 1729 ejusdem
2421 1660 2571 1728 regni
2599 1660 2954 1730 promiserat.

1930 1752 2062 1808 Inde
2088 1752 2311 1809 monitis
2351 1767 2446 1809 eos
2473 1753 2648 1810 beatis
2678 1754 2959 1823 erudiens,
2991 1762 3047 1810 et
3091 1755 3333 1825 paciﬁca:
3359 1772 3444 1814 ro-

171 1855 322 1924 piens
346 1865 564 1924 greges,
593 1863 653 1908 ut
685 1860 870 1924 pastor
900 1851 1096 1913 bonus,
1128 1861 1354 1918 augere,
1385 1857 1657 1918 tamquam
1691 1848 1751 1900 ii-
1783 1852 1830 1913 Β
1858 1844 2056 1900 borans
2080 1845 2376 1900 traditione
2398 1842 2684 1912 doctrina,
2705 1858 2802 1916 per
2825 1860 3018 1902 omnes
3040 1848 3317 1919 imperans
3336 1857 3446 1904 ter-

174 1944 449 2000 delissimo
479 1946 641 1999 nimis
670 1941 945 2014 operario,
996 1940 1080 1996 vel
1133 1940 1366 2010 probato
1411 1955 1558 2012 suas.
1598 1953 1749 2001 oves,

171 2052 444 2107 agnosque
473 2035 846 2092 commendat.
885 2035 948 2088 Et
991 2033 1109 2088 hmo
1132 2032 1294 2089 tertio
1325 2032 1644 2104 repetit,-ac
1670 2046 1755 2086 re-

171 2129 353 2191 volvit,
380 2140 440 2183 ut
471 2128 763 2184 recentiori
795 2127 973 2197 culpae
1014 2126 1155 2179 trina
1188 2127 1405 2196 negatio
1455 2125 1570 2194 pari
1617 2123 1752 2177 diie-

171 2222 360 2277 ctionis
382 2230 704 2290 purgarctur
728 2234 794 2274 ex
826 2232 1071 2278 numero.
1105 2215 1260 2284 Quod
1319 2225 1498 2271 autem
1530 2215 1692 2270 Petro
1728 2223 1751 2250 ει

170 2312 480 2382 specialiter
519 2311 695 2366 alendi
748 2324 944 2382 greges
980 2309 1170 2364 tribuit
1225 2306 1568 2384 dignitatem,
1628 2320 1751 2360 cum

172 2406 431 2476 probetur
461 2419 650 2459 omnes
679 2418 834 2474 aeque
862 2403 1110 2472 diligere,
1139 2417 1246 2455 non
1272 2400 1502 2454 aliorum
1523 2399 1757 2469 pertinet

174 2497 236 2551 ad
260 2497 669 2555 detrimentum.
703 2495 798 2551 sed
856 2495 1052 2549 rationi
1105 2492 1323 2547 videtur
1377 2506 1498 2546 esse
1529 2491 1759 2561 conjun-

171 2599 316 2645 ctum
346 2604 360 2654 ;
397 2588 500 2642 hoc
530 2587 728 2641 animal
775 2601 1009 2665 namque
1038 2585 1388 2638 mitissimum
1425 2596 1522 2650 pro
1551 2581 1758 2651 simpli-

173 2683 332 2738 citate
365 2688 598 2744 naturm,
625 2677 786 2748 justis
834 2685 1231 2746 comparatum,
1266 2690 1427 2743 quos,
1451 2689 1574 2729 cum
1599 2689 1760 2729 vene-

171 2774 242 2828 rit
293 2772 349 2826 iu
381 2772 668 2840 majestate
711 2783 805 2823 sua
852 2784 948 2824 rex
987 2768 1252 2832 omnium,
1285 2767 1463 2820 taliter
1492 2783 1518 2818 τι
1552 2766 1762 2820 dextris

173 2873 438 2927 astantes,
463 2863 606 2917 sicut
628 2863 742 2930 ipse
757 2860 966 2926 docuit,
994 2859 1288 2929 alloquitur
1322 2878 1334 2914 :
1374 2857 1584 2924 Venite,
1615 2859 1765 2912 bene-

174 2958 294 3012 dicti
326 2956 504 3010 Patris
533 2956 648 3023 mei,
706 2953 963 3022 possidete
1016 2963 1256 3024 paratum
1311 2953 1450 3006 vobis
1495 2969 1707 3023 regnum
1734 2969 1767 3004 a

174 3050 538 3104 constitutione
579 3046 779 3112 mundi,
803 3055 912 3101 etc.
941 3045 1287 3116 ingressuros
1317 3043 1482 3115 igitur
1503 3044 1683 3114 justos
1714 3046 1765 3098 in

1855 1953 1948 1993 ras
1974 1929 2220 2010 reiigosae
2246 1937 2369 1993 ﬂdei
2401 1947 2674 2010 praecepta
2703 1938 3040 2011 dispergere,
3074 1940 3326 2013 sacrique
3354 1942 3447 1998 ba-

1857 2030 2130 2101 ptismatis
2162 2023 2376 2085 unicam
2408 2030 2705 2113 trinitatem
2736 2032 2945 2088 cunctis
2983 2033 3238 2103 gentibus
3260 2048 3453 2103 proro-

1856 2138 2009 2194 gare,
2061 2114 2140 2178 sic
2193 2121 2448 2192 inquiens
2477 2162 2492 2188 ,
2548 2135 2612 2177 ac
2651 2123 2953 2180 decernens
3004 2141 3018 2178 :
3056 2124 3192 2180 Data
3219 2137 3292 2180 est
3323 2126 3451 2180 mihi

1856 2219 2022 2272 omnis
2050 2225 2273 2287 potestas
2295 2218 2350 2271 in
2395 2217 2544 2282 caelo,
2577 2227 2628 2271 et
2671 2217 2724 2271 in
2755 2229 2914 2273 terra.
2944 2217 3323 2288 Ettntes'nunc,
3349 2219 3446 2273 do-

1856 2321 1965 2364 cete
1987 2327 2159 2365 omnes
2190 2320 2382 2383 gentes,
2417 2311 2733 2381 baptisantes
2763 2329 2845 2366 eos
2867 2314 2920 2367 in
2945 2314 3148 2368 nomine
3170 2312 3371 2380 Patris,
3400 2324 3449 2370 et

1865 2401 2020 2470 Filii,
2053 2412 2100 2456 et
2125 2401 2357 2474 Spiritus
2377 2405 2826 2470 sancti,docenles
2853 2421 2938 2460 eos
2963 2407 3228 2462 observare
3255 2408 3450 2474 omnia,

1863 2512 2195 2566 quacumque
2219 2496 2465 2549 mandavi
2484 2497 2644 2565 vobis,
2669 2507 2775 2552 etc.

1936 2588 2184 2659 Cumque
2244 2588 2511 2644 Divinitas
2556 2588 2583 2627 ι)
2626 2589 2806 2645 omnia
2858 2592 3168 2648 mandasset
3213 2593 3450 2662 impleri,

1867 2695 1997 2734 mox
2027 2681 2086 2734 in
2112 2678 2434 2734 Bethaniam
2473 2677 2664 2735 iisdem
2699 2680 2904 2750 pariter
2941 2681 3149 2737 eductis
3180 2697 3452 2752 egressus,

1867 2786 2049 2828 coram
2102 2771 2276 2828 beatis
2325 2772 2570 2840 protinus
2614 2773 2746 2828 viris
2781 2814 2794 2839 ,
2850 2774 2940 2843 qui
2993 2777 3129 2830 tanti
3185 2778 3450 2833 visionem

1868 2863 2126 2932 triumphi
2151 2879 2404 2919 meruere
2426 2864 2632 2933 sortiri,
2656 2881 2753 2935 per
2769 2879 2892 2920 oras
2916 2877 3145 2922 evectus
3166 2868 3452 2936 aethereas,

1868 2973 2049 3013 arcem
2073 2957 2301 3013 sidereae
2320 2957 2708 3014 dominationis
2730 2960 3003 3026 ascendit,
3031 2966 3087 3015 et
3115 2960 3180 3016 ad
3211 2961 3455 3018 dextram

1867 3049 2061 3117 patriae
2108 3047 2311 3104 residet
2344 3049 2667 3118 maiestatis,
2695 3057 2980 3121 totumque
3037 3051 3256 3122 proprio
3288 3053 3452 3123 regit,

1656 3181 1967 3241 SCHOLIA.

243 3302 374 3384 410.
404 3302 530 3357 Aid.
558 3301 726 3384 choris
755 3316 770 3352 :
799 3298 1030 3384 etneudo
1075 3298 1218 3384 toris.
1275 3297 1410 3384 Reg.
1459 3301 1514 3365 5,
1554 3301 1771 3355 inverso
1797 3299 1843 3363 C
1879 3374 1892 3384 ι
1944 3302 2073 3384 421.
2120 3303 2370 3374 Virgilius
2401 3304 2579 3374 eclog.
2613 3306 2666 3370 5,
2701 3319 2844 3359 vers.
2871 3304 2964 3374 97,
3001 3307 3192 3364 Omnes
3231 3313 3283 3367 in
3313 3315 3456 3384 fonte

173 3372 394 3437 ordine,
428 3387 490 3428 ac
516 3380 700 3427 contra
743 3381 1001 3432 metrum,
1029 3371 1181 3425 corde
1205 3386 1258 3424 se
1281 3365 1486 3424 Peirus.

247 3453 375 3508 lli.
412 3451 664 3513 Nitentes,
712 3457 956 3522 pingues,
1004 3450 1142 3504 bene
1183 3449 1397 3522 habitos
1426 3468 1439 3504 :
1470 3465 1580 3521 quo
1609 3466 1770 3506 sensu

174 3524 338 3579 nitere
368 3534 631 3594 usurpant
671 3521 946 3594 Virgilius,
995 3522 1265 3587 lioratius,
1315 3521 1594 3590 Phaedrus,
1629 3532 1772 3578 uter-

174 3611 282 3666 que
315 3595 552 3650 Plinius.

252 3674 380 3729 412.
414 3675 551 3745 Reg.
601 3673 655 3739 2,
707 3674 942 3746 operario
969 3675 1127 3746 omni,
1153 3672 1246 3726 sed
1274 3671 1414 3746 forte
1436 3673 1546 3746 iuit
1573 3673 1774 3746 onerari

173 3745 226 3800 in
261 3747 434 3812 omni,
464 3743 560 3800 aut
587 3743 847 3815 opera'rier
869 3745 1007 3798 omni
1027 3759 1044 3797 :
1067 3743 1121 3798 in
1151 3746 1259 3797 Ott.
1296 3745 1346 3810 1,
1371 3745 1536 3799 etiam
1558 3744 1777 3814 videtur

175 3815 348 3872 fuisse
376 3813 774 3884 operari.‘Vera
803 3815 964 3876 lectio
993 3823 1099 3881 est,
1118 3816 1354 3885 operario
1385 3815 1440 3869 in
1469 3815 1629 3869 omni.

251 3897 381 3953 415.
421 3896 612 3952 Ottoh.
645 3894 873 3962 ’i,bono,
912 3906 1217 3950 correctum
1246 3895 1396 3950 bona.
1430 3895 1613 3965 inepta
1645 3910 1776 3950 sane

171 3977 264 4025 est
297 3969 595 4024 correctio.

244 4048 384 4105 414.
418 4046 568 4104 V'att.
606 4051 655 4106 i.
682 4045 739 4117 2,
771 4044 984 4117 Regaﬁ,
1008 4047 1063 4117 ξ,
1093 4043 1274 4110 Rom.,
1306 4046 1487 4117 Ottob.
1515 4045 1569 4114 9,
1612 4045 1775 4117 Ang.,

175 4121 328 4186 Alb.,
357 4117 582 4186 Perrin,
613 4116 762 4179 ΑΜ..
793 4126 848 4172 et
890 4115 980 4170 alii
1009 4115 1139 4169 Ha’c
1170 4133 1267 4186 pro
1310 4115 1445 4171 Hoc.
1493 4117 1592 4172 Ed.
1629 4115 1777 4186 Lips.

176 4185 337 4253 trino.
357 4202 414 4245 et
434 4185 681 4257 trinapro
697 4199 860 4253 terno,
886 4196 939 4241 et
959 4197 1123 4241 terna.
1142 4185 1269 4242 Urb.
1287 4196 1543 4257 corrupte
1560 4185 1780 4242 [Eterno

174 4279 278 4334 pro
300 4262 437 4317 Hac
467 4271 636 4334 terno,
658 4267 750 4334 aut
777 4257 889 4334 ljoc
917 4267 1082 4334 terno:
1113 4259 1231 4334 Vat.
1260 4261 1310 4321 i,
1334 4259 1449 4334 Ott.
1473 4261 1527 4327 2,
1557 4274 1780 4324 movens,

173 4328 324 4405 quod
367 4345 490 4389 erat
513 4331 759 4405 etiatn_in
783 4330 963 4405 Qtt.i,
989 4328 1084 4405 sed
1123 4331 1175 4384 in
1208 4330 1310 4385 hoc
1342 4333 1446 4386 rite
1473 4342 1779 4405 correctum

175 4397 262 4459 ést
279 4421 384 4475 per
405 4420 636 4458 movens.
659 4397 775 4457 Vrat.
800 4400 857 4468 2,
875 4402 1132 4456 mendose
1181 4412 1321 4474 terga
1357 4415 1454 4471 pro
1491 4413 1658 4467 terna,
1693 4400 1782 4455 vel

174 4477 341 4531 trina.

250 4556 384 4610 416.
425 4553 582 4621 Ald.,
619 4553 758 4620 Quid
782 4549 1343 4627 prtrceperitﬂhristus
1369 4553 1645 4627 apostolis,
1668 4567 1783 4606 cum

176 4629 372 4683 ultimo
404 4628 482 4681 eis
521 4621 795 4694 apparuit]
822 4621 1031 4678 Poelm.
1078 4621 1268 4677 Pacem
1306 4621 1606 4678 seruandam
1643 4640 1783 4676 com-

176 4699 423 4754 mendat.
464 4698 579 4749 Vat.
623 4697 682 4759 2,
717 4696 847 4764 Reg.
895 4696 949 4757 5,
984 4694 1037 4758 5,
1086 4694 1305 4748 inverso
1350 4695 1546 4750 ordine
1589 4702 1778 4750 cautra
1813 4701 1859 4760 1)

175 4781 456 4832 metrum,
480 4766 692 4831 Parem,
722 4766 884 4835 inquit
910 4806 924 4830 ,
955 4782 1126 4819 omnes
1151 4765 1346 4820 habete.

249 4849 388 4905 417.
446 4846 582 4917 Reg.
626 4849 660 4902 5
699 4845 847 4915 prius
874 4845 1104 4911 inserit,
1160 4839 1345 4899 Pacem
1393 4863 1482 4917 per
1519 4846 1737 4916 populos
1767 4889 1781 4915 ,

179 4932 294 4978 tum
317 4964 332 4986 ,
367 4919 573 4975 Pacem
602 4918 746 4986 ferte.

250 5005 389 5061 418.
426 5000 543 5056 Ott.
575 5001 601 5054 1
632 5015 754 5055 cum
786 4997 996 5054 caneris
1017 5038 1032 5064 ,
1061 4998 1251 5051 sanctis
1277 5039 1292 5066 ,
1328 5013 1423 5068 pro
1444 4998 1497 5052 tl.
1525 5000 1782 5066 s.,'acris,

175 5077 287 5135 nisi
324 5075 496 5129 malis
518 5071 570 5126 id
599 5085 696 5142 pro
724 5070 900 5141 glossa
930 5070 1202 5138 accipere.

249 5155 391 5212 419.
449 5152 600 5218 Ald.,
641 5151 826 5214 Fabr.,
870 5159 925 5205 et
966 5149 1183 5218 quidam
1231 5152 1326 5206 alii
1372 5152 1543 5217 editi,
1592 5162 1785 5204 vocate.

175 5228 400 5288 Sensus
430 5223 828 5294 exigituocari,
863 5228 921 5294 ut
939 5234 1063 5294 mor
1090 5225 1325 5294 occurrit
1344 5222 1535 5294 locati.

252 5299 392 5356 420.
422 5289 556 5351 ναί
587 5295 642 5360 1,
669 5302 716 5348 et
747 5292 945 5346 cunctis
975 5308 994 5346 .'
1022 5291 1226 5350 sicfuit
1251 5295 1305 5349 in
1330 5293 1440 5350 Οιι.
1466 5294 1520 5362 1,
1545 5294 1640 5349 sed
1663 5311 1788 5364 pro-

177 5375 252 5432 be
281 5373 610 5428 correctum
640 5374 744 5434 est,
777 5365 1036 5420 ecunctis.

258 5525 288 5554 α
331 5509 488 5568 Male
541 5523 696 5563 vetus
716 5504 889 5574 codex
919 5503 1129 5560 Petrus.

264 5584 296 5624 δ
336 5579 673 5651 Suspicatur
701 5576 1013 5651 Gallandius
1044 5577 1101 5651 in_
1118 5577 1285 5632 veteri
1315 5574 1500 5651 codiCe
1532 5578 1787 5647 scriptum
1812 5602 1823 5612 -

181 5656 366 5716 fuisse
403 5648 508 5721 per
541 5649 920 5720 compendium
941 5650 1054 5714 dns,
1087 5648 1189 5703 hoc
1220 5657 1331 5714 est,
1369 5649 1641 5721 Dominus,
1684 5663 1789 5702 non

185 5720 458 5786 divinitas
487 5738 617 5779 nam
647 5726 833 5792 postea
860 5721 1103 5776 occurrit
1154 5737 1403 5792 egressus.
1433 5720 1674 5792 Retineri
1709 5730 1791 5792 ta_-

193 5815 332 5860 men
367 5800 573 5872 potest
601 5789 848 5850 diuinitas
868 5807 993 5866 quae
1016 5807 1118 5849 vos
1151 5789 1326 5862 posita
1378 5805 1478 5860 pro
1511 5791 1645 5844 Deus
1699 5789 1793 5846 ad-

1871 3374 2069 3430 lavabo.

1944 3445 2070 3500 422.
2114 3445 2264 3511 Ald.,
2305 3443 2564 3500 Christum
2593 3463 2766 3500 coram
2807 3449 3037 3503 omnibus
3088 3457 3452 3515 ascendissent

1874 3517 2082 3592 caelum.
2124 3516 2672 3592 Rom:_male_t_rajicit
2709 3518 2804 3573 hos
2836 3534 3022 3575 versus
3043 3566 3056 3588 ,
3090 3523 3320 3592 primum
3353 3530 3453 3587 Be—

1875 3589 2088 3654 thaniaz,
2112 3597 2224 3642 tum
2257 3587 2381 3641 "(eo
2409 3588 2514 3641 ubi.

1950 3659 2075 3714 425.
2107 3659 2163 3731 in
2196 3659 2327 3726 Reg.
2361 3660 2532 3726 Huit,
2567 3658 2840 3715 Etherius
2860 3672 3073 3731 evectas,
3106 3667 3212 3723 rite
3269 3685 3454 3730 corre-

1877 3739 2023 3784 ctum
2080 3729 2347 3784 Ait/terius
2403 3740 2599 3784 evectus
2656 3747 2676 3785 :
2719 3732 2810 3785 alii
2856 3729 3100 3791 scribunt
3149 3729 3489 3799 As'thereas.‘

1879 3799 2066 3882 Fabr.,
2115 3808 2170 3854 et
2194 3819 2203 3830 ο
2231 3801 2477 3882 nonnulli
2526 3801 2788 3882 aliihediti
2812 3843 2825 3864 ,
2862 3803 3126 3882 subvectus
3155 3825 3173 3861 :
3208 3812 3450 3882 plerique

1880 3871 2096 3939 melius,
2123 3882 2344 3947 evectus.
2375 3871 2496 3927 νει.
2523 3872 2573 3947 1,
2608 3868 2777 3937 Mum,
2830 3873 3091 3947 sublimus,
3127 3868 3268 3947 quod
3301 3868 3444 3940 an'ti:

1879 3958 2113 4011 quorum
2143 3943 2358 4011 genium
2405 3943 2578 4013 magis
2620 3957 2811 4012 sapere
2835 3943 2912 3999 ait
2961 3943 3303 4007 Arnlzenitts.
3356 3956 3446 4013 Sic

1884 4013 2098 4080 Accius,
2155 4014 2465 4074 Sallustius.
2521 4012 2800 4068 Lucretius
2848 4014 3027 4071 locuti.
3085 4018 3265 4078 Nostri
3317 4012 3446 4083 mss.

1883 4083 2398 4166 tuentur_sttblinti_s.
2454 4083 2687 4166 βοείῃ.
2714 4094 2776 4166 et
2814 4086 2867 4166 ἢ,
2899 4103 2993 4157 pro
3020 4088 3075 4144 d.
3129 4106 3174 4148 s.
3209 4095 3262 4147 in
3307 4114 3447 4166 oras,

1880 4156 2025 4236 quod
2049 4153 2264 4236 ridetur
2287 4154 2450 4236 fuisse
2473 4156 2524 4236 in
2546 4155 2727 4210 Ottob.
2759 4153 3033 4236 llin'quo
3063 4177 3204 4218 nunc
3231 4153 3450 4236 apparet

1883 4229 2148 4299 scriptura
2180 4227 2479 4299 communis
2505 4227 2559 4299 in
2587 4243 2764 4280 auras.
2791 4227 2979 4299 P_rosa,
3010 4248 3100 4299 per
3131 4227 3269 4290 oras.

1952 4296 2078 4352 4'26.
2110 4297 2242 4378 Reg.
2354 4298 2404 4360 5,
2432 4296 2673 4378 ῐπιίςθη.
2717 4299 2771 4362 2,
2817 4296 3019 4378 Rom”;
3049 4302 3136 4357 ed.
3187 4305 3358 4378 Lips.,
3386 4311 3449 4366 Et

1884 4370 2063 4443 dextra
2097 4368 2245 4443 sedet
2285 4369 2390 4439 ipse
2439 4368 2650 4443 Patris,_
2691 4370 2831 4443 quod
2880 4371 2933 4426 in
2982 4373 3111 4443 Reg.
3161 4378 3185 4431 1
3235 4368 3450 4438 videtur

1883 4439 2074 4518 fuisse,
2095 4440 2146 4493 in
2171 4455 2274 4508 quo
2301 4455 2442 4495 nunc
2470 4449 2574 4518 est,
2607 4439 2672 4518 Et
2691 4441 2924 4518 dextram
2951 4439 3087 4518 sedet
3112 4449 3217 4518 ipse
3247 4448 3444 4518 Patris,

1885 4513 2004 4564 sine
2033 4522 2332 4579 opportuna
2351 4511 2579 4585 syntaxi.
2630 4509 2742 4566 Ott.
2771 4513 2822 4585 i,
2861 4513 2944 4585 Et
2975 4509 3153 4570 dextra
3182 4523 3330 4585 sedit,
3362 4509 3447 4579 re;

1887 4595 1972 4661 cie
2005 4588 2325 4661 correctum,
2352 4581 2508 4661 sedet.
2535 4582 2894 4661 Huc_respieit
2924 4587 3172 4661 mendum
3209 4591 3256 4644 in
3284 4581 3412 4649 Urb.
3433 4638 3448 4661 ,

1889 4652 1955 4733 Et
1986 4652 2432 4733 deztrt‘tsed‘ipse.
2462 4656 2618 4722 Ang.,
2654 4653 2782 4733 vat.
2944 4657 2999 4733 Ξ,
3043 4658 3181 4733 Reg.
3215 4662 3266 4727 5,
3304 4652 3450 4733 Αιά.;

1889 4723 2240 4804 plures'edi‘ti,
2261 4723 2345 4804 Ad
2375 4724 2940 4804 dextrahmsedeLnVet.
2969 4723 3020 4796 1,
3117 4723 3282 4796 bium,
3307 4723 3452 4804 Bas,

1889 4795 2028 4874 C_ol.,
2063 4792 2127 4874 In
2149 4795 2329 4874 dextra
2349 4797 2502 4874 sedet.
2537 4796 2762 4851 Schedzu
3042 4800 3209 4874 VTot'u.
3316 4807 3369 4859 ‘2.

1890 4868 2010 4920 aliae
2041 4866 2331 4932 editiones,
2368 4865 2434 4919 Et
2457 4867 2688 4920 (texti-aut
2720 4869 2872 4922 subit.
2910 4869 3088 4925 Editio
3129 4872 3329 4928 Poelm.
3384 4865 3449 4933 ad

1891 4953 2086 5012 marg,
2121 4938 2197 4990 Ad
2218 4937 2627 5012 dextrantsuoit.
2656 4939 2777 5012 _A_lb.
2836 4940 2952 5012 sine
2999 4957 3157 4997 sensu
3186 4955 3236 4999 et
3260 4959 3452 5012 metro,
3525 4963 3535 4970 ‘

1891 5009 1958 5063 Et
1982 5010 2244 5063 dexteram
2274 5009 2738 5064 sedet.Probahilis
2761 5011 3050 5081 scriptura,
3082 5013 3149 5069 Et
3175 5016 3355 5071 dextra
3376 5009 3456 5074 scl-

1893 5081 1996 5143 det,
2033 5081 2227 5133 clarior
2269 5094 2388 5132 cum
2417 5095 2594 5149 prosa,
2646 5081 2726 5133 Ad
2769 5082 3000 5137 dextram
3045 5087 3200 5139 sedet.
3259 5088 3375 5144 Vat.
3403 5093 3437 5145 2

1896 5137 2777 5244 [ίείξςὲι.έὲἓεεὲε.¹ξέίὲξιε,Ρένθὶτξι·ν
2811 5137 3460 5244 ’παιιίίτειηίέηὲρυιέεῖἦαῖέ

1894 5224 2145 5277 meliores
2168 5223 2333 5302 nostri
2367 5223 2488 5276 libri
2511 5223 2960 5302 cunt_Alm.,_ms.
2992 5223 3221 5302 Heinsil,
3255 5243 3305 5286 et
3334 5248 3462 5302 pro—'

1894 5309 1978 5361 sa,
2008 5303 2288 5370 totumque,
2320 5294 2472 5370 h._e.,
2507 5295 2706 5361 omnia,
2736 5306 2791 5349 ut
2840 5296 2890 5370 in
2915 5296 3132 5353 Sedulio
3174 5299 3284 5370 jam
3315 5294 3467 5360 nota-

1899 5374 2028 5419 tum.
2062 5364 2116 5417 in
2141 5380 2304 5435 prosa
2331 5365 2440 5430 alii,
2479 5376 2739 5437 totumque
2777 5367 2971 5421 orbem.

1897 5506 2315 5587 mittitcgressus
2348 5523 2443 5587 per
2468 5509 2818 5587 mutationem
2851 5509 3475 5587 generisuguamuszepe

1897 5579 1950 5632 in
1978 5577 2304 5632 istiusmodi
2333 5580 2682 5646 scriptoribus
2705 5577 3077 5638 animadverti.
3102 5577 3352 5641 Nonnulli
3378 5577 3472 5644 lfa-

1898 5649 2025 5704 bent
2065 5649 2365 5704 divinitatis.
2393 5649 2611 5719 Juretus
2638 5654 2908 5719 observat,
2951 5655 3006 5708 in
3055 5661 3160 5707 vel.
3187 5655 3308 5710 cod.
3341 5676 3474 5716 exa—

1900 5726 2077 5800 ratum
2107 5735 2228 5800 esse
2283 5736 2370 5800 per
2402 5718 2602 5800 homst
2633 5740 2737 5779 non
2771 5718 3024 5800 peroras.
3060 5723 3341 5799 Frequens
3395 5738 3479 5788 est

1904 5789 2022 5847 hare
2049 5789 2324 5847 scribendi
2357 5792 2494 5849 ratio
2528 5789 2746 5854 iu‘ntss.
2772 5789 3084 5854 codicibus.
