3886 6362
435 391 454 400 -
494 344 601 400 75!;

639 451 825 511 Hostis
848 464 1054 509 summa
1084 448 1286 509 Patris.
1318 447 1497 505 tacitis
1522 446 1732 517 signata
1760 442 1989 517 figuris;

710 546 878 614 Quam
906 545 1106 601 referat
1128 540 1407 607 Christus,
1438 541 1611 596 hostia
1638 553 1846 595 summa
1878 537 2074 593 Patris.

640 635 920 699 Claudicat
940 649 1067 692 ecce
1096 634 1284 690 videns
1304 631 1613 698 Dominum,
1643 630 1770 686 dum
1792 629 2075 701 praevalet,

1768 720 1953 794 [heros
1986 762 2001 788 ,

499 821 571 878 90
712 821 1079 894 363Aspera
1095 833 1226 890 gens
1248 816 1520 874 Christum
1547 815 1812 871 claudicat
1834 829 1965 870 ecce
1993 814 2072 868 vi-

1819 904 1998 979 [dens.

646 1004 902 1077 Reppulit
927 1003 1022 1061 ille
1052 1002 1249 1060 famem
1270 1040 1287 1066 ,
1310 1000 1525 1056 venitus
1555 998 1780 1056 crimine
1808 1000 2032 1067 fratrum
2060 1015 2073 1053 :

710 1094 968 1153 Vendilns
996 1104 1082 1149 est
1105 1091 1357 1149 Christus
1383 1134 1397 1159 ,
1431 1090 1668 1161 reppulit
1697 1090 1788 1147 ille
1816 1089 2033 1145 famem.

639 1188 1046 1255 Pcrlide,corde
1074 1188 1237 1259 peris,
1257 1187 1386 1242 dum
1419 1193 1636 1241 vastant
1668 1185 1850 1241 omnia
1879 1184 2071 1256 plagae,

710 1285 845 1342 Dum
882 1289 1096 1339 cessant
1122 1282 1291 1352 plaga:
1317 1321 1332 1350 ,
1362 1278 1564 1350 perfide
1584 1320 1607 1347 ,
1639 1280 1803 1335 corde
1835 1280 1997 1350 peris.

493 1380 563 1435 25
638 1382 822 1449 Agnus
846 1378 915 1432 ab
936 1376 1094 1432 hoste
1113 1389 1265 1430 sacer
1286 1375 1557 1431 revocavit
1578 1374 1842 1445 sanguine
1864 1383 2071 1446 patres,

1868 330 2084 390 C(ELII
2121 332 2392 391 SEDULII
3671 333 3732 390 75

2102 449 2156 507 A

2388 442 2660 515 Sanguine
2683 457 2886 514 nosque
2910 443 3077 500 refert
3103 458 3276 516 agnus
3302 444 3373 502 ab
3400 444 3563 501 bo.~te
3590 458 3731 500 sacer

2325 538 2488 612 365.
2506 539 2697 595 Obruit
2738 538 2875 594 nuda
2913 539 3098 614 nefas,
3121 540 3330 612 populo
3348 539 3639 611 gradiente
3672 554 3729 611 pe

3460 630 3693 704 [:eqnor,

2394 725 2543 781 Nunc
2570 724 2756 805 mundi
2789 724 3004 796 populis
3032 724 3215 781 obruit
3243 725 3390 781 unda
3422 724 3595 782 nefas.

2327 819 2910 891 .‘llurmurat-‘gimpietas
2934 860 2948 884 ,
2989 832 3185 873 manna
3224 819 3488 875 veniente
3524 817 3722 876 refecta

2180 913 2252 971 50
2330 896 2335 901 ’
2396 912 2555 969 Panis
2581 909 2736 967 adest
2758 909 3013 966 Christus
3037 954 3051 979 ,
3084 920 3393 969 murmurat
3423 909 3696 981 impietas.

2322 1004 2480 1059 Plebs
2507 1003 2609 1059 sibi
2636 1001 2767 1073 dura
2798 1010 2962 1073 caput
2985 1010 3144 1057 terra:
3175 1001 3409 1063 cultoris
3436 1002 3701 1073 adoptat,

2390 1097 2643 1164 Abstulit,
2670 1097 2803 1152 heu!
2821 1095 3096 1153 Christum
3124 1096 3284 1167 plebs
3302 1095 3412 1152 sibi
3430 1095 3565 1152 durs
3580 1104 3730 1167 caput

2322 1189 2433 1247 Lex
2461 1189 2610 1245 dedit
2635 1180 2890 1245 iudieium
2919 1188 3123 1244 veteris
3152 1187 3223 1247 de
3250 1189 3481 1245 crimine
3501 1203 3712 1264 poenas,

2392 1283 2658 1359 Quodque
2696 1282 2844 1337 salus
2870 1280 3077 1349 veniat,
3110 1281 3200 1343 lex
3224 1279 3380 1342 dedit
3405 1279 3693 1339 indicium.

2181 1380 2250 1435 55
2324 1379 2400 1435 Eu
2433 1379 2568 1449 lapis
2595 1377 2829 1448 irriguos
2855 1417 2870 1444 ,
2899 1375 3099 1432 satiare
3124 1417 3139 1443 ,
3171 1372 3456 1437 incredula
3481 1420 3496 1444 ,
3529 1373 3714 1429 fonte:

1974 1510 2287 1571 SCHOLIA.

493 1654 675 1718 editis,
699 1651 827 1706 Cum
852 1648 1014 1722 tradis
1032 1646 1323 1722 Christum,
1348 1647 1407 1722 _i_n
1436 1646 1569 1720 Reg.
1601 1650 1626 1703 1
1660 1646 1922 1722 scripturo
1952 1657 2072 1722 erat

496 1716 766 1782 Contrariis
809 1735 907 1782 pro
947 1717 1074 1772 Cum
1113 1718 1308 1772 tradis;
1338 1716 1494 1773 Cant.
1520 1716 1607 1772 ﬁet
1655 1716 1899 1773 nonnulli
1939 1718 2070 1775 editi

495 1797 773 1851 exhibent.
789 1788 918 1847 Cum
946 1790 1103 1844 sumis
1125 1788 1403 1852 Christum,
1428 1789 1572 1858 quod
1597 1793 1778 1844 minus
1807 1790 1944 1845 bene
1964 1801 2067 1848 εει.

2246 1646 2337 1706 22.
2379 1647 2514 1723 Reg.
2556 1647 2614 1716 5,
2664 1648 2785 1723 Ald.
2813 1647 3229 1723 ,Ai’endi‘tusuab
3274 1645 3440 1723 Iuda.
3476 1645 3732 1723 _Gruneru

2176 1735 2300 1775 cum
2343 1716 2664 1787 suis‘mss”
2699 1721 2774 1776 et'
2801 1719 2978 1775 editis.
3002 1718 3257 1775 Vendilus
3303 1734 3336 1771 a
3374 1716 3544 1783 Iuda,
3574 1717 3663 1787 qui
3708 1731 3732 1771 s

2179 1791 2393 1851 nescire
2436 1793 2552 1856 ait,
2600 1791 2744 1846 unde
2784 1790 3028 1847 hauserit
3069 1790 3356 1848 Fabricius
3402 1788 3655 1843 Venditus
3696 1803 3736 1840 ei

572 1868 661 1920 l7.
715 1862 883 1927 Urb.‘,
926 1861 1081 1915 Rom.
1104 1901 1119 1923 ,
1149 1862 1339 1915 sanctis
1389 1857 1619 1930 signata,-
1654 1861 1795 1931 Alm.
1824 1906 1837 1927 ,
1866 1860 1973 1915 Οιι.
2026 1863 2078 1927 1,
2114 1865 2161 1925 Β
2188 1861 2440 1917 Christus.
2460 1857 2666 1919 Verum
2684 1862 2863 1931 nostri
2888 1862 2999 1917 fere
3020 1876 3213 1915 omnes
3246 1874 3517 1915 mss.cum
3535 1858 3732 1931 edition

501 1939 701 1991 dudum
753 1935 956 2003 signata
984 1947 1001 1994 ,°
1030 1931 1156 1996 alii,
1186 1932 1357 1990 tacitis
1399 1936 1625 2002 signata.
1669 1930 1767 1987 llic
1797 1946 1985 1987 rursus
2012 1932 2082 1988 do

505 2008 675 2133 “atati:
712 2076 830 2131 Vet.
865 2076 917 2139 1,
952 2073 1125 2137 Μοη.,
1159 2077 1374 2136 reserat,
1411 2071 1554 2144 quod
1600 2072 1788 2127 vitium
1830 2070 2086 2144 typogra-

502 2149 717 2217 pbicum
761 2162 883 2205 esse
916 2144 1224 2213 suspicatur
1270 2142 1632 2217 Arntsenius:
1667 2145 1762 2198 sed
1808 2142 1867 2198 in'
1896 2144 2081 2213 Rom.,

500 2213 649 2282 Διά..
692 2228 747 2273 ει
779 2229 834 2272 ιιι
860 2217 1086 2280 videtur,
1111 2217 1164 2268 in
1196 2227 1318 2270 meo
1344 2213 1533 2268 codice
1561 2222 1644 2269 est
1664 2217 1825 2274 etiam
1868 2225 2081 2269 reserat.
2120 2217 2130 2228 '

499 2290 641 2347 Vera
675 2302 848 2343 tamen
883 2286 1041 2341 lectio
1064 2293 1147 2340 est
1171 2284 1393 2356 referat;
1428 2284 1665 2352 placeret
1704 2294 1881 2341 tamen
1913 2285 2085 2356 magis

500 2363 695 2433 refert:
719 2359 948 2485 produci
972 2358 1117 2431 eitim
1146 2356 1286 2411 solet
1312 2354 1483 2423 prima
1504 2356 1556 2409 in
1585 2356 1762 2425 refert.

574 2433 660 2485 19.
744 2430 985 2484 ‘ellarins
1023 2436 1078 2483 et
1128 2426 1453 2482 Arntzenius
1518 2426 1762 2485 odiderur

574 2433 660 2488 19.
719 2426 985 2485 Cellarins
1023 2436 1078 2483 et
1128 2426 1453 2482 Arntzenius
1518 2426 1804 2497 ediderunt
1877 2428 2083 2489 heros;

508 2504 675 2562 nostri
712 2516 902 2559 omnes
928 2514 1059 2554 mss.
1084 2513 1210 2552 cum
1246 2501 1379 2566 Aug.
1412 2506 1467 2551 et
1496 2498 1731 2567 antiquis
1753 2498 2104 2553 editionibus

505 2574 649 2628 heres
692 2574 839 2630 nullo
869 2568 1153 2624 commodo
1181 2581 1361 2640 sensu.
1380 2568 1546 2640 _Pntel
1573 2568 1770 2640 aliquis
1791 2569 1918 2640 dum
1952 2584 2086 2639 pra:-

508 2643 639 2699 ναίει
693 2640 884 2704 Israel,
931 2638 1225 2694 contractis
1272 2637 1478 2693 duabus
1537 2637 1740 2693 ultimis
1792 2641 1844 2694 in
1896 2637 2084 2706 Israel,

509 2726 566 2770 ut
624 2714 695 2768 sit
743 2710 1055 2785 spondzeus.
1096 2710 1298 2785 lpsmn_
1346 2723 1540 2785 nomen
1599 2708 1768 2785 Israel
1821 2709 2089 2785 significat

508 2778 790 2853 premo/ens
842 2781 995 2853 Deo.
1028 2778 1133 2853 Sed
1184 2778 1614 2853 probauvidetur
1660 2778 1888 2853 vulgata
1911 2780 2090 2853 lectio

509 2848 695 2911 heros:
720 2859 798 2910 sic
818 2872 847 2908 a
862 2852 1154 2908 Prudentio
1168 2848 1316 2905 heros
1340 2848 1555 2904 dicitur.
1578 2850 1635 2906 S.
1657 2848 2091 2907 JoanncsEvan-

507 2927 695 2997 gelista
725 2926 911 2997 hytnn.
941 2921 1195 2997 6Catli.l
1216 2922 1297 2997 l4,
1319 2931 1375 2997 et
1396 2920 1593 2997 Tobias
1623 2923 1811 2997 hymn.
1840 2923 1905 2979 l0
1930 2921 2084 2997 Catb,

508 2991 648 3053 vers.
696 2991 785 3053 70'.
824 2997 880 3050 In
927 3010 1027 3050 ms.
1081 2995 1201 3047 Alb.
1255 2992 1462 3046 videtur
1500 2991 1672 3048 fuisse
1712 2991 1897 3060 heros,
1948 2991 2090 3060 quod

511 3069 857 3124 emendatum
880 3074 961 3121 est
988 3081 1079 3133 per
1099 3064 1263 3119 heres.

581 3140 672 3194 20.
713 3138 768 3192 In
792 3140 900 3192 Ott.
930 3138 954 3190 1
977 3136 1317 3191 videnturita
1336 3134 1505 3188 divisa
1526 3135 1686 3189 verba
1715 3135 1880 3205 Asper
1908 3149 2093 3205 agens;

513 3211 608 3265 sed
642 3211 742 3279 legi
776 3208 933 3263 debet
960 3207 1156 3275 Aspera
1181 3221 1324 3279 gens.

582 3281 672 3335 Ἢ.
695 3273 879 3334 Ἰῡοειτι
925 3273 1113 3331 manus
1160 3273 1209 3331 in
1243 3278 1430 3329 Arntz.
1466 3284 1753 3329 notaverat
1777 3318 1791 3341 ,
1826 3290 1924 3345 pro
1955 3273 2089 3344 Rep-

510 3353 643 3421 pulit
691 3352 827 3405 alios
872 3349 1072 3421 habere
1122 3346 1328 3421 Pepulit
1376 3357 1565 3416 aperto
1599 3361 1799 3401 errore.
1837 3345 2091 3421 Nonnulli

516 3416 768 3489 stzribuut
804 3420 1016 3488 repulit,
1060 3416 1203 3487 quia
1239 3426 1474 3486 putant,
1522 3434 1575 3489 re
1624 3431 1783 3484 posse
1827 3416 2086 3489 produci,

515 3495 730 3547 etiamsi
770 3487 1084 3547 consonans
1130 3502 1364 3557 sequens
1394 3503 1498 3543 non
1528 3488 1861 3556 duplicetur.
1891 3487 2089 3543 Adbaso

514 3580 606 3617 reo
637 3565 756 3617 usui
788 3560 1179 3625 cutntnuniori,
1206 3575 1314 3630 quo
1361 3558 1621 3627 reppulit,
1672 3567 1727 3613 et
1774 3560 1998 3630 relligio.
2039 3568 2094 3613 et

513 3634 756 3702 quaedam
788 3632 890 3686 alia
914 3629 1116 3702 similia
1161 3629 1492 3702 scribuntur,
1525 3644 1645 3683 cum
1676 3646 1730 3702 _re
1758 3630 2088 3698 producitur.

515 3700 571 3757 In
601 3708 756 3773 refert
782 3700 928 3756 aliud
966 3711 1111 3755 tenet
1133 3700 1509 3773 consuetudo:
1544 3700 1688 3769 quod
1741 3711 1919 3754 tamen
1964 3715 2092 3773 ver-

514 3771 674 3838 bum,
703 3789 824 3828 cum
850 3781 934 3828 est
964 3771 1325 3839 imporsonale
1344 3812 1358 3836 ,
1391 3785 1606 3839 semper
1634 3774 1865 3839 primam
1896 3772 2095 3839 produ-

514 3845 588 3926 c_it
615 3860 777 3926 ,__cut_u
805 3854 888 3926 est
914 3860 943 3897 a
968 3840 1157 3926 refero,
1198 3841 1421 3926 corripit
1446 3884 1459 3905 ,
1493 3841 1924 3926 sed-aliquando
1947 3858 2096 3923 “pro-

512 3916 680 3969 ducit.
728 3915 909 3970 Multas
954 3911 1224 3968 editiones
1266 3911 1527 3966 exhibent
1568 3913 1841 3965 distractus
1883 3913 2094 3966 crimine

514 3991 754 4055 fratrum,
783 3983 925 4055 quod
950 3983 1165 4055 defendi
1198 3991 1395 4050 potest.
1432 3981 1546 4055 Hoc
1571 3982 1739 4055 verbo
1762 3983 1814 4035 in
1845 3998 1905 4055 re
1928 3983 2092 4055 simili

517 4052 684 4112 utitur
727 4052 1053 4110 Dracontius
1082 4053 1175 4107 lib.
1219 4068 1257 4108 ιι
1279 4094 1292 4116 ,
1325 4067 1469 4108 vers.
1503 4052 1607 4107 5ιο
1632 4053 1947 4123 είδωιρηὶιιε
1982 4054 2093 4107 dis-

517 4129 667 4181 tracti
693 4128 978 4180 maculatur
1012 4124 1265 4189 venditor,
1296 4133 1493 4191 emptor
1519 4138 1537 4184 ;
1565 4134 1620 4177 et
1647 4122 1919 4178 Juvencus
1948 4124 1984 4177 Ι.
2018 4139 2091 4190 ιν,

518 4213 663 4253 vers.
693 4198 816 4253 635.
851 4195 1033 4251 Nostri
1059 4209 1188 4251 mss.
1232 4195 1484 4265 ignorant
1517 4194 1657 4248 hanc
1681 4195 1967 4249 lectionem
1995 4237 2011 4262 ,
2041 4202 2099 4251 et

518 4270 574 4322 in
616 4267 762 4323 Alm.
815 4268 1090 4322 distractus
1133 4274 1216 4320 est
1263 4267 1440 4336 glossa
1487 4266 1552 4319 ad
1602 4266 1829 4320 verbum
1874 4266 2092 4320 vanitas.

518 4338 675 4395 Cant.
701 4353 823 4393 cum
854 4340 992 4393 Alm.
1019 4381 1034 4408 ,
1062 4336 1204 4406 Aug.
1225 4378 1238 4401 ,
1265 4338 1460 4390 venitus
1490 4352 1518 4388 a
1548 4351 1721 4401 veneo,
1749 4351 1779 4389 a
1810 4351 1918 4404 quo
1948 4339 2096 4405 supi-

517 4426 646 4464 num
668 4418 751 4465 est
778 4426 981 4471 venum,
1012 4417 1071 4463 et
1094 4411 1340 4470 uenitum,
1374 4408 1674 4476 penultima
1704 4416 1956 4476 correpta
2005 4422 2093 4463 se-

517 4482 751 4535 cundum
773 4478 1076 4549 analogiam
1106 4478 1245 4549 apud
1271 4475 1604 4532 Priscianum
1639 4477 1686 4549 Ι.
1709 4493 1762 4530 x.
1803 4475 1981 4549 luusu
2012 4486 2095 4533 est

518 4568 721 4604 venum.
753 4548 1019 4606 Recentes
1057 4548 1297 4605 editores
1327 4556 1547 4603 tuentur
1575 4548 1797 4614 venitus,
1826 4548 1983 4617 cujus
2009 4563 2096 4603 sc-

2115 3249 2162 3313 C

2190 1933 2394 1987 Poelm.
2439 1934 2490 1987 in
2536 1928 2791 1987 contextu
2821 1974 2836 1997 ,
2872 1935 3007 2002 Aug.
3051 1946 3173 1986 cum
3221 1946 3325 1985 ms.
3380 1932 3571 2002 A‘rntz.
3600 1970 3615 1991 ,
3642 1928 3737 1986 cdd

2190 2003 2306 2058 Vel.
2343 2005 2395 2071 1,
2419 2003 2476 2068 2,
2505 2002 2648 2059 Μοη.
2680 2003 2940 2059 exhibent
2960 1999 3228 2065 'Venditus
3256 2006 3346 2055 'est
3384 1999 3648 2066 Christus,
3672 2014 3729 2069 pr

2185 2089 2291 2144 quo
2323 2076 2463 2130 Alm.
2497 2074 2745 2129 Venditus
2774 2083 2847 2127 est
2881 2072 3153 2144 Dominus.
3184 2072 3458 2144 lnArnts.
3491 2086 3522 2131 a
3549 2086 3625 2132 In.
3658 2084 3738 2125 rec

2186 2143 2239 2198 et
2267 2145 2321 2200 in
2344 2144 2563 2203 scltedis
2592 2145 2802 2202 Poelm.
2830 2187 2846 2211 ,
2890 2143 3138 2199 Venditus
3165 2161 3198 2197 a
3219 2143 3386 2197 Iuda.

2255 2215 2347 2269 24.
2392 2220 2577 2275 Arntz.
2607 2257 2623 2283 ,
2672 2230 2835 2286 preme
2871 2230 2980 2286 pro
3025 2216 3193 2286 plaga:
3231 2216 3413 2286 minus
3456 2212 3732 2283 eleganter

2187 2289 2442 2359 scribitur
2471 2294 2649 2342 autem
2673 2283 2823 2359 pene.
2857 2283 3223 2359 Per-_lidusibic
3248 2294 3331 2359 _est
3356 2283 3594 2359 Pharao.

2258 2357 2348 2412 25.
2389 2357 2582 2413 Arntz.
2616 2373 2645 2411 a
2675 2354 2746 2411 in.
2776 2372 2923 2423 sec.,
2951 2357 3085 2427 Reg.
3114 2356 3166 2423 5,
3198 2355 3327 2427 Ald.
3351 2396 3367 2419 ,
3400 2354 3651 2427 conduxit
3672 2366 3741 2427 ph

2186 2430 2457 2483 revocavit.
2492 2428 2549 2484 ln
2588 2428 2881 2500 Reg.2_est
2916 2423 3187 2495 revocavit,
3226 2426 3321 2482 sed
3364 2425 3584 2500 videtur
3612 2423 3733 2500 luis.»

2188 2500 2419 2574 reducit,
2444 2500 2594 2574 quod
2623 2496 2727 2558 non
2757 2498 3072 2574 damn_arem
3100 2540 3115 2564 ,
3139 2506 3193 2554 et
3224 2500 3305 2574 sic
3324 2497 3594 2574 scriptum
3626 2496 3743 2558 inve

2193 2572 2287 2624 nio
2310 2571 2363 2641 in
2394 2567 2531 2641 Aug.
2561 2570 2757 2637 Sermo
2787 2576 2872 2626 est
2897 2569 2965 2625 de
2992 2584 3133 2641 agno
3164 2567 3425 2641 paschali.

2259 2640 2348 2701 26.
2390 2640 2515 2696 Ald.
2540 2683 2556 2703 ,
2588 2657 2681 2695 nos
2710 2650 2932 2705 revocat,
2961 2639 3105 2706 quad
3129 2654 3251 2694 cum
3284 2639 3522 2694 lectione
3557 2646 3745 2705 recept.

2190 2731 2242 2766 v.
2275 2712 2543 2779 superiori
2593 2712 2843 2766 revocavit
2890 2718 3174 2769 venustum
3220 2721 3321 2764 est.
3350 2707 3457 2773 Alii
3487 2723 3677 2777 irasque
3695 2723 3746 2759 re

2196 2784 2314 2832 fert.
2337 2784 2428 2832 ubi
2460 2783 2773 2832 coniunctio
2792 2798 2889 2832 aue
2917 2781 3101 2832 omitti
3135 2788 3333 2832 potest.

2194 2784 2314 2855 fert,
2337 2784 2428 2841 ubi
2460 2784 2773 2851 conjunctio
2792 2798 2889 2854 que
2917 2784 3101 2839 omitti
3135 2788 3333 2849 potest.

2263 2854 2354 2931 g2.
2383 2853 2573 2931 1_V_efas,
2602 2853 2658 2931 Ir.
2679 2868 2756 2917 e.,
2777 2852 3012 2931 nefarios
3030 2850 3317 2931 IEgvptios
3332 2866 3456 2931 cum
3472 2849 3747 2931 Pharaone

2264 2924 2361 2994 28.
2396 2918 2581 2986 Meus,
2627 2926 2766 2994 Aug.
2793 2964 2809 2991 ,
2860 2922 2988 2977 Cum
3017 2918 3195 2975 muniti
3239 2922 3468 2994 populis.
3491 2918 3739 2994 Δ(ξειιιιιξιι

2193 3010 2315 3050 cum
2338 2992 2478 3048 Altn.
2504 3037 2517 3055 ,
2549 2994 2675 3048 Cum
2711 2989 2917 3065 populis
2968 2993 3169 3065 mundi,
3209 2989 3446 3065 admi_~so
3490 2989 3748 3065 hiatu_._Si-

2195 3068 2356 3121 etiam
2407 3067 2535 3135 Reg.
2562 3065 2597 3118 2
2637 3059 2842 3119 et'Ott.
2899 3066 2951 3130 l,
2984 3064 3078 3118 sed
3112 3064 3162 3116 in
3210 3063 3312 3135 hoc
3342 3062 3585 3135 factum,
3623 3059 3739 3115 Nu

2198 3137 2414 3220 populos
2439 3132 2639 3190 mundi.
2670 3135 2725 3189 lu
2756 3136 2879 3189 Alb.
2900 3176 2914 3199 ,
2939 3135 3217 3199 mendum,
3250 3132 3605 3258 Neapolpulis
3632 3147 3744 3197 om

2197 3210 2270 3261 dt.
2299 3206 2433 3262 Rca.
2464 3209 2519 3262 5.
2551 3210 2604 3262 5.
2638 3206 2777 3259 Vult.
2806 3205 2859 3262 1.
2882 3204 2937 3262 Ξ.
2970 3207 3080 3258 Οιι.
3103 3205 3161 3262 Ξ.
3194 3204 3351 3259 Rern.
3373 3243 3392 3262 .
3476 3200 3593 3262 τὺ..
3628 3202 3743 3257 ΔΜ.

2236 3217 2270 3261 i.
2304 3217 2433 3273 Heg.
2464 3217 2519 3271 3,
2551 3217 2604 3273 5,
2639 3217 2777 3259 vatt.
2806 3217 2859 3267 ι,
2882 3217 2937 3272 2,
2970 3217 3080 3258 υιι.
3103 3217 3161 3266 ιι.
3194 3217 3351 3259 uolui.
3373 3243 3392 3267 ,
3426 3217 3593 3266 uru.,
3628 3217 3763 3273 Qui“

2197 3223 2270 3261 at.
2304 3223 2433 3276 ncg.
2465 3223 2519 3271 ο,
2551 3223 2604 3273 ε),
2642 3223 2777 3259 vau.
2806 3223 2859 3267 ι,
2882 3223 2937 3272 z,
2970 3223 3080 3258 υιι.
3103 3223 3161 3266 ι.
3194 3223 3351 3259 uorti.
3373 3243 3392 3267 ,
3426 3223 3593 3266 uru.,
3628 3223 3763 3263 sua“

2196 3279 2382 3339 Fabr.,
2416 3278 2569 3331 Nunc
2615 3277 2793 3330 mundi
2820 3276 3061 3346 ngpulis.
3113 3274 3263 3346 Multi
3294 3274 3516 3346 vulgati
3542 3316 3557 3341 ,
3630 3272 3766 3346 Nunt

2196 3348 2401 3421 pupulis
2438 3348 2664 3421 mundis.
2706 3347 2804 3402 Ms.
2839 3343 3043 3402 'Arntz.
3068 3386 3084 3410 ,
3113 3344 3278 3428 .Nunc
3325 3344 3506 3398 mundi
3551 3343 3767 3427 populi;

2193 3420 2450 3477 Cantabr.
2482 3463 2497 3487 ,
2531 3418 2685 3473 Nunc
2730 3419 2912 3490 populi
2944 3417 3147 3490 mundi,
3170 3418 3226 3471 lt.
3264 3431 3317 3471 ε.
3342 3458 3371 3490 ,_
3394 3416 3604 3490 populi_
3629 3413 3768 3469 Chri-

2199 3578 2318 3627 rus,
2341 3571 2394 3618 et
2420 3556 2745 3619 Arntsenius
2775 3571 3096 3629 sequuntur.
3131 3556 3499 3629 WOpksnsius
3518 3557 3769 3625 mnjicie.

2199 3633 2288 3687 bat
2310 3674 2324 3687 .
2360 3632 2411 3687 N
2416 3649 2515 3686 unc
2541 3630 2759 3687 uenulas
2783 3631 3055 3684 mandans.

2237 3645 2288 3686 at
2310 3674 2324 3696 ,
2360 3645 2515 3687 Nunc
2541 3645 2759 3696 populos
2783 3645 3055 3684 munaans.

2269 3648 2288 3686 t
2310 3674 2324 3696 ,
2360 3648 2515 3687 tvunc
2541 3648 2759 3704 populos
2783 3648 3055 3684 munaans.
3384 3699 3397 3711 _
3437 3700 3449 3711 .

2265 3703 2357 3758 29.
2400 3703 2543 3757 Alm.
2570 3745 2585 3767 ,
2620 3701 2767 3756 Meus
2793 3742 2807 3763 ,
2835 3702 3049 3772 referta,
3097 3707 3479 3772 qIIO‘IOSPICI‘
3512 3697 3766 3772 mendum

2199 3775 2253 3830 in
2280 3774 2387 3829 Ott.
2421 3774 2479 3840 Ξ,
2509 3776 2723 3843 referto,
2746 3772 2840 3843 alii
2863 3769 3080 3843 codices
3103 3812 3119 3843 ,
3146 3770 3360 3841 refecta,
3398 3769 3613 3825 melius.

2242 3862 2243 3865 ‘
2268 3846 2357 3900 51.
2399 3837 2649 3899 Nonnulli
2672 3842 2803 3897 editi
2825 3841 3085 3898 mendose
3106 3842 3159 3897 in
3182 3837 3416 3911 utroque
3432 3855 3593 3895 versu
3624 3837 3767 3895 Plebs

2196 3916 2241 3969 si
2268 3930 2365 3985 pro
2398 3914 2547 3969 Plebs
2573 3914 2687 3967 sibi.
2720 3914 2828 3968 Ott.
2857 3915 2908 3977 1,
2933 3914 3089 3968 Rom.
3122 3913 3174 3966 in
3202 3924 3438 3983 utroque
3488 3926 3764 3985 versu_ca-

2196 3981 2304 4056 pit;
2334 3985 2428 4041 sed
2452 3988 2503 4039 in
2532 3986 2640 4039 ou.
2675 3987 2699 4039 l
2726 3995 2874 4040 recte
2898 3985 3204 4056 correctum
3234 3992 3322 4041 est
3346 3981 3443 4056 per
3470 3981 3768 4056 “pumi-

2199 4052 2276 4111 tio
2304 4057 2508 4126 Pnelm.
2537 4056 2603 4110 ad
2638 4070 2806 4124 marg.
2838 4053 3046 4126 adorat,
3080 4052 3244 4123 idque
3285 4052 3577 4121 prazferunt
3618 4053 3761 4108 sche-

2198 4124 2912 4207 darejusd‘em_l‘oelinanni_.
2945 4124 3143 4207 Cateri
3191 4125 3386 4205 adopta
3432 4140 3552 4178 cum
3597 4127 3761 4207 glossa

2199 4199 2251 4253 in
2284 4196 2410 4268 Reg.
2438 4199 2494 4262 ‘2,
2523 4196 2686 4268 eligit,
2715 4197 2872 4268 quod
2891 4196 3012 4249 huic
3042 4196 3163 4249 loco
3181 4196 3361 4268 _magis
3390 4196 3640 4268 convenit
3662 4202 3761 4268 :_ut

2198 4270 2340 4322 enim
2362 4258 2516 4337 plebs
2548 4258 2681 4322 dura
2713 4258 2930 4321 Israeiis
2960 4274 3121 4337 caput
3144 4258 3305 4319 vituli
3320 4265 3423 4321 sibi
3452 4266 3718 4337 adoptavit
3744 4305 3758 4326 ,

2197 4339 2270 4393 ita
2302 4334 2455 4408 plebs
2480 4339 2610 4394 dura
2638 4338 2945 4393 Iudaeorum
2970 4334 3242 4391 Christum
3271 4348 3435 4405 caput
3461 4338 3561 4391 sibi
3589 4336 3761 4388 abstu-

2200 4412 2279 4465 lit.
2307 4410 2554 4480 Alioquin
2583 4408 3037 4480 facilehazcinter
3065 4423 3123 4461 se
3153 4408 3608 4480 permutanturin
3637 4419 3759 4459 mss.

2201 4482 2405 4546 adorat,
2435 4477 2929 4551 adaptat,adornat,
2953 4479 3187 4548 adoptat,
3220 4478 3395 4547 utjam
3424 4477 3556 4533 alibi
3582 4486 3755 4533 osteno

2200 4568 2321 4607 sum
2348 4563 2450 4607 est.

520 4623 749 4680 cundam
774 4622 1002 4676 licenter
1025 4617 1638 4690 produxerit'Scdnlius.
1664 4617 2097 4690 Favetsupinum
2126 4630 2179 4690 1)
2272 4624 2361 4679 52.
2402 4622 2512 4677 Ott.
2544 4622 2595 4687 1,
2627 4621 2805 4688 hunc;
2831 4621 2967 4676 bene
2995 4628 3300 4675 correctum
3327 4618 3449 4674 heu.

526 4692 794 4757 ambitum,
816 4693 970 4760 cujus
995 4689 1229 4746 seettuda
1260 4689 1601 4759 producitur,
1619 4689 1863 4756 quamvis
1890 4692 1940 4743 in
1972 4691 2100 4745 itum

529 4764 703 4831 prima
727 4763 1075 4830 corripiatur.
1122 4760 1178 4815 In
1213 4761 1335 4816 Vat.
1376 4761 1413 4814 ‘2
1452 4761 1669 4814 videtur
1715 4774 1835 4814 esse
1881 4762 2099 4828 venitus,

526 4830 667 4903 quod
692 4843 913 4903 apparet
936 4836 1096 4887 etiam
1128 4832 1178 4884 in
1211 4831 1340 4902 Reg.
1371 4834 1423 4897 5,
1454 4832 1551 4903 sed
1582 4831 1634 4883 in
1670 4830 1771 4903 hoc
1798 4845 2099 4903 correctum

528 4902 613 4957 est
632 4902 975 4972 pervenditus
992 4917 1116 4957 cum
1138 4902 1315 4972 glossa
1336 4902 1693 4956 venumdatus.
1708 4902 1818 4955 Ott.
1844 4902 2098 4969 l,Arulz.

530 4988 560 5027 a
590 4990 670 5043 pr.
703 4992 775 5028 m.
804 4989 926 5029 cum
959 4972 1093 5042 Reg.
1125 4972 1180 5038 5,
1223 4974 1451 5026 venditus
1477 4972 1659 5043 cimine
1682 4973 1923 5037 fratrum,
1958 4975 2102 5041 quod

532 5042 691 5100 metri
723 5046 806 5100 lex
858 5046 1064 5113 respuit
1090 5060 1103 5098 :
1134 5043 1304 5098 multo
1339 5057 1472 5098 vero
1510 5042 1677 5111 Inagis
1707 5052 1878 5097 metro
1908 5044 2101 5100 adver-

533 5126 684 5170 satur
726 5115 834 5171 Ott.
884 5114 940 5179 2,
968 5118 1159 5185 fantem
1205 5114 1569 5185 quiruenditus
1613 5114 1823 5185 crimine
1859 5117 2101 5184 fratrum.

537 5187 667 5256 Reg.
694 5187 749 5253 2,
785 5187 906 5241 Vat.
949 5185 1002 5246 1,
1031 5183 1226 5249 Rum.,
1258 5184 1381 5238 Alb.
1405 5226 1420 5251 ,
1452 5184 1638 5256 Meus,
1668 5184 1854 5256 famem
1896 5195 2107 5241 venatus

532 5253 745 5310 crimine
771 5258 988 5328 fratrum
1016 5270 1137 5328 cum
1167 5256 1341 5328 glossa
1371 5256 1423 5309 in
1448 5254 1583 5323 Reg.
1611 5253 1933 5328 2,‘ve_ndilus
1956 5271 1975 5310 :
2001 5256 2107 5313 huc

533 5324 779 5399 pertinet
803 5328 933 5384 Urb.
959 5368 974 5392 ,
1004 5325 1214 5396 famem»
1237 5327 1322 5399 ηυξ
1368 5334 1575 5399 venatus
1620 5324 1832 5378 crimine
1863 5326 2101 5397 fratrum.

543 5397 737 5454 Verum
783 5411 993 5452 venatus
1032 5412 1129 5467 pro
1173 5397 1402 5451 venditus
1448 5397 1671 5455 latinum
1721 5412 1830 5449 non
1880 5407 2000 5460 est,
2045 5413 2108 5454 ac

533 5485 797 5540 praeterea
829 5472 882 5521 in
909 5467 1259 5540 l_._)rb.contrn
1288 5474 1522 5540 metrum
1546 5476 1693 5540 esset
1718 5470 1825 5537 qui.
1862 5472 2044 5524 Arntz.
2078 5484 2107 5524 a

536 5537 608 5595 in.
640 5555 718 5607 s.,
747 5542 879 5610 Reg.
913 5537 968 5604 5,
1001 5539 1126 5594 Ald.
1145 5580 1160 5605 ,
1188 5540 1295 5593 alio
1321 5538 1500 5602 modo,
1531 5538 1737 5610 fantem,
1771 5539 1929 5608 frater
1954 5556 2105 5610 quem

534 5613 759 5666 vendidit
790 5608 939 5666 uitro.
975 5610 1041 5665 Et
1064 5621 1259 5681 metro,
1282 5621 1339 5663 et
1361 5608 1871 5681 Latinitaticousuli
1901 5608 2100 5681 potest,

530 5684 574 5736 si
604 5699 668 5737 ev
706 5683 948 5751 vestigiis
991 5680 1238 5736 codicum
1268 5680 1600 5735 reseribatur
1632 5679 1875 5751 Reppulit
1902 5679 1991 5736 ille
2017 5685 2101 5752 fa-

528 5769 655 5807 mem
679 5770 862 5808 venum
883 5762 1026 5807 actus
1050 5752 1259 5806 crimine
1285 5752 1522 5819 fratrum.
1549 5752 1864 5806 Sermonem
1890 5768 2012 5808 esse
2032 5755 2101 5809 de

520 5824 720 5896 .loscph
750 5823 967 5880 vendito
996 5838 1024 5877 a
1050 5822 1308 5877 fratribus
1334 5862 1348 5885 ,
1380 5837 1541 5878 nemo
1565 5836 1669 5876 non
1699 5822 1867 5877 videt.

2275 4694 2362 4749 55.
2409 4694 2539 4763 Reg.
2571 4693 2626 4756 9.,
2655 4693 2707 4763 in
2736 4693 2837 4747 hoc
2873 4702 2924 4746 et
2965 4707 3083 4763 seq.
3106 4708 3200 4763 Av.,
3241 4692 3467 4763 initium,
3496 4690 3759 4763 utrubique

2206 4760 2510 4820 correctum
2548 4762 2819 4826 iudicium,
2844 4762 2986 4834 quod
3020 4761 3356 4834 retinendum
3381 4774 3486 4817 eet.
3520 4762 3571 4815 lu
3595 4760 3696 4834 Qtt.
3728 4761 3749 4834 1

2207 4836 2304 4890 fuit
2333 4836 2648 4894 discrimine.
2670 4834 2809 4902 quod
2842 4829 3019 4888 exstat
3045 4834 3097 4886 in
3131 4831 3251 4886 Vat.
3286 4832 3338 4895 1,
3374 4834 3468 4887 sed
3515 4834 3563 4886 in
3598 4829 3699 4886 Ott.
3718 4832 3745 4902 1

2204 4908 2400 4961 factum
2432 4914 2518 4961 est
2545 4905 2607 4960 de
2628 4900 2860 4971 crimine,
2892 4918 3011 4975 qua:
3040 4913 3122 4959 est
3149 4918 3275 4959 vera
3302 4902 3489 4958 lectio.
3514 4902 3668 4965 Heus,
3692 4900 3752 4953 de

2206 4979 2449 5032 culmine.
3437 5002 3445 5007 -

2276 5049 2366 5103 51.
2411 5046 2591 5103 Editio
2613 5044 2820 5099 Poelm.
2846 5085 2862 5112 ,
2896 5045 3106 5115 Quoque
3154 5059 3257 5114 pro
3282 5044 3545 5114 Quodque.
3569 5043 3705 5101 Rom.
3733 5080 3749 5107 ,

2206 5118 2318 5173 Ott.
2346 5120 2399 5181 2,
2435 5117 2562 5172 Urb.
2594 5118 2746 5182 venit,
2773 5119 2915 5187 quod
2949 5117 3002 5171 in
3031 5115 3339 5187 Henetiam
3384 5115 3584 5170 videtur
3608 5128 3749 5174 esse;

2204 5191 2299 5244 sed
2330 5191 2466 5243 ratio
2493 5188 2649 5244 metri
2677 5185 2910 5255 postulat
2934 5188 3121 5242 veniat.
3150 5185 3307 5239 Joan.
3336 5203 3386 5249 ι,
3423 5187 3487 5240 59
3512 5202 3523 5239 τ
3552 5187 3747 5239 Scruta-

2208 5262 2332 5314 mini
2355 5262 2659 5331 scripturas,
2688 5260 2805 5328 quia
2825 5273 2909 5311 vos
2933 5259 3124 5331 putatis
3144 5258 3203 5331 in
3220 5258 3346 5323 ipsis
3368 5259 3517 5331 vitam
3536 5267 3749 5331 teterrima

2210 5331 2393 5385 habere
2419 5347 2433 5383 :
2458 5327 2501 5383 et
2532 5331 2636 5384 illa!
2656 5327 2797 5393 sunt,
2820 5327 3293 5397 quat'testimouium
3319 5328 3571 5398 perhibent
3590 5327 3646 5379 de
3661 5339 3747 5376 rae.

2280 5404 2365 5458 55.
2411 5402 2531 5454 Vct.
2555 5402 2610 5464 2,
2643 5399 2719 5453 Eu
2750 5399 2965 5471 lapsus;
2994 5400 3082 5454 ed.
3114 5400 3230 5452 Col.
3257 5399 3415 5471 Luae
3442 5408 3495 5452 et
3528 5412 3632 5471 seq.
3664 5410 3710 5446 v.
3732 5434 3745 5455 ,

2208 5474 2413 5544 irriguis
2443 5490 2460 5535 ;
2494 5476 2703 5544 Arnlz.,
2736 5467 2920 5541 fronte.
2951 5471 3175 5539 Corrige
3202 5511 3215 5529 ,
3246 5467 3329 5521 En
3363 5471 3495 5544 lapis
3529 5468 3745 5544 irrigans,

2211 5556 2263 5599 et
2296 5536 2453 5615 fonte.
2490 5543 2642 5597 Petra
2675 5536 2930 5608 percussa
2975 5582 2989 5605 ,
3014 5536 3133 5615 qtae
3154 5554 3356 5615 aquam
3389 5539 3521 5593 fudit
3545 5582 3558 5615 ,
3580 5548 3653 5591 est
3682 5536 3748 5587 la-

2212 5610 2304 5683 pis'
2324 5614 2556 5683 irriguos
2582 5656 2595 5679 ,
2626 5624 2682 5667 ut
2709 5623 2857 5667 reete
2887 5613 3107 5681 exponit
3146 5610 3445 5683 Collatine:
3474 5612 3556 5679 qui
3591 5620 3745 5683 tamen

2210 5680 2390 5755 inepte
2417 5680 2614 5755 accipit
2638 5685 2827 5737 satiare
2858 5680 3190 5755 prn’satiaris
3213 5681 3503 5737 indicativo
3536 5680 3743 5747 passivo,

2206 5753 2326 5810 cum
2358 5757 2429 5811 sit
2458 5753 2600 5811 modi
2634 5753 2961 5823 imperativi.
