  <div class='ocr_page' id='page_1' title='image "/cluster/home/n/w/nwhite01/storage/ocr_20150623/18-19/uva.x000826554/1170.png"; bbox 0 0 3920 6340; ppageno 0'>
   <div class='ocr_carea' id='block_1_1' title="bbox 182 299 303 353">
    <p class='ocr_par' dir='ltr' id='par_1_1' title="bbox 182 299 303 353">
     <span class='ocr_line' id='line_1_1' title="bbox 182 299 303 353; baseline 0.025 -3"><span class='ocrx_word' id='word_1_1' title='bbox 182 299 303 353; x_wconf 82' lang='grc'><strong>757</strong></span> 
     </span>
    </p>
   </div>
   <div class='ocr_carea' id='block_1_2' title="bbox 417 412 1705 490">
    <p class='ocr_par' dir='ltr' id='par_1_2' title="bbox 417 412 1705 490">
     <span class='ocr_line' id='line_1_2' title="bbox 417 412 1705 490; baseline 0.001 -23"><span class='ocrx_word' id='word_1_2' title='bbox 417 413 516 482; x_wconf 86' lang='lat' dir='ltr'><strong>Qui</strong></span> <span class='ocrx_word' id='word_1_3' title='bbox 549 412 821 470; x_wconf 80' lang='lat' dir='ltr'><strong>Christum</strong></span> <span class='ocrx_word' id='word_1_4' title='bbox 856 415 1121 484; x_wconf 86' lang='lat' dir='ltr'><strong>reprobas</strong></span> <span class='ocrx_word' id='word_1_5' title='bbox 1143 455 1159 480; x_wconf 95' lang='lat'><strong>,</strong></span> <span class='ocrx_word' id='word_1_6' title='bbox 1185 430 1252 471; x_wconf 93' lang='lat' dir='ltr'><strong>en</strong></span> <span class='ocrx_word' id='word_1_7' title='bbox 1289 415 1425 490; x_wconf 81' lang='lat' dir='ltr'><strong>lapis</strong></span> <span class='ocrx_word' id='word_1_8' title='bbox 1451 415 1705 486; x_wconf 87' lang='lat' dir='ltr'><strong>irriguos.</strong></span> 
     </span>
    </p>
   </div>
   <div class='ocr_carea' id='block_1_3' title="bbox 345 508 1788 579">
    <p class='ocr_par' dir='ltr' id='par_1_3' title="bbox 345 508 1788 579">
     <span class='ocr_line' id='line_1_3' title="bbox 345 508 1788 579; baseline -0.001 -16"><span class='ocrx_word' id='word_1_9' title='bbox 345 508 602 577; x_wconf 76' lang='lat' dir='ltr'><strong>Carpitur</strong></span> <span class='ocrx_word' id='word_1_10' title='bbox 631 508 756 578; x_wconf 90' lang='lat' dir='ltr'><strong>igne</strong></span> <span class='ocrx_word' id='word_1_11' title='bbox 786 523 944 564; x_wconf 91' lang='lat' dir='ltr'><strong>sacro</strong></span> <span class='ocrx_word' id='word_1_12' title='bbox 972 524 1190 574; x_wconf 90' lang='lat' dir='ltr'><strong>munus,</strong></span> <span class='ocrx_word' id='word_1_13' title='bbox 1215 518 1510 579; x_wconf 89' lang='lat' dir='ltr'><strong>votumque</strong></span> <span class='ocrx_word' id='word_1_14' title='bbox 1541 510 1788 577; x_wconf 89' lang='lat' dir='ltr'><strong>piorum,</strong></span> 
     </span>
    </p>
   </div>
   <div class='ocr_carea' id='block_1_4' title="bbox 416 602 1697 676">
    <p class='ocr_par' dir='ltr' id='par_1_4' title="bbox 416 602 1697 676">
     <span class='ocr_line' id='line_1_4' title="bbox 416 602 1697 676; baseline -0.002 -18"><span class='ocrx_word' id='word_1_15' title='bbox 416 603 578 675; x_wconf 74' lang='lat'><strong>365</strong></span> <span class='ocrx_word' id='word_1_16' title='bbox 600 602 869 658; x_wconf 80' lang='lat' dir='ltr'><strong>Seditiosa</strong></span> <span class='ocrx_word' id='word_1_17' title='bbox 895 602 1072 657; x_wconf 90' lang='lat' dir='ltr'><strong>tribus</strong></span> <span class='ocrx_word' id='word_1_18' title='bbox 1102 603 1339 671; x_wconf 77' lang='lat' dir='ltr'><strong>carpitur</strong></span> <span class='ocrx_word' id='word_1_19' title='bbox 1370 602 1496 676; x_wconf 81' lang='lat' dir='ltr'><strong>igne</strong></span> <span class='ocrx_word' id='word_1_20' title='bbox 1519 616 1697 657; x_wconf 89' lang='lat' dir='ltr'><strong>sacro.</strong></span> 
     </span>
    </p>
   </div>
   <div class='ocr_carea' id='block_1_5' title="bbox 351 695 1719 768">
    <p class='ocr_par' dir='ltr' id='par_1_5' title="bbox 351 695 1719 768">
     <span class='ocr_line' id='line_1_5' title="bbox 351 695 1719 768; baseline -0.001 -16"><span class='ocrx_word' id='word_1_21' title='bbox 351 698 534 768; x_wconf 81' lang='lat' dir='ltr'><strong>Regna</strong></span> <span class='ocrx_word' id='word_1_22' title='bbox 566 699 721 752; x_wconf 80' lang='lat' dir='ltr'><strong>beata</strong></span> <span class='ocrx_word' id='word_1_23' title='bbox 749 697 927 751; x_wconf 64' lang='lat' dir='ltr'><strong>Patris</strong></span> <span class='ocrx_word' id='word_1_24' title='bbox 960 697 1096 768; x_wconf 88' lang='lat' dir='ltr'><strong>legis</strong></span> <span class='ocrx_word' id='word_1_25' title='bbox 1128 712 1234 752; x_wconf 92' lang='lat' dir='ltr'><strong>non</strong></span> <span class='ocrx_word' id='word_1_26' title='bbox 1265 697 1492 767; x_wconf 73' lang='lat' dir='ltr'><strong>contigit</strong></span> <span class='ocrx_word' id='word_1_27' title='bbox 1522 695 1719 761; x_wconf 64' lang='lat' dir='ltr'><strong>haeres,</strong></span> 
     </span>
    </p>
   </div>
   <div class='ocr_carea' id='block_1_6' title="bbox 230 787 1507 859">
    <p class='ocr_par' dir='ltr' id='par_1_6' title="bbox 230 787 1507 859">
     <span class='ocr_line' id='line_1_6' title="bbox 230 787 1507 859; baseline -0.002 -15"><span class='ocrx_word' id='word_1_28' title='bbox 230 790 311 846; x_wconf 76' lang='grc'><strong>40</strong></span> <span class='ocrx_word' id='word_1_29' title='bbox 425 788 582 844; x_wconf 75' lang='lat' dir='ltr'><strong>Iesus</strong></span> <span class='ocrx_word' id='word_1_30' title='bbox 610 788 891 859; x_wconf 87' lang='lat' dir='ltr'><strong>dispensat</strong></span> <span class='ocrx_word' id='word_1_31' title='bbox 924 803 1087 858; x_wconf 88' lang='lat' dir='ltr'><strong>regna</strong></span> <span class='ocrx_word' id='word_1_32' title='bbox 1121 788 1272 843; x_wconf 88' lang='lat' dir='ltr'><strong>beata</strong></span> <span class='ocrx_word' id='word_1_33' title='bbox 1309 787 1507 842; x_wconf 77' lang='lat' dir='ltr'><strong>Patris.</strong></span> 
     </span>
    </p>
   </div>
   <div class='ocr_carea' id='block_1_7' title="bbox 355 879 1789 950">
    <p class='ocr_par' dir='ltr' id='par_1_7' title="bbox 355 879 1789 950">
     <span class='ocr_line' id='line_1_7' title="bbox 355 879 1789 950; baseline 0 -14"><span class='ocrx_word' id='word_1_34' title='bbox 355 881 598 937; x_wconf 79' lang='lat' dir='ltr'><strong>Destruit</strong></span> <span class='ocrx_word' id='word_1_35' title='bbox 623 896 750 936; x_wconf 86' lang='lat' dir='ltr'><strong>arca</strong></span> <span class='ocrx_word' id='word_1_36' title='bbox 783 881 903 949; x_wconf 85' lang='lat' dir='ltr'><strong>Dei,</strong></span> <span class='ocrx_word' id='word_1_37' title='bbox 939 897 1123 936; x_wconf 89' lang='lat' dir='ltr'><strong>muros</strong></span> <span class='ocrx_word' id='word_1_38' title='bbox 1150 879 1278 935; x_wconf 91' lang='lat' dir='ltr'><strong>dum</strong></span> <span class='ocrx_word' id='word_1_39' title='bbox 1310 881 1527 950; x_wconf 87' lang='lat' dir='ltr'><strong>circuit,</strong></span> <span class='ocrx_word' id='word_1_40' title='bbox 1553 880 1789 949; x_wconf 85' lang='lat' dir='ltr'><strong>hostem,</strong></span> 
     </span>
    </p>
   </div>
   <div class='ocr_carea' id='block_1_8' title="bbox 421 973 1537 1030">
    <p class='ocr_par' dir='ltr' id='par_1_8' title="bbox 421 973 1537 1030">
     <span class='ocr_line' id='line_1_8' title="bbox 421 973 1537 1030; baseline -0.003 -1"><span class='ocrx_word' id='word_1_41' title='bbox 421 973 515 1030; x_wconf 88' lang='lat' dir='ltr'><strong>Sic</strong></span> <span class='ocrx_word' id='word_1_42' title='bbox 543 974 756 1029; x_wconf 84' lang='lat' dir='ltr'><strong>hostem</strong></span> <span class='ocrx_word' id='word_1_43' title='bbox 790 973 977 1028; x_wconf 88' lang='lat' dir='ltr'><strong>mundi</strong></span> <span class='ocrx_word' id='word_1_44' title='bbox 1003 973 1240 1028; x_wconf 88' lang='lat' dir='ltr'><strong>destruit</strong></span> <span class='ocrx_word' id='word_1_45' title='bbox 1267 988 1392 1028; x_wconf 90' lang='lat' dir='ltr'><strong>arca</strong></span> <span class='ocrx_word' id='word_1_46' title='bbox 1420 973 1537 1027; x_wconf 89' lang='lat' dir='ltr'><strong>Dei.</strong></span> 
     </span>
    </p>
   </div>
   <div class='ocr_carea' id='block_1_9' title="bbox 350 1064 1790 1130">
    <p class='ocr_par' dir='ltr' id='par_1_9' title="bbox 350 1064 1790 1130">
     <span class='ocr_line' id='line_1_9' title="bbox 350 1064 1790 1130; baseline 0 -11"><span class='ocrx_word' id='word_1_47' title='bbox 350 1065 492 1120; x_wconf 82' lang='lat' dir='ltr'><strong>Area</strong></span> <span class='ocrx_word' id='word_1_48' title='bbox 512 1064 690 1120; x_wconf 78' lang='lat' dir='ltr'><strong>vellus</strong></span> <span class='ocrx_word' id='word_1_49' title='bbox 713 1065 898 1130; x_wconf 83' lang='lat' dir='ltr'><strong>habet,</strong></span> <span class='ocrx_word' id='word_1_50' title='bbox 925 1064 1142 1121; x_wconf 89' lang='lat' dir='ltr'><strong>madido</strong></span> <span class='ocrx_word' id='word_1_51' title='bbox 1163 1066 1258 1120; x_wconf 90' lang='lat' dir='ltr'><strong>sed</strong></span> <span class='ocrx_word' id='word_1_52' title='bbox 1290 1065 1494 1120; x_wconf 90' lang='lat' dir='ltr'><strong>vellere</strong></span> <span class='ocrx_word' id='word_1_53' title='bbox 1519 1066 1661 1121; x_wconf 88' lang='lat' dir='ltr'><strong>sicca</strong></span> <span class='ocrx_word' id='word_1_54' title='bbox 1682 1074 1790 1130; x_wconf 88' lang='lat' dir='ltr'><strong>est,</strong></span> 
     </span>
    </p>
   </div>
   <div class='ocr_carea' id='block_1_10' title="bbox 425 1156 1614 1213">
    <p class='ocr_par' dir='ltr' id='par_1_10' title="bbox 425 1156 1614 1213">
     <span class='ocr_line' id='line_1_10' title="bbox 425 1156 1614 1213; baseline 0.001 -2"><span class='ocrx_word' id='word_1_55' title='bbox 425 1156 642 1212; x_wconf 90' lang='lat' dir='ltr'><strong>Siccum</strong></span> <span class='ocrx_word' id='word_1_56' title='bbox 670 1164 783 1210; x_wconf 88' lang='lat' dir='ltr'><strong>tota</strong></span> <span class='ocrx_word' id='word_1_57' title='bbox 813 1156 1043 1212; x_wconf 83' lang='lat' dir='ltr'><strong>madens</strong></span> <span class='ocrx_word' id='word_1_58' title='bbox 1071 1171 1196 1212; x_wconf 87' lang='lat' dir='ltr'><strong>area</strong></span> <span class='ocrx_word' id='word_1_59' title='bbox 1223 1156 1398 1212; x_wconf 88' lang='lat' dir='ltr'><strong>vellus</strong></span> <span class='ocrx_word' id='word_1_60' title='bbox 1431 1157 1614 1213; x_wconf 89' lang='lat' dir='ltr'><strong>habet.</strong></span> 
     </span>
    </p>
   </div>
   <div class='ocr_carea' id='block_1_11' title="bbox 234 1249 1791 1322">
    <p class='ocr_par' dir='ltr' id='par_1_11' title="bbox 234 1249 1791 1322">
     <span class='ocr_line' id='line_1_11' title="bbox 234 1249 1791 1322; baseline -0.001 -15"><span class='ocrx_word' id='word_1_61' title='bbox 234 1249 314 1307; x_wconf 68' lang='grc'><strong>45</strong></span> <span class='ocrx_word' id='word_1_62' title='bbox 356 1249 545 1307; x_wconf 79' lang='lat' dir='ltr'><strong>Vincis</strong></span> <span class='ocrx_word' id='word_1_63' title='bbox 573 1249 782 1304; x_wconf 86' lang='lat' dir='ltr'><strong>honore</strong></span> <span class='ocrx_word' id='word_1_64' title='bbox 818 1250 912 1304; x_wconf 89' lang='lat' dir='ltr'><strong>Dei</strong></span> <span class='ocrx_word' id='word_1_65' title='bbox 945 1250 1215 1320; x_wconf 85' lang='lat' dir='ltr'><strong>promisso</strong></span> <span class='ocrx_word' id='word_1_66' title='bbox 1239 1249 1296 1304; x_wconf 90' lang='lat' dir='ltr'><strong>in</strong></span> <span class='ocrx_word' id='word_1_67' title='bbox 1333 1265 1555 1307; x_wconf 87' lang='lat' dir='ltr'><strong>munere</strong></span> <span class='ocrx_word' id='word_1_68' title='bbox 1581 1259 1791 1322; x_wconf 86' lang='lat' dir='ltr'><strong>gentes,</strong></span> 
     </span>
    </p>
   </div>
   <div class='ocr_carea' id='block_1_12' title="bbox 422 1340 1439 1397">
    <p class='ocr_par' dir='ltr' id='par_1_12' title="bbox 422 1340 1439 1397">
     <span class='ocr_line' id='line_1_12' title="bbox 422 1340 1439 1397; baseline 0 0"><span class='ocrx_word' id='word_1_69' title='bbox 422 1340 690 1397; x_wconf 74' lang='lat' dir='ltr'><strong>Alfectum</strong></span> <span class='ocrx_word' id='word_1_70' title='bbox 719 1351 858 1396; x_wconf 69' lang='lat' dir='ltr'><strong>nata:</strong></span> <span class='ocrx_word' id='word_1_71' title='bbox 885 1342 1062 1396; x_wconf 85' lang='lat' dir='ltr'><strong>vincis</strong></span> <span class='ocrx_word' id='word_1_72' title='bbox 1090 1340 1298 1396; x_wconf 91' lang='lat' dir='ltr'><strong>honore</strong></span> <span class='ocrx_word' id='word_1_73' title='bbox 1324 1341 1439 1397; x_wconf 87' lang='lat' dir='ltr'><strong>Dei.</strong></span> 
     </span>
    </p>
   </div>
   <div class='ocr_carea' id='block_1_13' title="bbox 355 1431 1792 1503">
    <p class='ocr_par' dir='ltr' id='par_1_13' title="bbox 355 1431 1792 1503">
     <span class='ocr_line' id='line_1_13' title="bbox 355 1431 1792 1503; baseline 0.001 -16"><span class='ocrx_word' id='word_1_74' title='bbox 355 1433 436 1488; x_wconf 85' lang='lat' dir='ltr'><strong>Tu</strong></span> <span class='ocrx_word' id='word_1_75' title='bbox 467 1431 637 1487; x_wconf 85' lang='lat' dir='ltr'><strong>decus</strong></span> <span class='ocrx_word' id='word_1_76' title='bbox 665 1447 830 1487; x_wconf 91' lang='lat' dir='ltr'><strong>omne</strong></span> <span class='ocrx_word' id='word_1_77' title='bbox 861 1432 988 1498; x_wconf 89' lang='lat' dir='ltr'><strong>luis,</strong></span> <span class='ocrx_word' id='word_1_78' title='bbox 1021 1432 1114 1503; x_wconf 89' lang='lat' dir='ltr'><strong>qui</strong></span> <span class='ocrx_word' id='word_1_79' title='bbox 1142 1431 1344 1487; x_wconf 87' lang='lat' dir='ltr'><strong>sternis</strong></span> <span class='ocrx_word' id='word_1_80' title='bbox 1369 1431 1520 1487; x_wconf 57' lang='lat' dir='ltr'><strong>caede</strong></span> <span class='ocrx_word' id='word_1_81' title='bbox 1545 1431 1792 1497; x_wconf 82' lang='lat' dir='ltr'><strong>Goliam;</strong></span> 
     </span>
    </p>
   </div>
   <div class='ocr_carea' id='block_1_14' title="bbox 433 1521 1675 1592">
    <p class='ocr_par' dir='ltr' id='par_1_14' title="bbox 433 1521 1675 1592">
     <span class='ocr_line' id='line_1_14' title="bbox 433 1521 1675 1592; baseline 0.001 -15"><span class='ocrx_word' id='word_1_82' title='bbox 433 1523 540 1592; x_wconf 84' lang='lat' dir='ltr'><strong>Qui</strong></span> <span class='ocrx_word' id='word_1_83' title='bbox 566 1523 742 1578; x_wconf 90' lang='lat' dir='ltr'><strong>vincis</strong></span> <span class='ocrx_word' id='word_1_84' title='bbox 765 1522 1044 1588; x_wconf 90' lang='lat' dir='ltr'><strong>mundum,</strong></span> <span class='ocrx_word' id='word_1_85' title='bbox 1079 1533 1133 1578; x_wconf 92' lang='lat' dir='ltr'><strong>tu</strong></span> <span class='ocrx_word' id='word_1_86' title='bbox 1161 1521 1328 1578; x_wconf 87' lang='lat' dir='ltr'><strong>decus</strong></span> <span class='ocrx_word' id='word_1_87' title='bbox 1357 1537 1522 1579; x_wconf 90' lang='lat' dir='ltr'><strong>omne</strong></span> <span class='ocrx_word' id='word_1_88' title='bbox 1548 1524 1675 1580; x_wconf 91' lang='lat' dir='ltr'><strong>tuis.</strong></span> 
     </span>
    </p>
   </div>
   <div class='ocr_carea' id='block_1_15' title="bbox 354 1613 1710 1687">
    <p class='ocr_par' dir='ltr' id='par_1_15' title="bbox 354 1613 1710 1687">
     <span class='ocr_line' id='line_1_15' title="bbox 354 1613 1710 1687; baseline -0.001 -14"><span class='ocrx_word' id='word_1_89' title='bbox 354 1615 588 1673; x_wconf 78' lang='lat' dir='ltr'><strong>Maxima</strong></span> <span class='ocrx_word' id='word_1_90' title='bbox 621 1613 766 1671; x_wconf 86' lang='lat' dir='ltr'><strong>dona</strong></span> <span class='ocrx_word' id='word_1_91' title='bbox 793 1614 892 1671; x_wconf 89' lang='lat' dir='ltr'><strong>Dei</strong></span> <span class='ocrx_word' id='word_1_92' title='bbox 919 1614 1105 1671; x_wconf 88' lang='lat' dir='ltr'><strong>cuncti</strong></span> <span class='ocrx_word' id='word_1_93' title='bbox 1128 1616 1381 1673; x_wconf 90' lang='lat' dir='ltr'><strong>cecinere</strong></span> <span class='ocrx_word' id='word_1_94' title='bbox 1412 1616 1710 1687; x_wconf 73' lang='lat' dir='ltr'><strong>prophetze,</strong></span> 
     </span>
    </p>
   </div>
   <div class='ocr_carea' id='block_1_16' title="bbox 233 1707 1536 1780">
    <p class='ocr_par' dir='ltr' id='par_1_16' title="bbox 233 1707 1536 1780">
     <span class='ocr_line' id='line_1_16' title="bbox 233 1707 1536 1780; baseline -0.001 -15"><span class='ocrx_word' id='word_1_95' title='bbox 233 1709 312 1766; x_wconf 82' lang='lat'><strong>50</strong></span> <span class='ocrx_word' id='word_1_96' title='bbox 421 1707 677 1780; x_wconf 90' lang='lat' dir='ltr'><strong>Implevit</strong></span> <span class='ocrx_word' id='word_1_97' title='bbox 705 1707 953 1765; x_wconf 87' lang='lat' dir='ltr'><strong>Christus</strong></span> <span class='ocrx_word' id='word_1_98' title='bbox 987 1709 1223 1764; x_wconf 80' lang='lat' dir='ltr'><strong>maxima</strong></span> <span class='ocrx_word' id='word_1_99' title='bbox 1251 1709 1392 1765; x_wconf 92' lang='lat' dir='ltr'><strong>dona</strong></span> <span class='ocrx_word' id='word_1_100' title='bbox 1419 1710 1536 1766; x_wconf 89' lang='lat' dir='ltr'><strong>Dei.</strong></span> 
     </span>
    </p>
   </div>
   <div class='ocr_carea' id='block_1_17' title="bbox 351 1800 1719 1880">
    <p class='ocr_par' dir='ltr' id='par_1_17' title="bbox 351 1800 1719 1880">
     <span class='ocr_line' id='line_1_17' title="bbox 351 1800 1719 1880; baseline 0.002 -22"><span class='ocrx_word' id='word_1_101' title='bbox 351 1800 601 1858; x_wconf 87' lang='lat' dir='ltr'><strong>Pondera</strong></span> <span class='ocrx_word' id='word_1_102' title='bbox 629 1801 762 1861; x_wconf 87' lang='lat' dir='ltr'><strong>dura</strong></span> <span class='ocrx_word' id='word_1_103' title='bbox 796 1802 918 1857; x_wconf 85' lang='lat' dir='ltr'><strong>tulit</strong></span> <span class='ocrx_word' id='word_1_104' title='bbox 942 1802 1254 1858; x_wconf 88' lang='lat' dir='ltr'><strong>mandatum</strong></span> <span class='ocrx_word' id='word_1_105' title='bbox 1283 1802 1443 1874; x_wconf 83' lang='lat' dir='ltr'><strong>legis,</strong></span> <span class='ocrx_word' id='word_1_106' title='bbox 1476 1811 1532 1880; x_wconf 82' lang='lat' dir='ltr'><strong>et</strong></span> <span class='ocrx_word' id='word_1_107' title='bbox 1561 1803 1719 1870; x_wconf 88' lang='lat' dir='ltr'><strong>iram,</strong></span> 
     </span>
    </p>
   </div>
   <div class='ocr_carea' id='block_1_18' title="bbox 420 1895 1468 1967">
    <p class='ocr_par' dir='ltr' id='par_1_18' title="bbox 420 1895 1468 1967">
     <span class='ocr_line' id='line_1_18' title="bbox 420 1895 1468 1967; baseline -0.001 -16"><span class='ocrx_word' id='word_1_108' title='bbox 420 1895 605 1951; x_wconf 84' lang='lat' dir='ltr'><strong>Gratia</strong></span> <span class='ocrx_word' id='word_1_109' title='bbox 632 1895 871 1951; x_wconf 84' lang='lat' dir='ltr'><strong>mandati</strong></span> <span class='ocrx_word' id='word_1_110' title='bbox 896 1895 1138 1967; x_wconf 87' lang='lat' dir='ltr'><strong>pondera</strong></span> <span class='ocrx_word' id='word_1_111' title='bbox 1167 1896 1300 1952; x_wconf 90' lang='lat' dir='ltr'><strong>dura</strong></span> <span class='ocrx_word' id='word_1_112' title='bbox 1328 1896 1468 1952; x_wconf 88' lang='lat' dir='ltr'><strong>tulit.</strong></span> 
     </span>
    </p>
   </div>
   <div class='ocr_carea' id='block_1_19' title="bbox 348 1981 1786 2064">
    <p class='ocr_par' dir='ltr' id='par_1_19' title="bbox 348 1981 1786 2064">
     <span class='ocr_line' id='line_1_19' title="bbox 348 1981 1786 2064; baseline 0.003 -19"><span class='ocrx_word' id='word_1_113' title='bbox 348 1990 514 2062; x_wconf 68' lang='lat'><strong>366</strong></span> <span class='ocrx_word' id='word_1_114' title='bbox 528 1988 694 2060; x_wconf 84' lang='lat' dir='ltr'><strong>Virgo</strong></span> <span class='ocrx_word' id='word_1_115' title='bbox 714 1989 882 2046; x_wconf 80' lang='lat' dir='ltr'><strong>Maria</strong></span> <span class='ocrx_word' id='word_1_116' title='bbox 905 1991 1063 2058; x_wconf 92' lang='lat' dir='ltr'><strong>nitet,</strong></span> <span class='ocrx_word' id='word_1_117' title='bbox 1080 1991 1230 2048; x_wconf 88' lang='lat' dir='ltr'><strong>nullo</strong></span> <span class='ocrx_word' id='word_1_118' title='bbox 1246 1981 1545 2048; x_wconf 65' lang='lat' dir='ltr'><strong>temerante</strong></span> <span class='ocrx_word' id='word_1_119' title='bbox 1559 1992 1786 2064; x_wconf 88' lang='lat' dir='ltr'><strong>pudore,</strong></span> 
     </span>
    </p>
   </div>
   <div class='ocr_carea' id='block_1_20' title="bbox 423 2081 1535 2153">
    <p class='ocr_par' dir='ltr' id='par_1_20' title="bbox 423 2081 1535 2153">
     <span class='ocr_line' id='line_1_20' title="bbox 423 2081 1535 2153; baseline 0 -17"><span class='ocrx_word' id='word_1_120' title='bbox 423 2081 554 2137; x_wconf 89' lang='lat' dir='ltr'><strong>Post</strong></span> <span class='ocrx_word' id='word_1_121' title='bbox 580 2091 791 2152; x_wconf 86' lang='lat' dir='ltr'><strong>partum</strong></span> <span class='ocrx_word' id='word_1_122' title='bbox 822 2083 977 2151; x_wconf 91' lang='lat' dir='ltr'><strong>pueri</strong></span> <span class='ocrx_word' id='word_1_123' title='bbox 1001 2083 1157 2153; x_wconf 88' lang='lat' dir='ltr'><strong>virgo</strong></span> <span class='ocrx_word' id='word_1_124' title='bbox 1187 2082 1352 2138; x_wconf 83' lang='lat' dir='ltr'><strong>Maria</strong></span> <span class='ocrx_word' id='word_1_125' title='bbox 1379 2085 1535 2138; x_wconf 90' lang='lat' dir='ltr'><strong>nitet.</strong></span> 
     </span>
    </p>
   </div>
   <div class='ocr_carea' id='block_1_21' title="bbox 1691 301 1964 358">
    <p class='ocr_par' dir='ltr' id='par_1_21' title="bbox 1691 301 1964 358">
     <span class='ocr_line' id='line_1_21' title="bbox 1691 301 1964 358; baseline -0.004 -2"><span class='ocrx_word' id='word_1_126' title='bbox 1691 301 1940 358; x_wconf 82' lang='lat' dir='ltr'><strong>ELEGIA</strong></span> <span class='ocrx_word' id='word_1_127' title='bbox 1951 343 1964 355; x_wconf 91' lang='lat'><strong>.</strong></span> 
     </span>
    </p>
   </div>
   <div class='ocr_carea' id='block_1_22' title="bbox 1823 1799 1870 1859">
    <p class='ocr_par' dir='ltr' id='par_1_22' title="bbox 1823 1799 1870 1859">
     <span class='ocr_line' id='line_1_22' title="bbox 1823 1799 1870 1859; baseline 0 0"><span class='ocrx_word' id='word_1_128' title='bbox 1823 1799 1870 1859; x_wconf 90' lang='lat' dir='ltr'><strong>B</strong></span> 
     </span>
    </p>
   </div>
   <div class='ocr_carea' id='block_1_23' title="bbox 3386 309 3493 360">
    <p class='ocr_par' dir='ltr' id='par_1_23' title="bbox 3386 309 3493 360">
     <span class='ocr_line' id='line_1_23' title="bbox 3386 309 3493 360; baseline 0 0"><span class='ocrx_word' id='word_1_129' title='bbox 3386 309 3493 360; x_wconf 65' lang='lat'><strong>7368</strong></span> 
     </span>
    </p>
   </div>
   <div class='ocr_carea' id='block_1_24' title="bbox 1819 417 3493 495">
    <p class='ocr_par' dir='ltr' id='par_1_24' title="bbox 1819 417 3493 495">
     <span class='ocr_line' id='line_1_24' title="bbox 1819 417 3493 495; baseline 0.006 -26"><span class='ocrx_word' id='word_1_130' title='bbox 1819 419 1874 476; x_wconf 82' lang='grc' dir='ltr'><strong>Α</strong></span> <span class='ocrx_word' id='word_1_131' title='bbox 1933 417 2004 471; x_wconf 79' lang='grc'><strong>55</strong></span> <span class='ocrx_word' id='word_1_132' title='bbox 2047 419 2219 474; x_wconf 83' lang='lat' dir='ltr'><strong>Filius</strong></span> <span class='ocrx_word' id='word_1_133' title='bbox 2251 421 2342 475; x_wconf 90' lang='lat' dir='ltr'><strong>hic</strong></span> <span class='ocrx_word' id='word_1_134' title='bbox 2375 420 2611 476; x_wconf 85' lang='lat' dir='ltr'><strong>hominis</strong></span> <span class='ocrx_word' id='word_1_135' title='bbox 2647 421 2704 476; x_wconf 82' lang='lat' dir='ltr'><strong>ﬁt</strong></span> <span class='ocrx_word' id='word_1_136' title='bbox 2741 425 2972 478; x_wconf 77' lang='lat' dir='ltr'><strong>maxima</strong></span> <span class='ocrx_word' id='word_1_137' title='bbox 3002 426 3242 495; x_wconf 75' lang='lat' dir='ltr'><strong>qtnestio</strong></span> <span class='ocrx_word' id='word_1_138' title='bbox 3279 428 3493 492; x_wconf 91' lang='lat' dir='ltr'><strong>mundi,</strong></span> 
     </span>
    </p>
   </div>
   <div class='ocr_carea' id='block_1_25' title="bbox 2107 511 3270 572">
    <p class='ocr_par' dir='ltr' id='par_1_25' title="bbox 2107 511 3270 572">
     <span class='ocr_line' id='line_1_25' title="bbox 2107 511 3270 572; baseline 0.003 -5"><span class='ocrx_word' id='word_1_139' title='bbox 2107 511 2402 568; x_wconf 83' lang='lat' dir='ltr'><strong>Nobiscum</strong></span> <span class='ocrx_word' id='word_1_140' title='bbox 2437 514 2581 569; x_wconf 92' lang='lat' dir='ltr'><strong>Dcns</strong></span> <span class='ocrx_word' id='word_1_141' title='bbox 2611 524 2690 569; x_wconf 92' lang='lat' dir='ltr'><strong>cst</strong></span> <span class='ocrx_word' id='word_1_142' title='bbox 2723 515 2866 570; x_wconf 88' lang='lat' dir='ltr'><strong>lilius</strong></span> <span class='ocrx_word' id='word_1_143' title='bbox 2897 515 2982 570; x_wconf 91' lang='lat' dir='ltr'><strong>hic</strong></span> <span class='ocrx_word' id='word_1_144' title='bbox 3011 517 3270 572; x_wconf 87' lang='lat' dir='ltr'><strong>hominis.</strong></span> 
     </span>
    </p>
   </div>
   <div class='ocr_carea' id='block_1_26' title="bbox 2033 608 3488 683">
    <p class='ocr_par' dir='ltr' id='par_1_26' title="bbox 2033 608 3488 683">
     <span class='ocr_line' id='line_1_26' title="bbox 2033 608 3488 683; baseline 0.003 -19"><span class='ocrx_word' id='word_1_145' title='bbox 2033 608 2239 664; x_wconf 80' lang='lat' dir='ltr'><strong>Gaudia</strong></span> <span class='ocrx_word' id='word_1_146' title='bbox 2273 625 2464 680; x_wconf 83' lang='lat' dir='ltr'><strong>magna</strong></span> <span class='ocrx_word' id='word_1_147' title='bbox 2499 609 2595 664; x_wconf 87' lang='lat' dir='ltr'><strong>Dei</strong></span> <span class='ocrx_word' id='word_1_148' title='bbox 2629 613 2864 668; x_wconf 88' lang='lat' dir='ltr'><strong>mundus</strong></span> <span class='ocrx_word' id='word_1_149' title='bbox 2897 613 3164 683; x_wconf 88' lang='lat' dir='ltr'><strong>percepit,</strong></span> <span class='ocrx_word' id='word_1_150' title='bbox 3209 622 3264 668; x_wconf 90' lang='lat' dir='ltr'><strong>et</strong></span> <span class='ocrx_word' id='word_1_151' title='bbox 3293 614 3488 680; x_wconf 88' lang='lat' dir='ltr'><strong>ambit,</strong></span> 
     </span>
    </p>
   </div>
   <div class='ocr_carea' id='block_1_27' title="bbox 2115 701 3380 775">
    <p class='ocr_par' dir='ltr' id='par_1_27' title="bbox 2115 701 3380 775">
     <span class='ocr_line' id='line_1_27' title="bbox 2115 701 3380 775; baseline 0.005 -21"><span class='ocrx_word' id='word_1_152' title='bbox 2115 701 2360 771; x_wconf 86' lang='lat' dir='ltr'><strong>Respuit,</strong></span> <span class='ocrx_word' id='word_1_153' title='bbox 2389 701 2524 756; x_wconf 88' lang='lat' dir='ltr'><strong>heu!</strong></span> <span class='ocrx_word' id='word_1_154' title='bbox 2559 701 2792 757; x_wconf 84' lang='lat' dir='ltr'><strong>mundus</strong></span> <span class='ocrx_word' id='word_1_155' title='bbox 2821 704 3014 771; x_wconf 80' lang='lat' dir='ltr'><strong>gaudia</strong></span> <span class='ocrx_word' id='word_1_156' title='bbox 3042 719 3233 775; x_wconf 86' lang='lat' dir='ltr'><strong>magna</strong></span> <span class='ocrx_word' id='word_1_157' title='bbox 3259 706 3380 763; x_wconf 86' lang='lat' dir='ltr'><strong>Dei.</strong></span> 
     </span>
    </p>
   </div>
   <div class='ocr_carea' id='block_1_28' title="bbox 2034 791 3467 865">
    <p class='ocr_par' dir='ltr' id='par_1_28' title="bbox 2034 791 3467 865">
     <span class='ocr_line' id='line_1_28' title="bbox 2034 791 3467 865; baseline 0 -17"><span class='ocrx_word' id='word_1_158' title='bbox 2034 791 2198 862; x_wconf 86' lang='lat' dir='ltr'><strong>Signa</strong></span> <span class='ocrx_word' id='word_1_159' title='bbox 2230 802 2448 848; x_wconf 82' lang='lat' dir='ltr'><strong>movent</strong></span> <span class='ocrx_word' id='word_1_160' title='bbox 2474 794 2724 864; x_wconf 89' lang='lat' dir='ltr'><strong>populos,</strong></span> <span class='ocrx_word' id='word_1_161' title='bbox 2757 802 2988 849; x_wconf 89' lang='lat' dir='ltr'><strong>cernunt</strong></span> <span class='ocrx_word' id='word_1_162' title='bbox 3017 796 3289 865; x_wconf 86' lang='lat' dir='ltr'><strong>magnalia</strong></span> <span class='ocrx_word' id='word_1_163' title='bbox 3313 796 3467 862; x_wconf 67' lang='lat' dir='ltr'><strong>carci,</strong></span> 
     </span>
    </p>
   </div>
   <div class='ocr_carea' id='block_1_29' title="bbox 1928 885 3389 959">
    <p class='ocr_par' dir='ltr' id='par_1_29' title="bbox 1928 885 3389 959">
     <span class='ocr_line' id='line_1_29' title="bbox 1928 885 3389 959; baseline 0.001 -18"><span class='ocrx_word' id='word_1_164' title='bbox 1928 886 2000 942; x_wconf 87' lang='lat'><strong>60</strong></span> <span class='ocrx_word' id='word_1_165' title='bbox 2106 885 2264 942; x_wconf 85' lang='lat' dir='ltr'><strong>Nulla</strong></span> <span class='ocrx_word' id='word_1_166' title='bbox 2293 898 2474 942; x_wconf 84' lang='lat' dir='ltr'><strong>tamen</strong></span> <span class='ocrx_word' id='word_1_167' title='bbox 2504 887 2671 942; x_wconf 88' lang='lat' dir='ltr'><strong>duros</strong></span> <span class='ocrx_word' id='word_1_168' title='bbox 2698 888 2852 957; x_wconf 79' lang='lat' dir='ltr'><strong>signa</strong></span> <span class='ocrx_word' id='word_1_169' title='bbox 2885 899 3106 946; x_wconf 80' lang='lat' dir='ltr'><strong>movent</strong></span> <span class='ocrx_word' id='word_1_170' title='bbox 3135 890 3389 959; x_wconf 88' lang='lat' dir='ltr'><strong>populos.</strong></span> 
     </span>
    </p>
   </div>
   <div class='ocr_carea' id='block_1_30' title="bbox 2039 978 3403 1049">
    <p class='ocr_par' dir='ltr' id='par_1_30' title="bbox 2039 978 3403 1049">
     <span class='ocr_line' id='line_1_30' title="bbox 2039 978 3403 1049; baseline 0.001 -15"><span class='ocrx_word' id='word_1_171' title='bbox 2039 981 2243 1048; x_wconf 84' lang='lat' dir='ltr'><strong>Aspera</strong></span> <span class='ocrx_word' id='word_1_172' title='bbox 2280 994 2427 1033; x_wconf 90' lang='lat' dir='ltr'><strong>mors</strong></span> <span class='ocrx_word' id='word_1_173' title='bbox 2461 978 2672 1048; x_wconf 85' lang='lat' dir='ltr'><strong>pupulis</strong></span> <span class='ocrx_word' id='word_1_174' title='bbox 2705 980 2851 1049; x_wconf 81' lang='lat' dir='ltr'><strong>ligno</strong></span> <span class='ocrx_word' id='word_1_175' title='bbox 2881 979 3110 1035; x_wconf 89' lang='lat' dir='ltr'><strong>deducta</strong></span> <span class='ocrx_word' id='word_1_176' title='bbox 3139 983 3403 1048; x_wconf 85' lang='lat' dir='ltr'><strong>cucurrit,</strong></span> 
     </span>
    </p>
   </div>
   <div class='ocr_carea' id='block_1_31' title="bbox 2113 1071 3224 1143">
    <p class='ocr_par' dir='ltr' id='par_1_31' title="bbox 2113 1071 3224 1143">
     <span class='ocr_line' id='line_1_31' title="bbox 2113 1071 3224 1143; baseline 0.005 -19"><span class='ocrx_word' id='word_1_177' title='bbox 2113 1071 2374 1126; x_wconf 80' lang='lat' dir='ltr'><strong>Auiertur</strong></span> <span class='ocrx_word' id='word_1_178' title='bbox 2401 1071 2548 1142; x_wconf 84' lang='lat' dir='ltr'><strong>ligno</strong></span> <span class='ocrx_word' id='word_1_179' title='bbox 2579 1086 2774 1141; x_wconf 88' lang='lat' dir='ltr'><strong>aspera</strong></span> <span class='ocrx_word' id='word_1_180' title='bbox 2808 1087 2958 1128; x_wconf 89' lang='lat' dir='ltr'><strong>mors</strong></span> <span class='ocrx_word' id='word_1_181' title='bbox 2990 1074 3224 1143; x_wconf 83' lang='lat' dir='ltr'><strong>populis.</strong></span> 
     </span>
    </p>
   </div>
   <div class='ocr_carea' id='block_1_32' title="bbox 2038 1161 3416 1233">
    <p class='ocr_par' dir='ltr' id='par_1_32' title="bbox 2038 1161 3416 1233">
     <span class='ocr_line' id='line_1_32' title="bbox 2038 1161 3416 1233; baseline 0.005 -18"><span class='ocrx_word' id='word_1_182' title='bbox 2038 1161 2159 1232; x_wconf 87' lang='lat' dir='ltr'><strong>Ipse</strong></span> <span class='ocrx_word' id='word_1_183' title='bbox 2189 1163 2313 1217; x_wconf 87' lang='lat' dir='ltr'><strong>tulit</strong></span> <span class='ocrx_word' id='word_1_184' title='bbox 2344 1162 2604 1217; x_wconf 85' lang='lat' dir='ltr'><strong>Dominus</strong></span> <span class='ocrx_word' id='word_1_185' title='bbox 2633 1178 2731 1232; x_wconf 89' lang='lat' dir='ltr'><strong>pro</strong></span> <span class='ocrx_word' id='word_1_186' title='bbox 2759 1165 2934 1233; x_wconf 72' lang='lat' dir='ltr'><strong>poenis</strong></span> <span class='ocrx_word' id='word_1_187' title='bbox 2968 1179 3194 1221; x_wconf 89' lang='lat' dir='ltr'><strong>munera</strong></span> <span class='ocrx_word' id='word_1_188' title='bbox 3219 1168 3416 1231; x_wconf 79' lang='lat' dir='ltr'><strong>servis,</strong></span> 
     </span>
    </p>
   </div>
   <div class='ocr_carea' id='block_1_33' title="bbox 2107 1251 3260 1322">
    <p class='ocr_par' dir='ltr' id='par_1_33' title="bbox 2107 1251 3260 1322">
     <span class='ocr_line' id='line_1_33' title="bbox 2107 1251 3260 1322; baseline 0.004 -15"><span class='ocrx_word' id='word_1_189' title='bbox 2107 1251 2222 1308; x_wconf 86' lang='lat' dir='ltr'><strong>Pro</strong></span> <span class='ocrx_word' id='word_1_190' title='bbox 2250 1253 2425 1308; x_wconf 87' lang='lat' dir='ltr'><strong>servis</strong></span> <span class='ocrx_word' id='word_1_191' title='bbox 2456 1267 2646 1322; x_wconf 67' lang='lat' dir='ltr'><strong>poenas</strong></span> <span class='ocrx_word' id='word_1_192' title='bbox 2673 1253 2787 1322; x_wconf 81' lang='lat' dir='ltr'><strong>ipse</strong></span> <span class='ocrx_word' id='word_1_193' title='bbox 2820 1255 2946 1310; x_wconf 87' lang='lat' dir='ltr'><strong>tulit</strong></span> <span class='ocrx_word' id='word_1_194' title='bbox 2977 1257 3260 1312; x_wconf 87' lang='lat' dir='ltr'><strong>Dominus.</strong></span> 
     </span>
    </p>
   </div>
   <div class='ocr_carea' id='block_1_34' title="bbox 1932 1342 3296 1416">
    <p class='ocr_par' dir='ltr' id='par_1_34' title="bbox 1932 1342 3296 1416">
     <span class='ocr_line' id='line_1_34' title="bbox 1932 1342 3296 1416; baseline 0.004 -17"><span class='ocrx_word' id='word_1_195' title='bbox 1932 1342 2002 1400; x_wconf 78' lang='lat'><strong>65</strong></span> <span class='ocrx_word' id='word_1_196' title='bbox 2039 1343 2159 1399; x_wconf 79' lang='lat' dir='ltr'><strong>Vita</strong></span> <span class='ocrx_word' id='word_1_197' title='bbox 2191 1344 2345 1399; x_wconf 78' lang='lat' dir='ltr'><strong>beata</strong></span> <span class='ocrx_word' id='word_1_198' title='bbox 2376 1357 2564 1399; x_wconf 89' lang='lat' dir='ltr'><strong>necem</strong></span> <span class='ocrx_word' id='word_1_199' title='bbox 2591 1345 2808 1402; x_wconf 87' lang='lat' dir='ltr'><strong>miseris</strong></span> <span class='ocrx_word' id='word_1_200' title='bbox 2837 1359 3093 1404; x_wconf 87' lang='lat' dir='ltr'><strong>avertere</strong></span> <span class='ocrx_word' id='word_1_201' title='bbox 3122 1349 3296 1416; x_wconf 81' lang='lat' dir='ltr'><strong>venit,</strong></span> 
     </span>
    </p>
   </div>
   <div class='ocr_carea' id='block_1_35' title="bbox 2107 1434 3219 1503">
    <p class='ocr_par' dir='ltr' id='par_1_35' title="bbox 2107 1434 3219 1503">
     <span class='ocr_line' id='line_1_35' title="bbox 2107 1434 3219 1503; baseline 0.005 -14"><span class='ocrx_word' id='word_1_202' title='bbox 2107 1434 2336 1491; x_wconf 89' lang='lat' dir='ltr'><strong>Pertulit</strong></span> <span class='ocrx_word' id='word_1_203' title='bbox 2366 1450 2396 1490; x_wconf 94' lang='lat' dir='ltr'><strong>a</strong></span> <span class='ocrx_word' id='word_1_204' title='bbox 2425 1435 2644 1491; x_wconf 90' lang='lat' dir='ltr'><strong>miseris</strong></span> <span class='ocrx_word' id='word_1_205' title='bbox 2670 1436 2780 1494; x_wconf 83' lang='lat' dir='ltr'><strong>vita</strong></span> <span class='ocrx_word' id='word_1_206' title='bbox 2809 1436 2968 1492; x_wconf 85' lang='lat' dir='ltr'><strong>beata</strong></span> <span class='ocrx_word' id='word_1_207' title='bbox 3001 1454 3219 1503; x_wconf 81' lang='lat' dir='ltr'><strong>necem.</strong></span> 
     </span>
    </p>
   </div>
   <div class='ocr_carea' id='block_1_36' title="bbox 2038 1527 3415 1606">
    <p class='ocr_par' dir='ltr' id='par_1_36' title="bbox 2038 1527 3415 1606">
     <span class='ocr_line' id='line_1_36' title="bbox 2038 1527 3415 1606; baseline 0.001 -22"><span class='ocrx_word' id='word_1_208' title='bbox 2038 1527 2471 1598; x_wconf 42' lang='lat' dir='ltr'><strong>Lumeriladesse</strong></span> <span class='ocrx_word' id='word_1_209' title='bbox 2494 1528 2613 1596; x_wconf 91' lang='lat' dir='ltr'><strong>Dei,</strong></span> <span class='ocrx_word' id='word_1_210' title='bbox 2641 1529 2912 1598; x_wconf 87' lang='lat' dir='ltr'><strong>persensit</strong></span> <span class='ocrx_word' id='word_1_211' title='bbox 2941 1539 3177 1588; x_wconf 80' lang='lat' dir='ltr'><strong>tartarus</strong></span> <span class='ocrx_word' id='word_1_212' title='bbox 3200 1532 3415 1606; x_wconf 79' lang='lat' dir='ltr'><strong>ingens.</strong></span> 
     </span>
    </p>
   </div>
   <div class='ocr_carea' id='block_1_37' title="bbox 2144 1619 3500 1696">
    <p class='ocr_par' dir='ltr' id='par_1_37' title="bbox 2144 1619 3500 1696">
     <span class='ocr_line' id='line_1_37' title="bbox 2144 1619 3500 1696; baseline 0.004 -21"><span class='ocrx_word' id='word_1_213' title='bbox 2144 1619 2303 1696; x_wconf 72' lang='lat'><strong>367</strong></span> <span class='ocrx_word' id='word_1_214' title='bbox 2330 1619 2442 1676; x_wconf 83' lang='lat' dir='ltr'><strong>Nec</strong></span> <span class='ocrx_word' id='word_1_215' title='bbox 2489 1629 2723 1676; x_wconf 90' lang='lat' dir='ltr'><strong>cernunt</strong></span> <span class='ocrx_word' id='word_1_216' title='bbox 2771 1619 3041 1689; x_wconf 88' lang='lat' dir='ltr'><strong>homines,</strong></span> <span class='ocrx_word' id='word_1_217' title='bbox 3089 1624 3272 1682; x_wconf 90' lang='lat' dir='ltr'><strong>lumen</strong></span> <span class='ocrx_word' id='word_1_218' title='bbox 3301 1625 3500 1682; x_wconf 89' lang='lat' dir='ltr'><strong>adesse</strong></span> 
     </span>
    </p>
   </div>
   <div class='ocr_carea' id='block_1_38' title="bbox 3255 1718 3404 1791">
    <p class='ocr_par' dir='ltr' id='par_1_38' title="bbox 3255 1718 3404 1791">
     <span class='ocr_line' id='line_1_38' title="bbox 3255 1718 3404 1791; baseline -0.007 -16"><span class='ocrx_word' id='word_1_219' title='bbox 3255 1718 3404 1791; x_wconf 88' lang='lat' dir='ltr'><strong>[Dei.</strong></span> 
     </span>
    </p>
   </div>
   <div class='ocr_carea' id='block_1_39' title="bbox 2038 1803 3493 1876">
    <p class='ocr_par' dir='ltr' id='par_1_39' title="bbox 2038 1803 3493 1876">
     <span class='ocr_line' id='line_1_39' title="bbox 2038 1803 3493 1876; baseline 0.004 -16"><span class='ocrx_word' id='word_1_220' title='bbox 2038 1805 2180 1866; x_wconf 85' lang='lat' dir='ltr'><strong>Mors</strong></span> <span class='ocrx_word' id='word_1_221' title='bbox 2210 1805 2324 1862; x_wconf 84' lang='lat' dir='ltr'><strong>tera</strong></span> <span class='ocrx_word' id='word_1_222' title='bbox 2347 1819 2444 1876; x_wconf 89' lang='lat' dir='ltr'><strong>per</strong></span> <span class='ocrx_word' id='word_1_223' title='bbox 2473 1803 2751 1862; x_wconf 90' lang='lat' dir='ltr'><strong>hominem</strong></span> <span class='ocrx_word' id='word_1_224' title='bbox 2781 1805 3044 1864; x_wconf 87' lang='lat' dir='ltr'><strong>miserum</strong></span> <span class='ocrx_word' id='word_1_225' title='bbox 3097 1809 3203 1865; x_wconf 86' lang='lat' dir='ltr'><strong>sibi</strong></span> <span class='ocrx_word' id='word_1_226' title='bbox 3249 1809 3493 1870; x_wconf 86' lang='lat' dir='ltr'><strong>subdidit</strong></span> 
     </span>
    </p>
   </div>
   <div class='ocr_carea' id='block_1_40' title="bbox 3175 1899 3414 1973">
    <p class='ocr_par' dir='ltr' id='par_1_40' title="bbox 3175 1899 3414 1973">
     <span class='ocr_line' id='line_1_40' title="bbox 3175 1899 3414 1973; baseline 0 -16"><span class='ocrx_word' id='word_1_227' title='bbox 3175 1899 3414 1973; x_wconf 81' lang='lat' dir='ltr'><strong>[orbem,</strong></span> 
     </span>
    </p>
   </div>
   <div class='ocr_carea' id='block_1_41' title="bbox 1897 1945 3416 2063">
    <p class='ocr_par' dir='ltr' id='par_1_41' title="bbox 1897 1945 3416 2063">
     <span class='ocr_line' id='line_1_41' title="bbox 1897 1945 3416 2063; baseline 0.003 -17"><span class='ocrx_word' id='word_1_228' title='bbox 1897 1991 1966 2047; x_wconf 86' lang='lat'><strong>70</strong></span> <span class='ocrx_word' id='word_1_229' title='bbox 2110 1989 2333 2046; x_wconf 84' lang='lat' dir='ltr'><strong>Subdita</strong></span> <span class='ocrx_word' id='word_1_230' title='bbox 2365 1945 2674 2061; x_wconf 80' lang='lat' dir='ltr'><strong>congemuit</strong></span> <span class='ocrx_word' id='word_1_231' title='bbox 2698 2005 2844 2047; x_wconf 90' lang='lat' dir='ltr'><strong>mors</strong></span> <span class='ocrx_word' id='word_1_232' title='bbox 2867 1990 2980 2046; x_wconf 82' lang='lat' dir='ltr'><strong>fera</strong></span> <span class='ocrx_word' id='word_1_233' title='bbox 2999 2005 3096 2063; x_wconf 88' lang='lat' dir='ltr'><strong>per</strong></span> <span class='ocrx_word' id='word_1_234' title='bbox 3117 1945 3416 2051; x_wconf 57' lang='grc' dir='ltr'><strong>ιηῖιῖξῖηξῖζῖ</strong></span> 
     </span>
    </p>
   </div>
   <div class='ocr_carea' id='block_1_42' title="bbox 2039 2083 3488 2156">
    <p class='ocr_par' dir='ltr' id='par_1_42' title="bbox 2039 2083 3488 2156">
     <span class='ocr_line' id='line_1_42' title="bbox 2039 2083 3488 2156; baseline 0.003 -18"><span class='ocrx_word' id='word_1_235' title='bbox 2039 2083 2282 2138; x_wconf 88' lang='lat' dir='ltr'><strong>Suscitat</strong></span> <span class='ocrx_word' id='word_1_236' title='bbox 2309 2095 2438 2138; x_wconf 91' lang='lat' dir='ltr'><strong>ecce</strong></span> <span class='ocrx_word' id='word_1_237' title='bbox 2491 2096 2665 2153; x_wconf 81' lang='lat' dir='ltr'><strong>genus</strong></span> <span class='ocrx_word' id='word_1_238' title='bbox 2711 2083 2874 2138; x_wconf 89' lang='lat' dir='ltr'><strong>morti</strong></span> <span class='ocrx_word' id='word_1_239' title='bbox 2907 2092 3063 2153; x_wconf 90' lang='lat' dir='ltr'><strong>pater</strong></span> <span class='ocrx_word' id='word_1_240' title='bbox 3085 2083 3179 2141; x_wconf 88' lang='lat' dir='ltr'><strong>ille</strong></span> <span class='ocrx_word' id='word_1_241' title='bbox 3203 2086 3488 2156; x_wconf 77' lang='lat' dir='ltr'><strong>profanus,</strong></span> 
     </span>
    </p>
   </div>
   <div class='ocr_carea' id='block_1_43' title="bbox 1689 2199 2081 2281">
    <p class='ocr_par' dir='ltr' id='par_1_43' title="bbox 1689 2199 2081 2281">
     <span class='ocr_line' id='line_1_43' title="bbox 1689 2199 2081 2281; baseline 0.008 -25"><span class='ocrx_word' id='word_1_242' title='bbox 1689 2199 2006 2258; x_wconf 69' lang='lat' dir='ltr'><strong>scaeua.</strong></span> <span class='ocrx_word' id='word_1_243' title='bbox 2067 2267 2081 2281; x_wconf 54' lang='grc'><strong>,</strong></span> 
     </span>
    </p>
   </div>
   <div class='ocr_carea' id='block_1_44' title="bbox 276 2309 1796 2383">
    <p class='ocr_par' dir='ltr' id='par_1_44' title="bbox 276 2309 1796 2383">
     <span class='ocr_line' id='line_1_44' title="bbox 276 2309 1796 2383; baseline -0.001 -14"><span class='ocrx_word' id='word_1_244' title='bbox 276 2309 373 2369; x_wconf 76' lang='lat'><strong>56.</strong></span> <span class='ocrx_word' id='word_1_245' title='bbox 415 2309 589 2383; x_wconf 69' lang='lat' dir='ltr'><strong>Meus,</strong></span> <span class='ocrx_word' id='word_1_246' title='bbox 611 2309 777 2383; x_wconf 60' lang='lat' dir='ltr'><strong>Aug,</strong></span> <span class='ocrx_word' id='word_1_247' title='bbox 799 2312 925 2383; x_wconf 77' lang='lat' dir='ltr'><strong>non</strong></span> <span class='ocrx_word' id='word_1_248' title='bbox 957 2311 1096 2367; x_wconf 89' lang='lat' dir='ltr'><strong>male</strong></span> <span class='ocrx_word' id='word_1_249' title='bbox 1123 2352 1146 2383; x_wconf 16' lang='grc' dir='ltr'>,ν</span> <span class='ocrx_word' id='word_1_250' title='bbox 1172 2310 1311 2379; x_wconf 84' lang='lat' dir='ltr'><strong>Quid</strong></span> <span class='ocrx_word' id='word_1_251' title='bbox 1333 2310 1595 2368; x_wconf 75' lang='lat' dir='ltr'><strong>Christum</strong></span> <span class='ocrx_word' id='word_1_252' title='bbox 1615 2328 1796 2383; x_wconf 85' lang='lat' dir='ltr'><strong>repro-</strong></span> 
     </span>
    </p>
   </div>
   <div class='ocr_carea' id='block_1_45' title="bbox 202 2380 1792 2453">
    <p class='ocr_par' dir='ltr' id='par_1_45' title="bbox 202 2380 1792 2453">
     <span class='ocr_line' id='line_1_45' title="bbox 202 2380 1792 2453; baseline 0 -14"><span class='ocrx_word' id='word_1_253' title='bbox 202 2383 349 2440; x_wconf 75' lang='lat' dir='ltr'><strong>bus?</strong></span> <span class='ocrx_word' id='word_1_254' title='bbox 377 2381 520 2446; x_wconf 83' lang='lat' dir='ltr'><strong>Alii,‘</strong></span> <span class='ocrx_word' id='word_1_255' title='bbox 552 2380 655 2450; x_wconf 78' lang='lat' dir='ltr'><strong>Qui</strong></span> <span class='ocrx_word' id='word_1_256' title='bbox 680 2380 944 2453; x_wconf 78' lang='lat' dir='ltr'><strong>Christum</strong></span> <span class='ocrx_word' id='word_1_257' title='bbox 977 2382 1240 2453; x_wconf 79' lang='lat' dir='ltr'><strong>reprobus,</strong></span> <span class='ocrx_word' id='word_1_258' title='bbox 1271 2397 1368 2452; x_wconf 88' lang='lat' dir='ltr'><strong>pro</strong></span> <span class='ocrx_word' id='word_1_259' title='bbox 1395 2398 1502 2453; x_wconf 91' lang='lat' dir='ltr'><strong>quo</strong></span> <span class='ocrx_word' id='word_1_260' title='bbox 1535 2385 1588 2438; x_wconf 91' lang='lat' dir='ltr'><strong>in</strong></span> <span class='ocrx_word' id='word_1_261' title='bbox 1617 2380 1731 2439; x_wconf 81' lang='lat' dir='ltr'><strong>Ott.</strong></span> <span class='ocrx_word' id='word_1_262' title='bbox 1765 2385 1792 2439; x_wconf 82' lang='grc'><strong>1</strong></span> 
     </span>
    </p>
   </div>
   <div class='ocr_carea' id='block_1_46' title="bbox 205 2451 1798 2576">
    <p class='ocr_par' dir='ltr' id='par_1_46' title="bbox 205 2451 1798 2576">
     <span class='ocr_line' id='line_1_46' title="bbox 205 2451 1798 2576; baseline 0.001 -67"><span class='ocrx_word' id='word_1_263' title='bbox 205 2453 320 2509; x_wconf 79' lang='lat' dir='ltr'><strong>fuit</strong></span> <span class='ocrx_word' id='word_1_264' title='bbox 341 2453 492 2576; x_wconf 57' lang='lat' dir='ltr'><strong>plrius</strong></span> <span class='ocrx_word' id='word_1_265' title='bbox 516 2451 746 2523; x_wconf 82' lang='lat' dir='ltr'><strong>reprobis</strong></span> <span class='ocrx_word' id='word_1_266' title='bbox 775 2451 925 2509; x_wconf 90' lang='lat' dir='ltr'><strong>nullo</strong></span> <span class='ocrx_word' id='word_1_267' title='bbox 955 2467 1140 2516; x_wconf 77' lang='lat' dir='ltr'><strong>sensu.</strong></span> <span class='ocrx_word' id='word_1_268' title='bbox 1171 2451 1296 2510; x_wconf 70' lang='grc' dir='ltr'>Διὶ).</span> <span class='ocrx_word' id='word_1_269' title='bbox 1319 2493 1334 2518; x_wconf 87' lang='grc'><strong>,</strong></span> <span class='ocrx_word' id='word_1_270' title='bbox 1365 2451 1514 2521; x_wconf 82' lang='lat' dir='ltr'><strong>Quod</strong></span> <span class='ocrx_word' id='word_1_271' title='bbox 1535 2455 1798 2511; x_wconf 79' lang='lat' dir='ltr'><strong>Christum</strong></span> 
     </span>
     <span class='ocr_line' id='line_1_47' title="bbox 208 2539 1365 2576; baseline 0 0"><span class='ocrx_word' id='word_1_272' title='bbox 208 2540 369 2576; x_wconf 81' lang='lat' dir='ltr'><strong>remo</strong></span> <span class='ocrx_word' id='word_1_273' title='bbox 405 2539 484 2576; x_wconf 84' lang='lat' dir='ltr'><strong>as.</strong></span> <span class='ocrx_word' id='word_1_274' title='bbox 1357 2556 1365 2564; x_wconf 58' lang='grc' dir='ltr'>κ</span> 
     </span>
    </p>
   </div>
   <div class='ocr_carea' id='block_1_47' title="bbox 208 2539 1365 2585">
    <p class='ocr_par' dir='ltr' id='par_1_47' title="bbox 208 2539 1365 2585">
     <span class='ocr_line' id='line_1_48' title="bbox 208 2539 1365 2585; baseline -0.012 -7"><span class='ocrx_word' id='word_1_275' title='bbox 208 2539 484 2585; x_wconf 81' lang='lat' dir='ltr'><strong>reprooas,</strong></span> <span class='ocrx_word' id='word_1_276' title='bbox 1357 2556 1365 2564; x_wconf 41' lang='grc' dir='ltr'><strong>κ</strong></span> 
     </span>
    </p>
   </div>
   <div class='ocr_carea' id='block_1_48' title="bbox 273 2541 1804 2666">
    <p class='ocr_par' dir='ltr' id='par_1_48' title="bbox 273 2541 1804 2666">
     <span class='ocr_line' id='line_1_49' title="bbox 273 2541 1804 2666; baseline 0.001 -18"><span class='ocrx_word' id='word_1_277' title='bbox 273 2541 560 2662; x_wconf 31' lang='lat' dir='ltr'><strong>&quot;agraria.</strong></span> <span class='ocrx_word' id='word_1_278' title='bbox 587 2592 642 2659; x_wconf 86' lang='lat'><strong>5,</strong></span> <span class='ocrx_word' id='word_1_279' title='bbox 673 2593 795 2666; x_wconf 81' lang='lat' dir='ltr'><strong>Alb.</strong></span> <span class='ocrx_word' id='word_1_280' title='bbox 821 2630 838 2657; x_wconf 93' lang='lat'><strong>,</strong></span> <span class='ocrx_word' id='word_1_281' title='bbox 862 2592 993 2666; x_wconf 81' lang='lat' dir='ltr'><strong>Ald.</strong></span> <span class='ocrx_word' id='word_1_282' title='bbox 1017 2635 1032 2657; x_wconf 93' lang='lat'><strong>,</strong></span> <span class='ocrx_word' id='word_1_283' title='bbox 1065 2595 1332 2666; x_wconf 74' lang='lat' dir='ltr'><strong>priorum;</strong></span> <span class='ocrx_word' id='word_1_284' title='bbox 1357 2556 1416 2649; x_wconf 80' lang='lat' dir='ltr'><strong>in</strong></span> <span class='ocrx_word' id='word_1_285' title='bbox 1449 2595 1580 2666; x_wconf 85' lang='lat' dir='ltr'><strong>Reg.</strong></span> <span class='ocrx_word' id='word_1_286' title='bbox 1607 2595 1664 2659; x_wconf 70' lang='grc'>2,</span> <span class='ocrx_word' id='word_1_287' title='bbox 1695 2597 1804 2665; x_wconf 90' lang='lat' dir='ltr'><strong>pio-</strong></span> 
     </span>
    </p>
   </div>
   <div class='ocr_carea' id='block_1_49' title="bbox 218 2664 1800 2735">
    <p class='ocr_par' dir='ltr' id='par_1_49' title="bbox 218 2664 1800 2735">
     <span class='ocr_line' id='line_1_50' title="bbox 218 2664 1800 2735; baseline -0.001 -15"><span class='ocrx_word' id='word_1_288' title='bbox 218 2681 342 2719; x_wconf 85' lang='lat' dir='ltr'><strong>rum</strong></span> <span class='ocrx_word' id='word_1_289' title='bbox 366 2681 385 2730; x_wconf 89' lang='lat'><strong><em>;</em></strong></span> <span class='ocrx_word' id='word_1_290' title='bbox 410 2678 573 2732; x_wconf 89' lang='lat' dir='ltr'><strong>supra</strong></span> <span class='ocrx_word' id='word_1_291' title='bbox 599 2702 615 2728; x_wconf 91' lang='lat'><strong>,</strong></span> <span class='ocrx_word' id='word_1_292' title='bbox 648 2664 879 2732; x_wconf 82' lang='lat' dir='ltr'><strong>priorum</strong></span> <span class='ocrx_word' id='word_1_293' title='bbox 904 2681 923 2729; x_wconf 91' lang='lat'><em>;</em></span> <span class='ocrx_word' id='word_1_294' title='bbox 947 2664 1126 2732; x_wconf 80' lang='lat' dir='ltr'><strong>glossa</strong></span> <span class='ocrx_word' id='word_1_295' title='bbox 1149 2708 1165 2732; x_wconf 94' lang='lat'><strong>,</strong></span> <span class='ocrx_word' id='word_1_296' title='bbox 1198 2664 1389 2735; x_wconf 80' lang='lat' dir='ltr'><strong>Moysi,</strong></span> <span class='ocrx_word' id='word_1_297' title='bbox 1420 2676 1467 2721; x_wconf 88' lang='lat' dir='ltr'><strong>et</strong></span> <span class='ocrx_word' id='word_1_298' title='bbox 1496 2664 1706 2731; x_wconf 65' lang='lat' dir='ltr'><strong>Aaron;</strong></span> <span class='ocrx_word' id='word_1_299' title='bbox 1747 2667 1800 2725; x_wconf 90' lang='lat' dir='ltr'><strong>in</strong></span> 
     </span>
    </p>
   </div>
   <div class='ocr_carea' id='block_1_50' title="bbox 221 2735 1798 2806">
    <p class='ocr_par' dir='ltr' id='par_1_50' title="bbox 221 2735 1798 2806">
     <span class='ocr_line' id='line_1_51' title="bbox 221 2735 1798 2806; baseline 0 -15"><span class='ocrx_word' id='word_1_300' title='bbox 221 2736 356 2791; x_wconf 74' lang='lat' dir='ltr'><strong>Vat.</strong></span> <span class='ocrx_word' id='word_1_301' title='bbox 391 2735 443 2799; x_wconf 79' lang='grc'><strong>1,</strong></span> <span class='ocrx_word' id='word_1_302' title='bbox 486 2741 536 2806; x_wconf 84' lang='lat' dir='ltr'><strong>et</strong></span> <span class='ocrx_word' id='word_1_303' title='bbox 581 2744 696 2788; x_wconf 80' lang='lat' dir='ltr'><strong>vota</strong></span> <span class='ocrx_word' id='word_1_304' title='bbox 734 2735 929 2806; x_wconf 84' lang='lat' dir='ltr'><strong>priora,</strong></span> <span class='ocrx_word' id='word_1_305' title='bbox 953 2745 1259 2791; x_wconf 80' lang='lat' dir='ltr'><strong>correctum</strong></span> <span class='ocrx_word' id='word_1_306' title='bbox 1291 2738 1545 2806; x_wconf 84' lang='lat' dir='ltr'><strong>priorum.</strong></span> <span class='ocrx_word' id='word_1_307' title='bbox 1576 2737 1798 2804; x_wconf 83' lang='lat' dir='ltr'><strong>Verior,</strong></span> 
     </span>
    </p>
   </div>
   <div class='ocr_carea' id='block_1_51' title="bbox 225 2805 1809 2890">
    <p class='ocr_par' dir='ltr' id='par_1_51' title="bbox 225 2805 1809 2890">
     <span class='ocr_line' id='line_1_52' title="bbox 225 2805 1809 2890; baseline 0 -28"><span class='ocrx_word' id='word_1_308' title='bbox 225 2805 676 2890; x_wconf 61' lang='lat' dir='ltr'><strong>communiorque</strong></span> <span class='ocrx_word' id='word_1_309' title='bbox 698 2805 1608 2890; x_wconf 28' lang='lat' dir='ltr'><strong>seriptura‘ugtumque.piaminacui</strong></span> <span class='ocrx_word' id='word_1_310' title='bbox 1638 2822 1809 2890; x_wconf 77' lang='lat' dir='ltr'><strong>oppo-</strong></span> 
     </span>
    </p>
   </div>
   <div class='ocr_carea' id='block_1_52' title="bbox 228 2875 1807 2934">
    <p class='ocr_par' dir='ltr' id='par_1_52' title="bbox 228 2875 1807 2934">
     <span class='ocr_line' id='line_1_53' title="bbox 228 2875 1807 2934; baseline 0.001 -2"><span class='ocrx_word' id='word_1_311' title='bbox 228 2879 381 2934; x_wconf 86' lang='lat' dir='ltr'><strong>nitur</strong></span> <span class='ocrx_word' id='word_1_312' title='bbox 424 2875 667 2933; x_wconf 80' lang='lat' dir='ltr'><strong>seditiosa</strong></span> <span class='ocrx_word' id='word_1_313' title='bbox 717 2875 899 2930; x_wconf 78' lang='lat' dir='ltr'><strong>tribus.</strong></span> <span class='ocrx_word' id='word_1_314' title='bbox 947 2876 1213 2932; x_wconf 85' lang='lat' dir='ltr'><strong>Cellarius</strong></span> <span class='ocrx_word' id='word_1_315' title='bbox 1258 2875 1312 2931; x_wconf 84' lang='lat' dir='ltr'><strong>in</strong></span> <span class='ocrx_word' id='word_1_316' title='bbox 1362 2878 1620 2934; x_wconf 88' lang='lat' dir='ltr'><strong>seditiosa</strong></span> <span class='ocrx_word' id='word_1_317' title='bbox 1661 2875 1807 2934; x_wconf 84' lang='lat' dir='ltr'><strong>tribu</strong></span> 
     </span>
    </p>
   </div>
   <div class='ocr_carea' id='block_1_53' title="bbox 227 2944 1807 3019">
    <p class='ocr_par' dir='ltr' id='par_1_53' title="bbox 227 2944 1807 3019">
     <span class='ocr_line' id='line_1_54' title="bbox 227 2944 1807 3019; baseline 0.003 -17"><span class='ocrx_word' id='word_1_318' title='bbox 227 2947 479 3018; x_wconf 86' lang='lat' dir='ltr'><strong>agnoscit</strong></span> <span class='ocrx_word' id='word_1_319' title='bbox 505 2944 666 3019; x_wconf 88' lang='lat' dir='ltr'><strong>Core,</strong></span> <span class='ocrx_word' id='word_1_320' title='bbox 698 2945 904 3019; x_wconf 87' lang='lat' dir='ltr'><strong>Dathan</strong></span> <span class='ocrx_word' id='word_1_321' title='bbox 933 2954 988 3019; x_wconf 80' lang='lat' dir='ltr'><strong>et</strong></span> <span class='ocrx_word' id='word_1_322' title='bbox 1013 2947 1247 3019; x_wconf 80' lang='lat' dir='ltr'><strong>Ahiron;</strong></span> <span class='ocrx_word' id='word_1_323' title='bbox 1279 2948 1373 3019; x_wconf 86' lang='lat' dir='ltr'><strong>sed</strong></span> <span class='ocrx_word' id='word_1_324' title='bbox 1403 2949 1502 3003; x_wconf 90' lang='lat' dir='ltr'><strong>hos</strong></span> <span class='ocrx_word' id='word_1_325' title='bbox 1532 2965 1636 3005; x_wconf 90' lang='lat' dir='ltr'><strong>non</strong></span> <span class='ocrx_word' id='word_1_326' title='bbox 1665 2949 1807 3019; x_wconf 72' lang='lat' dir='ltr'><strong>ignis</strong></span> 
     </span>
    </p>
   </div>
   <div class='ocr_carea' id='block_1_54' title="bbox 228 3017 1810 3090">
    <p class='ocr_par' dir='ltr' id='par_1_54' title="bbox 228 3017 1810 3090">
     <span class='ocr_line' id='line_1_55' title="bbox 228 3017 1810 3090; baseline 0.001 -17"><span class='ocrx_word' id='word_1_327' title='bbox 228 3017 574 3090; x_wconf 79' lang='lat' dir='ltr'><strong>consumpsit</strong></span> <span class='ocrx_word' id='word_1_328' title='bbox 597 3059 624 3090; x_wconf 77' lang='lat'><strong>,_</strong></span> <span class='ocrx_word' id='word_1_329' title='bbox 644 3017 751 3090; x_wconf 67' lang='lat' dir='ltr'><strong>sed</strong></span> <span class='ocrx_word' id='word_1_330' title='bbox 764 3026 906 3090; x_wconf 80' lang='lat' dir='ltr'><strong>terra</strong></span> <span class='ocrx_word' id='word_1_331' title='bbox 940 3017 1241 3090; x_wconf 83' lang='lat' dir='ltr'><strong>absorbuit.</strong></span> <span class='ocrx_word' id='word_1_332' title='bbox 1274 3018 1652 3089; x_wconf 85' lang='lat' dir='ltr'><strong>lnteltiguntur</strong></span> <span class='ocrx_word' id='word_1_333' title='bbox 1678 3017 1810 3090; x_wconf 78' lang='lat' dir='ltr'><strong>ergo</strong></span> 
     </span>
    </p>
   </div>
   <div class='ocr_carea' id='block_1_55' title="bbox 226 3087 1808 3161">
    <p class='ocr_par' dir='ltr' id='par_1_55' title="bbox 226 3087 1808 3161">
     <span class='ocr_line' id='line_1_56' title="bbox 226 3087 1808 3161; baseline 0.001 -16"><span class='ocrx_word' id='word_1_334' title='bbox 226 3089 342 3145; x_wconf 75' lang='grc' dir='ltr'>2ἕο</span> <span class='ocrx_word' id='word_1_335' title='bbox 371 3088 471 3161; x_wconf 80' lang='lat' dir='ltr'><strong>viri</strong></span> <span class='ocrx_word' id='word_1_336' title='bbox 495 3128 510 3154; x_wconf 93' lang='lat'><strong>,</strong></span> <span class='ocrx_word' id='word_1_337' title='bbox 535 3087 628 3156; x_wconf 90' lang='lat' dir='ltr'><strong>qui</strong></span> <span class='ocrx_word' id='word_1_338' title='bbox 674 3087 1282 3161; x_wconf 81' lang='lat' dir='ltr'><strong>oﬂ&#39;erebantineensum</strong></span> <span class='ocrx_word' id='word_1_339' title='bbox 1306 3129 1322 3154; x_wconf 92' lang='lat'><strong>,</strong></span> <span class='ocrx_word' id='word_1_340' title='bbox 1353 3099 1407 3144; x_wconf 94' lang='lat' dir='ltr'><strong>et</strong></span> <span class='ocrx_word' id='word_1_341' title='bbox 1434 3087 1504 3145; x_wconf 83' lang='lat' dir='ltr'><strong>ab</strong></span> <span class='ocrx_word' id='word_1_342' title='bbox 1527 3091 1649 3161; x_wconf 84' lang='lat' dir='ltr'><strong>igne</strong></span> <span class='ocrx_word' id='word_1_343' title='bbox 1674 3087 1808 3146; x_wconf 43' lang='lat' dir='ltr'><strong>con!</strong></span> 
     </span>
    </p>
   </div>
   <div class='ocr_carea' id='block_1_56' title="bbox 1975 2309 3491 2400">
    <p class='ocr_par' dir='ltr' id='par_1_56' title="bbox 1975 2309 3491 2400">
     <span class='ocr_line' id='line_1_57' title="bbox 1975 2309 3491 2400; baseline 0 0"><span class='ocrx_word' id='word_1_344' title='bbox 1975 2313 2085 2400; x_wconf 31' lang='lat'><strong>55:.</strong></span> <span class='ocrx_word' id='word_1_345' title='bbox 2109 2309 2324 2400; x_wconf 44' lang='lat' dir='ltr'><strong>vii}?!</strong></span> <span class='ocrx_word' id='word_1_346' title='bbox 2353 2309 2538 2400; x_wconf 50' lang='lat'><strong>[39.9111</strong></span> <span class='ocrx_word' id='word_1_347' title='bbox 2579 2309 2993 2400; x_wconf 57' lang='lat' dir='ltr'><strong>§°E;_5_3-Ui.bjz</strong></span> <span class='ocrx_word' id='word_1_348' title='bbox 3024 2311 3175 2400; x_wconf 59' lang='lat' dir='ltr'><strong>Ald?</strong></span> <span class='ocrx_word' id='word_1_349' title='bbox 3223 2315 3491 2400; x_wconf 73' lang='lat'><strong>&quot;&quot;&quot;9..“&quot;</strong></span> 
     </span>
    </p>
   </div>
   <div class='ocr_carea' id='block_1_57' title="bbox 1904 2380 3490 2527">
    <p class='ocr_par' dir='ltr' id='par_1_57' title="bbox 1904 2380 3490 2527">
     <span class='ocr_line' id='line_1_58' title="bbox 1904 2380 3486 2456; baseline 0.004 -20"><span class='ocrx_word' id='word_1_350' title='bbox 1904 2394 2099 2437; x_wconf 79' lang='lat' dir='ltr'><strong>merula</strong></span> <span class='ocrx_word' id='word_1_351' title='bbox 2129 2380 2346 2453; x_wconf 87' lang='lat' dir='ltr'><strong>pudore.</strong></span> <span class='ocrx_word' id='word_1_352' title='bbox 2376 2381 2560 2436; x_wconf 89' lang='lat' dir='ltr'><strong>Ottoh.</strong></span> <span class='ocrx_word' id='word_1_353' title='bbox 2589 2381 2644 2445; x_wconf 76' lang='grc'>2,</span> <span class='ocrx_word' id='word_1_354' title='bbox 2677 2381 2846 2447; x_wconf 81' lang='lat' dir='ltr'><strong>Meus,</strong></span> <span class='ocrx_word' id='word_1_355' title='bbox 2883 2381 3014 2453; x_wconf 85' lang='lat' dir='ltr'><strong>Reg.</strong></span> <span class='ocrx_word' id='word_1_356' title='bbox 3050 2383 3106 2450; x_wconf 85' lang='grc'>5,</span> <span class='ocrx_word' id='word_1_357' title='bbox 3139 2388 3301 2456; x_wconf 84' lang='lat' dir='ltr'><strong>Ang.,</strong></span> <span class='ocrx_word' id='word_1_358' title='bbox 3333 2388 3486 2456; x_wconf 84' lang='lat' dir='ltr'><strong>Alb.,</strong></span> 
     </span>
     <span class='ocr_line' id='line_1_59' title="bbox 1907 2452 3490 2527; baseline 0.004 -19"><span class='ocrx_word' id='word_1_359' title='bbox 1907 2453 2039 2527; x_wconf 79' lang='lat' dir='ltr'><strong>V_ut._</strong></span> <span class='ocrx_word' id='word_1_360' title='bbox 2065 2455 2116 2518; x_wconf 77' lang='grc'><strong>1,</strong></span> <span class='ocrx_word' id='word_1_361' title='bbox 2154 2452 2299 2527; x_wconf 66' lang='lat' dir='ltr'><strong>nullo</strong></span> <span class='ocrx_word' id='word_1_362' title='bbox 2324 2459 2607 2527; x_wconf 73' lang='lat' dir='ltr'><strong>temeranle</strong></span> <span class='ocrx_word' id='word_1_363' title='bbox 2637 2453 2852 2520; x_wconf 84' lang='lat' dir='ltr'><strong>pudore.</strong></span> <span class='ocrx_word' id='word_1_364' title='bbox 2885 2452 3017 2527; x_wconf 85' lang='lat' dir='ltr'><strong>Reg.</strong></span> <span class='ocrx_word' id='word_1_365' title='bbox 3052 2456 3109 2520; x_wconf 74' lang='grc'>2,</span> <span class='ocrx_word' id='word_1_366' title='bbox 3137 2453 3248 2510; x_wconf 91' lang='grc' dir='ltr'>Οιι.</span> <span class='ocrx_word' id='word_1_367' title='bbox 3280 2459 3333 2527; x_wconf 79' lang='grc' dir='ltr'>ι,</span> <span class='ocrx_word' id='word_1_368' title='bbox 3365 2474 3490 2514; x_wconf 86' lang='lat' dir='ltr'><strong>cum</strong></span> 
     </span>
    </p>
   </div>
   <div class='ocr_carea' id='block_1_58' title="bbox 1906 2523 3164 2595">
    <p class='ocr_par' dir='ltr' id='par_1_58' title="bbox 1906 2523 3164 2595">
     <span class='ocr_line' id='line_1_60' title="bbox 1906 2523 3164 2595; baseline 0.001 -16"><span class='ocrx_word' id='word_1_369' title='bbox 1906 2524 2182 2595; x_wconf 80' lang='lat' dir='ltr'><strong>plerisque</strong></span> <span class='ocrx_word' id='word_1_370' title='bbox 2205 2523 2390 2595; x_wconf 83' lang='lat' dir='ltr'><strong>editis,</strong></span> <span class='ocrx_word' id='word_1_371' title='bbox 2417 2523 2561 2576; x_wconf 85' lang='lat' dir='ltr'><strong>nullo</strong></span> <span class='ocrx_word' id='word_1_372' title='bbox 2590 2531 2866 2595; x_wconf 75' lang='lat' dir='ltr'><strong>temerante</strong></span> <span class='ocrx_word' id='word_1_373' title='bbox 2891 2523 3164 2593; x_wconf 87' lang='lat' dir='ltr'><strong>pudorem.</strong></span> 
     </span>
    </p>
   </div>
   <div class='ocr_carea' id='block_1_59' title="bbox 1983 2593 3496 2664">
    <p class='ocr_par' dir='ltr' id='par_1_59' title="bbox 1983 2593 3496 2664">
     <span class='ocr_line' id='line_1_61' title="bbox 1983 2593 3496 2664; baseline 0.004 -16"><span class='ocrx_word' id='word_1_374' title='bbox 1983 2595 2070 2650; x_wconf 66' lang='lat' dir='ltr'><strong>iiii.</strong></span> <span class='ocrx_word' id='word_1_375' title='bbox 2098 2593 2366 2664; x_wconf 24' lang='lat' dir='ltr'><strong>’Quwstio,</strong></span> <span class='ocrx_word' id='word_1_376' title='bbox 2407 2595 2536 2662; x_wconf 89' lang='lat' dir='ltr'><strong>quia</strong></span> <span class='ocrx_word' id='word_1_377' title='bbox 2571 2593 2782 2664; x_wconf 90' lang='lat' dir='ltr'><strong>positus</strong></span> <span class='ocrx_word' id='word_1_378' title='bbox 2812 2593 2864 2646; x_wconf 91' lang='lat' dir='ltr'><strong>in</strong></span> <span class='ocrx_word' id='word_1_379' title='bbox 2898 2595 3131 2664; x_wconf 84' lang='lat' dir='ltr'><strong>signum,</strong></span> <span class='ocrx_word' id='word_1_380' title='bbox 3163 2597 3250 2650; x_wconf 91' lang='lat' dir='ltr'><strong>cui</strong></span> <span class='ocrx_word' id='word_1_381' title='bbox 3278 2607 3496 2654; x_wconf 83' lang='lat' dir='ltr'><strong>contra-</strong></span> 
     </span>
    </p>
   </div>
   <div class='ocr_carea' id='block_1_60' title="bbox 1911 2663 3488 2732">
    <p class='ocr_par' dir='ltr' id='par_1_60' title="bbox 1911 2663 3488 2732">
     <span class='ocr_line' id='line_1_62' title="bbox 1911 2663 3488 2732; baseline 0.004 -13"><span class='ocrx_word' id='word_1_382' title='bbox 1911 2665 2144 2722; x_wconf 88' lang='lat' dir='ltr'><strong>dicetur.</strong></span> <span class='ocrx_word' id='word_1_383' title='bbox 2175 2663 2416 2732; x_wconf 75' lang='lat' dir='ltr'><strong>Consule</strong></span> <span class='ocrx_word' id='word_1_384' title='bbox 2455 2667 2554 2717; x_wconf 88' lang='lat' dir='ltr'><strong>hac</strong></span> <span class='ocrx_word' id='word_1_385' title='bbox 2583 2663 2650 2718; x_wconf 90' lang='lat' dir='ltr'><strong>de</strong></span> <span class='ocrx_word' id='word_1_386' title='bbox 2677 2663 2978 2732; x_wconf 74' lang='lat' dir='ltr'><strong>qurestione</strong></span> <span class='ocrx_word' id='word_1_387' title='bbox 3009 2675 3124 2720; x_wconf 88' lang='lat' dir='ltr'><strong>not.</strong></span> <span class='ocrx_word' id='word_1_388' title='bbox 3151 2667 3218 2721; x_wconf 86' lang='lat' dir='ltr'><strong>ad</strong></span> <span class='ocrx_word' id='word_1_389' title='bbox 3259 2667 3488 2724; x_wconf 83' lang='lat' dir='ltr'><strong>Juvenc.</strong></span> 
     </span>
    </p>
   </div>
   <div class='ocr_carea' id='block_1_61' title="bbox 1908 2731 3153 2805">
    <p class='ocr_par' dir='ltr' id='par_1_61' title="bbox 1908 2731 3153 2805">
     <span class='ocr_line' id='line_1_63' title="bbox 1908 2731 3153 2805; baseline -0.002 -13"><span class='ocrx_word' id='word_1_390' title='bbox 1908 2737 1946 2792; x_wconf 85' lang='lat' dir='ltr'><strong>i.</strong></span> <span class='ocrx_word' id='word_1_391' title='bbox 1981 2753 2020 2796; x_wconf 84' lang='grc' dir='ltr'><strong>ι.</strong></span> <span class='ocrx_word' id='word_1_392' title='bbox 2053 2749 2194 2791; x_wconf 84' lang='lat' dir='ltr'><strong>vers.</strong></span> <span class='ocrx_word' id='word_1_393' title='bbox 2223 2734 2352 2805; x_wconf 55' lang='lat'><strong>2&amp;5,</strong></span> <span class='ocrx_word' id='word_1_394' title='bbox 2383 2731 2538 2788; x_wconf 88' lang='lat' dir='ltr'><strong>Dicta</strong></span> <span class='ocrx_word' id='word_1_395' title='bbox 2564 2734 2618 2787; x_wconf 86' lang='lat' dir='ltr'><strong>in</strong></span> <span class='ocrx_word' id='word_1_396' title='bbox 2646 2731 2908 2805; x_wconf 79' lang='lat' dir='ltr'><strong>contraria</strong></span> <span class='ocrx_word' id='word_1_397' title='bbox 2930 2736 3153 2805; x_wconf 75' lang='lat' dir='ltr'><strong>signum.</strong></span> 
     </span>
    </p>
   </div>
   <div class='ocr_carea' id='block_1_62' title="bbox 1980 2802 3491 2879">
    <p class='ocr_par' dir='ltr' id='par_1_62' title="bbox 1980 2802 3491 2879">
     <span class='ocr_line' id='line_1_64' title="bbox 1980 2802 3491 2879; baseline 0.001 -16"><span class='ocrx_word' id='word_1_398' title='bbox 1980 2808 2070 2863; x_wconf 83' lang='lat'><strong>57.</strong></span> <span class='ocrx_word' id='word_1_399' title='bbox 2113 2805 2249 2879; x_wconf 83' lang='lat' dir='ltr'><strong>Cod.</strong></span> <span class='ocrx_word' id='word_1_400' title='bbox 2299 2802 2484 2879; x_wconf 77' lang='lat' dir='ltr'><strong>cant.,</strong></span> <span class='ocrx_word' id='word_1_401' title='bbox 2531 2808 2744 2867; x_wconf 85' lang='lat' dir='ltr'><strong>Arntz.,</strong></span> <span class='ocrx_word' id='word_1_402' title='bbox 2775 2802 3120 2879; x_wconf 60' lang='lat' dir='ltr'><strong>_Alm.,&#39;t_)tt.</strong></span> <span class='ocrx_word' id='word_1_403' title='bbox 3166 2809 3218 2871; x_wconf 79' lang='lat' dir='ltr'><strong>l,</strong></span> <span class='ocrx_word' id='word_1_404' title='bbox 3253 2807 3386 2879; x_wconf 85' lang='lat' dir='ltr'><strong>Reg.</strong></span> <span class='ocrx_word' id='word_1_405' title='bbox 3434 2811 3491 2877; x_wconf 68' lang='grc' dir='ltr'><strong>εἰ,</strong></span> 
     </span>
    </p>
   </div>
   <div class='ocr_carea' id='block_1_63' title="bbox 1913 2875 3489 2949">
    <p class='ocr_par' dir='ltr' id='par_1_63' title="bbox 1913 2875 3489 2949">
     <span class='ocr_line' id='line_1_65' title="bbox 1913 2875 3489 2949; baseline 0.001 -18"><span class='ocrx_word' id='word_1_406' title='bbox 1913 2879 2180 2949; x_wconf 84' lang='lat' dir='ltr'><strong>percepit:</strong></span> <span class='ocrx_word' id='word_1_407' title='bbox 2208 2875 2312 2930; x_wconf 91' lang='lat' dir='ltr'><strong>hoc</strong></span> <span class='ocrx_word' id='word_1_408' title='bbox 2355 2877 2532 2949; x_wconf 86' lang='lat' dir='ltr'><strong>ipsum</strong></span> <span class='ocrx_word' id='word_1_409' title='bbox 2565 2883 2742 2949; x_wconf 63' lang='lat' dir='ltr'><strong>exstat</strong></span> <span class='ocrx_word' id='word_1_410' title='bbox 2774 2875 2826 2928; x_wconf 92' lang='lat' dir='ltr'><strong>in</strong></span> <span class='ocrx_word' id='word_1_411' title='bbox 2858 2877 3072 2932; x_wconf 69' lang='lat' dir='ltr'><strong>eazteris</strong></span> <span class='ocrx_word' id='word_1_412' title='bbox 3096 2879 3302 2949; x_wconf 85' lang='lat' dir='ltr'><strong>nostris</strong></span> <span class='ocrx_word' id='word_1_413' title='bbox 3331 2875 3489 2947; x_wconf 62' lang='lat' dir='ltr'><strong>mss,</strong></span> 
     </span>
    </p>
   </div>
   <div class='ocr_carea' id='block_1_64' title="bbox 1909 2946 3492 3016">
    <p class='ocr_par' dir='ltr' id='par_1_64' title="bbox 1909 2946 3492 3016">
     <span class='ocr_line' id='line_1_66' title="bbox 1909 2946 3492 3016; baseline 0.001 -14"><span class='ocrx_word' id='word_1_414' title='bbox 1909 2946 2006 3004; x_wconf 85' lang='lat' dir='ltr'><strong>sed</strong></span> <span class='ocrx_word' id='word_1_415' title='bbox 2055 2963 2152 3016; x_wconf 92' lang='lat' dir='ltr'><strong>per</strong></span> <span class='ocrx_word' id='word_1_416' title='bbox 2180 2947 2560 3016; x_wconf 90' lang='lat' dir='ltr'><strong>compendium</strong></span> <span class='ocrx_word' id='word_1_417' title='bbox 2597 2946 2939 3011; x_wconf 87' lang='lat' dir='ltr'><strong>litterarum;</strong></span> <span class='ocrx_word' id='word_1_418' title='bbox 2995 2957 3050 3002; x_wconf 91' lang='lat' dir='ltr'><strong>et</strong></span> <span class='ocrx_word' id='word_1_419' title='bbox 3092 2947 3144 3001; x_wconf 90' lang='lat' dir='ltr'><strong>in</strong></span> <span class='ocrx_word' id='word_1_420' title='bbox 3193 2946 3492 3016; x_wconf 84' lang='lat' dir='ltr'><strong>nonnullis,</strong></span> 
     </span>
    </p>
   </div>
   <div class='ocr_carea' id='block_1_65' title="bbox 1908 3016 3490 3089">
    <p class='ocr_par' dir='ltr' id='par_1_65' title="bbox 1908 3016 3490 3089">
     <span class='ocr_line' id='line_1_67' title="bbox 1908 3016 3490 3089; baseline 0.001 -14"><span class='ocrx_word' id='word_1_421' title='bbox 1908 3029 1965 3075; x_wconf 91' lang='lat' dir='ltr'><strong>ut</strong></span> <span class='ocrx_word' id='word_1_422' title='bbox 1993 3021 2044 3073; x_wconf 92' lang='lat' dir='ltr'><strong>in</strong></span> <span class='ocrx_word' id='word_1_423' title='bbox 2075 3019 2215 3080; x_wconf 87' lang='lat' dir='ltr'><strong>Meo,</strong></span> <span class='ocrx_word' id='word_1_424' title='bbox 2248 3016 2427 3087; x_wconf 88' lang='lat' dir='ltr'><strong>potius</strong></span> <span class='ocrx_word' id='word_1_425' title='bbox 2460 3017 2668 3089; x_wconf 78' lang='lat' dir='ltr'><strong>videtur</strong></span> <span class='ocrx_word' id='word_1_426' title='bbox 2698 3017 2986 3089; x_wconf 76' lang='lat' dir='ltr'><strong>legendum</strong></span> <span class='ocrx_word' id='word_1_427' title='bbox 3015 3020 3263 3088; x_wconf 73' lang='lat' dir='ltr'><strong>prwcepit</strong></span> <span class='ocrx_word' id='word_1_428' title='bbox 3301 3037 3323 3075; x_wconf 91' lang='lat'><strong><em>:</em></strong></span> <span class='ocrx_word' id='word_1_429' title='bbox 3368 3037 3490 3089; x_wconf 70' lang='lat' dir='ltr'><strong>qua:</strong></span> 
     </span>
    </p>
   </div>
   <div class='ocr_carea' id='block_1_66' title="bbox 1909 3086 3490 3161">
    <p class='ocr_par' dir='ltr' id='par_1_66' title="bbox 1909 3086 3490 3161">
     <span class='ocr_line' id='line_1_68' title="bbox 1909 3086 3490 3161; baseline 0 -17"><span class='ocrx_word' id='word_1_430' title='bbox 1909 3089 2008 3145; x_wconf 79' lang='lat' dir='ltr'><strong>fuit</strong></span> <span class='ocrx_word' id='word_1_431' title='bbox 2030 3086 2338 3161; x_wconf 77' lang='lat' dir='ltr'><strong>conjectura</strong></span> <span class='ocrx_word' id='word_1_432' title='bbox 2364 3087 2841 3161; x_wconf 85' lang='lat' dir='ltr'><strong>PetriBurmanni,</strong></span> <span class='ocrx_word' id='word_1_433' title='bbox 2868 3086 2971 3161; x_wconf 84' lang='lat' dir='ltr'><strong>hoc</strong></span> <span class='ocrx_word' id='word_1_434' title='bbox 2998 3097 3099 3154; x_wconf 86' lang='lat' dir='ltr'><strong>est,</strong></span> <span class='ocrx_word' id='word_1_435' title='bbox 3122 3086 3212 3150; x_wconf 73' lang='lat' dir='ltr'><strong>spe</strong></span> <span class='ocrx_word' id='word_1_436' title='bbox 3225 3086 3490 3161; x_wconf 68' lang='lat' dir='ltr'><strong>prmcepit.</strong></span> 
     </span>
    </p>
   </div>
   <div class='ocr_carea' id='block_1_67' title="bbox 229 3158 3492 3230">
    <p class='ocr_par' dir='ltr' id='par_1_67' title="bbox 229 3158 3492 3230">
     <span class='ocr_line' id='line_1_69' title="bbox 229 3158 3492 3230; baseline 0.001 -18"><span class='ocrx_word' id='word_1_437' title='bbox 229 3158 439 3230; x_wconf 86' lang='lat' dir='ltr'><strong>sumpti</strong></span> <span class='ocrx_word' id='word_1_438' title='bbox 460 3169 586 3230; x_wconf 82' lang='lat' dir='ltr'><strong>sunt</strong></span> <span class='ocrx_word' id='word_1_439' title='bbox 609 3199 625 3222; x_wconf 93' lang='lat'><strong>,</strong></span> <span class='ocrx_word' id='word_1_440' title='bbox 654 3167 710 3213; x_wconf 93' lang='lat' dir='ltr'><strong>et</strong></span> <span class='ocrx_word' id='word_1_441' title='bbox 752 3159 840 3213; x_wconf 91' lang='lat' dir='ltr'><strong>alii</strong></span> <span class='ocrx_word' id='word_1_442' title='bbox 870 3159 1121 3215; x_wconf 81' lang='lat' dir='ltr'><strong>similiter</strong></span> <span class='ocrx_word' id='word_1_443' title='bbox 1153 3159 1325 3230; x_wconf 12' lang='lat'><strong>174701.!</strong></span> <span class='ocrx_word' id='word_1_444' title='bbox 1368 3158 1769 3217; x_wconf 79' lang='lat' dir='ltr'><strong>murmurantes</strong></span> <span class='ocrx_word' id='word_1_445' title='bbox 1793 3203 1809 3229; x_wconf 89' lang='lat'><strong>,</strong></span> <span class='ocrx_word' id='word_1_446' title='bbox 1838 3166 1883 3228; x_wconf 65' lang='grc' dir='ltr'><strong>(ζ</strong></span> <span class='ocrx_word' id='word_1_447' title='bbox 1915 3161 1972 3216; x_wconf 82' lang='lat' dir='ltr'><strong>In</strong></span> <span class='ocrx_word' id='word_1_448' title='bbox 2005 3161 2135 3230; x_wconf 88' lang='lat' dir='ltr'><strong>Reg.</strong></span> <span class='ocrx_word' id='word_1_449' title='bbox 2168 3159 2204 3212; x_wconf 75' lang='lat'><strong>2</strong></span> <span class='ocrx_word' id='word_1_450' title='bbox 2231 3167 2314 3230; x_wconf 87' lang='lat' dir='ltr'><strong>est</strong></span> <span class='ocrx_word' id='word_1_451' title='bbox 2342 3160 2538 3229; x_wconf 84' lang='lat' dir='ltr'><strong>accepit</strong></span> <span class='ocrx_word' id='word_1_452' title='bbox 2587 3167 2883 3230; x_wconf 68' lang='lat' dir='ltr'><strong>tamquam</strong></span> <span class='ocrx_word' id='word_1_453' title='bbox 2908 3159 3086 3226; x_wconf 82' lang='lat' dir='ltr'><strong>glossa</strong></span> <span class='ocrx_word' id='word_1_454' title='bbox 3111 3203 3125 3226; x_wconf 84' lang='lat'><strong>,</strong></span> <span class='ocrx_word' id='word_1_455' title='bbox 3177 3158 3260 3215; x_wconf 80' lang='lat' dir='ltr'><strong>vel</strong></span> <span class='ocrx_word' id='word_1_456' title='bbox 3311 3158 3492 3230; x_wconf 75' lang='lat' dir='ltr'><strong>potius</strong></span> 
     </span>
    </p>
   </div>
   <div class='ocr_carea' id='block_1_68' title="bbox 229 3229 1806 3298">
    <p class='ocr_par' dir='ltr' id='par_1_68' title="bbox 229 3229 1806 3298">
     <span class='ocr_line' id='line_1_70' title="bbox 229 3229 1806 3298; baseline 0.002 -16"><span class='ocrx_word' id='word_1_457' title='bbox 229 3229 330 3291; x_wconf 82' lang='lat' dir='ltr'><strong>qui</strong></span> <span class='ocrx_word' id='word_1_458' title='bbox 377 3229 628 3284; x_wconf 86' lang='lat' dir='ltr'><strong>incendio</strong></span> <span class='ocrx_word' id='word_1_459' title='bbox 667 3230 981 3298; x_wconf 87' lang='lat' dir='ltr'><strong>perierunt,</strong></span> <span class='ocrx_word' id='word_1_460' title='bbox 1014 3239 1073 3286; x_wconf 90' lang='lat' dir='ltr'><strong>ut</strong></span> <span class='ocrx_word' id='word_1_461' title='bbox 1102 3229 1331 3285; x_wconf 80' lang='lat' dir='ltr'><strong>refertur</strong></span> <span class='ocrx_word' id='word_1_462' title='bbox 1367 3231 1586 3287; x_wconf 77' lang='lat' dir='ltr'><strong>Ntiinar.</strong></span> <span class='ocrx_word' id='word_1_463' title='bbox 1619 3249 1666 3286; x_wconf 90' lang='lat' dir='ltr'><strong>c.</strong></span> <span class='ocrx_word' id='word_1_464' title='bbox 1699 3248 1806 3288; x_wconf 77' lang='lat' dir='ltr'><strong>xvr.</strong></span> 
     </span>
    </p>
   </div>
   <div class='ocr_carea' id='block_1_69' title="bbox 233 3299 1813 3370">
    <p class='ocr_par' dir='ltr' id='par_1_69' title="bbox 233 3299 1813 3370">
     <span class='ocr_line' id='line_1_71' title="bbox 233 3299 1813 3370; baseline 0.003 -15"><span class='ocrx_word' id='word_1_465' title='bbox 233 3299 423 3355; x_wconf 81' lang='lat' dir='ltr'><strong>Nadab</strong></span> <span class='ocrx_word' id='word_1_466' title='bbox 453 3309 510 3355; x_wconf 87' lang='lat' dir='ltr'><strong>et</strong></span> <span class='ocrx_word' id='word_1_467' title='bbox 534 3299 693 3368; x_wconf 76' lang='lat' dir='ltr'><strong>Abin,</strong></span> <span class='ocrx_word' id='word_1_468' title='bbox 714 3300 804 3357; x_wconf 85' lang='lat' dir='ltr'><strong>lilii</strong></span> <span class='ocrx_word' id='word_1_469' title='bbox 835 3302 1036 3366; x_wconf 79' lang='lat' dir='ltr'><strong>Aaron,</strong></span> <span class='ocrx_word' id='word_1_470' title='bbox 1068 3303 1372 3370; x_wconf 90' lang='lat' dir='ltr'><strong>consumpti</strong></span> <span class='ocrx_word' id='word_1_471' title='bbox 1402 3303 1562 3357; x_wconf 87' lang='lat' dir='ltr'><strong>etiam</strong></span> <span class='ocrx_word' id='word_1_472' title='bbox 1593 3303 1813 3359; x_wconf 79' lang='lat' dir='ltr'><strong>fuerunt</strong></span> 
     </span>
    </p>
   </div>
   <div class='ocr_carea' id='block_1_70' title="bbox 230 3369 1812 3441">
    <p class='ocr_par' dir='ltr' id='par_1_70' title="bbox 230 3369 1812 3441">
     <span class='ocr_line' id='line_1_72' title="bbox 230 3369 1812 3441; baseline 0.002 -16"><span class='ocrx_word' id='word_1_473' title='bbox 230 3370 363 3440; x_wconf 87' lang='lat' dir='ltr'><strong>igne</strong></span> <span class='ocrx_word' id='word_1_474' title='bbox 383 3369 734 3426; x_wconf 76' lang='lat' dir='ltr'><strong>cmlesti.Sed</strong></span> <span class='ocrx_word' id='word_1_475' title='bbox 759 3385 865 3424; x_wconf 93' lang='lat' dir='ltr'><strong>non</strong></span> <span class='ocrx_word' id='word_1_476' title='bbox 895 3371 1106 3426; x_wconf 90' lang='lat' dir='ltr'><strong>videtur</strong></span> <span class='ocrx_word' id='word_1_477' title='bbox 1133 3369 1498 3441; x_wconf 88' lang='lat' dir='ltr'><strong>congruenter</strong></span> <span class='ocrx_word' id='word_1_478' title='bbox 1520 3373 1586 3430; x_wconf 88' lang='lat' dir='ltr'><strong>de</strong></span> <span class='ocrx_word' id='word_1_479' title='bbox 1611 3374 1696 3432; x_wconf 87' lang='lat' dir='ltr'><strong>his</strong></span> <span class='ocrx_word' id='word_1_480' title='bbox 1723 3389 1812 3428; x_wconf 84' lang='lat' dir='ltr'><strong>so-</strong></span> 
     </span>
    </p>
   </div>
   <div class='ocr_carea' id='block_1_71' title="bbox 205 3441 1204 3514">
    <p class='ocr_par' dir='ltr' id='par_1_71' title="bbox 205 3441 1204 3514">
     <span class='ocr_line' id='line_1_73' title="bbox 205 3441 1204 3514; baseline -0.003 -16"><span class='ocrx_word' id='word_1_481' title='bbox 205 3441 587 3514; x_wconf 39' lang='lat' dir='ltr'><strong>.,lum_due_bus</strong></span> <span class='ocrx_word' id='word_1_482' title='bbox 617 3441 726 3514; x_wconf 83' lang='lat' dir='ltr'><strong>dici</strong></span> <span class='ocrx_word' id='word_1_483' title='bbox 754 3442 996 3514; x_wconf 77' lang='lat' dir='ltr'><strong>seditiosa</strong></span> <span class='ocrx_word' id='word_1_484' title='bbox 1025 3444 1204 3497; x_wconf 84' lang='lat' dir='ltr'><strong>tribus.</strong></span> 
     </span>
    </p>
   </div>
   <div class='ocr_carea' id='block_1_72' title="bbox 308 3510 1807 3583">
    <p class='ocr_par' dir='ltr' id='par_1_72' title="bbox 308 3510 1807 3583">
     <span class='ocr_line' id='line_1_74' title="bbox 308 3510 1807 3583; baseline 0.001 -17"><span class='ocrx_word' id='word_1_485' title='bbox 308 3511 400 3567; x_wconf 78' lang='lat'><strong>39.</strong></span> <span class='ocrx_word' id='word_1_486' title='bbox 446 3510 626 3566; x_wconf 78' lang='lat' dir='ltr'><strong>eres</strong></span> <span class='ocrx_word' id='word_1_487' title='bbox 649 3511 801 3583; x_wconf 64' lang='lat' dir='ltr'><strong>legis</strong></span> <span class='ocrx_word' id='word_1_488' title='bbox 821 3553 836 3577; x_wconf 92' lang='lat'><strong>,</strong></span> <span class='ocrx_word' id='word_1_489' title='bbox 865 3514 964 3567; x_wconf 88' lang='lat' dir='ltr'><strong>nisi</strong></span> <span class='ocrx_word' id='word_1_490' title='bbox 1011 3528 1078 3568; x_wconf 78' lang='lat' dir='ltr'><strong>ex</strong></span> <span class='ocrx_word' id='word_1_491' title='bbox 1107 3513 1421 3583; x_wconf 81' lang='lat' dir='ltr'><strong>conjectura</strong></span> <span class='ocrx_word' id='word_1_492' title='bbox 1455 3513 1608 3575; x_wconf 87' lang='lat' dir='ltr'><strong>malis</strong></span> <span class='ocrx_word' id='word_1_493' title='bbox 1639 3515 1807 3583; x_wconf 83' lang='lat' dir='ltr'><strong>heros,</strong></span> 
     </span>
    </p>
   </div>
   <div class='ocr_carea' id='block_1_73' title="bbox 235 3581 1816 3653">
    <p class='ocr_par' dir='ltr' id='par_1_73' title="bbox 235 3581 1816 3653">
     <span class='ocr_line' id='line_1_75' title="bbox 235 3581 1816 3653; baseline 0.002 -16"><span class='ocrx_word' id='word_1_494' title='bbox 235 3582 454 3638; x_wconf 88' lang='lat' dir='ltr'><strong>videtur</strong></span> <span class='ocrx_word' id='word_1_495' title='bbox 496 3596 618 3636; x_wconf 83' lang='lat' dir='ltr'><strong>esse</strong></span> <span class='ocrx_word' id='word_1_496' title='bbox 647 3581 879 3651; x_wconf 80' lang='lat' dir='ltr'><strong>Moyses,</strong></span> <span class='ocrx_word' id='word_1_497' title='bbox 913 3585 1003 3653; x_wconf 88' lang='lat' dir='ltr'><strong>qui</strong></span> <span class='ocrx_word' id='word_1_498' title='bbox 1055 3581 1256 3637; x_wconf 86' lang='lat' dir='ltr'><strong>terram</strong></span> <span class='ocrx_word' id='word_1_499' title='bbox 1309 3584 1685 3653; x_wconf 80' lang='lat' dir='ltr'><strong>promissionis</strong></span> <span class='ocrx_word' id='word_1_500' title='bbox 1732 3581 1816 3640; x_wconf 86' lang='lat' dir='ltr'><strong>in-</strong></span> 
     </span>
    </p>
   </div>
   <div class='ocr_carea' id='block_1_74' title="bbox 231 3652 1810 3725">
    <p class='ocr_par' dir='ltr' id='par_1_74' title="bbox 231 3652 1810 3725">
     <span class='ocr_line' id='line_1_76' title="bbox 231 3652 1810 3725; baseline 0.004 -20"><span class='ocrx_word' id='word_1_501' title='bbox 231 3668 466 3725; x_wconf 87' lang='lat' dir='ltr'><strong>gressus</strong></span> <span class='ocrx_word' id='word_1_502' title='bbox 510 3666 614 3707; x_wconf 91' lang='lat' dir='ltr'><strong>non</strong></span> <span class='ocrx_word' id='word_1_503' title='bbox 646 3654 761 3725; x_wconf 75' lang='lat' dir='ltr'><strong>fuit.</strong></span> <span class='ocrx_word' id='word_1_504' title='bbox 795 3652 986 3725; x_wconf 68' lang='lat' dir='ltr'><strong>GlpsSa</strong></span> <span class='ocrx_word' id='word_1_505' title='bbox 1019 3654 1070 3708; x_wconf 92' lang='lat' dir='ltr'><strong>in</strong></span> <span class='ocrx_word' id='word_1_506' title='bbox 1105 3655 1236 3723; x_wconf 88' lang='lat' dir='ltr'><strong>Reg.</strong></span> <span class='ocrx_word' id='word_1_507' title='bbox 1265 3653 1338 3707; x_wconf 64' lang='grc' dir='ltr'><strong>ἓξ</strong></span> <span class='ocrx_word' id='word_1_508' title='bbox 1374 3652 1566 3709; x_wconf 77' lang='lat' dir='ltr'><strong>Nullus</strong></span> <span class='ocrx_word' id='word_1_509' title='bbox 1590 3671 1652 3710; x_wconf 74' lang='lat' dir='ltr'><strong>ea:</strong></span> <span class='ocrx_word' id='word_1_510' title='bbox 1678 3655 1810 3722; x_wconf 83' lang='lat' dir='ltr'><strong>illis,</strong></span> 
     </span>
    </p>
   </div>
   <div class='ocr_carea' id='block_1_75' title="bbox 233 3723 1816 3796">
    <p class='ocr_par' dir='ltr' id='par_1_75' title="bbox 233 3723 1816 3796">
     <span class='ocr_line' id='line_1_77' title="bbox 233 3723 1816 3796; baseline 0.002 -20"><span class='ocrx_word' id='word_1_511' title='bbox 233 3723 328 3796; x_wconf 71' lang='lat' dir='ltr'><strong>qui</strong></span> <span class='ocrx_word' id='word_1_512' title='bbox 354 3725 541 3796; x_wconf 81' lang='lat' dir='ltr'><strong>egressi</strong></span> <span class='ocrx_word' id='word_1_513' title='bbox 580 3731 698 3780; x_wconf 87' lang='lat' dir='ltr'><strong>sunt</strong></span> <span class='ocrx_word' id='word_1_514' title='bbox 725 3723 788 3796; x_wconf 68' lang='lat' dir='ltr'><strong>de</strong></span> <span class='ocrx_word' id='word_1_515' title='bbox 812 3723 1079 3796; x_wconf 58' lang='grc' dir='ltr'><strong>ίΙΞειυριο,</strong></span> <span class='ocrx_word' id='word_1_516' title='bbox 1109 3725 1319 3778; x_wconf 79' lang='lat' dir='ltr'><strong>intravit</strong></span> <span class='ocrx_word' id='word_1_517' title='bbox 1339 3726 1392 3779; x_wconf 88' lang='lat' dir='ltr'><strong>in</strong></span> <span class='ocrx_word' id='word_1_518' title='bbox 1423 3733 1609 3779; x_wconf 90' lang='lat' dir='ltr'><strong>terram</strong></span> <span class='ocrx_word' id='word_1_519' title='bbox 1636 3742 1816 3796; x_wconf 86' lang='lat' dir='ltr'><strong>repro-</strong></span> 
     </span>
    </p>
   </div>
   <div class='ocr_carea' id='block_1_76' title="bbox 235 3792 1224 3865">
    <p class='ocr_par' dir='ltr' id='par_1_76' title="bbox 235 3792 1224 3865">
     <span class='ocr_line' id='line_1_78' title="bbox 235 3792 1224 3865; baseline 0.002 -18"><span class='ocrx_word' id='word_1_520' title='bbox 235 3792 500 3865; x_wconf 75' lang='lat' dir='ltr'><strong>missionis</strong></span> <span class='ocrx_word' id='word_1_521' title='bbox 520 3801 702 3865; x_wconf 60' lang='lat' dir='ltr'><strong>prtzjer</strong></span> <span class='ocrx_word' id='word_1_522' title='bbox 727 3792 941 3865; x_wconf 57' lang='lat' dir='ltr'><strong>Calephl</strong></span> <span class='ocrx_word' id='word_1_523' title='bbox 961 3792 1020 3849; x_wconf 78' lang='lat' dir='ltr'><strong>et</strong></span> <span class='ocrx_word' id='word_1_524' title='bbox 1043 3793 1224 3850; x_wconf 80' lang='lat' dir='ltr'><strong>Josue.</strong></span> 
     </span>
    </p>
   </div>
   <div class='ocr_carea' id='block_1_77' title="bbox 310 3861 1198 3932">
    <p class='ocr_par' dir='ltr' id='par_1_77' title="bbox 310 3861 1198 3932">
     <span class='ocr_line' id='line_1_79' title="bbox 310 3861 1198 3932; baseline 0.002 -12"><span class='ocrx_word' id='word_1_525' title='bbox 310 3864 402 3920; x_wconf 68' lang='grc'><strong>40.</strong></span> <span class='ocrx_word' id='word_1_526' title='bbox 445 3861 862 3932; x_wconf 69' lang='grc' dir='ltr'><strong>Αιᾶ.,ϐἠήδιυιξ</strong></span> <span class='ocrx_word' id='word_1_527' title='bbox 888 3865 1000 3929; x_wconf 87' lang='lat' dir='ltr'><strong>alii,</strong></span> <span class='ocrx_word' id='word_1_528' title='bbox 1025 3865 1198 3922; x_wconf 71' lang='lat' dir='ltr'><strong>Iesus.</strong></span> 
     </span>
    </p>
   </div>
   <div class='ocr_carea' id='block_1_78' title="bbox 311 3934 1818 4004">
    <p class='ocr_par' dir='ltr' id='par_1_78' title="bbox 311 3934 1818 4004">
     <span class='ocr_line' id='line_1_80' title="bbox 311 3934 1818 4004; baseline 0.003 -16"><span class='ocrx_word' id='word_1_529' title='bbox 311 3934 403 3993; x_wconf 70' lang='lat'><strong>4|.</strong></span> <span class='ocrx_word' id='word_1_530' title='bbox 437 3935 686 3995; x_wconf 76' lang='lat' dir='ltr'><strong>Nonnulli</strong></span> <span class='ocrx_word' id='word_1_531' title='bbox 705 3935 903 4004; x_wconf 67' lang='lat' dir='ltr'><strong>Vulgati</strong></span> <span class='ocrx_word' id='word_1_532' title='bbox 931 3935 1112 4000; x_wconf 83' lang='lat' dir='ltr'><strong>hostis,</strong></span> <span class='ocrx_word' id='word_1_533' title='bbox 1144 3935 1358 3992; x_wconf 90' lang='lat' dir='ltr'><strong>scilicet</strong></span> <span class='ocrx_word' id='word_1_534' title='bbox 1379 3935 1608 3994; x_wconf 88' lang='lat' dir='ltr'><strong>destruit</strong></span> <span class='ocrx_word' id='word_1_535' title='bbox 1632 3951 1818 3992; x_wconf 91' lang='lat' dir='ltr'><strong>muros</strong></span> 
     </span>
    </p>
   </div>
   <div class='ocr_carea' id='block_1_79' title="bbox 241 4005 1814 4076">
    <p class='ocr_par' dir='ltr' id='par_1_79' title="bbox 241 4005 1814 4076">
     <span class='ocr_line' id='line_1_81' title="bbox 241 4005 1814 4076; baseline 0.001 -16"><span class='ocrx_word' id='word_1_536' title='bbox 241 4005 441 4073; x_wconf 87' lang='lat' dir='ltr'><strong>hostis,</strong></span> <span class='ocrx_word' id='word_1_537' title='bbox 471 4006 598 4059; x_wconf 91' lang='lat' dir='ltr'><strong>dum</strong></span> <span class='ocrx_word' id='word_1_538' title='bbox 627 4007 825 4060; x_wconf 89' lang='lat' dir='ltr'><strong>circuit</strong></span> <span class='ocrx_word' id='word_1_539' title='bbox 853 4021 971 4060; x_wconf 89' lang='lat' dir='ltr'><strong>eos.</strong></span> <span class='ocrx_word' id='word_1_540' title='bbox 1004 4006 1158 4072; x_wconf 83' lang='lat' dir='ltr'><strong>Mss.,</strong></span> <span class='ocrx_word' id='word_1_541' title='bbox 1183 4021 1304 4060; x_wconf 91' lang='lat' dir='ltr'><strong>cum</strong></span> <span class='ocrx_word' id='word_1_542' title='bbox 1331 4005 1607 4076; x_wconf 89' lang='lat' dir='ltr'><strong>plerisque</strong></span> <span class='ocrx_word' id='word_1_543' title='bbox 1633 4007 1814 4074; x_wconf 92' lang='lat' dir='ltr'><strong>editis,</strong></span> 
     </span>
    </p>
   </div>
   <div class='ocr_carea' id='block_1_80' title="bbox 242 4075 1818 4149">
    <p class='ocr_par' dir='ltr' id='par_1_80' title="bbox 242 4075 1818 4149">
     <span class='ocr_line' id='line_1_82' title="bbox 242 4075 1818 4149; baseline 0.001 -19"><span class='ocrx_word' id='word_1_544' title='bbox 242 4078 466 4132; x_wconf 83' lang='lat' dir='ltr'><strong>hostem.</strong></span> <span class='ocrx_word' id='word_1_545' title='bbox 512 4077 835 4149; x_wconf 64' lang='lat' dir='ltr'><strong>Artttzenius</strong></span> <span class='ocrx_word' id='word_1_546' title='bbox 875 4077 1240 4149; x_wconf 85' lang='lat' dir='ltr'><strong>interpungit,</strong></span> <span class='ocrx_word' id='word_1_547' title='bbox 1291 4075 1529 4131; x_wconf 81' lang='lat' dir='ltr'><strong>Destruit</strong></span> <span class='ocrx_word' id='word_1_548' title='bbox 1569 4094 1692 4133; x_wconf 85' lang='lat' dir='ltr'><strong>arca</strong></span> <span class='ocrx_word' id='word_1_549' title='bbox 1723 4077 1818 4131; x_wconf 85' lang='lat' dir='ltr'><strong>Dei</strong></span> 
     </span>
    </p>
   </div>
   <div class='ocr_carea' id='block_1_81' title="bbox 247 4147 1816 4219">
    <p class='ocr_par' dir='ltr' id='par_1_81' title="bbox 247 4147 1816 4219">
     <span class='ocr_line' id='line_1_83' title="bbox 247 4147 1816 4219; baseline 0 -18"><span class='ocrx_word' id='word_1_550' title='bbox 247 4165 444 4213; x_wconf 85' lang='lat' dir='ltr'><strong>muros,</strong></span> <span class='ocrx_word' id='word_1_551' title='bbox 490 4147 614 4201; x_wconf 89' lang='lat' dir='ltr'><strong>dum</strong></span> <span class='ocrx_word' id='word_1_552' title='bbox 657 4147 838 4219; x_wconf 81' lang='lat' dir='ltr'><strong>circuit</strong></span> <span class='ocrx_word' id='word_1_553' title='bbox 869 4148 1096 4219; x_wconf 78' lang='lat' dir='ltr'><strong>hostem,</strong></span> <span class='ocrx_word' id='word_1_554' title='bbox 1127 4147 1222 4203; x_wconf 80' lang='lat' dir='ltr'><strong>sed</strong></span> <span class='ocrx_word' id='word_1_555' title='bbox 1253 4161 1317 4203; x_wconf 78' lang='lat' dir='ltr'><strong>ex</strong></span> <span class='ocrx_word' id='word_1_556' title='bbox 1350 4156 1689 4219; x_wconf 85' lang='lat' dir='ltr'><strong>pentametro</strong></span> <span class='ocrx_word' id='word_1_557' title='bbox 1711 4149 1816 4204; x_wconf 91' lang='lat' dir='ltr'><strong>alia</strong></span> 
     </span>
    </p>
   </div>
   <div class='ocr_carea' id='block_1_82' title="bbox 244 4217 1821 4286">
    <p class='ocr_par' dir='ltr' id='par_1_82' title="bbox 244 4217 1821 4286">
     <span class='ocr_line' id='line_1_84' title="bbox 244 4217 1821 4286; baseline 0.003 -14"><span class='ocrx_word' id='word_1_558' title='bbox 244 4219 526 4272; x_wconf 72' lang='lat' dir='ltr'><strong>disnnctio</strong></span> <span class='ocrx_word' id='word_1_559' title='bbox 567 4226 651 4271; x_wconf 85' lang='lat' dir='ltr'><strong>est</strong></span> <span class='ocrx_word' id='word_1_560' title='bbox 676 4217 1008 4286; x_wconf 65' lang='lat' dir='ltr'><strong>prmt‘erenda</strong></span> <span class='ocrx_word' id='word_1_561' title='bbox 1049 4236 1059 4271; x_wconf 93' lang='lat'>:</span> <span class='ocrx_word' id='word_1_562' title='bbox 1102 4233 1168 4273; x_wconf 88' lang='lat' dir='ltr'><strong>ac</strong></span> <span class='ocrx_word' id='word_1_563' title='bbox 1198 4217 1389 4284; x_wconf 83' lang='lat' dir='ltr'><strong>revera</strong></span> <span class='ocrx_word' id='word_1_564' title='bbox 1418 4233 1540 4273; x_wconf 90' lang='lat' dir='ltr'><strong>arca</strong></span> <span class='ocrx_word' id='word_1_565' title='bbox 1571 4219 1821 4276; x_wconf 80' lang='lat' dir='ltr'><strong>circuivit</strong></span> 
     </span>
    </p>
   </div>
   <div class='ocr_carea' id='block_1_83' title="bbox 241 4287 1533 4357">
    <p class='ocr_par' dir='ltr' id='par_1_83' title="bbox 241 4287 1533 4357">
     <span class='ocr_line' id='line_1_85' title="bbox 241 4287 1533 4357; baseline -0.002 -13"><span class='ocrx_word' id='word_1_566' title='bbox 241 4304 429 4344; x_wconf 89' lang='lat' dir='ltr'><strong>muros</strong></span> <span class='ocrx_word' id='word_1_567' title='bbox 457 4287 655 4353; x_wconf 85' lang='lat' dir='ltr'><strong>Jerico,</strong></span> <span class='ocrx_word' id='word_1_568' title='bbox 691 4297 745 4340; x_wconf 93' lang='lat' dir='ltr'><strong>ut</strong></span> <span class='ocrx_word' id='word_1_569' title='bbox 775 4299 986 4350; x_wconf 88' lang='lat' dir='ltr'><strong>constat</strong></span> <span class='ocrx_word' id='word_1_570' title='bbox 1016 4305 1079 4345; x_wconf 81' lang='lat' dir='ltr'><strong>ex</strong></span> <span class='ocrx_word' id='word_1_571' title='bbox 1110 4289 1275 4345; x_wconf 82' lang='lat' dir='ltr'><strong>Josue</strong></span> <span class='ocrx_word' id='word_1_572' title='bbox 1306 4303 1424 4357; x_wconf 87' lang='lat' dir='ltr'><strong>cap.</strong></span> <span class='ocrx_word' id='word_1_573' title='bbox 1461 4305 1533 4344; x_wconf 82' lang='lat' dir='ltr'><strong>vt.</strong></span> 
     </span>
    </p>
   </div>
   <div class='ocr_carea' id='block_1_84' title="bbox 314 4358 1817 4428">
    <p class='ocr_par' dir='ltr' id='par_1_84' title="bbox 314 4358 1817 4428">
     <span class='ocr_line' id='line_1_86' title="bbox 314 4358 1817 4428; baseline 0.001 -14"><span class='ocrx_word' id='word_1_574' title='bbox 314 4359 405 4418; x_wconf 74' lang='grc'><strong>42.</strong></span> <span class='ocrx_word' id='word_1_575' title='bbox 435 4358 615 4426; x_wconf 89' lang='lat' dir='ltr'><strong>Cant.,</strong></span> <span class='ocrx_word' id='word_1_576' title='bbox 632 4358 811 4414; x_wconf 86' lang='lat' dir='ltr'><strong>mundi</strong></span> <span class='ocrx_word' id='word_1_577' title='bbox 829 4371 873 4412; x_wconf 79' lang='lat' dir='ltr'><strong>et</strong></span> <span class='ocrx_word' id='word_1_578' title='bbox 896 4360 1143 4426; x_wconf 74' lang='lat' dir='ltr'><strong>destruit;</strong></span> <span class='ocrx_word' id='word_1_579' title='bbox 1161 4359 1393 4414; x_wconf 89' lang='lat' dir='ltr'><strong>abundat</strong></span> <span class='ocrx_word' id='word_1_580' title='bbox 1414 4358 1723 4428; x_wconf 80' lang='lat' dir='ltr'><strong>conjunmio</strong></span> <span class='ocrx_word' id='word_1_581' title='bbox 1743 4368 1817 4415; x_wconf 89' lang='lat' dir='ltr'><strong>et.</strong></span> 
     </span>
    </p>
   </div>
   <div class='ocr_carea' id='block_1_85' title="bbox 316 4428 1821 4500">
    <p class='ocr_par' dir='ltr' id='par_1_85' title="bbox 316 4428 1821 4500">
     <span class='ocr_line' id='line_1_87' title="bbox 316 4428 1821 4500; baseline 0 -17"><span class='ocrx_word' id='word_1_582' title='bbox 316 4429 407 4486; x_wconf 74' lang='grc'><strong>45.</strong></span> <span class='ocrx_word' id='word_1_583' title='bbox 442 4429 664 4499; x_wconf 78' lang='lat' dir='ltr'><strong>Signum</strong></span> <span class='ocrx_word' id='word_1_584' title='bbox 691 4428 933 4484; x_wconf 87' lang='lat' dir='ltr'><strong>Gedenni</strong></span> <span class='ocrx_word' id='word_1_585' title='bbox 958 4430 1175 4493; x_wconf 86' lang='lat' dir='ltr'><strong>datum,</strong></span> <span class='ocrx_word' id='word_1_586' title='bbox 1208 4430 1442 4500; x_wconf 88' lang='lat' dir='ltr'><strong>primum</strong></span> <span class='ocrx_word' id='word_1_587' title='bbox 1486 4431 1658 4486; x_wconf 81' lang='lat' dir='ltr'><strong>vellus</strong></span> <span class='ocrx_word' id='word_1_588' title='bbox 1703 4445 1821 4484; x_wconf 90' lang='lat' dir='ltr'><strong>ma-</strong></span> 
     </span>
    </p>
   </div>
   <div class='ocr_carea' id='block_1_86' title="bbox 241 4500 1813 4566">
    <p class='ocr_par' dir='ltr' id='par_1_86' title="bbox 241 4500 1813 4566">
     <span class='ocr_line' id='line_1_88' title="bbox 241 4500 1813 4566; baseline -0.001 -12"><span class='ocrx_word' id='word_1_589' title='bbox 241 4501 430 4558; x_wconf 86' lang='lat' dir='ltr'><strong>didum</strong></span> <span class='ocrx_word' id='word_1_590' title='bbox 461 4501 512 4554; x_wconf 92' lang='lat' dir='ltr'><strong>in</strong></span> <span class='ocrx_word' id='word_1_591' title='bbox 540 4514 666 4559; x_wconf 85' lang='lat' dir='ltr'><strong>area</strong></span> <span class='ocrx_word' id='word_1_592' title='bbox 694 4500 858 4566; x_wconf 92' lang='lat' dir='ltr'><strong>sicca,</strong></span> <span class='ocrx_word' id='word_1_593' title='bbox 891 4510 998 4560; x_wconf 88' lang='lat' dir='ltr'><strong>tum</strong></span> <span class='ocrx_word' id='word_1_594' title='bbox 1030 4501 1204 4556; x_wconf 81' lang='lat' dir='ltr'><strong>veltus</strong></span> <span class='ocrx_word' id='word_1_595' title='bbox 1230 4503 1431 4556; x_wconf 89' lang='lat' dir='ltr'><strong>siccum</strong></span> <span class='ocrx_word' id='word_1_596' title='bbox 1461 4501 1513 4555; x_wconf 92' lang='lat' dir='ltr'><strong>in</strong></span> <span class='ocrx_word' id='word_1_597' title='bbox 1543 4517 1667 4556; x_wconf 84' lang='lat' dir='ltr'><strong>area</strong></span> <span class='ocrx_word' id='word_1_598' title='bbox 1697 4516 1813 4556; x_wconf 86' lang='lat' dir='ltr'><strong>ma-</strong></span> 
     </span>
    </p>
   </div>
   <div class='ocr_carea' id='block_1_87' title="bbox 239 4569 706 4626">
    <p class='ocr_par' dir='ltr' id='par_1_87' title="bbox 239 4569 706 4626">
     <span class='ocr_line' id='line_1_89' title="bbox 239 4569 706 4626; baseline -0.004 0"><span class='ocrx_word' id='word_1_599' title='bbox 239 4571 388 4626; x_wconf 82' lang='lat' dir='ltr'><strong>dida.</strong></span> <span class='ocrx_word' id='word_1_600' title='bbox 421 4569 600 4626; x_wconf 86' lang='lat' dir='ltr'><strong>Judic.</strong></span> <span class='ocrx_word' id='word_1_601' title='bbox 630 4585 706 4624; x_wconf 78' lang='lat' dir='ltr'><strong>vr.</strong></span> 
     </span>
    </p>
   </div>
   <div class='ocr_carea' id='block_1_88' title="bbox 315 4639 1821 4711">
    <p class='ocr_par' dir='ltr' id='par_1_88' title="bbox 315 4639 1821 4711">
     <span class='ocr_line' id='line_1_90' title="bbox 315 4639 1821 4711; baseline 0 -15"><span class='ocrx_word' id='word_1_602' title='bbox 315 4641 407 4696; x_wconf 73' lang='grc'><strong>45.</strong></span> <span class='ocrx_word' id='word_1_603' title='bbox 452 4641 620 4695; x_wconf 88' lang='lat' dir='ltr'><strong>Docta</strong></span> <span class='ocrx_word' id='word_1_604' title='bbox 644 4655 834 4695; x_wconf 87' lang='lat' dir='ltr'><strong>manus</strong></span> <span class='ocrx_word' id='word_1_605' title='bbox 858 4639 910 4694; x_wconf 89' lang='lat' dir='ltr'><strong>in</strong></span> <span class='ocrx_word' id='word_1_606' title='bbox 938 4656 1104 4711; x_wconf 84' lang='lat' dir='ltr'><strong>marg.</strong></span> <span class='ocrx_word' id='word_1_607' title='bbox 1131 4641 1217 4696; x_wconf 90' lang='lat' dir='ltr'><strong>ed.</strong></span> <span class='ocrx_word' id='word_1_608' title='bbox 1243 4642 1387 4697; x_wconf 89' lang='lat' dir='ltr'><strong>Mon.</strong></span> <span class='ocrx_word' id='word_1_609' title='bbox 1410 4642 1625 4696; x_wconf 87' lang='lat' dir='ltr'><strong>volebat</strong></span> <span class='ocrx_word' id='word_1_610' title='bbox 1645 4659 1821 4696; x_wconf 87' lang='lat' dir='ltr'><strong>amore</strong></span> 
     </span>
    </p>
   </div>
   <div class='ocr_carea' id='block_1_89' title="bbox 243 4711 1820 4781">
    <p class='ocr_par' dir='ltr' id='par_1_89' title="bbox 243 4711 1820 4781">
     <span class='ocr_line' id='line_1_91' title="bbox 243 4711 1820 4781; baseline -0.002 -12"><span class='ocrx_word' id='word_1_611' title='bbox 243 4714 368 4778; x_wconf 86' lang='lat' dir='ltr'><strong>Dei,</strong></span> <span class='ocrx_word' id='word_1_612' title='bbox 402 4722 458 4766; x_wconf 90' lang='lat' dir='ltr'><strong>ut</strong></span> <span class='ocrx_word' id='word_1_613' title='bbox 489 4713 540 4767; x_wconf 89' lang='lat' dir='ltr'><strong>in</strong></span> <span class='ocrx_word' id='word_1_614' title='bbox 571 4715 909 4780; x_wconf 83' lang='lat' dir='ltr'><strong>pentatnctro</strong></span> <span class='ocrx_word' id='word_1_615' title='bbox 957 4712 1153 4768; x_wconf 81' lang='lat' dir='ltr'><strong>alioubi</strong></span> <span class='ocrx_word' id='word_1_616' title='bbox 1191 4712 1420 4780; x_wconf 76' lang='lat' dir='ltr'><strong>legitur.</strong></span> <span class='ocrx_word' id='word_1_617' title='bbox 1456 4711 1820 4781; x_wconf 84' lang='lat' dir='ltr'><strong>Wopkensius</strong></span> 
     </span>
    </p>
   </div>
   <div class='ocr_carea' id='block_1_90' title="bbox 240 4781 1819 4852">
    <p class='ocr_par' dir='ltr' id='par_1_90' title="bbox 240 4781 1819 4852">
     <span class='ocr_line' id='line_1_92' title="bbox 240 4781 1819 4852; baseline -0.001 -15"><span class='ocrx_word' id='word_1_618' title='bbox 240 4785 458 4839; x_wconf 85' lang='lat' dir='ltr'><strong>videtur</strong></span> <span class='ocrx_word' id='word_1_619' title='bbox 501 4782 784 4852; x_wconf 83' lang='lat' dir='ltr'><strong>utrobique</strong></span> <span class='ocrx_word' id='word_1_620' title='bbox 841 4781 1080 4837; x_wconf 74' lang='lat' dir='ltr'><strong>voluisse</strong></span> <span class='ocrx_word' id='word_1_621' title='bbox 1132 4800 1308 4836; x_wconf 78' lang='lat' dir='ltr'><strong>(onore</strong></span> <span class='ocrx_word' id='word_1_622' title='bbox 1355 4783 1484 4848; x_wconf 86' lang='lat' dir='ltr'><strong>Dei;</strong></span> <span class='ocrx_word' id='word_1_623' title='bbox 1528 4794 1675 4839; x_wconf 88' lang='lat' dir='ltr'><strong>certe</strong></span> <span class='ocrx_word' id='word_1_624' title='bbox 1710 4782 1819 4852; x_wconf 84' lang='lat' dir='ltr'><strong>vel</strong></span> 
     </span>
    </p>
   </div>
   <div class='ocr_carea' id='block_1_91' title="bbox 239 4851 1815 4923">
    <p class='ocr_par' dir='ltr' id='par_1_91' title="bbox 239 4851 1815 4923">
     <span class='ocr_line' id='line_1_93' title="bbox 239 4851 1815 4923; baseline -0.001 -14"><span class='ocrx_word' id='word_1_625' title='bbox 239 4854 532 4923; x_wconf 84' lang='lat' dir='ltr'><strong>utrobique</strong></span> <span class='ocrx_word' id='word_1_626' title='bbox 576 4851 648 4906; x_wconf 91' lang='lat' dir='ltr'><strong>ita</strong></span> <span class='ocrx_word' id='word_1_627' title='bbox 701 4851 1004 4923; x_wconf 83' lang='lat' dir='ltr'><strong>legendum,</strong></span> <span class='ocrx_word' id='word_1_628' title='bbox 1041 4853 1119 4907; x_wconf 85' lang='lat' dir='ltr'><strong>vel</strong></span> <span class='ocrx_word' id='word_1_629' title='bbox 1153 4854 1436 4923; x_wconf 90' lang='lat' dir='ltr'><strong>utrobique</strong></span> <span class='ocrx_word' id='word_1_630' title='bbox 1463 4853 1656 4907; x_wconf 85' lang='lat' dir='ltr'><strong>honore</strong></span> <span class='ocrx_word' id='word_1_631' title='bbox 1692 4851 1815 4908; x_wconf 85' lang='lat' dir='ltr'><strong>Dei.</strong></span> 
     </span>
    </p>
   </div>
   <div class='ocr_carea' id='block_1_92' title="bbox 245 4921 1820 4994">
    <p class='ocr_par' dir='ltr' id='par_1_92' title="bbox 245 4921 1820 4994">
     <span class='ocr_line' id='line_1_94' title="bbox 245 4921 1820 4994; baseline -0.002 -14"><span class='ocrx_word' id='word_1_632' title='bbox 245 4927 378 4982; x_wconf 74' lang='lat' dir='ltr'><strong>Mss.</strong></span> <span class='ocrx_word' id='word_1_633' title='bbox 409 4921 466 4978; x_wconf 85' lang='lat' dir='ltr'><strong>et</strong></span> <span class='ocrx_word' id='word_1_634' title='bbox 491 4924 734 4994; x_wconf 84' lang='lat' dir='ltr'><strong>plerique</strong></span> <span class='ocrx_word' id='word_1_635' title='bbox 762 4921 891 4977; x_wconf 87' lang='lat' dir='ltr'><strong>editi</strong></span> <span class='ocrx_word' id='word_1_636' title='bbox 922 4923 1214 4994; x_wconf 68' lang='lat' dir='ltr'><strong>praeferunt</strong></span> <span class='ocrx_word' id='word_1_637' title='bbox 1237 4921 1425 4978; x_wconf 79' lang='lat' dir='ltr'><strong>honore</strong></span> <span class='ocrx_word' id='word_1_638' title='bbox 1454 4923 1567 4980; x_wconf 88' lang='lat' dir='ltr'><strong>Dei.</strong></span> <span class='ocrx_word' id='word_1_639' title='bbox 1599 4924 1653 4994; x_wconf 88' lang='lat' dir='ltr'><strong>In</strong></span> <span class='ocrx_word' id='word_1_640' title='bbox 1683 4940 1820 4978; x_wconf 85' lang='lat' dir='ltr'><strong>non-</strong></span> 
     </span>
    </p>
   </div>
   <div class='ocr_carea' id='block_1_93' title="bbox 243 4993 1820 5064">
    <p class='ocr_par' dir='ltr' id='par_1_93' title="bbox 243 4993 1820 5064">
     <span class='ocr_line' id='line_1_95' title="bbox 243 4993 1820 5064; baseline -0.001 -14"><span class='ocrx_word' id='word_1_641' title='bbox 243 4996 409 5054; x_wconf 89' lang='lat' dir='ltr'><strong>nullis</strong></span> <span class='ocrx_word' id='word_1_642' title='bbox 448 4993 607 5048; x_wconf 86' lang='lat' dir='ltr'><strong>editis</strong></span> <span class='ocrx_word' id='word_1_643' title='bbox 627 4993 657 5057; x_wconf 46' lang='grc'>,“</span> <span class='ocrx_word' id='word_1_644' title='bbox 690 4993 944 5064; x_wconf 85' lang='lat' dir='ltr'><strong>promisso</strong></span> <span class='ocrx_word' id='word_1_645' title='bbox 975 5009 1203 5064; x_wconf 79' lang='lat' dir='ltr'><strong>munere,</strong></span> <span class='ocrx_word' id='word_1_646' title='bbox 1233 4995 1348 5048; x_wconf 86' lang='lat' dir='ltr'><strong>sine</strong></span> <span class='ocrx_word' id='word_1_647' title='bbox 1375 4996 1427 5048; x_wconf 90' lang='lat' dir='ltr'><strong>in</strong></span> <span class='ocrx_word' id='word_1_648' title='bbox 1448 5034 1463 5060; x_wconf 97' lang='lat'><strong>,</strong></span> <span class='ocrx_word' id='word_1_649' title='bbox 1494 4993 1635 5064; x_wconf 87' lang='lat' dir='ltr'><strong>quod</strong></span> <span class='ocrx_word' id='word_1_650' title='bbox 1665 4995 1820 5049; x_wconf 90' lang='lat' dir='ltr'><strong>deest</strong></span> 
     </span>
    </p>
   </div>
   <div class='ocr_carea' id='block_1_94' title="bbox 245 5063 1823 5132">
    <p class='ocr_par' dir='ltr' id='par_1_94' title="bbox 245 5063 1823 5132">
     <span class='ocr_line' id='line_1_96' title="bbox 245 5063 1823 5132; baseline -0.001 -11"><span class='ocrx_word' id='word_1_651' title='bbox 245 5066 409 5121; x_wconf 84' lang='lat' dir='ltr'><strong>etiam</strong></span> <span class='ocrx_word' id='word_1_652' title='bbox 454 5066 506 5118; x_wconf 92' lang='lat' dir='ltr'><strong>in</strong></span> <span class='ocrx_word' id='word_1_653' title='bbox 544 5063 709 5118; x_wconf 30' lang='lat' dir='ltr'><strong>Vatie’.</strong></span> <span class='ocrx_word' id='word_1_654' title='bbox 763 5065 812 5128; x_wconf 77' lang='lat' dir='ltr'><strong>i,</strong></span> <span class='ocrx_word' id='word_1_655' title='bbox 841 5067 896 5132; x_wconf 69' lang='lat'><strong>2,</strong></span> <span class='ocrx_word' id='word_1_656' title='bbox 944 5065 1093 5129; x_wconf 82' lang='lat' dir='ltr'><strong>Alb.,</strong></span> <span class='ocrx_word' id='word_1_657' title='bbox 1143 5063 1301 5130; x_wconf 85' lang='lat' dir='ltr'><strong>Urb.,</strong></span> <span class='ocrx_word' id='word_1_658' title='bbox 1336 5063 1604 5130; x_wconf 88' lang='lat' dir='ltr'><strong>Rom.,_et</strong></span> <span class='ocrx_word' id='word_1_659' title='bbox 1635 5065 1823 5119; x_wconf 82' lang='lat' dir='ltr'><strong>deerat</strong></span> 
     </span>
    </p>
   </div>
   <div class='ocr_carea' id='block_1_95' title="bbox 247 5134 1822 5206">
    <p class='ocr_par' dir='ltr' id='par_1_95' title="bbox 247 5134 1822 5206">
     <span class='ocr_line' id='line_1_97' title="bbox 247 5134 1822 5206; baseline -0.001 -16"><span class='ocrx_word' id='word_1_660' title='bbox 247 5141 300 5191; x_wconf 92' lang='lat' dir='ltr'><strong>in</strong></span> <span class='ocrx_word' id='word_1_661' title='bbox 329 5135 463 5206; x_wconf 88' lang='lat' dir='ltr'><strong>Reg.</strong></span> <span class='ocrx_word' id='word_1_662' title='bbox 512 5135 565 5196; x_wconf 78' lang='lat'><strong>‘5,</strong></span> <span class='ocrx_word' id='word_1_663' title='bbox 599 5134 687 5188; x_wconf 89' lang='lat' dir='ltr'><strong>ubi</strong></span> <span class='ocrx_word' id='word_1_664' title='bbox 720 5136 920 5206; x_wconf 81' lang='lat' dir='ltr'><strong>recenti</strong></span> <span class='ocrx_word' id='word_1_665' title='bbox 954 5151 1114 5206; x_wconf 88' lang='lat' dir='ltr'><strong>manu</strong></span> <span class='ocrx_word' id='word_1_666' title='bbox 1162 5135 1400 5189; x_wconf 79' lang='lat' dir='ltr'><strong>additum</strong></span> <span class='ocrx_word' id='word_1_667' title='bbox 1433 5145 1534 5189; x_wconf 90' lang='lat' dir='ltr'><strong>est.</strong></span> <span class='ocrx_word' id='word_1_668' title='bbox 1569 5135 1822 5189; x_wconf 86' lang='lat' dir='ltr'><strong>Nonnulli</strong></span> 
     </span>
    </p>
   </div>
   <div class='ocr_carea' id='block_1_96' title="bbox 248 5201 1633 5278">
    <p class='ocr_par' dir='ltr' id='par_1_96' title="bbox 248 5201 1633 5278">
     <span class='ocr_line' id='line_1_98' title="bbox 248 5201 1633 5278; baseline -0.003 -18"><span class='ocrx_word' id='word_1_669' title='bbox 248 5223 350 5278; x_wconf 88' lang='lat' dir='ltr'><strong>pro</strong></span> <span class='ocrx_word' id='word_1_670' title='bbox 377 5201 1216 5278; x_wconf 56' lang='lat' dir='ltr'><strong>promissoret‘eruntprmuisso.</strong></span> <span class='ocrx_word' id='word_1_671' title='bbox 1270 5275 1303 5278; x_wconf 31' lang='grc' dir='ltr'>η</span> <span class='ocrx_word' id='word_1_672' title='bbox 1388 5276 1395 5278; x_wconf 18' lang='grc' dir='ltr'><em>Α</em></span> <span class='ocrx_word' id='word_1_673' title='bbox 1629 5209 1633 5212; x_wconf 84' lang='grc'><strong>’</strong></span> 
     </span>
    </p>
   </div>
   <div class='ocr_carea' id='block_1_97' title="bbox 319 5274 1825 5343">
    <p class='ocr_par' dir='ltr' id='par_1_97' title="bbox 319 5274 1825 5343">
     <span class='ocr_line' id='line_1_99' title="bbox 319 5274 1825 5343; baseline -0.001 -13"><span class='ocrx_word' id='word_1_674' title='bbox 319 5277 409 5332; x_wconf 74' lang='grc'>46.</span> <span class='ocrx_word' id='word_1_675' title='bbox 454 5277 588 5343; x_wconf 77' lang='lat' dir='ltr'><strong>Reg.</strong></span> <span class='ocrx_word' id='word_1_676' title='bbox 617 5275 670 5338; x_wconf 84' lang='grc'>5.</span> <span class='ocrx_word' id='word_1_677' title='bbox 701 5274 839 5339; x_wconf 85' lang='lat' dir='ltr'><strong>Ald.,</strong></span> <span class='ocrx_word' id='word_1_678' title='bbox 873 5274 1162 5342; x_wconf 78' lang='lat' dir='ltr'><strong>Effectum;</strong></span> <span class='ocrx_word' id='word_1_679' title='bbox 1206 5275 1431 5342; x_wconf 84' lang='lat' dir='ltr'><strong>reliqui.</strong></span> <span class='ocrx_word' id='word_1_680' title='bbox 1484 5284 1651 5337; x_wconf 90' lang='lat' dir='ltr'><strong>recte,</strong></span> <span class='ocrx_word' id='word_1_681' title='bbox 1687 5274 1825 5342; x_wconf 67' lang='grc' dir='ltr'><strong>Απο-</strong></span> 
     </span>
    </p>
   </div>
   <div class='ocr_carea' id='block_1_98' title="bbox 248 5345 1824 5415">
    <p class='ocr_par' dir='ltr' id='par_1_98' title="bbox 248 5345 1824 5415">
     <span class='ocr_line' id='line_1_100' title="bbox 248 5345 1824 5415; baseline -0.001 -13"><span class='ocrx_word' id='word_1_682' title='bbox 248 5362 417 5413; x_wconf 68' lang='grc' dir='ltr'><strong>εῐιηη,</strong></span> <span class='ocrx_word' id='word_1_683' title='bbox 453 5347 594 5414; x_wconf 90' lang='lat' dir='ltr'><strong>quod</strong></span> <span class='ocrx_word' id='word_1_684' title='bbox 623 5362 688 5399; x_wconf 82' lang='lat' dir='ltr'><strong>ex</strong></span> <span class='ocrx_word' id='word_1_685' title='bbox 718 5346 1024 5415; x_wconf 86' lang='lat' dir='ltr'><strong>conjectura</strong></span> <span class='ocrx_word' id='word_1_686' title='bbox 1056 5347 1279 5401; x_wconf 83' lang='lat' dir='ltr'><strong>rescribi</strong></span> <span class='ocrx_word' id='word_1_687' title='bbox 1309 5347 1470 5414; x_wconf 82' lang='lat' dir='ltr'><strong>jussit</strong></span> <span class='ocrx_word' id='word_1_688' title='bbox 1497 5345 1824 5400; x_wconf 70' lang='lat' dir='ltr'><strong>Nebrissa»-</strong></span> 
     </span>
    </p>
   </div>
   <div class='ocr_carea' id='block_1_99' title="bbox 249 5416 1826 5488">
    <p class='ocr_par' dir='ltr' id='par_1_99' title="bbox 249 5416 1826 5488">
     <span class='ocr_line' id='line_1_101' title="bbox 249 5416 1826 5488; baseline -0.002 -15"><span class='ocrx_word' id='word_1_689' title='bbox 249 5422 346 5485; x_wconf 85' lang='lat' dir='ltr'><strong>sis,</strong></span> <span class='ocrx_word' id='word_1_690' title='bbox 376 5417 500 5487; x_wconf 86' lang='lat' dir='ltr'><strong>quia</strong></span> <span class='ocrx_word' id='word_1_691' title='bbox 530 5416 760 5485; x_wconf 78' lang='lat' dir='ltr'><strong>Jephthe</strong></span> <span class='ocrx_word' id='word_1_692' title='bbox 793 5416 914 5469; x_wconf 63' lang='lat' dir='ltr'><strong>tiliae</strong></span> <span class='ocrx_word' id='word_1_693' title='bbox 946 5433 1181 5471; x_wconf 89' lang='lat' dir='ltr'><strong>amorem</strong></span> <span class='ocrx_word' id='word_1_694' title='bbox 1214 5417 1402 5486; x_wconf 84' lang='lat' dir='ltr'><strong>religio</strong></span> <span class='ocrx_word' id='word_1_695' title='bbox 1446 5417 1458 5470; x_wconf 92' lang='lat' dir='ltr'><strong>i</strong></span> <span class='ocrx_word' id='word_1_696' title='bbox 1495 5417 1826 5488; x_wconf 81' lang='lat' dir='ltr'><strong>postposuit.</strong></span> 
     </span>
    </p>
   </div>
   <div class='ocr_carea' id='block_1_100' title="bbox 250 5488 1416 5557">
    <p class='ocr_par' dir='ltr' id='par_1_100' title="bbox 250 5488 1416 5557">
     <span class='ocr_line' id='line_1_102' title="bbox 250 5488 1416 5557; baseline -0.008 -12"><span class='ocrx_word' id='word_1_697' title='bbox 250 5491 326 5545; x_wconf 89' lang='lat' dir='ltr'><strong>De</strong></span> <span class='ocrx_word' id='word_1_698' title='bbox 357 5488 588 5557; x_wconf 80' lang='lat' dir='ltr'><strong>Jephthe</strong></span> <span class='ocrx_word' id='word_1_699' title='bbox 617 5489 759 5540; x_wconf 88' lang='lat' dir='ltr'><strong>enim</strong></span> <span class='ocrx_word' id='word_1_700' title='bbox 789 5502 968 5541; x_wconf 87' lang='lat' dir='ltr'><strong>sermo</strong></span> <span class='ocrx_word' id='word_1_701' title='bbox 1000 5503 1140 5548; x_wconf 88' lang='lat' dir='ltr'><strong>nunc</strong></span> <span class='ocrx_word' id='word_1_702' title='bbox 1170 5488 1416 5542; x_wconf 87' lang='lat' dir='ltr'><strong>habetur.</strong></span> 
     </span>
    </p>
   </div>
   <div class='ocr_carea' id='block_1_101' title="bbox 323 5559 1394 5624">
    <p class='ocr_par' dir='ltr' id='par_1_101' title="bbox 323 5559 1394 5624">
     <span class='ocr_line' id='line_1_103' title="bbox 323 5559 1394 5624; baseline -0.003 -11"><span class='ocrx_word' id='word_1_703' title='bbox 323 5563 409 5613; x_wconf 78' lang='lat'><strong>47.</strong></span> <span class='ocrx_word' id='word_1_704' title='bbox 459 5559 638 5621; x_wconf 88' lang='lat' dir='ltr'><strong>Rom.,</strong></span> <span class='ocrx_word' id='word_1_705' title='bbox 674 5567 896 5622; x_wconf 86' lang='lat' dir='ltr'><strong>sternes;</strong></span> <span class='ocrx_word' id='word_1_706' title='bbox 927 5559 1161 5624; x_wconf 76' lang='lat' dir='ltr'><strong>Corrige,</strong></span> <span class='ocrx_word' id='word_1_707' title='bbox 1191 5559 1394 5612; x_wconf 85' lang='lat' dir='ltr'><strong>sternis.</strong></span> 
     </span>
    </p>
   </div>
   <div class='ocr_carea' id='block_1_102' title="bbox 323 5628 1834 5700">
    <p class='ocr_par' dir='ltr' id='par_1_102' title="bbox 323 5628 1834 5700">
     <span class='ocr_line' id='line_1_104' title="bbox 323 5628 1834 5700; baseline 0.001 -19"><span class='ocrx_word' id='word_1_708' title='bbox 323 5632 413 5684; x_wconf 70' lang='lat' dir='ltr'><strong>iii.</strong></span> <span class='ocrx_word' id='word_1_709' title='bbox 461 5628 632 5700; x_wconf 74' lang='lat' dir='ltr'><strong>vatio.</strong></span> <span class='ocrx_word' id='word_1_710' title='bbox 669 5630 723 5692; x_wconf 75' lang='lat'><strong>‘2,</strong></span> <span class='ocrx_word' id='word_1_711' title='bbox 756 5630 923 5700; x_wconf 81' lang='lat' dir='ltr'><strong>regis;</strong></span> <span class='ocrx_word' id='word_1_712' title='bbox 969 5631 1399 5693; x_wconf 74' lang='lat' dir='ltr'><strong>emendandum,</strong></span> <span class='ocrx_word' id='word_1_713' title='bbox 1449 5629 1598 5698; x_wconf 71' lang='lat' dir='ltr'><strong>legis.</strong></span> <span class='ocrx_word' id='word_1_714' title='bbox 1642 5628 1698 5700; x_wconf 88' lang='lat' dir='ltr'><strong>In</strong></span> <span class='ocrx_word' id='word_1_715' title='bbox 1733 5629 1834 5682; x_wconf 91' lang='lat' dir='ltr'><strong>hoc</strong></span> 
     </span>
    </p>
   </div>
   <div class='ocr_carea' id='block_1_103' title="bbox 251 5698 1838 5770">
    <p class='ocr_par' dir='ltr' id='par_1_103' title="bbox 251 5698 1838 5770">
     <span class='ocr_line' id='line_1_105' title="bbox 251 5698 1838 5770; baseline -0.001 -13"><span class='ocrx_word' id='word_1_716' title='bbox 251 5716 417 5757; x_wconf 83' lang='lat' dir='ltr'><strong>versu</strong></span> <span class='ocrx_word' id='word_1_717' title='bbox 446 5698 562 5752; x_wconf 85' lang='lat' dir='ltr'><strong>tulit</strong></span> <span class='ocrx_word' id='word_1_718' title='bbox 591 5707 671 5753; x_wconf 88' lang='lat' dir='ltr'><strong>est</strong></span> <span class='ocrx_word' id='word_1_719' title='bbox 702 5714 796 5770; x_wconf 86' lang='lat' dir='ltr'><strong>pro</strong></span> <span class='ocrx_word' id='word_1_720' title='bbox 818 5698 1016 5764; x_wconf 82' lang='lat' dir='ltr'><strong>attulit,</strong></span> <span class='ocrx_word' id='word_1_721' title='bbox 1036 5700 1088 5754; x_wconf 92' lang='lat' dir='ltr'><strong>in</strong></span> <span class='ocrx_word' id='word_1_722' title='bbox 1120 5701 1366 5770; x_wconf 85' lang='lat' dir='ltr'><strong>sequenti</strong></span> <span class='ocrx_word' id='word_1_723' title='bbox 1396 5716 1494 5770; x_wconf 88' lang='lat' dir='ltr'><strong>pro</strong></span> <span class='ocrx_word' id='word_1_724' title='bbox 1524 5699 1757 5767; x_wconf 73' lang='lat' dir='ltr'><strong>abstulit,</strong></span> <span class='ocrx_word' id='word_1_725' title='bbox 1778 5709 1838 5755; x_wconf 87' lang='lat' dir='ltr'><strong>ut</strong></span> 
     </span>
    </p>
   </div>
   <div class='ocr_carea' id='block_1_104' title="bbox 253 5769 917 5843">
    <p class='ocr_par' dir='ltr' id='par_1_104' title="bbox 253 5769 917 5843">
     <span class='ocr_line' id='line_1_106' title="bbox 253 5769 917 5843; baseline -0.023 -9"><span class='ocrx_word' id='word_1_726' title='bbox 253 5771 489 5843; x_wconf 72' lang='lat' dir='ltr'><strong>explicnt</strong></span> <span class='ocrx_word' id='word_1_727' title='bbox 520 5771 700 5840; x_wconf 83' lang='lat' dir='ltr'><strong>glossa</strong></span> <span class='ocrx_word' id='word_1_728' title='bbox 733 5769 875 5823; x_wconf 81' lang='lat' dir='ltr'><strong>Alm.</strong></span> <span class='ocrx_word' id='word_1_729' title='bbox 911 5781 917 5832; x_wconf 74' lang='grc' dir='ltr'><strong><em>ς</em></strong></span> 
     </span>
    </p>
   </div>
   <div class='ocr_carea' id='block_1_105' title="bbox 1844 4540 1899 4602">
    <p class='ocr_par' dir='ltr' id='par_1_105' title="bbox 1844 4540 1899 4602">
     <span class='ocr_line' id='line_1_107' title="bbox 1844 4540 1899 4602; baseline 0 0"><span class='ocrx_word' id='word_1_730' title='bbox 1844 4540 1899 4602; x_wconf 91' lang='grc' dir='ltr'><strong>Ι)</strong></span> 
     </span>
    </p>
   </div>
   <div class='ocr_carea' id='block_1_106' title="bbox 1919 3227 3490 3299">
    <p class='ocr_par' dir='ltr' id='par_1_106' title="bbox 1919 3227 3490 3299">
     <span class='ocr_line' id='line_1_108' title="bbox 1919 3227 3490 3299; baseline 0.001 -14"><span class='ocrx_word' id='word_1_731' title='bbox 1919 3227 2190 3298; x_wconf 75' lang='lat' dir='ltr'><strong>tamquam</strong></span> <span class='ocrx_word' id='word_1_732' title='bbox 2236 3227 2781 3299; x_wconf 48' lang='lat' dir='ltr'><strong>diversa&#39;scriptura.</strong></span> <span class='ocrx_word' id='word_1_733' title='bbox 2827 3227 3084 3296; x_wconf 78' lang='lat' dir='ltr'><strong>Plerique</strong></span> <span class='ocrx_word' id='word_1_734' title='bbox 3128 3230 3282 3292; x_wconf 88' lang='lat' dir='ltr'><strong>editi,</strong></span> <span class='ocrx_word' id='word_1_735' title='bbox 3311 3227 3490 3286; x_wconf 62' lang='lat' dir='ltr'><strong>etiam</strong></span> 
     </span>
    </p>
   </div>
   <div class='ocr_carea' id='block_1_107' title="bbox 1913 3298 3488 3366">
    <p class='ocr_par' dir='ltr' id='par_1_107' title="bbox 1913 3298 3488 3366">
     <span class='ocr_line' id='line_1_109' title="bbox 1913 3298 3488 3366; baseline -0.001 -10"><span class='ocrx_word' id='word_1_736' title='bbox 1913 3311 2183 3366; x_wconf 80' lang='lat' dir='ltr'><strong>recentes,</strong></span> <span class='ocrx_word' id='word_1_737' title='bbox 2212 3301 2433 3354; x_wconf 83' lang='lat' dir='ltr'><strong>mundus</strong></span> <span class='ocrx_word' id='word_1_738' title='bbox 2463 3298 2572 3352; x_wconf 67' lang='lat' dir='ltr'><strong>hrec</strong></span> <span class='ocrx_word' id='word_1_739' title='bbox 2597 3298 2778 3363; x_wconf 81' lang='lat' dir='ltr'><strong>sentit,</strong></span> <span class='ocrx_word' id='word_1_740' title='bbox 2810 3308 2858 3352; x_wconf 87' lang='lat' dir='ltr'><strong>et</strong></span> <span class='ocrx_word' id='word_1_741' title='bbox 2887 3299 3066 3352; x_wconf 86' lang='lat' dir='ltr'><strong>ambit.</strong></span> <span class='ocrx_word' id='word_1_742' title='bbox 3098 3300 3219 3354; x_wconf 81' lang='lat' dir='ltr'><strong>Vat.</strong></span> <span class='ocrx_word' id='word_1_743' title='bbox 3252 3301 3308 3366; x_wconf 75' lang='lat'><strong>2,</strong></span> <span class='ocrx_word' id='word_1_744' title='bbox 3342 3317 3488 3355; x_wconf 87' lang='lat' dir='ltr'><strong>men-</strong></span> 
     </span>
    </p>
   </div>
   <div class='ocr_carea' id='block_1_108' title="bbox 1913 3369 3490 3441">
    <p class='ocr_par' dir='ltr' id='par_1_108' title="bbox 1913 3369 3490 3441">
     <span class='ocr_line' id='line_1_110' title="bbox 1913 3369 3490 3441; baseline -0.001 -14"><span class='ocrx_word' id='word_1_745' title='bbox 1913 3372 2087 3436; x_wconf 89' lang='lat' dir='ltr'><strong>dose,</strong></span> <span class='ocrx_word' id='word_1_746' title='bbox 2141 3370 2359 3424; x_wconf 83' lang='lat' dir='ltr'><strong>mundus</strong></span> <span class='ocrx_word' id='word_1_747' title='bbox 2401 3371 2652 3441; x_wconf 79' lang='lat' dir='ltr'><strong>percipit,</strong></span> <span class='ocrx_word' id='word_1_748' title='bbox 2704 3378 2750 3423; x_wconf 90' lang='lat' dir='ltr'><strong>et</strong></span> <span class='ocrx_word' id='word_1_749' title='bbox 2796 3369 2975 3422; x_wconf 84' lang='lat' dir='ltr'><strong>ambit.</strong></span> <span class='ocrx_word' id='word_1_750' title='bbox 3019 3370 3304 3440; x_wconf 90' lang='lat' dir='ltr'><strong>Repugnat</strong></span> <span class='ocrx_word' id='word_1_751' title='bbox 3345 3374 3490 3426; x_wconf 85' lang='lat' dir='ltr'><strong>cnim</strong></span> 
     </span>
    </p>
   </div>
   <div class='ocr_carea' id='block_1_109' title="bbox 1914 3440 3493 3512">
    <p class='ocr_par' dir='ltr' id='par_1_109' title="bbox 1914 3440 3493 3512">
     <span class='ocr_line' id='line_1_111' title="bbox 1914 3440 3493 3512; baseline 0 -15"><span class='ocrx_word' id='word_1_752' title='bbox 1914 3451 2178 3504; x_wconf 85' lang='lat' dir='ltr'><strong>metrum.</strong></span> <span class='ocrx_word' id='word_1_753' title='bbox 2227 3441 2330 3495; x_wconf 88' lang='lat' dir='ltr'><strong>etsi</strong></span> <span class='ocrx_word' id='word_1_754' title='bbox 2377 3440 2559 3512; x_wconf 21' lang='lat' dir='ltr'><strong>uitabit,</strong></span> <span class='ocrx_word' id='word_1_755' title='bbox 2583 3441 2761 3508; x_wconf 85' lang='lat' dir='ltr'><strong>potius</strong></span> <span class='ocrx_word' id='word_1_756' title='bbox 2805 3441 3044 3494; x_wconf 68' lang='lat' dir='ltr'><strong>cohmret</strong></span> <span class='ocrx_word' id='word_1_757' title='bbox 3088 3456 3209 3495; x_wconf 76' lang='lat' dir='ltr'><strong>cum</strong></span> <span class='ocrx_word' id='word_1_758' title='bbox 3247 3443 3493 3512; x_wconf 84' lang='lat' dir='ltr'><strong>percipit,</strong></span> 
     </span>
    </p>
   </div>
   <div class='ocr_carea' id='block_1_110' title="bbox 1914 3511 3492 3583">
    <p class='ocr_par' dir='ltr' id='par_1_110' title="bbox 1914 3511 3492 3583">
     <span class='ocr_line' id='line_1_112' title="bbox 1914 3511 3492 3583; baseline 0.001 -18"><span class='ocrx_word' id='word_1_759' title='bbox 1914 3529 2070 3583; x_wconf 86' lang='lat' dir='ltr'><strong>quam</strong></span> <span class='ocrx_word' id='word_1_760' title='bbox 2103 3527 2224 3583; x_wconf 87' lang='lat' dir='ltr'><strong>cum</strong></span> <span class='ocrx_word' id='word_1_761' title='bbox 2256 3513 2500 3583; x_wconf 76' lang='lat' dir='ltr'><strong>percepit.</strong></span> <span class='ocrx_word' id='word_1_762' title='bbox 2521 3511 2695 3583; x_wconf 81' lang='lat' dir='ltr'><strong>Putat</strong></span> <span class='ocrx_word' id='word_1_763' title='bbox 2740 3519 2922 3583; x_wconf 85' lang='lat' dir='ltr'><strong>autem</strong></span> <span class='ocrx_word' id='word_1_764' title='bbox 2954 3511 3097 3566; x_wconf 90' lang='lat' dir='ltr'><strong>idem</strong></span> <span class='ocrx_word' id='word_1_765' title='bbox 3128 3512 3492 3578; x_wconf 86' lang='lat' dir='ltr'><strong>Burmannus,</strong></span> 
     </span>
    </p>
   </div>
   <div class='ocr_carea' id='block_1_111' title="bbox 1913 3581 2942 3652">
    <p class='ocr_par' dir='ltr' id='par_1_111' title="bbox 1913 3581 2942 3652">
     <span class='ocr_line' id='line_1_113' title="bbox 1913 3581 2942 3652; baseline -0.003 -15"><span class='ocrx_word' id='word_1_766' title='bbox 1913 3581 2070 3638; x_wconf 79' lang='lat' dir='ltr'><strong>ambit</strong></span> <span class='ocrx_word' id='word_1_767' title='bbox 2096 3581 2221 3652; x_wconf 90' lang='lat' dir='ltr'><strong>poni</strong></span> <span class='ocrx_word' id='word_1_768' title='bbox 2251 3581 2347 3650; x_wconf 88' lang='lat' dir='ltr'><strong>pro</strong></span> <span class='ocrx_word' id='word_1_769' title='bbox 2375 3581 2573 3646; x_wconf 85' lang='lat' dir='ltr'><strong>ambiit,</strong></span> <span class='ocrx_word' id='word_1_770' title='bbox 2603 3581 2685 3636; x_wconf 87' lang='lat' dir='ltr'><strong>vel</strong></span> <span class='ocrx_word' id='word_1_771' title='bbox 2714 3582 2942 3634; x_wconf 84' lang='lat' dir='ltr'><strong>ambivit.</strong></span> 
     </span>
    </p>
   </div>
   <div class='ocr_carea' id='block_1_112' title="bbox 1987 3652 3494 3724">
    <p class='ocr_par' dir='ltr' id='par_1_112' title="bbox 1987 3652 3494 3724">
     <span class='ocr_line' id='line_1_114' title="bbox 1987 3652 3494 3724; baseline 0.001 -16"><span class='ocrx_word' id='word_1_772' title='bbox 1987 3655 2078 3710; x_wconf 77' lang='lat'><strong>50.</strong></span> <span class='ocrx_word' id='word_1_773' title='bbox 2116 3654 2250 3724; x_wconf 71' lang='lat' dir='ltr'><strong>Reg.</strong></span> <span class='ocrx_word' id='word_1_774' title='bbox 2300 3653 2354 3719; x_wconf 86' lang='lat'><strong>5,</strong></span> <span class='ocrx_word' id='word_1_775' title='bbox 2408 3652 2581 3724; x_wconf 79' lang='lat' dir='ltr'><strong>male,</strong></span> <span class='ocrx_word' id='word_1_776' title='bbox 2630 3653 2912 3724; x_wconf 59' lang='grc' dir='ltr'><strong>ηιασιιιιιὶιιΔ</strong></span> <span class='ocrx_word' id='word_1_777' title='bbox 2944 3654 3079 3707; x_wconf 75' lang='lat' dir='ltr'><strong>creti.</strong></span> <span class='ocrx_word' id='word_1_778' title='bbox 3130 3653 3290 3708; x_wconf 87' lang='lat' dir='ltr'><strong>Rom.</strong></span> <span class='ocrx_word' id='word_1_779' title='bbox 3340 3655 3494 3724; x_wconf 87' lang='lat' dir='ltr'><strong>pejus</strong></span> 
     </span>
    </p>
   </div>
   <div class='ocr_carea' id='block_1_113' title="bbox 1916 3721 3494 3796">
    <p class='ocr_par' dir='ltr' id='par_1_113' title="bbox 1916 3721 3494 3796">
     <span class='ocr_line' id='line_1_115' title="bbox 1916 3721 3494 3796; baseline 0 -16"><span class='ocrx_word' id='word_1_780' title='bbox 1916 3722 2179 3796; x_wconf 72' lang='lat' dir='ltr'><strong>magnulia</strong></span> <span class='ocrx_word' id='word_1_781' title='bbox 2205 3722 2336 3796; x_wconf 72' lang='lat' dir='ltr'><strong>Det&quot;;</strong></span> <span class='ocrx_word' id='word_1_782' title='bbox 2364 3723 2459 3796; x_wconf 75' lang='lat' dir='ltr'><strong>sed</strong></span> <span class='ocrx_word' id='word_1_783' title='bbox 2486 3724 2541 3796; x_wconf 85' lang='lat' dir='ltr'><strong>in</strong></span> <span class='ocrx_word' id='word_1_784' title='bbox 2565 3723 2662 3776; x_wconf 89' lang='lat' dir='ltr'><strong>hoc</strong></span> <span class='ocrx_word' id='word_1_785' title='bbox 2683 3721 2953 3796; x_wconf 83' lang='lat' dir='ltr'><strong>correctio</strong></span> <span class='ocrx_word' id='word_1_786' title='bbox 2980 3724 3218 3796; x_wconf 80' lang='lat' dir='ltr'><strong>adhibita</strong></span> <span class='ocrx_word' id='word_1_787' title='bbox 3241 3734 3325 3780; x_wconf 88' lang='lat' dir='ltr'><strong>est</strong></span> <span class='ocrx_word' id='word_1_788' title='bbox 3340 3721 3494 3780; x_wconf 67' lang='lat' dir='ltr'><strong>cred.</strong></span> 
     </span>
    </p>
   </div>
   <div class='ocr_carea' id='block_1_114' title="bbox 1988 3793 3495 3864">
    <p class='ocr_par' dir='ltr' id='par_1_114' title="bbox 1988 3793 3495 3864">
     <span class='ocr_line' id='line_1_116' title="bbox 1988 3793 3495 3864; baseline 0.001 -15"><span class='ocrx_word' id='word_1_789' title='bbox 1988 3793 2077 3849; x_wconf 81' lang='grc'>61.</span> <span class='ocrx_word' id='word_1_790' title='bbox 2122 3794 2239 3864; x_wconf 68' lang='grc' dir='ltr'>νει.</span> <span class='ocrx_word' id='word_1_791' title='bbox 2275 3794 2327 3858; x_wconf 80' lang='grc'>1,</span> <span class='ocrx_word' id='word_1_792' title='bbox 2355 3794 2412 3857; x_wconf 71' lang='lat'><strong>3,</strong></span> <span class='ocrx_word' id='word_1_793' title='bbox 2453 3795 2698 3864; x_wconf 82' lang='lat' dir='ltr'><strong>reducto;</strong></span> <span class='ocrx_word' id='word_1_794' title='bbox 2746 3793 2896 3864; x_wconf 88' lang='lat' dir='ltr'><strong>lege,</strong></span> <span class='ocrx_word' id='word_1_795' title='bbox 2931 3795 3180 3861; x_wconf 74' lang='lat' dir='ltr'><strong>deducta,</strong></span> <span class='ocrx_word' id='word_1_796' title='bbox 3225 3805 3284 3850; x_wconf 92' lang='lat' dir='ltr'><strong>ut</strong></span> <span class='ocrx_word' id='word_1_797' title='bbox 3312 3807 3395 3850; x_wconf 89' lang='lat' dir='ltr'><strong>est</strong></span> <span class='ocrx_word' id='word_1_798' title='bbox 3438 3796 3495 3850; x_wconf 91' lang='lat' dir='ltr'><strong>in</strong></span> 
     </span>
    </p>
   </div>
   <div class='ocr_carea' id='block_1_115' title="bbox 1918 3863 3493 3935">
    <p class='ocr_par' dir='ltr' id='par_1_115' title="bbox 1918 3863 3493 3935">
     <span class='ocr_line' id='line_1_117' title="bbox 1918 3863 3493 3935; baseline 0 -15"><span class='ocrx_word' id='word_1_799' title='bbox 1918 3866 2163 3935; x_wconf 87' lang='lat' dir='ltr'><strong>reliquis.</strong></span> <span class='ocrx_word' id='word_1_800' title='bbox 2194 3863 2253 3918; x_wconf 85' lang='lat' dir='ltr'><strong>in</strong></span> <span class='ocrx_word' id='word_1_801' title='bbox 2283 3865 2410 3934; x_wconf 85' lang='lat' dir='ltr'><strong>Reg.</strong></span> <span class='ocrx_word' id='word_1_802' title='bbox 2449 3869 2498 3927; x_wconf 76' lang='grc'>1,</span> <span class='ocrx_word' id='word_1_803' title='bbox 2531 3863 2585 3931; x_wconf 76' lang='grc'>9,</span> <span class='ocrx_word' id='word_1_804' title='bbox 2620 3863 2763 3917; x_wconf 84' lang='lat' dir='ltr'><strong>aliud</strong></span> <span class='ocrx_word' id='word_1_805' title='bbox 2813 3866 2961 3932; x_wconf 88' lang='lat' dir='ltr'><strong>prius</strong></span> <span class='ocrx_word' id='word_1_806' title='bbox 3017 3864 3115 3918; x_wconf 78' lang='lat' dir='ltr'><strong>fuit</strong></span> <span class='ocrx_word' id='word_1_807' title='bbox 3152 3883 3167 3918; x_wconf 91' lang='lat'><strong>:</strong></span> <span class='ocrx_word' id='word_1_808' title='bbox 3207 3867 3261 3920; x_wconf 94' lang='lat' dir='ltr'><strong>in</strong></span> <span class='ocrx_word' id='word_1_809' title='bbox 3299 3865 3493 3921; x_wconf 88' lang='lat' dir='ltr'><strong>eodem</strong></span> 
     </span>
    </p>
   </div>
   <div class='ocr_carea' id='block_1_116' title="bbox 1918 3936 3497 4007">
    <p class='ocr_par' dir='ltr' id='par_1_116' title="bbox 1918 3936 3497 4007">
     <span class='ocr_line' id='line_1_118' title="bbox 1918 3936 3497 4007; baseline 0.001 -16"><span class='ocrx_word' id='word_1_810' title='bbox 1918 3936 2351 4007; x_wconf 10' lang='lat' dir='ltr'><strong>supragcucurrit</strong></span> <span class='ocrx_word' id='word_1_811' title='bbox 2395 3936 2611 4007; x_wconf 77' lang='lat' dir='ltr'><strong>videtur</strong></span> <span class='ocrx_word' id='word_1_812' title='bbox 2661 3936 2836 4007; x_wconf 77' lang='lat' dir='ltr'><strong>glossa</strong></span> <span class='ocrx_word' id='word_1_813' title='bbox 2884 3938 3134 4002; x_wconf 83' lang='lat' dir='ltr'><strong>manavit,</strong></span> <span class='ocrx_word' id='word_1_814' title='bbox 3180 3937 3324 4006; x_wconf 88' lang='lat' dir='ltr'><strong>quod</strong></span> <span class='ocrx_word' id='word_1_815' title='bbox 3369 3937 3497 3992; x_wconf 84' lang='lat' dir='ltr'><strong>alibi</strong></span> 
     </span>
    </p>
   </div>
   <div class='ocr_carea' id='block_1_117' title="bbox 1919 4005 3499 4078">
    <p class='ocr_par' dir='ltr' id='par_1_117' title="bbox 1919 4005 3499 4078">
     <span class='ocr_line' id='line_1_119' title="bbox 1919 4005 3499 4078; baseline 0.001 -17"><span class='ocrx_word' id='word_1_816' title='bbox 1919 4005 2058 4078; x_wconf 80' lang='lat' dir='ltr'><strong>apud</strong></span> <span class='ocrx_word' id='word_1_817' title='bbox 2087 4005 2364 4062; x_wconf 92' lang='lat' dir='ltr'><strong>Sedulium</strong></span> <span class='ocrx_word' id='word_1_818' title='bbox 2395 4006 2451 4059; x_wconf 94' lang='lat' dir='ltr'><strong>in</strong></span> <span class='ocrx_word' id='word_1_819' title='bbox 2482 4005 2761 4078; x_wconf 75' lang='lat' dir='ltr'><strong>nonnullis</strong></span> <span class='ocrx_word' id='word_1_820' title='bbox 2791 4020 2920 4060; x_wconf 90' lang='lat' dir='ltr'><strong>mss.</strong></span> <span class='ocrx_word' id='word_1_821' title='bbox 2963 4022 3064 4074; x_wconf 88' lang='lat' dir='ltr'><strong>pro</strong></span> <span class='ocrx_word' id='word_1_822' title='bbox 3090 4005 3316 4060; x_wconf 75' lang='lat' dir='ltr'><strong>cucurrit</strong></span> <span class='ocrx_word' id='word_1_823' title='bbox 3360 4007 3499 4063; x_wconf 88' lang='lat' dir='ltr'><strong>intra</strong></span> 
     </span>
    </p>
   </div>
   <div class='ocr_carea' id='block_1_118' title="bbox 1919 4075 3498 4146">
    <p class='ocr_par' dir='ltr' id='par_1_118' title="bbox 1919 4075 3498 4146">
     <span class='ocr_line' id='line_1_120' title="bbox 1919 4075 3498 4146; baseline -0.003 -15"><span class='ocrx_word' id='word_1_824' title='bbox 1919 4075 2232 4132; x_wconf 81' lang='lat' dir='ltr'><strong>contextum</strong></span> <span class='ocrx_word' id='word_1_825' title='bbox 2287 4085 2561 4144; x_wconf 88' lang='lat' dir='ltr'><strong>receptum</strong></span> <span class='ocrx_word' id='word_1_826' title='bbox 2599 4085 2701 4130; x_wconf 90' lang='lat' dir='ltr'><strong>est.</strong></span> <span class='ocrx_word' id='word_1_827' title='bbox 2734 4075 3016 4146; x_wconf 79' lang='lat' dir='ltr'><strong>Repugnat</strong></span> <span class='ocrx_word' id='word_1_828' title='bbox 3047 4090 3298 4132; x_wconf 85' lang='lat' dir='ltr'><strong>metrum.</strong></span> <span class='ocrx_word' id='word_1_829' title='bbox 3332 4079 3498 4146; x_wconf 62' lang='lat' dir='ltr'><strong>Aug,</strong></span> 
     </span>
    </p>
   </div>
   <div class='ocr_carea' id='block_1_119' title="bbox 1922 4146 3499 4218">
    <p class='ocr_par' dir='ltr' id='par_1_119' title="bbox 1922 4146 3499 4218">
     <span class='ocr_line' id='line_1_121' title="bbox 1922 4146 3499 4218; baseline -0.001 -15"><span class='ocrx_word' id='word_1_830' title='bbox 1922 4149 2199 4210; x_wconf 91' lang='lat' dir='ltr'><strong>mendose,</strong></span> <span class='ocrx_word' id='word_1_831' title='bbox 2234 4149 2507 4204; x_wconf 81' lang='lat' dir='ltr'><strong>succurrit.</strong></span> <span class='ocrx_word' id='word_1_832' title='bbox 2544 4147 2601 4201; x_wconf 88' lang='lat' dir='ltr'><strong>In</strong></span> <span class='ocrx_word' id='word_1_833' title='bbox 2648 4146 2754 4218; x_wconf 85' lang='lat' dir='ltr'><strong>hoc</strong></span> <span class='ocrx_word' id='word_1_834' title='bbox 2802 4161 2961 4201; x_wconf 86' lang='lat' dir='ltr'><strong>versu</strong></span> <span class='ocrx_word' id='word_1_835' title='bbox 3010 4149 3252 4202; x_wconf 89' lang='lat' dir='ltr'><strong>innuitur</strong></span> <span class='ocrx_word' id='word_1_836' title='bbox 3298 4149 3499 4218; x_wconf 77' lang='lat' dir='ltr'><strong>lignum</strong></span> 
     </span>
    </p>
   </div>
   <div class='ocr_carea' id='block_1_120' title="bbox 1921 4217 3055 4287">
    <p class='ocr_par' dir='ltr' id='par_1_120' title="bbox 1921 4217 3055 4287">
     <span class='ocr_line' id='line_1_122' title="bbox 1921 4217 3055 4287; baseline -0.002 -15"><span class='ocrx_word' id='word_1_837' title='bbox 1921 4220 2133 4273; x_wconf 84' lang='lat' dir='ltr'><strong>arboris</strong></span> <span class='ocrx_word' id='word_1_838' title='bbox 2161 4219 2361 4283; x_wconf 72' lang='lat' dir='ltr'><strong>vetitze,</strong></span> <span class='ocrx_word' id='word_1_839' title='bbox 2395 4219 2445 4272; x_wconf 92' lang='lat' dir='ltr'><strong>in</strong></span> <span class='ocrx_word' id='word_1_840' title='bbox 2475 4233 2592 4287; x_wconf 86' lang='lat' dir='ltr'><strong>seq.</strong></span> <span class='ocrx_word' id='word_1_841' title='bbox 2625 4217 2826 4285; x_wconf 86' lang='lat' dir='ltr'><strong>lignum</strong></span> <span class='ocrx_word' id='word_1_842' title='bbox 2854 4218 3055 4272; x_wconf 74' lang='lat' dir='ltr'><strong>erucis.</strong></span> 
     </span>
    </p>
   </div>
   <div class='ocr_carea' id='block_1_121' title="bbox 1991 4287 3501 4358">
    <p class='ocr_par' dir='ltr' id='par_1_121' title="bbox 1991 4287 3501 4358">
     <span class='ocr_line' id='line_1_123' title="bbox 1991 4287 3501 4358; baseline -0.001 -14"><span class='ocrx_word' id='word_1_843' title='bbox 1991 4290 2081 4345; x_wconf 77' lang='grc'>65.</span> <span class='ocrx_word' id='word_1_844' title='bbox 2125 4287 2316 4342; x_wconf 84' lang='lat' dir='ltr'><strong>Glossa</strong></span> <span class='ocrx_word' id='word_1_845' title='bbox 2351 4289 2491 4342; x_wconf 80' lang='lat' dir='ltr'><strong>Alm.</strong></span> <span class='ocrx_word' id='word_1_846' title='bbox 2524 4287 2576 4341; x_wconf 90' lang='lat' dir='ltr'><strong>in</strong></span> <span class='ocrx_word' id='word_1_847' title='bbox 2614 4289 2715 4341; x_wconf 88' lang='lat' dir='ltr'><strong>hoe</strong></span> <span class='ocrx_word' id='word_1_848' title='bbox 2746 4303 2798 4341; x_wconf 92' lang='lat' dir='ltr'><strong>v.</strong></span> <span class='ocrx_word' id='word_1_849' title='bbox 2830 4303 2928 4357; x_wconf 89' lang='lat' dir='ltr'><strong>pro</strong></span> <span class='ocrx_word' id='word_1_850' title='bbox 2954 4289 3123 4343; x_wconf 88' lang='lat' dir='ltr'><strong>verbo</strong></span> <span class='ocrx_word' id='word_1_851' title='bbox 3147 4288 3266 4342; x_wconf 85' lang='lat' dir='ltr'><strong>tulit</strong></span> <span class='ocrx_word' id='word_1_852' title='bbox 3303 4297 3501 4358; x_wconf 81' lang='lat' dir='ltr'><strong>cst,at-</strong></span> 
     </span>
    </p>
   </div>
   <div class='ocr_carea' id='block_1_122' title="bbox 1923 4357 3504 4430">
    <p class='ocr_par' dir='ltr' id='par_1_122' title="bbox 1923 4357 3504 4430">
     <span class='ocr_line' id='line_1_124' title="bbox 1923 4357 3504 4430; baseline 0 -16"><span class='ocrx_word' id='word_1_853' title='bbox 1923 4362 2039 4415; x_wconf 87' lang='lat' dir='ltr'><strong>tulit</strong></span> <span class='ocrx_word' id='word_1_854' title='bbox 2073 4357 2413 4428; x_wconf 81' lang='lat' dir='ltr'><strong>martyribus,</strong></span> <span class='ocrx_word' id='word_1_855' title='bbox 2446 4360 2499 4413; x_wconf 93' lang='lat' dir='ltr'><strong>in</strong></span> <span class='ocrx_word' id='word_1_856' title='bbox 2527 4373 2690 4413; x_wconf 88' lang='lat' dir='ltr'><strong>versu</strong></span> <span class='ocrx_word' id='word_1_857' title='bbox 2719 4373 2831 4427; x_wconf 84' lang='lat' dir='ltr'><strong>seq.</strong></span> <span class='ocrx_word' id='word_1_858' title='bbox 2865 4360 3107 4430; x_wconf 83' lang='lat' dir='ltr'><strong>sustinuit</strong></span> <span class='ocrx_word' id='word_1_859' title='bbox 3138 4376 3232 4428; x_wconf 83' lang='lat' dir='ltr'><strong>pro</strong></span> <span class='ocrx_word' id='word_1_860' title='bbox 3262 4361 3504 4430; x_wconf 77' lang='lat' dir='ltr'><strong>martyri-</strong></span> 
     </span>
    </p>
   </div>
   <div class='ocr_carea' id='block_1_123' title="bbox 1923 4429 3505 4494">
    <p class='ocr_par' dir='ltr' id='par_1_123' title="bbox 1923 4429 3505 4494">
     <span class='ocr_line' id='line_1_125' title="bbox 1923 4429 3505 4494; baseline -0.001 -9"><span class='ocrx_word' id='word_1_861' title='bbox 1923 4432 2036 4485; x_wconf 86' lang='lat' dir='ltr'><strong>bus.</strong></span> <span class='ocrx_word' id='word_1_862' title='bbox 2069 4430 2290 4484; x_wconf 88' lang='lat' dir='ltr'><strong>Planius</strong></span> <span class='ocrx_word' id='word_1_863' title='bbox 2338 4441 2516 4484; x_wconf 84' lang='lat' dir='ltr'><strong>tanten</strong></span> <span class='ocrx_word' id='word_1_864' title='bbox 2567 4437 2681 4494; x_wconf 90' lang='lat' dir='ltr'><strong>est,</strong></span> <span class='ocrx_word' id='word_1_865' title='bbox 2725 4438 2782 4482; x_wconf 90' lang='lat' dir='ltr'><strong>ut</strong></span> <span class='ocrx_word' id='word_1_866' title='bbox 2830 4430 2881 4481; x_wconf 92' lang='lat' dir='ltr'><strong>in</strong></span> <span class='ocrx_word' id='word_1_867' title='bbox 2916 4429 3086 4484; x_wconf 87' lang='lat' dir='ltr'><strong>verbo</strong></span> <span class='ocrx_word' id='word_1_868' title='bbox 3114 4431 3274 4484; x_wconf 76' lang='lat' dir='ltr'><strong>servis</strong></span> <span class='ocrx_word' id='word_1_869' title='bbox 3316 4429 3505 4485; x_wconf 88' lang='lat' dir='ltr'><strong>omnes</strong></span> 
     </span>
    </p>
   </div>
   <div class='ocr_carea' id='block_1_124' title="bbox 1924 4500 2588 4570">
    <p class='ocr_par' dir='ltr' id='par_1_124' title="bbox 1924 4500 2588 4570">
     <span class='ocr_line' id='line_1_126' title="bbox 1924 4500 2588 4570; baseline -0.006 -14"><span class='ocrx_word' id='word_1_870' title='bbox 1924 4501 2173 4556; x_wconf 79' lang='lat' dir='ltr'><strong>homines</strong></span> <span class='ocrx_word' id='word_1_871' title='bbox 2203 4500 2588 4570; x_wconf 88' lang='lat' dir='ltr'><strong>intelligantur.</strong></span> 
     </span>
    </p>
   </div>
   <div class='ocr_carea' id='block_1_125' title="bbox 1997 4568 3506 4640">
    <p class='ocr_par' dir='ltr' id='par_1_125' title="bbox 1997 4568 3506 4640">
     <span class='ocr_line' id='line_1_127' title="bbox 1997 4568 3506 4640; baseline -0.002 -13"><span class='ocrx_word' id='word_1_872' title='bbox 1997 4573 2086 4627; x_wconf 82' lang='grc'><strong>66.</strong></span> <span class='ocrx_word' id='word_1_873' title='bbox 2135 4571 2270 4640; x_wconf 86' lang='lat' dir='ltr'><strong>Reg.</strong></span> <span class='ocrx_word' id='word_1_874' title='bbox 2305 4573 2356 4636; x_wconf 83' lang='lat'><strong>5,</strong></span> <span class='ocrx_word' id='word_1_875' title='bbox 2383 4568 2539 4635; x_wconf 41' lang='lat' dir='ltr'><strong>&#39;Aid.,</strong></span> <span class='ocrx_word' id='word_1_876' title='bbox 2591 4569 2839 4637; x_wconf 70' lang='lat' dir='ltr'><strong>Depulit;</strong></span> <span class='ocrx_word' id='word_1_877' title='bbox 2872 4569 2995 4635; x_wconf 83' lang='lat' dir='ltr'><strong>alii,</strong></span> <span class='ocrx_word' id='word_1_878' title='bbox 3027 4568 3288 4635; x_wconf 82' lang='lat' dir='ltr'><strong>Pertulit,</strong></span> <span class='ocrx_word' id='word_1_879' title='bbox 3322 4569 3376 4623; x_wconf 84' lang='lat' dir='ltr'><strong>lt.</strong></span> <span class='ocrx_word' id='word_1_880' title='bbox 3425 4585 3506 4635; x_wconf 91' lang='lat' dir='ltr'><strong>e.,</strong></span> 
     </span>
    </p>
   </div>
   <div class='ocr_carea' id='block_1_126' title="bbox 1927 4640 3506 4710">
    <p class='ocr_par' dir='ltr' id='par_1_126' title="bbox 1927 4640 3506 4710">
     <span class='ocr_line' id='line_1_128' title="bbox 1927 4640 3506 4710; baseline -0.002 -14"><span class='ocrx_word' id='word_1_881' title='bbox 1927 4643 2220 4705; x_wconf 90' lang='lat' dir='ltr'><strong>sustinuit;</strong></span> <span class='ocrx_word' id='word_1_882' title='bbox 2255 4657 2430 4710; x_wconf 84' lang='lat' dir='ltr'><strong>neque.</strong></span> <span class='ocrx_word' id='word_1_883' title='bbox 2459 4641 2676 4695; x_wconf 88' lang='lat' dir='ltr'><strong>dubium</strong></span> <span class='ocrx_word' id='word_1_884' title='bbox 2698 4683 2710 4704; x_wconf 90' lang='lat'><strong>,</strong></span> <span class='ocrx_word' id='word_1_885' title='bbox 2745 4643 2870 4710; x_wconf 89' lang='lat' dir='ltr'><strong>quin</strong></span> <span class='ocrx_word' id='word_1_886' title='bbox 2899 4641 3184 4709; x_wconf 81' lang='lat' dir='ltr'><strong>legendum</strong></span> <span class='ocrx_word' id='word_1_887' title='bbox 3213 4642 3285 4694; x_wconf 86' lang='lat' dir='ltr'><strong>sit</strong></span> <span class='ocrx_word' id='word_1_888' title='bbox 3315 4640 3506 4694; x_wconf 77' lang='lat' dir='ltr'><strong>Prrtu-</strong></span> 
     </span>
    </p>
   </div>
   <div class='ocr_carea' id='block_1_127' title="bbox 1927 4711 3500 4780">
    <p class='ocr_par' dir='ltr' id='par_1_127' title="bbox 1927 4711 3500 4780">
     <span class='ocr_line' id='line_1_129' title="bbox 1927 4711 3500 4780; baseline -0.003 -12"><span class='ocrx_word' id='word_1_889' title='bbox 1927 4715 2007 4768; x_wconf 84' lang='lat' dir='ltr'><strong>lit.</strong></span> <span class='ocrx_word' id='word_1_890' title='bbox 2041 4714 2096 4767; x_wconf 93' lang='lat' dir='ltr'><strong>In</strong></span> <span class='ocrx_word' id='word_1_891' title='bbox 2128 4715 2228 4765; x_wconf 90' lang='lat' dir='ltr'><strong>hoc</strong></span> <span class='ocrx_word' id='word_1_892' title='bbox 2257 4711 2491 4766; x_wconf 85' lang='lat' dir='ltr'><strong>disticho</strong></span> <span class='ocrx_word' id='word_1_893' title='bbox 2521 4713 2692 4765; x_wconf 86' lang='lat' dir='ltr'><strong>miseri</strong></span> <span class='ocrx_word' id='word_1_894' title='bbox 2720 4721 2846 4764; x_wconf 83' lang='lat' dir='ltr'><strong>sunt</strong></span> <span class='ocrx_word' id='word_1_895' title='bbox 2879 4722 3198 4777; x_wconf 83' lang='lat' dir='ltr'><strong>peccatores</strong></span> <span class='ocrx_word' id='word_1_896' title='bbox 3243 4731 3257 4766; x_wconf 91' lang='lat'>:</span> <span class='ocrx_word' id='word_1_897' title='bbox 3297 4711 3366 4765; x_wconf 90' lang='lat' dir='ltr'><strong>de</strong></span> <span class='ocrx_word' id='word_1_898' title='bbox 3395 4727 3500 4780; x_wconf 87' lang='lat' dir='ltr'><strong>qua</strong></span> 
     </span>
    </p>
   </div>
   <div class='ocr_carea' id='block_1_128' title="bbox 1927 4781 3502 4854">
    <p class='ocr_par' dir='ltr' id='par_1_128' title="bbox 1927 4781 3502 4854">
     <span class='ocr_line' id='line_1_130' title="bbox 1927 4781 3502 4854; baseline -0.003 -14"><span class='ocrx_word' id='word_1_899' title='bbox 1927 4783 2323 4854; x_wconf 78' lang='lat' dir='ltr'><strong>signiﬁcatione</strong></span> <span class='ocrx_word' id='word_1_900' title='bbox 2351 4784 2431 4852; x_wconf 78' lang='lat' dir='ltr'><strong>egi</strong></span> <span class='ocrx_word' id='word_1_901' title='bbox 2470 4783 2538 4837; x_wconf 87' lang='lat' dir='ltr'><strong>ad</strong></span> <span class='ocrx_word' id='word_1_902' title='bbox 2575 4784 2829 4854; x_wconf 78' lang='lat' dir='ltr'><strong>Draconi.</strong></span> <span class='ocrx_word' id='word_1_903' title='bbox 2864 4782 2900 4834; x_wconf 84' lang='grc' dir='ltr'>Ι.</span> <span class='ocrx_word' id='word_1_904' title='bbox 2926 4797 2971 4854; x_wconf 62' lang='grc' dir='ltr'><strong>Δι,</strong></span> <span class='ocrx_word' id='word_1_905' title='bbox 3005 4795 3144 4835; x_wconf 80' lang='lat' dir='ltr'><strong>vers.</strong></span> <span class='ocrx_word' id='word_1_906' title='bbox 3184 4784 3268 4836; x_wconf 77' lang='grc' dir='ltr'>Η.</span> <span class='ocrx_word' id='word_1_907' title='bbox 3301 4781 3502 4836; x_wconf 87' lang='lat' dir='ltr'><strong>Iterum</strong></span> 
     </span>
    </p>
   </div>
   <div class='ocr_carea' id='block_1_129' title="bbox 1925 4852 3004 4912">
    <p class='ocr_par' dir='ltr' id='par_1_129' title="bbox 1925 4852 3004 4912">
     <span class='ocr_line' id='line_1_131' title="bbox 1925 4852 3004 4912; baseline -0.009 0"><span class='ocrx_word' id='word_1_908' title='bbox 1925 4852 2118 4912; x_wconf 78' lang='lat' dir='ltr'><strong>eodem</strong></span> <span class='ocrx_word' id='word_1_909' title='bbox 2149 4869 2312 4908; x_wconf 87' lang='lat' dir='ltr'><strong>sensu</strong></span> <span class='ocrx_word' id='word_1_910' title='bbox 2335 4854 2572 4907; x_wconf 88' lang='lat' dir='ltr'><strong>occurrit</strong></span> <span class='ocrx_word' id='word_1_911' title='bbox 2594 4853 2765 4905; x_wconf 78' lang='lat' dir='ltr'><strong>miseri</strong></span> <span class='ocrx_word' id='word_1_912' title='bbox 2797 4867 2847 4904; x_wconf 85' lang='grc' dir='ltr'>ν.</span> <span class='ocrx_word' id='word_1_913' title='bbox 2886 4852 3004 4906; x_wconf 69' lang='grc' dir='ltr'>ιοει.</span> 
     </span>
    </p>
   </div>
   <div class='ocr_carea' id='block_1_130' title="bbox 1999 4920 3511 4988">
    <p class='ocr_par' dir='ltr' id='par_1_130' title="bbox 1999 4920 3511 4988">
     <span class='ocr_line' id='line_1_132' title="bbox 1999 4920 3511 4988; baseline -0.003 -8"><span class='ocrx_word' id='word_1_914' title='bbox 1999 4926 2087 4980; x_wconf 84' lang='lat' dir='ltr'><strong>(i7.</strong></span> <span class='ocrx_word' id='word_1_915' title='bbox 2131 4927 2240 4979; x_wconf 90' lang='lat' dir='ltr'><strong>lloc</strong></span> <span class='ocrx_word' id='word_1_916' title='bbox 2283 4924 2446 4978; x_wconf 84' lang='lat' dir='ltr'><strong>etiam</strong></span> <span class='ocrx_word' id='word_1_917' title='bbox 2495 4923 2612 4977; x_wconf 89' lang='lat' dir='ltr'><strong>loco</strong></span> <span class='ocrx_word' id='word_1_918' title='bbox 2662 4922 2856 4988; x_wconf 88' lang='lat' dir='ltr'><strong>repetit</strong></span> <span class='ocrx_word' id='word_1_919' title='bbox 2896 4923 3180 4983; x_wconf 82' lang='lat' dir='ltr'><strong>Sedulius,</strong></span> <span class='ocrx_word' id='word_1_920' title='bbox 3236 4920 3511 4977; x_wconf 87' lang='lat' dir='ltr'><strong>Christum</strong></span> 
     </span>
    </p>
   </div>
   <div class='ocr_carea' id='block_1_131' title="bbox 1929 4993 3188 5050">
    <p class='ocr_par' dir='ltr' id='par_1_131' title="bbox 1929 4993 3188 5050">
     <span class='ocr_line' id='line_1_133' title="bbox 1929 4993 3188 5050; baseline -0.004 0"><span class='ocrx_word' id='word_1_921' title='bbox 1929 4997 2213 5050; x_wconf 82' lang='lat' dir='ltr'><strong>Dmninum</strong></span> <span class='ocrx_word' id='word_1_922' title='bbox 2246 4994 2311 5049; x_wconf 87' lang='lat' dir='ltr'><strong>ad</strong></span> <span class='ocrx_word' id='word_1_923' title='bbox 2341 4993 2638 5048; x_wconf 78' lang='lat' dir='ltr'><strong>inferorum</strong></span> <span class='ocrx_word' id='word_1_924' title='bbox 2669 4993 2783 5048; x_wconf 87' lang='lat' dir='ltr'><strong>loca</strong></span> <span class='ocrx_word' id='word_1_925' title='bbox 2812 4993 3188 5047; x_wconf 80' lang='lat' dir='ltr'><strong>descendisse.</strong></span> 
     </span>
    </p>
   </div>
   <div class='ocr_carea' id='block_1_132' title="bbox 1998 5084 3516 5153">
    <p class='ocr_par' dir='ltr' id='par_1_132' title="bbox 1998 5084 3516 5153">
     <span class='ocr_line' id='line_1_134' title="bbox 1998 5084 3516 5153; baseline -0.003 -10"><span class='ocrx_word' id='word_1_926' title='bbox 1998 5088 2088 5143; x_wconf 78' lang='lat'><strong>68.</strong></span> <span class='ocrx_word' id='word_1_927' title='bbox 2114 5089 2328 5153; x_wconf 86' lang='lat' dir='ltr'><strong>Arntz.,</strong></span> <span class='ocrx_word' id='word_1_928' title='bbox 2352 5086 2534 5151; x_wconf 90' lang='lat' dir='ltr'><strong>Rom.,</strong></span> <span class='ocrx_word' id='word_1_929' title='bbox 2561 5085 2671 5139; x_wconf 78' lang='lat' dir='ltr'><strong>Nec</strong></span> <span class='ocrx_word' id='word_1_930' title='bbox 2690 5085 2942 5149; x_wconf 85' lang='lat' dir='ltr'><strong>credunt;</strong></span> <span class='ocrx_word' id='word_1_931' title='bbox 2970 5085 3058 5140; x_wconf 88' lang='lat' dir='ltr'><strong>alii</strong></span> <span class='ocrx_word' id='word_1_932' title='bbox 3088 5099 3221 5139; x_wconf 90' lang='lat' dir='ltr'><strong>mss.</strong></span> <span class='ocrx_word' id='word_1_933' title='bbox 3247 5099 3368 5138; x_wconf 90' lang='lat' dir='ltr'><strong>cum</strong></span> <span class='ocrx_word' id='word_1_934' title='bbox 3399 5084 3516 5138; x_wconf 77' lang='lat' dir='ltr'><strong>cdi~</strong></span> 
     </span>
    </p>
   </div>
   <div class='ocr_carea' id='block_1_133' title="bbox 1929 5158 2670 5226">
    <p class='ocr_par' dir='ltr' id='par_1_133' title="bbox 1929 5158 2670 5226">
     <span class='ocr_line' id='line_1_135' title="bbox 1929 5158 2670 5226; baseline -0.007 -12"><span class='ocrx_word' id='word_1_935' title='bbox 1929 5161 2018 5226; x_wconf 90' lang='lat' dir='ltr'><strong>tis,</strong></span> <span class='ocrx_word' id='word_1_936' title='bbox 2056 5160 2270 5225; x_wconf 86' lang='lat' dir='ltr'><strong>melius,</strong></span> <span class='ocrx_word' id='word_1_937' title='bbox 2307 5158 2417 5212; x_wconf 85' lang='lat' dir='ltr'><strong>Nec</strong></span> <span class='ocrx_word' id='word_1_938' title='bbox 2439 5165 2670 5210; x_wconf 75' lang='lat' dir='ltr'><strong>cernunt.</strong></span> 
     </span>
    </p>
   </div>
   <div class='ocr_carea' id='block_1_134' title="bbox 2001 5247 3524 5318">
    <p class='ocr_par' dir='ltr' id='par_1_134' title="bbox 2001 5247 3524 5318">
     <span class='ocr_line' id='line_1_136' title="bbox 2001 5247 3524 5318; baseline -0.004 -10"><span class='ocrx_word' id='word_1_939' title='bbox 2001 5254 2088 5308; x_wconf 86' lang='lat'><strong>69.</strong></span> <span class='ocrx_word' id='word_1_940' title='bbox 2123 5253 2218 5306; x_wconf 88' lang='lat' dir='ltr'><strong>Hic</strong></span> <span class='ocrx_word' id='word_1_941' title='bbox 2247 5265 2434 5306; x_wconf 88' lang='lat' dir='ltr'><strong>versus</strong></span> <span class='ocrx_word' id='word_1_942' title='bbox 2463 5249 2737 5318; x_wconf 79' lang='lat' dir='ltr'><strong>profertur</strong></span> <span class='ocrx_word' id='word_1_943' title='bbox 2764 5265 2793 5302; x_wconf 90' lang='lat' dir='ltr'><strong>a</strong></span> <span class='ocrx_word' id='word_1_944' title='bbox 2819 5248 2959 5303; x_wconf 83' lang='lat' dir='ltr'><strong>Beda</strong></span> <span class='ocrx_word' id='word_1_945' title='bbox 3003 5247 3071 5300; x_wconf 89' lang='lat' dir='ltr'><strong>de</strong></span> <span class='ocrx_word' id='word_1_946' title='bbox 3095 5249 3226 5318; x_wconf 76' lang='lat' dir='ltr'><strong>Arte</strong></span> <span class='ocrx_word' id='word_1_947' title='bbox 3255 5256 3438 5310; x_wconf 88' lang='lat' dir='ltr'><strong>metr.,</strong></span> <span class='ocrx_word' id='word_1_948' title='bbox 3466 5259 3524 5302; x_wconf 89' lang='lat' dir='ltr'><strong>et</strong></span> 
     </span>
    </p>
   </div>
   <div class='ocr_carea' id='block_1_135' title="bbox 1931 5317 3506 5392">
    <p class='ocr_par' dir='ltr' id='par_1_135' title="bbox 1931 5317 3506 5392">
     <span class='ocr_line' id='line_1_137' title="bbox 1931 5317 3506 5392; baseline -0.003 -15"><span class='ocrx_word' id='word_1_949' title='bbox 1931 5324 2000 5378; x_wconf 90' lang='lat' dir='ltr'><strong>ab</strong></span> <span class='ocrx_word' id='word_1_950' title='bbox 2049 5324 2168 5392; x_wconf 90' lang='lat' dir='ltr'><strong>ejus</strong></span> <span class='ocrx_word' id='word_1_951' title='bbox 2197 5317 2651 5377; x_wconf 84' lang='lat' dir='ltr'><strong>commentatore.</strong></span> <span class='ocrx_word' id='word_1_952' title='bbox 2687 5321 2976 5392; x_wconf 71' lang='lat' dir='ltr'><strong>Apostolus</strong></span> <span class='ocrx_word' id='word_1_953' title='bbox 3026 5318 3090 5370; x_wconf 83' lang='lat' dir='ltr'><strong>ad</strong></span> <span class='ocrx_word' id='word_1_954' title='bbox 3120 5317 3280 5374; x_wconf 88' lang='lat' dir='ltr'><strong>Rom.</strong></span> <span class='ocrx_word' id='word_1_955' title='bbox 3313 5335 3376 5392; x_wconf 73' lang='grc' dir='ltr'>ν,</span> <span class='ocrx_word' id='word_1_956' title='bbox 3404 5320 3506 5372; x_wconf 65' lang='grc' dir='ltr'><strong>Ιὲε</strong></span> 
     </span>
    </p>
   </div>
   <div class='ocr_carea' id='block_1_136' title="bbox 1935 5389 3523 5462">
    <p class='ocr_par' dir='ltr' id='par_1_136' title="bbox 1935 5389 3523 5462">
     <span class='ocr_line' id='line_1_138' title="bbox 1935 5389 3523 5462; baseline -0.003 -14"><span class='ocrx_word' id='word_1_957' title='bbox 1935 5395 2039 5448; x_wconf 83' lang='lat' dir='ltr'><strong>Per</strong></span> <span class='ocrx_word' id='word_1_958' title='bbox 2061 5389 2216 5446; x_wconf 79' lang='lat' dir='ltr'><strong>unum</strong></span> <span class='ocrx_word' id='word_1_959' title='bbox 2246 5392 2507 5445; x_wconf 85' lang='lat' dir='ltr'><strong>hominem</strong></span> <span class='ocrx_word' id='word_1_960' title='bbox 2541 5389 2805 5462; x_wconf 84' lang='lat' dir='ltr'><strong>peccatum</strong></span> <span class='ocrx_word' id='word_1_961' title='bbox 2834 5392 2886 5442; x_wconf 88' lang='lat' dir='ltr'><strong>in</strong></span> <span class='ocrx_word' id='word_1_962' title='bbox 2919 5389 3054 5440; x_wconf 77' lang='lat' dir='ltr'><strong>hunc</strong></span> <span class='ocrx_word' id='word_1_963' title='bbox 3087 5392 3331 5442; x_wconf 72' lang='lat' dir='ltr'><strong>&quot;tumtum</strong></span> <span class='ocrx_word' id='word_1_964' title='bbox 3361 5390 3523 5443; x_wconf 84' lang='lat' dir='ltr'><strong>intro-</strong></span> 
     </span>
    </p>
   </div>
   <div class='ocr_carea' id='block_1_137' title="bbox 1933 5469 2700 5533">
    <p class='ocr_par' dir='ltr' id='par_1_137' title="bbox 1933 5469 2700 5533">
     <span class='ocr_line' id='line_1_139' title="bbox 1933 5469 2700 5533; baseline -0.008 -15"><span class='ocrx_word' id='word_1_965' title='bbox 1933 5469 2021 5532; x_wconf 83' lang='lat' dir='ltr'><strong>rit,</strong></span> <span class='ocrx_word' id='word_1_966' title='bbox 2057 5474 2103 5516; x_wconf 83' lang='lat' dir='ltr'><strong>et</strong></span> <span class='ocrx_word' id='word_1_967' title='bbox 2137 5479 2228 5533; x_wconf 88' lang='lat' dir='ltr'><strong>per</strong></span> <span class='ocrx_word' id='word_1_968' title='bbox 2257 5472 2520 5533; x_wconf 83' lang='lat' dir='ltr'><strong>peccatum</strong></span> <span class='ocrx_word' id='word_1_969' title='bbox 2543 5477 2700 5515; x_wconf 89' lang='lat' dir='ltr'><strong>mors.</strong></span> 
     </span>
    </p>
   </div>
   <div class='ocr_carea' id='block_1_138' title="bbox 2009 5552 3526 5622">
    <p class='ocr_par' dir='ltr' id='par_1_138' title="bbox 2009 5552 3526 5622">
     <span class='ocr_line' id='line_1_140' title="bbox 2009 5552 3526 5622; baseline -0.002 -14"><span class='ocrx_word' id='word_1_970' title='bbox 2009 5555 2097 5608; x_wconf 82' lang='lat'><strong>70.</strong></span> <span class='ocrx_word' id='word_1_971' title='bbox 2128 5556 2294 5618; x_wconf 79' lang='lat' dir='ltr'><strong>Alm.,</strong></span> <span class='ocrx_word' id='word_1_972' title='bbox 2319 5554 2370 5607; x_wconf 90' lang='lat' dir='ltr'><strong>in</strong></span> <span class='ocrx_word' id='word_1_973' title='bbox 2401 5568 2506 5622; x_wconf 87' lang='lat' dir='ltr'><strong>quo</strong></span> <span class='ocrx_word' id='word_1_974' title='bbox 2539 5553 2826 5606; x_wconf 73' lang='lat' dir='ltr'><strong>hievcrsus</strong></span> <span class='ocrx_word' id='word_1_975' title='bbox 2848 5552 3072 5619; x_wconf 67' lang='lat' dir='ltr'><strong>margini</strong></span> <span class='ocrx_word' id='word_1_976' title='bbox 3097 5552 3360 5622; x_wconf 82' lang='lat' dir='ltr'><strong>ascriptus</strong></span> <span class='ocrx_word' id='word_1_977' title='bbox 3383 5561 3526 5612; x_wconf 80' lang='lat' dir='ltr'><strong>erat,</strong></span> 
     </span>
    </p>
   </div>
   <div class='ocr_carea' id='block_1_139' title="bbox 1943 5621 3526 5693">
    <p class='ocr_par' dir='ltr' id='par_1_139' title="bbox 1943 5621 3526 5693">
     <span class='ocr_line' id='line_1_141' title="bbox 1943 5621 3526 5693; baseline -0.003 -12"><span class='ocrx_word' id='word_1_978' title='bbox 1943 5628 2152 5688; x_wconf 76' lang='lat' dir='ltr'><strong>Arutz.,</strong></span> <span class='ocrx_word' id='word_1_979' title='bbox 2186 5625 2317 5693; x_wconf 82' lang='lat' dir='ltr'><strong>Reg.</strong></span> <span class='ocrx_word' id='word_1_980' title='bbox 2365 5621 2431 5685; x_wconf 64' lang='lat'><strong>‘2,</strong></span> <span class='ocrx_word' id='word_1_981' title='bbox 2481 5625 2533 5685; x_wconf 65' lang='lat' dir='ltr'><strong>Si,</strong></span> <span class='ocrx_word' id='word_1_982' title='bbox 2575 5623 2691 5675; x_wconf 81' lang='lat' dir='ltr'><strong>Vat.</strong></span> <span class='ocrx_word' id='word_1_983' title='bbox 2741 5625 2785 5682; x_wconf 88' lang='grc' dir='ltr'>ι,</span> <span class='ocrx_word' id='word_1_984' title='bbox 2815 5623 2872 5686; x_wconf 67' lang='grc' dir='ltr'><strong>ξὶ,</strong></span> <span class='ocrx_word' id='word_1_985' title='bbox 2902 5622 2992 5693; x_wconf 87' lang='lat' dir='ltr'><strong>0t.</strong></span> <span class='ocrx_word' id='word_1_986' title='bbox 3046 5623 3096 5684; x_wconf 65' lang='grc' dir='ltr'><strong>Ξ,</strong></span> <span class='ocrx_word' id='word_1_987' title='bbox 3130 5621 3283 5684; x_wconf 74' lang='grc' dir='ltr'>υιἐι.,</span> <span class='ocrx_word' id='word_1_988' title='bbox 3341 5623 3526 5686; x_wconf 62' lang='lat' dir='ltr'><strong>&quot;non,</strong></span> 
     </span>
    </p>
   </div>
   <div class='ocr_carea' id='block_1_140' title="bbox 1940 5692 3528 5765">
    <p class='ocr_par' dir='ltr' id='par_1_140' title="bbox 1940 5692 3528 5765">
     <span class='ocr_line' id='line_1_142' title="bbox 1940 5692 3528 5765; baseline -0.004 -13"><span class='ocrx_word' id='word_1_989' title='bbox 1940 5697 2101 5765; x_wconf 85' lang='lat' dir='ltr'><strong>Aug.,</strong></span> <span class='ocrx_word' id='word_1_990' title='bbox 2147 5692 2319 5758; x_wconf 73' lang='lat' dir='ltr'><strong>Meus,</strong></span> <span class='ocrx_word' id='word_1_991' title='bbox 2353 5693 2670 5764; x_wconf 76' lang='lat' dir='ltr'><strong>congemuit.</strong></span> <span class='ocrx_word' id='word_1_992' title='bbox 2719 5695 2805 5765; x_wconf 76' lang='lat' dir='ltr'><strong>tit.</strong></span> <span class='ocrx_word' id='word_1_993' title='bbox 2872 5695 2918 5756; x_wconf 87' lang='lat' dir='ltr'><strong>l,</strong></span> <span class='ocrx_word' id='word_1_994' title='bbox 2958 5692 3090 5765; x_wconf 73' lang='lat' dir='ltr'><strong>[teg.</strong></span> <span class='ocrx_word' id='word_1_995' title='bbox 3120 5693 3176 5765; x_wconf 68' lang='lat'><strong>5,</strong></span> <span class='ocrx_word' id='word_1_996' title='bbox 3222 5693 3528 5765; x_wconf 71' lang='lat' dir='ltr'><strong>Alli.,_cnut</strong></span> 
     </span>
    </p>
   </div>
   <div class='ocr_carea' id='block_1_141' title="bbox 1943 5761 3527 5838">
    <p class='ocr_par' dir='ltr' id='par_1_141' title="bbox 1943 5761 3527 5838">
     <span class='ocr_line' id='line_1_143' title="bbox 1943 5761 3527 5838; baseline -0.002 -19"><span class='ocrx_word' id='word_1_997' title='bbox 1943 5761 2217 5838; x_wconf 67' lang='lat' dir='ltr'><strong>plerisque</strong></span> <span class='ocrx_word' id='word_1_998' title='bbox 2265 5761 2794 5829; x_wconf 53' lang='lat' dir='ltr'><strong>editis,&#39;contretmtit</strong></span> <span class='ocrx_word' id='word_1_999' title='bbox 2822 5801 2835 5826; x_wconf 95' lang='lat'><strong>,</strong></span> <span class='ocrx_word' id='word_1_1000' title='bbox 2890 5763 3030 5830; x_wconf 88' lang='lat' dir='ltr'><strong>quod</strong></span> <span class='ocrx_word' id='word_1_1001' title='bbox 3064 5761 3288 5816; x_wconf 85' lang='lat' dir='ltr'><strong>verbum</strong></span> <span class='ocrx_word' id='word_1_1002' title='bbox 3325 5763 3400 5816; x_wconf 78' lang='lat' dir='ltr'><strong>rei</strong></span> <span class='ocrx_word' id='word_1_1003' title='bbox 3443 5778 3527 5816; x_wconf 75' lang='lat' dir='ltr'><strong>ac-</strong></span> 
     </span>
    </p>
   </div>
  </div>
