3886 6324
179 356 276 411 765

276 475 342 529 25
380 473 591 530 Gaudet
621 474 819 530 chorus
843 475 1175 544 caelestium,

459 569 524 623 Et
549 567 724 638 angeli
752 577 952 622 canunt
979 568 1111 632 Deo,
1155 571 1158 575 ’

454 660 745 730 Palamque
774 659 833 714 lit
861 661 1168 729 pastoribus

455 750 667 812 Pastor,
695 752 1201 806 creator'omnium.

387 840 569 896 Hostis
600 840 836 896 iierodes
860 841 1042 912 impie,

274 933 344 986 50
451 931 720 987 Christum
747 935 937 988 venire
966 933 1094 1002 quid
1130 935 1320 990 times?

451 1024 611 1096 375
643 1023 755 1078 Non
787 1023 944 1094 eripit
976 1025 1251 1092 mortalia,

457 1118 555 1184 Qui
591 1131 755 1187 regna
786 1116 876 1171 dat
899 1117 1165 1173 cmlestia.

387 1208 534 1262 ibant
565 1207 700 1279 Magi
721 1249 734 1273 ,
763 1223 920 1277 quam
948 1209 1223 1275 viderant,

451 1300 670 1355 Stellam
703 1312 992 1375 sequentes
1027 1303 1312 1372 praevium;

269 1393 342 1447 35
384 1391 583 1446 Lumen
617 1391 899 1461 requirunt
928 1393 1162 1458 lumine;

451 1484 619 1539 Deum
646 1484 881 1540 fatentur
911 1501 1157 1542 munere.

378 1575 609 1631 Katerva
638 1583 868 1630 matrum
903 1585 1185 1646 personat,

1645 351 1945 409 IIYMNUS.

1777 482 1832 539 Δ

3335 355 3441 410 766

2137 470 2336 528 Collisa
2363 470 2569 529 deflens
2593 471 2852 543 pignora,
2903 514 2910 524 .

2131 565 2368 632 Quorum
2407 571 2666 635 tyrannus
2695 563 2861 624 millia

1847 668 1918 724 40
2138 665 2354 722 Christo
2383 665 2930 728 sacravitvictimam.

2061 767 2294 834 Lavacra
2328 768 2442 836 puri
2469 767 2690 840 gurgitis

2129 869 2377 925 Ctelestis
2397 883 2568 943 agnus
2596 869 2796 942 attigit,

2133 973 2396 1039 Peccata,
2423 989 2544 1044 qua:
2575 987 2680 1032 non
2714 972 2942 1041 detulit,

2131 1077 2239 1130 Nos
2259 1075 2526 1130 abluendo
2543 1120 2556 1144 ,
2584 1075 2822 1130 sustulit.

1847 1179 1916 1252 45
2059 1178 2330 1233 Miracuiis
2350 1177 2498 1232 dedit
2530 1177 2690 1233 iidem
2707 1218 2724 1245 ,

2128 1278 2291 1350 376
2318 1276 2529 1333 Habere
2552 1291 2613 1333 se
2640 1277 2811 1334 Deum
2844 1288 3080 1349 patrem,

2131 1377 2343 1432 inﬁrma
2374 1391 2572 1432 sanans
2601 1391 2830 1449 corpora
2854 1420 2868 1444 ,

2134 1479 2203 1535 Et
2233 1479 2502 1535 suscitans
2525 1473 2816 1537 cadavera.

2067 1583 2272 1639 Novum
2297 1596 2468 1654 genus
2496 1583 2786 1658 potentiae!

1633 1693 1942 1754 SCHOLIA.

171 1804 462 1884 procedat,_
486 1807 667 1861 minus
708 1815 1404 1884 tamen_opportunum_est
1431 1808 1496 1884 ad
1527 1817 1740 1884 cantum
1774 1815 1820 1874 B
1848 1813 2107 1884 syllabam
2150 1813 2313 1868 modo
2339 1813 2666 1881 corripiant.
2698 1811 2859 1868 modo
2900 1811 3218 1880 producant.
3256 1814 3428 1870 Sedu-

168 1879 613 1940 ccclesiasticum,
640 1889 694 1930 ut
718 1877 928 1950 ostendi
964 1876 1014 1930 in
1033 1876 1422 1950 dissertatione
1448 1880 1516 1934 de
1543 1881 1737 1950 llymn.

167 1951 358 2004 t-ccies.
393 1950 668 2016 pra-missa
700 1948 768 2001 ad
799 1947 1154 2018 Hymnodiam
1189 1949 1554 2018 ilispanicam.
1587 1947 1740 2004 Pari-

167 2023 372 2074 sienses
399 2020 734 2084 maluerunt,
763 2019 816 2071 in
855 2034 956 2075 suo
994 2019 1264 2073 breviario
1296 2020 1430 2089 legi,
1461 2021 1524 2074 Et
1551 2022 1743 2089 indiget

168 2092 312 2162 lactis
353 2090 482 2162 c_ibo.
514 2089 695 2149 Potuit
727 2101 905 2143 tamen
949 2091 1166 2146 retineri
1201 2105 1391 2146 versus
1437 2093 1608 2162 ipsius
1647 2089 1746 2148 Se.

165 2160 322 2223 duiii,
354 2158 624 2232 Parcaque
655 2163 781 2213 tacte
805 2168 982 2231 pastus
1010 2168 1085 2232 est
1110 2177 1127 2212 :
1161 2175 1280 2214 nam
1311 2158 1526 2232 parvum
1553 2162 1635 2217 iac
1661 2172 1747 2218 est

168 2232 434 2287 modicum
466 2230 582 2300 iac,
613 2230 1006 2301 parumlactis.
1049 2230 1320 2286 Lucanus
1342 2233 1436 2291 lib.
1485 2250 1560 2296 tv,
1599 2249 1742 2292 vers.

167 2301 269 2357 239
301 2301 467 2357 simili
499 2302 710 2372 pbrasi,
740 2301 801 2356 Si
831 2303 1026 2355 torrida
1056 2319 1242 2372 parvus
1265 2331 1336 2342 —-
1371 2303 1520 2359 Venit
1559 2305 1614 2359 in
1654 2321 1745 2362 ora

167 2390 337 2430 cruor.

233 2445 326 2499 26.
357 2443 536 2514 Nostri
570 2443 682 2498 fere
714 2457 905 2514 omnes
933 2459 1064 2498 mss.
1098 2459 1218 2514 cum
1251 2444 1476 2500 Alcuino
1503 2456 1558 2500 et
1589 2447 1741 2514 Aido,

166 2526 358 2570 canunt
389 2513 496 2569 Deo
532 2531 547 2567 :
587 2514 681 2568 sed
719 2514 777 2585 in
802 2513 934 2585 Reg.
962 2514 1017 2578 2,
1054 2515 1151 2572 init
1180 2512 1366 2582 Deum,
1396 2519 1540 2585 quod
1579 2529 1660 2574 est
1691 2512 1746 2573 in

167 2602 311 2650 meo,
340 2588 391 2640 in
415 2586 630 2640 schedis
653 2584 896 2649 Poei-n.,
917 2595 974 2640 et
997 2587 1164 2649 Αιω..
1190 2584 1437 2652 quamvis
1466 2588 1517 2641 in
1546 2587 1650 2642 hoc
1671 2603 1751 2652 se:

167 2657 343 2716 t-undu
375 2672 565 2716 manus
595 2656 832 2713 voluisse
861 2656 1108 2710 videatur
1152 2656 1446 2710 Dominum.
1477 2658 1533 2714 Id
1565 2668 1744 2717 autem

169 2728 326 2782 metri
348 2729 438 2783 lex
481 2726 704 2799 respuit.
739 2726 1101 2799 Editipiures
1133 2738 1323 2799 canunt
1357 2728 1486 2794 Deo,
1521 2745 1639 2799 qnze
1666 2742 1748 2792 est

168 2799 378 2866 phrasis
406 2797 773 2870 ecclesiastica
802 2812 864 2852 cx
902 2797 1129 2866 Vulgata
1166 2797 1353 2870 petita,
1381 2810 1434 2852 et
1461 2797 1600 2866 apud
1637 2805 1746 2870 Op-

170 2880 337 2924 tatum
366 2872 580 2931 Afrum,
600 2879 651 2923 et
677 2868 810 2921 alios
833 2883 1145 2940 occurrens.
1178 2868 1430 2938 Quzcdam
1455 2868 1745 2936 editiOnes,

168 2942 474 3065 [ra-sortiar
520 2940 885 3006 recentiores,
931 2949 1122 2993 canunt
1167 2940 1356 3004 Deum,
1389 2942 1532 3011 quod
1578 2944 1748 3013 magis

213 3015 418 3065 atinttnt
451 3020 551 3064 est.

213 3015 418 3065 atinttnt
451 3020 551 3064 est.

238 3082 331 3138 29.
365 3083 542 3137 Nostri
575 3093 765 3151 omnes
794 3095 952 3149 mss.,
982 3083 1238 3138 Alcuinus
1275 3091 1329 3136 et
1359 3083 1594 3151 antiqua:
1633 3085 1740 3141 etii-
1780 3124 1789 3128 .

170 3157 368 3220 tiones,
389 3152 563 3209 Hostis
597 3150 848 3212 Herodes.
880 3153 974 3207 sed
1004 3155 1055 3207 in
1084 3155 1191 3208 Ott.
1212 3156 1261 3216 i,
1288 3152 1468 3206 Hostis
1495 3150 1740 3209 Herodis.

171 3224 224 3279 in
258 3225 546 3280 Breviariis
574 3224 810 3292 antiquis
829 3226 1033 3293 pariter
1065 3225 1260 3295 legitur
1293 3223 1464 3277 Hostis
1488 3223 1741 3286 Herodes,

170 3297 430 3351 Erasmus
473 3295 710 3364 primus.
734 3295 875 3364 quod
915 3296 1101 3362 sciam,
1137 3297 1291 3349 aliter
1340 3296 1742 3354 reformandum

172 3368 316 3422 hnttc
340 3381 555 3421 versum
587 3369 819 3426 censuit,
847 3366 1095 3422 nimirum
1135 3365 1362 3420 Herodes
1385 3365 1544 3419 hostis
1570 3368 1743 3436 impie.

173 3439 304 3520 Ejus
339 3438 610 3520 verba.“
661 3436 1210 3520 Colloquiomcouvivii
1253 3438 1447 3520 poetici
1487 3440 1641 3490 retuli
1692 3440 1742 3492 in

171 3506 398 3566 Dissert.
429 3508 494 3561 de
523 3508 703 3578 bym‘n.
735 3523 882 3578 nunt.
907 3507 1028 3572 178,
1061 3508 1111 3561 in
1145 3519 1284 3562 nota.
1312 3506 1529 3562 Summa
1558 3524 1743 3562 eorum

168 3592 252 3634 est
283 3598 296 3635 :
330 3580 384 3634 In
415 3576 584 3650 versu;
605 3576 783 3650 Hostis
811 3576 1045 3650 Herodes
1070 3579 1221 3650 impie
1253 3579 1332 3631 bis
1361 3580 1592 3646 |tCCC2|fi,
1623 3582 1742 3646 quia

171 3653 346 3718 primo
387 3653 504 3706 loco
533 3647 712 3702 Hostis
743 3648 1011 3704 trochaeus
1037 3647 1272 3718 ponitur,
1302 3652 1389 3718 qui
1427 3650 1476 3701 in
1507 3652 1746 3704 carmine

167 3723 403 3777 iambico
460 3737 565 3774 non
613 3719 911 3774 admittitur
957 3735 970 3770 :
1019 3721 1257 3774 secundo
1304 3722 1423 3774 loco
1482 3719 1619 3773 llero
1666 3736 1747 3774 est

167 3793 462 3862 spondams
482 3834 495 3856 ,
521 3806 641 3844 cum
666 3789 861 3862 debeat
885 3805 1006 3845 esse
1031 3791 1263 3845 iambus.
1301 3791 1445 3845 Hanc
1474 3793 1746 3860 conjectu-

170 3861 284 3916 ram
332 3863 641 3925 Fabricius,
676 3871 730 3915 et
755 3861 849 3920 alii
880 3861 1008 3914 editi
1038 3863 1209 3917 secuti
1249 3873 1391 3915 sunt.
1436 3864 1748 3930 Sequuntur

169 3938 338 3989 etiam
391 3933 722 3987 recentiores
758 3931 1080 3989 Munckerns
1119 3934 1184 3987 ad
1231 3933 1420 4002 ilygin.
1473 3931 1576 3987 fab.
1618 3933 1748 3997 27:5,-

169 4019 293 4074 pag.
326 4003 452 4065 289,
485 4003 738 4058 substitui
762 4004 980 4058 volebat
1007 4003 1230 4057 Herodis
1256 4004 1439 4066 hostis,
1465 4003 1584 4073 quia
1615 4004 1746 4058 alias

169 4078 362 4130 ultima
389 4075 590 4145 syllaba
616 4075 907 4145 corripitur
941 4087 1127 4128 contra
1159 4077 1326 4144 legem
1375 4077 1608 4145 podiam.
1645 4074 1748 4128 Re-

171 4147 328 4216 p0nit
348 4144 692 4216 Arntzenius,
715 4146 766 4216 in
790 4144 1009 4199 Seduiio
1039 4147 1162 4200 talia
1191 4144 1480 4216 aliquando
1508 4160 1627 4198 csse
1655 4146 1750 4197 ad-

171 4214 457 4272 inittenda.
490 4214 686 4270 Verum
713 4214 795 4270 his
824 4217 895 4270 ita
921 4226 1231 4272 occurrerat
1271 4214 1528 4271 Erasmus
1571 4233 1582 4269 :
1626 4232 1746 4270 cum

173 4286 411 4342 Herodes
456 4285 619 4341 dictio
663 4286 852 4342 Graeca
899 4288 990 4351 sit,
1019 4288 1201 4341 ultima
1247 4290 1296 4340 in
1350 4287 1574 4341 vocandi
1621 4301 1748 4349 casu

169 4359 372 4427 eorripi
417 4360 636 4427 poterit.
679 4358 839 4416 Addit
883 4358 1140 4413 Erasmus
1167 4399 1180 4423 ,
1213 4359 1426 4413 mollius
1471 4362 1750 4412 cohaerere

170 4428 458 4497 epitheton
475 4430 636 4500 impie
655 4443 775 4483 cum
799 4428 982 4495 hostis,
1004 4445 1163 4499 quam
1195 4445 1314 4483 eum
1350 4429 1593 4484 Herodes.
1618 4429 1746 4484 Cor—

171 4510 416 4555 rectores
473 4497 796 4569 hymnorum
847 4497 1097 4554 breviirii
1155 4500 1380 4554 Romani
1429 4502 1528 4554 sub
1579 4502 1748 4561 Urba-

1847 1883 1950 1938 iins
1977 1901 2032 1938 νε
2059 1886 2150 1951 20,
2177 1894 2230 1939 et
2253 1885 2292 1938 l.
2325 1901 2382 1950 ιι,
2407 1899 2551 1938 vers.
2594 1883 2716 1938 145.
2749 1884 3004 1950 corripuit
3032 1901 3061 1938 o
3092 1886 3143 1939 in
3186 1884 3428 1950 Ioannes,

1845 1955 2091 2024 quamvis
2132 1971 2227 2024 per
2267 1955 2772 2026 omegaiscribatur.
2809 1953 2950 2008 Idem
3003 1956 3038 2026 l.
3084 1971 3141 2018 ιι.
3167 1971 3308 2011 vers.
3336 1957 3428 2026 49,

1846 2027 2110 2098 corripuit
2132 2024 2432 2098 secundam
2463 2025 2518 2081 in
2553 2024 2758 2098 Marica.
2787 2035 2839 2081 et
2880 2025 3124 2098 eamdem
3162 2024 3426 2098 syllabam

1847 2093 2101 2164 produxit
2131 2097 2167 2149 l.
2200 2112 2257 2163 tt,
2284 2113 2334 2156 v.
2360 2096 2450 2156 50.
2479 2105 2533 2150 et
2564 2095 2711 2150 alibi.
2739 2093 2795 2153 lu
2829 2097 3049 2152 nomine
3071 2093 3427 2164 ipso'Sedulii

1847 2168 2019 2220 variat
2072 2167 2400 2222 Fortunatus
2465 2166 2518 2220 in
2573 2165 2792 2236 Proieg.
2842 2168 3043 2221 nostris
3092 2183 3148 2222 n.
3203 2167 3326 2232 166.
3375 2177 3432 2230 et

1847 2236 2058 2362 prio'res
2103 2237 2238 2295 duas
2283 2237 2522 2311 syllabas
2572 2237 2732 2297 modo
2777 2237 2994 2304 breves,
3033 2238 3197 2300 morio
3245 2239 3430 2312 Ιοηατιε

1869 2325 1947 2362 aet
1982 2349 1995 2361 .

1869 2309 1995 2362 'atzit.

1919 2378 2008 2432 30.
2048 2378 2188 2443 Alb.,
2220 2379 2450 2445 uenisse;
2473 2379 2707 2448 corrige,
2737 2378 2928 2432 renire.

1916 2450 2005 2506 5i.
2029 2449 2161 2518 Reg.
2191 2451 2244 2510 3.
2277 2451 2481 2517 diripit,
2510 2447 2636 2508 Vat.
2660 2451 2682 2502 i
2710 2463 2830 2506 cum
2863 2447 3136 2518 plerisque
3165 2448 3424 2508 editioni-

1849 2520 1966 2583 bus.
1991 2517 2197 2594 arripit.
2227 2519 2412 2578 Fabr..
2441 2517 2903 2594 Bibliotb,_l_.ugd.
2928 2518 3143 2594 abripit.
3177 2519 3429 2594 Plerique

1851 2593 2024 2651 nostri
2051 2587 2266 2646 codices
2310 2605 2431 2645 cum
2464 2590 2650 2658 Cant.,
2698 2590 2865 2654 Altn.,
2912 2587 3128 2655 Arum,
3179 2587 3431 2658 Alcuino,

1849 2661 2007 2728 Aido,
2033 2663 2205 2733 eripit,
2237 2660 2374 2733 quod
2409 2661 2461 2716 in
2495 2661 3018 2733 breviariisquoque
3047 2668 3247 2733 exstat.

1918 2733 2008 2788 55.
2049 2727 2180 2811 Reg:
2321 2730 2433 2811 Ott.
2470 2735 2519 2811 i,
2567 2727 2732 2811 Min...
2767 2727 2899 2811 Reg.
2935 2727 2998 2792 3.
3033 2728 3433 2811 Alcuinushqua

1847 2813 2088 2857 venerant
2121 2800 2218 2857 :iin
2242 2802 2354 2856 Ott.
2382 2804 2401 2862 i
2438 2806 2587 2872 prius
2626 2801 2741 2872 luit,
2764 2800 2854 2871 qui
2885 2809 3167 2872 venerant;
3208 2801 3262 2872 in
3289 2800 3430 2870 Reg.

1849 2876 1882 2928 5
1905 2875 2120 2929 diversa
2151 2869 2453 2940 scriptura,
2467 2889 2621 2943 quam
2650 2869 2903 2930 viderant.
2937 2869 3151 2943 Edimb.
3198 2869 3433 2926 fortasse.

1848 2961 1912 3000 ex
1945 2944 2259 3017 typographi
2283 2942 2490 3017 errore,
2519 2959 2621 3017 qua
2651 2943 2905 3017 uiderant.
2949 2942 3264 3017 Communis
3296 2944 3431 3017 seri:

1851 3012 2012 3085 ptur'a
2037 3012 2118 3070 eSt
2147 3016 2308 3071 etiam
2355 3014 2408 3066 in
2441 3012 2750 3085 breviariis,
2796 3029 2948 3085 quam
2987 3013 3241 3085 ritlerant.
3287 3015 3428 3078 quod

1850 3082 2064 3140 videtur
2087 3086 2310 3156 petitum
2339 3100 2403 3143 ex
2430 3083 2779 3156 Matthmoal,
2804 3082 2836 3137 9
2859 3101 2870 3136 :
2904 3082 3145 3156 Quicum
3170 3085 3434 3139 audissent

1851 3174 2039 3226 regem,
2071 3153 2308 3209 abierunt
2327 3172 2345 3208 :
2368 3166 2415 3208 et
2447 3171 2559 3208 ecce
2581 3153 2732 3208 stella
2749 3171 2901 3222 quam
2929 3154 3158 3208 uiderant
3183 3156 3235 3208 in
3265 3157 3435 3207 orien-

1851 3225 1917 3294 te,
1941 3227 2266 3283 antecedebat
2311 3242 2418 3280 eos.
2449 3225 2710 3284 Cellarius
2738 3234 2914 3282 tamen
2949 3226 3186 3294 pra-tulit
3213 3242 3313 3294 qua
3351 3242 3434 3291 rt;-

1849 3308 2044 3366 nerant,
2073 3300 2126 3353 b.
2157 3313 2235 3364 e.,
2264 3312 2365 3368 qua
2394 3297 2477 3352 via
2502 3312 2566 3351 ex
2598 3299 2810 3352 oriente
2851 3307 3132 3351 venerant.
3158 3294 3275 3355 Non
3320 3299 3432 3366 pla-

1847 3382 1952 3423 ενι.

1921 3443 2006 3498 ὃὸ.
2048 3440 2263 3495 Alcuiu.
2296 3439 2454 3500 male.
2482 3438 2746 3509 requirunt
2780 3453 3010 3509 munere.

1919 3515 1986 3568 36
2027 3513 2197 3578 Meus,
2227 3511 2371 3566 Diem
2401 3528 2418 3576 ;
2443 3506 2656 3584 corrige
2681 3506 2864 3568 Deum.
2899 3507 2958 3570 in
2991 3508 3124 3578 Reg.
3150 3509 3204 3568 '5.
3231 3509 3430 3562 desunt

1850 3585 2076 3638 reliona.

1919 3601 2173 3710 g‘iilavat.
2226 3653 2276 3721 i,
2325 3661 2615 3724 personant,
2671 3651 2868 3705 factum
2904 3650 3112 3724 deinde
3166 3661 3424 3720 personat.

1848 3726 1962 3780 Non
1999 3726 2136 3782 male
2167 3721 2341 3780 tamen
2373 3732 2519 3777 eSset
2549 3731 2845 3794 personant.
2887 3721 3286 3794 Advertentiunt
3321 3731 3424 3794 est,

1853 3797 2048 3862 passim
2099 3797 2149 3852 in
2201 3793 2555 3852 editionibus.
2605 3795 2764 3846 etiam
2824 3793 3216 3846 recentioribus
3268 3793 3430 3846 scribi

1852 3867 2085 3931 Caterva,
2120 3866 2287 3920 Aldus
2319 3864 2484 3918 edidit
2515 3863 2763 3928 Katerva,
2789 3865 2910 3931 qua:
2940 3872 3022 3916 est
3049 3862 3311 3931 scriptura
3334 3861 3432 3916 Sc-

1850 3938 1983 3992 dttlii
2019 3956 2031 3990 :
2062 3935 2328 4004 siquidem
2364 3936 2478 3990 ba-c
2499 3939 2763 4003 ,strOpba,
2813 3943 2869 3988 ut
2898 3933 3031 3990 ordo
3057 3931 3430 4004 alpitabeticns

1851 4002 2171 4072 servetur,'a
2205 4006 2252 4066 Ι(
2280 4007 2489 4060 initium
2518 4002 2678 4060 debet
2707 4019 2940 4058 sumere.
2972 4004 3150 4072 Atque
3186 4002 3256 4058 ita
3295 4005 3433 4056 scri-

1845 4079 1986 4139 bunt
2017 4077 2211 4142 Karus,
2235 4087 2290 4131 et
2317 4077 2519 4130 Kastris
2551 4078 2660 4140 alii,
2691 4075 2781 4141 qui
2814 4075 3018 4129 similes
3042 4076 3270 4144 hymnos
3293 4075 3425 4127 abe-

1851 4151 2100 4210 cedarios
2150 4152 2568 4207 concinuarunt.
2621 4157 2677 4199 ut
2724 4146 2888 4210 Beda,
2941 4152 2996 4198 et
3049 4146 3329 4208 Amoenus,
3363 4145 3430 4196 tie

1893 4222 2046 4275 uibus
2077 4219 2416 4288 postmodum
2442 4219 2640 4271 dicam.
2670 4216 2904 4269 lsidorns
2930 4214 2968 4288 i7.
3006 4231 3018 4269 I
3047 4215 3223 4288 Etym.
3257 4229 3308 4288 e.
3336 4215 3428 4277 9.7,

1893 4236 2046 4275 ulnus
2077 4236 2416 4288 postmodum
2442 4236 2640 4271 nteant.
2672 4236 2904 4269 tsmorus
2933 4236 2968 4268 I.
3006 4236 3018 4269 i
3049 4236 3223 4287 mytn.
3257 4236 3308 4267 c.
3336 4236 3428 4277 τι,

1851 4236 1903 4345 ἳ(
1945 4292 2165 4346 litteram
2203 4289 2401 4362 antiqui
2428 4288 2785 4362 prteponebant
2809 4287 3008 4362 quoties
3038 4287 3078 4338 A
3110 4284 3432 4355 sequebatur;

1851 4365 1995 4433 quod
2031 4359 2720 4433 Diotnedesjestringitad
2753 4359 2996 4433 abreve,
3027 4364 3086 4433 ut
3112 4364 3336 4409 caterua.

1922 4436 2011 4491 58.
2054 4433 2175 4492 Vat.
2213 4433 2263 4495 i,
2300 4426 2669 4494 Concisafalii
2702 4427 2916 4493 melius,
2948 4426 3161 4481 Collisa.

1921 4507 2009 4565 40.
2054 4505 2220 4570 Mens,
2249 4501 2381 4572 Reg.
2412 4502 2464 4566 2,
2495 4499 2750 4572 Alcuinus
2771 4498 2997 4572 victima,
3031 4499 3125 4552 sed
3157 4497 3208 4551 in
3235 4495 3432 4572 Reg._2

173 4588 244 4626 no
272 4570 380 4624 Vlll
433 4567 524 4625 sic
556 4572 940 4636 reiormarunt,
965 4570 1198 4624 Crudelis
1230 4571 1482 4636 Herodes,
1513 4571 1748 4624 Deum—
1779 4574 1826 4632 D
1853 4577 2065 4630 videtur
2095 4567 2311 4639 laetum,
2333 4567 2624 4626 uictimam.
2659 4568 2848 4622 Pctrus
2891 4568 3229 4639 Burmaunus
3259 4567 3433 4633 eonji-

171 4642 370 4710 Itegem
417 4640 579 4694 t'enire
626 4643 748 4709 quid
789 4644 979 4696 times?
1010 4642 1064 4696 In
1122 4644 1290 4711 prima
1341 4658 1469 4697 vero
1518 4643 1751 4704 editione

167 4728 262 4767 an.
299 4711 450 4777 i629,
479 4711 708 4767 Crudelis
739 4712 983 4780 Herodes,
1011 4713 1418 4766 Deum—Terris
1439 4715 1604 4767 venire
1629 4716 1751 4782 quid

168 4786 208 4836 ti
231 4785 368 4837 nes?
401 4783 658 4850 Equidem
683 4783 954 4848 exiSIinio,
998 4799 1025 4836 τι
1065 4784 1267 4838 Sedulii
1303 4800 1459 4838 manu
1492 4801 1610 4840 esse
1643 4785 1752 4838 llo-

167 4857 268 4908 stis
309 4853 539 4926 Herodes
570 4856 740 4926 impie.
768 4854 918 4922 Quod
949 4856 1090 4909 enim
1126 4855 1356 4923 primum
1383 4856 1570 4923 objicit
1596 4857 1752 4910 liras-

171 4942 321 4991 mus,
361 4925 532 4978 Hostis
564 4925 684 4980 esse
719 4927 1033 4990 trocbzennt,
1067 4926 1228 4992 quiin
1263 4926 1493 4980 iambico
1514 4929 1750 4980 carmine

172 4999 358 5053 locum
403 5012 506 5050 non
547 4999 730 5064 habet,
761 4997 915 5051 facile
946 4997 1168 5050 diluitur
1202 5016 1211 5050 :
1256 5013 1375 5051 nam
1409 4998 1666 5066 aSpiratio
1698 4997 1750 5051 in

174 5085 311 5124 voce
344 5067 578 5123 Herodes
609 5068 713 5121 vim
739 5070 1084 5120 consonantis
1114 5069 1312 5122 hab-cie
1339 5078 1510 5136 potest
1573 5079 1628 5121 ut
1659 5069 1754 5122 ha-

175 5141 269 5194 bet
311 5155 456 5207 saepe
489 5140 624 5200 apud
655 5139 953 5202 Sedulium,
978 5147 1033 5192 et
1063 5139 1196 5191 alios
1235 5141 1350 5204 ejus
1380 5141 1631 5208 :equalcs.
1680 5139 1751 5193 ita

176 5211 366 5265 Ilostis
393 5220 474 5263 est
522 5211 827 5278 spontlazns.
873 5211 1038 5264 Immo
1079 5208 1179 5263 hac
1226 5209 1427 5262 ratione
1460 5224 1633 5277 posset
1673 5227 1755 5263 rc-

174 5287 326 5349 poni,
359 5292 415 5335 ιιι
435 5282 696 5334 sententia
721 5296 843 5335 cum
873 5281 1225 5350 sequentibus
1248 5282 1437 5334 melius
1460 5285 1751 5342 coinrreat,

175 5353 395 5407 Hostem
418 5352 657 5406 Herodes
681 5354 850 5422 impie,
869 5383 939 5391 —
960 5352 1216 5405 Christum
1239 5355 1403 5405 venire
1423 5355 1542 5421 quid
1575 5355 1752 5406 (intus?

171 5427 266 5480 Ait
299 5425 496 5478 deinde
524 5423 781 5478 Erasmus
808 5465 820 5484 ,
855 5423 998 5477 Hero
1027 5437 1146 5477 esse
1172 5425 1483 5491 spondarmn
1518 5442 1527 5472 :
1567 5440 1746 5477 verum

172 5498 226 5550 id
257 5495 500 5566 quidem,
535 5496 579 5547 si
619 5497 786 5564 prima
812 5496 860 5566 in
899 5494 1131 5549 Herodes
1161 5495 1463 5566 necessario
1492 5497 1752 5565 pro'ittCa-

173 5565 294 5629 tur;
324 5566 419 5621 sed
451 5579 573 5619 cum
607 5568 658 5619 in
699 5565 1005 5618 nominibus
1036 5565 1267 5633 propriis
1297 5567 1464 5634 poene
1491 5567 1751 5631 sequioris

171 5641 274 5693 εἶξνὶ
309 5637 448 5692 hanc
471 5637 571 5690 sibi
597 5636 863 5690 licentiam
897 5650 1230 5704 arrogaret",
1257 5648 1307 5689 ut
1344 5651 1438 5702 pro
1469 5637 1616 5688 libiltt
1646 5639 1755 5704 syl-

173 5711 327 5763 labas
358 5707 738 5778 producerent,
764 5717 853 5760 aut
877 5708 1231 5777 corriperent,
1257 5709 1452 5760 merito
1478 5721 1758 5774 [ιιι-διιιιιιιε

173 5783 228 5834 in
263 5778 407 5833 Hero
437 5778 677 5831 iambum
709 5793 1020 5847 agnoscere.
1068 5778 1224 5847 Saepe
1257 5779 1418 5830 etiam
1453 5778 1668 5842 accidit,
1704 5787 1759 5832 ut

177 5859 355 5922 poeta:
380 5848 677 5904 Christiani
711 5851 762 5903 in
795 5849 983 5904 eodem
1018 5852 1230 5903 nomine
1275 5849 1489 5917 pr0prio
1517 5850 1758 5902 eamdem

1853 4647 2050 4710 ciebat,
2078 4637 2324 4699 victimas.
2354 4642 2681 4698 Arntzenius
2705 4639 2803 4710 ait,
2842 4637 3118 4694 Sedulium
3144 4638 3287 4710 torte
3320 4639 3430 4691 sitt-

1854 4709 2093 4787 gniarem
2125 4730 2219 4788 pro
2249 4715 2442 4788 plurali
2482 4714 2747 4788 posuisse.
2779 4709 2926 4788 Bene
2956 4709 3188 4788 aliutlttin
3235 4709 3436 4788 ειμι..Ψὶ-

1856 4777 2060 4841 ἷιίιηαηι
2089 4777 2137 4840 in
2164 4777 2422 4855 singulari
2450 4777 2540 4851 per
2564 4781 2974 4855 appositionem,
2995 4781 3224 4845 Quorum
3247 4777 3430 4855 millia,

1855 4860 2135 4920 victimam,
2169 4850 2276 4910 sive
2303 4850 2646 4924 sacriﬁcium,
2671 4851 2874 4906 Christo
2914 4859 3160 4924 tyrannus
3190 4850 3432 4924 sacravit.

1857 4919 2182 4999 Coniectura
2213 4919 2890 4999 Burmanni__conﬁrmat_ur
2929 4919 2992 4999 cx
3024 4919 3206 4999 Carm.
3238 4919 3434 4973 PaSt'it.

1857 5003 1890 5055 l.
1927 4992 1988 5068 νζ
2011 5015 2150 5054 vers.
2185 4999 2272 5053 73.
2315 4995 2642 5068 seanillia
2659 4993 2918 5062 angelicas
2945 4992 3184 5063 legiones.

1927 5063 2014 5127 iii.
2061 5071 2264 5125 Poeim.
2299 5063 2576 5126 mendose,
2613 5063 2862 5116 Lavacro.

1926 5144 2016 5197 44.
2062 5141 2216 5208 Apud
2265 5140 2547 5193 Alcuinum
2590 5134 2866 5200 abluendo,
2901 5134 2990 5201 qui
3028 5134 3257 5187 fortasse
3284 5146 3438 5185 error

1856 5225 1956 5268 est.

1927 5283 2314 5338 46.7Alcuinns
2345 5279 2420 5333 sic
2461 5285 2716 5346 corrupte
2760 5274 2978 5329 exhibet
3027 5273 3228 5325 llulwe
3259 5289 3436 5325 secun-

1857 5357 1976 5408 tlltitt
2004 5353 2232 5405 Patrem.
2623 5419 2630 5420 ί
3144 5415 3174 5420 η

1927 5429 2016 5479 48.
2064 5426 2189 5489 lieg.
2223 5424 2274 5486 .‘i,
2307 5421 2488 5484 (Iant.,
2535 5419 2679 5482 Ald.,
2722 5426 2774 5470 et
2815 5416 3054 5489 nonnulli
3093 5414 3428 5489 cditillcstt-

1860 5499 2068 5550 scitans.
2112 5486 2356 5560 Plerique
2381 5492 2549 5544 nostri
2583 5506 2709 5560 mss.
2744 5503 2862 5538 cum
2893 5486 3351 5560 Aim..iA|cuino,
3380 5496 3433 5538 et

1861 5568 2040 5620 multis
2065 5565 2242 5624 editis,
2274 5556 2342 5614 Et
2373 5563 2644 5614 suscitans.
2673 5558 2997 5611 Arnlzcnins
3024 5556 3275 5618 advertit,
3310 5570 3425 5607 ser-

1861 5655 1892 5692 v
1914 5639 1973 5689 tri
2001 5649 2154 5698 posse
2179 5634 2520 5691 Iiesnscitans,
2562 5631 2682 5699 quia
2716 5629 2768 5682 in
2792 5628 3102 5698 compositis
3126 5645 3152 5678 :t
3184 5640 3425 5680 consona

1864 5705 2241 5775 incipientibus
2272 5722 2324 5758 re
2355 5715 2432 5758 est
2462 5715 2657 5766 auceps
2691 5717 2704 5753 :
2737 5701 3034 5775 qllit3_l'.tli_ti
3081 5699 3257 5775 inepta
3304 5711 3424 5775 est;

1864 5770 1985 5833 naui
2021 5792 2140 5830 cum
2170 5776 2367 5844 primus
2390 5789 2482 5842 pes
2513 5775 2563 5825 in
2595 5786 2832 5824 t‘artnmc
2871 5770 2969 5844 hoc
2995 5770 3220 5844 iambico
3259 5770 3426 5844 possit

1864 5865 1982 5905 esse
2020 5850 2102 5902 vei
2137 5840 2362 5909 iambus,
2391 5840 2478 5899 vei
2507 5844 2817 5912 spondaeus,
2849 5842 3055 5895 etiamsi
3108 5840 3159 5894 in
3205 5843 3422 5893 rcsusri-
