3886 6352
121 305 210 362 783

246 422 285 476 ν
319 421 412 477 idit
434 422 614 485 divino
645 421 992 477 modulantem
1021 426 1252 478 carmina
1274 435 1390 480 cant

177 520 206 576 5
239 519 280 575 L
314 519 470 572 audes
497 517 595 572 hoc
626 518 877 588 psallente
905 519 1035 586 viro,
1058 520 1232 589 reﬂuit
1263 520 1475 592 cytltara
1507 538 1586 575 me
1631 521 1673 577 L

235 614 262 668 Ι
299 614 362 668 lle
387 613 476 668 ubi
505 613 814 686 grandisoui
862 622 1040 684 captus
1069 612 1342 668 dulcedine
1370 615 1532 682 plectr
1638 615 1663 669 Ι

1103 306 1348 364 ιιΒΕιηι
1391 309 1842 368 ACROSTICIIIS
1884 313 1975 369 DE
2016 314 2335 371 SEDL‘LIO.

1636 427 1751 490 VA

3251 317 3354 377 786

1921 429 1963 482 T
2005 445 2103 482 unc
2132 446 2224 483 sua
2254 428 2536 482 Davidirus
2567 429 2795 483 delectus
2825 429 3018 501 plectra
3045 432 3255 501 poposci
3313 430 3356 485 T

1923 520 1952 574 Ι
1988 523 2115 574 rrita
2147 522 2328 590 polluti
2350 531 2675 576 contemnens
2709 525 2922 575 numina
2953 510 3110 582 mund
3324 519 3358 576 Ῐ

1916 613 1956 668 S
1996 615 2115 684 igua
2134 614 2298 667 crucis
2321 612 2478 684 fronti
2501 615 2664 682 ponit,
2690 614 2995 684 breviterque
3018 615 3274 686 triumpho
3315 615 3354 670 S

238 706 278 760 V
316 707 469 772 ritur,
503 715 549 759 et
570 706 720 760 celeri
753 706 991 778 graditur
1017 723 1108 777 per
1137 705 1251 760 lilia
1279 725 1402 778 pass
1629 708 1670 761 V
1860 705 1864 709 ’
1914 703 1956 758 Τ
1995 704 2384 774 angit,Christe,
2410 714 2542 772 tuos,
2568 721 2933 776 numerosaque
2953 707 3164 775 prsentia
3187 707 3289 762 liba
3314 706 3358 761 Τ

233 800 270 856 S
298 810 607 872 aeratasque
635 800 820 854 iterum
847 799 950 854 late
979 802 1240 870 conspexit
1263 818 1459 855 anueno
1627 803 1665 858 S
1812 797 1875 850 15
1917 797 1962 849 Ε
2000 813 2094 867 rgo.
2119 797 2240 850 dum
2268 797 2409 850 uario
2429 797 2634 851 decorat
2660 815 2753 851 sua
2776 815 2899 852 rura
2925 801 3066 854 colar
3307 801 3358 856 E

233 895 275 948 Α
309 886 702 968 ειεὲιιαβιινὶδιί
730 894 913 963 ﬂuvios
939 910 1062 960 quas
1090 894 1250 948 abluit
1276 897 1382 948 und
1625 899 1658 950 A

1811 890 1876 946 16
1915 889 1954 946 S
1998 889 2174 945 tubunt
2198 890 2251 944 lii
2276 890 2461 962 gracili
2489 890 2628 944 ducti
2659 892 2914 947 testudine
2941 910 3084 951 versu
3282 895 3348 951 S.

137 988 196 1048 10
224 987 281 1043 Ν
315 1004 368 1043 ec
396 1004 584 1061 passus
606 997 811 1061 torpere
834 987 926 1041 diu
954 987 1178 1044 doctoris
1208 1004 1388 1042 acnnte
1613 988 1667 1046 Ν

1560 1145 1871 1205 SCIIOLIA.

102 1285 247 1358 letani
271 1287 366 1341 1.1.
387 1286 465 1358 Ut
486 1287 663 1340 timeas
691 1286 975 1342 Dominum
999 1289 1124 1358 legis
1155 1297 1411 1358 prtccepta.
1441 1296 1660 1354 secutus,

101 1356 394 1411 —l!a:cime
427 1355 691 1430 Daniticos
733 1358 882 1430 debes
922 1355 1217 1430 percurrere
1245 1355 1474 1430 campos,
1497 1389 1566 1399 ——
1595 1358 1661 1413 In

99 1430 262 1499 quibus
279 1438 480 1500 retento
519 1429 696 1483 latices
742 1429 806 1482 de
850 1429 989 1500 [ante
1018 1439 1285 1485 manantes
1304 1429 1658 1500 ——’-Vlnvenies.

101 1496 384 1572 legendum
433 1496 732 1572 Davidicos,
775 1496 861 1555 vel
904 1501 1185 1566 Daviticos,
1217 1518 1313 1572 pro
1361 1499 1654 1555 Dauiticos.

97 1570 330 1642 Barthius
370 1585 463 1642 per
493 1580 644 1640 prata
671 1571 1062 1640 interpretatur
1093 1574 1159 1627 dc
1205 1570 1442 1642 paupere
1492 1573 1656 1626 horto

97 1641 304 1713 Sedulii,
330 1640 484 1710 cujus
511 1642 556 1695 is
583 1643 833 1696 meminit
859 1643 910 1697 in
941 1643 1162 1713 prologo
1192 1640 1438 1698 metrico.
1465 1644 1659 1697 Melius

98 1712 385 1781 intelligens
407 1713 474 1781 de
505 1712 677 1766 sacris
716 1713 934 1768 litteris.
963 1712 1174 1768 Alludit
1219 1716 1363 1768 enim
1409 1714 1658 1768 Liberius

96 1782 154 1837 ad
203 1780 361 1838 verba
415 1780 619 1837 Sedulii
669 1783 724 1837 in
759 1784 985 1853 epistola
1017 1785 1083 1839 ad
1131 1786 1536 1841 Macedonium:
1591 1783 1659 1837 ln

95 1853 283 1927 herbam
301 1855 446 1920 [lorei
468 1854 676 1927 cespitis
714 1855 902 1927 revolvi
932 1857 1162 1927 uestigia.
1198 1857 1329 1910 Nam
1363 1873 1431 1912 ex
1454 1855 1660 1927 caepi-

95 1925 241 1994 stola,
271 1913 324 1980 et
365 1938 433 1980 ex
465 1924 504 1978 l.
551 1913 568 1981 l
598 1925 779 1980 Carm.
814 1925 1008 1983 Pasch.
1058 1913 1232 1983 inulta
1283 1927 1391 1985 huc
1431 1913 1664 1982 deducta
1694 1913 1742 1972 Β

98 2005 230 2051 sum.

156 2065 512 2140 4.:Duogms_s.
558 2068 788 2136 Barthii,
820 2070 1184 2124 moderantem.
1235 2071 1350 2126 Hoc
1405 2070 1646 2140 pertinet

91 2139 327 2196 mendum
356 2138 413 2193 in
444 2137 554 2193 Ott.
585 2142 641 2206 2,
676 2141 1015 2196 maderautia.
1043 2141 1366 2198 Communis
1393 2137 1661 2210 scriptura

91 2210 428 2285 modulantem
481 2212 664 2265 multis
713 2213 984 2268 similibus
1024 2213 1291 2282 exemplis
1323 2213 1659 2285 comproba-

93 2293 188 2337 tur.
221 2281 422 2353 Poelm.
452 2295 760 2353 perperam,
794 2285 1020 2337 carmine
1049 2300 1150 2353 pro
1179 2281 1428 2338 carmina.

224 2352 354 2424 Reg.
378 2353 438 2414 2,
460 2351 574 2424 5,6,
599 2353 780 2424 codex
799 2351 1126 2419 Mabillonii,
1153 2371 1291 2410 unus
1306 2371 1404 2410 ms.
1421 2353 1625 2409 Bartltii
1644 2395 1659 2418 ,

93 2423 463 2496 Poelm.;cutn
516 2423 646 2496 aliis,
678 2425 1010 2480 editionibus
1064 2427 1340 2496 antiquis,
1386 2425 1663 2480 Laudabili

91 2495 322 2567 psallente
348 2494 481 2567 uiro,
507 2495 650 2567 quod
675 2496 762 2550 lex
788 2498 947 2551 metri
981 2494 1227 2567 reSpuit':
1259 2514 1381 2552 nam
1422 2497 1689 2551 secunda-

91 2568 139 2620 lll
160 2565 429 2619 Laudabili
454 2577 538 2619 est
567 2565 747 2635 longa.
797 2565 1085 2622 Fabricius
1125 2578 1178 2622 et
1219 2570 1460 2636 plerique
1503 2568 1658 2631 editi,

90 2638 314 2690 Laudato
342 2636 590 2708 psallente
611 2640 742 2702 viro,
768 2638 910 2708 quod
940 2655 1006 2693 ex
1026 2640 1344 2707 cottjectura
1378 2641 1444 2693 ab
1473 2639 1658 2705 aliquo

89 2718 379 2763 correctum
409 2707 646 2774 videtur,
702 2721 760 2763 ut
788 2707 996 2764 versus
1033 2719 1266 2763 constet.
1333 2710 1659 2764 Arntzenius

92 2779 402 2848 conjiciebat
424 2777 738 2832 Laudando.
795 2781 1053 2834 Barthius
1083 2781 1138 2834 in
1187 2796 1294 2834 uno
1324 2794 1425 2835 suo
1470 2781 1659 2834 codice

89 2848 530 2922 ἱιινριιίι,ςι,ααάὶε
557 2850 654 2903 hoc
679 2852 927 2922 psallente
952 2853 1083 2915 uiro,
1136 2866 1199 2906 ac
1231 2853 1406 2907 locum
1458 2867 1524 2904 ex
1575 2851 1659 2905 his

88 2921 428 2976 varietatibus
460 2921 770 2988 suspicatus
797 2936 880 2976 eSt
907 2924 1153 2976 vitiatum
1177 2937 1320 2978 esse.
1343 2921 1406 2976 ‘ln
1448 2923 1580 2990 Reg.
1629 2923 1652 2975 1

88 2993 158 3045 sic
180 2994 390 3062 legitur,
425 2990 626 3044 Laudis
654 3010 744 3045 ceu
771 2995 1022 3063 psallente
1051 2994 1188 3056 viri;
1221 2995 1270 3047 itt
1303 2995 1412 3048 Ott.
1435 2995 1490 3058 2,
1512 2993 1656 3046 Lau-

87 3064 158 3115 dis
197 3073 243 3117 et
276 3063 525 3133 psallente
554 3063 670 3117 viri.
723 3063 910 3124 Neque
967 3065 1019 3118 in
1052 3065 1275 3133 reliquis
1319 3066 1503 3133 verbis
1530 3080 1659 3118 con-

87 3131 317 3189 sentiunt
341 3135 578 3188 codices.
627 3134 884 3189 Nonnulli
916 3150 1072 3198 mss.,
1131 3131 1185 3189 et
1215 3131 1461 3205 plerique
1501 3135 1652 3200 editi,

91 3206 253 3274 reﬂuit
281 3205 499 3260 cithara:
545 3205 678 3259 mel:
726 3205 862 3275 Reg.
894 3206 946 3271 1,
975 3206 1086 3260 Ott.
1128 3208 1161 3261 2
1183 3206 1311 3261 ‘cutn
1346 3207 1554 3260 Poelm.
1603 3216 1658 3261 et

86 3278 194 3363 aliis
221 3277 418 3363 editis;
437 3276 843 3363 reﬂuit‘cithara
865 3277 999 3363 mel_._
1031 3277 1333 3363 Mabillonii
1377 3277 1547 3363 code}
1603 3284 1659 3363 et
1686 3300 1730 3363 ρ

87 3346 211 3417 Reg.
239 3347 294 3413 6,
322 3348 552 3417 reﬂuunt
571 3348 786 3402 cithara:
808 3350 928 3403 mel.
947 3349 1096 3419 Reg.
1122 3348 1157 3400 2
1183 3348 1396 3413 vitiose,
1428 3350 1654 3417 reﬂuunt

86 3421 269 3501 ciceria
293 3425 398 3501 met
419 3435 437 3471 :
462 3428 721 3501 corrupte
735 3419 903 3501 etiam
944 3418 1080 3501 Reg.
1112 3420 1164 3484 5,
1194 3422 1514 3501 reﬂuantque
1546 3421 1691 3488 cere;

85 3489 344 3544 mel.Puto
384 3488 698 3558 legendum,
725 3488 923 3544 Laudes
976 3492 1070 3543 hoc
1120 3488 1369 3556 psallente
1395 3488 1533 3553 riro,
1570 3506 1654 3542 re-

86 3562 195 3630 [luit
225 3562 425 3631 cithara
455 3560 556 3613 ntel
578 3575 596 3612 :
625 3577 747 3614 nam
774 3561 980 3631 antiqui
1013 3561 1182 3614 laudis
1214 3560 1530 3615 scribebant
1557 3575 1656 3626 pro

85 3632 274 3686 laudes.
297 3630 527 3699 Accipio
556 3641 737 3687 autem
759 3630 956 3686 cithara
984 3632 1038 3686 in
1069 3632 1348 3686 auferendi
1371 3647 1519 3685 casu.
1551 3631 1656 3686 Pro

85 3703 174 3755 hoc
203 3719 308 3758 non
341 3705 485 3756 male
514 3711 598 3755 est
623 3712 691 3763 et,
728 3718 924 3772 nempe
955 3712 1010 3758 et
1039 3703 1156 3757 viro
1190 3701 1359 3756 David
1391 3703 1657 3771 psallente

85 3773 282 3842 laudes,
305 3773 490 3829 refluit
515 3773 619 3827 mel
642 3773 868 3827 cithara.

149 3845 199 3899 (ἱ.
228 3844 446 3900 Fabric.
490 3853 545 3898 et
567 3845 808 3913 quaedam
838 3845 960 3900 alia:
986 3844 1278 3912 editiones,
1307 3845 1652 3914 grandisano:

83 3929 261 3971 sensus
304 3932 430 3971 cum
460 3929 619 3979 mss.,
649 3925 702 3969 et
735 3915 1004 3986 plerisque
1044 3917 1203 3970 editis
1234 3917 1405 3985 exigit
1447 3917 1657 3986 grandi-

85 3988 210 4059 soui.
241 3986 351 4042 Ott.
375 3989 434 4052 2,
463 3995 643 4040 cautus
667 4003 690 4059 ς
711 3985 931 4059 corrige
949 3996 1147 4059 captus.
1178 3987 1310 4056 ch.
1332 3985 1656 4059 2,7pulchri:

85 4057 359 4127 legendum
417 4058 619 4125 plectri.
671 4057 1191 4128 Liberius-verbum
1239 4058 1581 4128 grandisonus
1627 4073 1656 4110 τι

86 4128 322 4194 Sedulio,
355 4129 454 4183 lib.
489 4134 540 4194 1,
569 4143 620 4180 v.
669 4127 758 4194 18,
795 4139 1103 4186 mutuatur:
1147 4127 1291 4200 quad
1333 4127 1472 4198 apud
1519 4129 1658 4182 anti-

84 4202 295 4269 quiores
327 4215 436 4255 non
466 4201 751 4266 reperitur.

148 4273 198 4325 7.
222 4271 373 4326 Multi
403 4271 560 4336 editi,
588 4272 886 4340 przcscrtim
915 4271 1283 4334 recentiores,
1315 4269 1508 4324 Utitur.
1542 4269 1658 4324 Duo

83 4357 210 4396 mss.
245 4343 480 4402 Βπιιιίἰ.
508 4351 563 4396 et
593 4357 784 4397 omnes
815 4345 982 4397 nostri
1034 4358 1156 4397 cum
1191 4341 1394 4396 Poelm.
1424 4348 1480 4393 ct
1536 4341 1658 4394 aliis

82 4414 346 4484 veteribus
374 4412 727 4484 editionibus,
757 4412 953 4480 Uritur,
992 4413 1133 4484 quod
1180 4411 1372 4481 probat
1402 4412 1660 4484 Burman-

82 4501 175 4537 ntts
196 4483 517 4608 Secundus.
550 4482 606 4538 ltt
642 4484 752 4539 Ott;
781 4485 814 4539 2
845 4501 962 4555 pro,
993 4482 1038 4538 et
1063 4485 1245 4550 celeri,
1267 4483 1520 4538 mendum
1552 4491 1656 4550 est,

82 4571 193 4608 erce
237 4573 336 4608 ere.

81 4556 336 4610 excellere.

148 4628 199 4681 8.
230 4626 364 4682 Tres
397 4626 524 4681 libri
548 4625 776 4693 Rartltii,
799 4626 1099 4690 Poelmatt.,
1125 4627 1278 4686 lacte;
1301 4626 1432 4694 Reg.
1465 4627 1518 4688 5,
1546 4624 1658 4689 lite;

1771 1285 1951 1350 lector,
1999 1286 2043 1341 si
2067 1290 2199 1355 forte
2243 1287 2477 1354 requiris,
2503 1317 2570 1326 —
2618 1287 2699 1342 Ea:
2730 1291 3034 1344 amnirersu
3088 1301 3136 1346 te
3186 1293 3357 1347 littera

1770 1359 1937 1428 prima
1965 1358 2260 1411 dacebit.——
2288 1358 2445 1411 Hunc
2469 1359 2639 1429 posuit
2665 1360 2870 1412 titulum
2905 1364 3069 1429 neptis
3114 1362 3352 1418 Tostrina

1769 1439 2049 1482 sacratum.
2080 1429 2308 1484 Nomina
2335 1439 2460 1484 sunt
2487 1428 2708 1494 Licinia,
2735 1428 2976 1496 Leontio,
2998 1430 3201 1493 Flavia,
3230 1437 3354 1488 Am-

1771 1501 1926 1574 pelia.
1956 1500 2014 1554 ln
2045 1502 2288 1574 versibus
2314 1500 2567 1574 Belisarii
2597 1501 2870 1555 contrario
2899 1503 3057 1556 modo
3101 1519 3164 1557 ex
3195 1505 3355 1574 diplt.

1768 1571 1971 1642 thongo
1995 1588 2040 1625 te
2072 1585 2124 1624 ν.
2158 1571 2214 1636 2,
2242 1573 2488 1626 solemnia
2517 1587 2723 1640 menste,
2758 1574 2994 1626 sumitur
3029 1590 3076 1641 e,
3117 1585 3176 1630 ιιι
3218 1571 3385 1642 ιόιε-,

1766 1641 1955 1696 sticbis
1987 1654 2261 1704 servetur.

1840 1713 1922 1786 10.
1947 1713 2080 1786 Reg.
2109 1716 2163 1780 2,
2192 1717 2243 1775 5.
2268 1715 2440 1770 codex
2464 1713 2783 1786 Mabillonii,
2808 1715 2979 1770 Nam:
3002 1717 3196 1772 melius
3221 1717 3350 1786 Nec,

1773 1784 1882 1846 vel,
1913 1794 1970 1837 ut
1989 1784 2148 1854 Reg.,
2172 1786 2203 1840 6
2219 1786 2443 1858 profert,
2463 1785 2603 1858 Non.
2620 1785 2765 1841 Libri
2785 1787 3229 1856 Bartltiuorpore
3255 1784 3354 1858 pro

1770 1864 1987 1929 torpere.
2003 1857 2249 1929 _l’oelm.,
2276 1856 2536 1929 ductoris;
2558 1856 2819 1929 sicicliam
2845 1859 2967 1912 libri
2983 1859 3207 1924 Barlhii,
3231 1856 3350 1929 qui-

1770 1925 1874 1980 bus
1909 1927 2050 1982 male
2098 1927 2424 1981 Arntzenins
2475 1927 2683 1997 affingit
2735 1928 2978 1983 doctoris.
3010 1929 3191 1984 Nostri
3222 1925 3343 1986 cum

1771 1998 2040 2070 plerisque
2084 1999 2264 2061 editis,
2297 1999 2554 2064 doctoris,
2591 1999 2732 2069 quod
2787 2000 2945 2070 longe
2998 2003 3193 2056 melius
3241 2014 3346 2058 est.

1767 2068 2015 2140 Conferri
2043 2071 2157 2124 haec
2188 2080 2412 2139 possunt
2440 2084 2561 2123 cum
2590 2068 2773 2125 verbis
2815 2068 3055 2140 epistolae
3082 2071 3146 2126 ad
3178 2074 3353 2130 Mace-

1768 2138 2021 2211 donium:
2050 2141 2156 2195 Sed
2177 2138 2358 2204 torpor
2379 2141 2550 2211 cordis
2574 2141 2765 2206 obtusi,
2784 2138 2890 2197 etc.
3058 2181 3065 2191 ι
3385 2209 3388 2211 ἓ

1841 2211 1928 2265 11.
1959 2209 2108 2265 Libri
2132 2211 2354 2279 Barthii,
2388 2210 2510 2264 Non
2533 2229 2660 2267 sua:
2690 2215 3008 2268 acroSIiehis
3052 2223 3105 2269 et
3126 2225 3348 2271 senten—

1769 2280 1840 2353 tia
1868 2282 2088 2353 exigunt
2112 2281 2259 2344 Tunc
2281 2299 2396 2337 sua.
2425 2282 2558 2353 Reg.
2606 2286 2656 2348 1,
2690 2284 2744 2350 2,
2775 2287 2828 2350 5,
2864 2285 2917 2346 6,
2959 2284 3127 2340 codex
3159 2287 3347 2342 Mobil-

1767 2352 1922 2419 lonii,
1950 2351 2215 2408 Daviticus
2239 2355 2458 2407 dilectus
2477 2370 2495 2407 .'
2514 2351 2646 2408 libri
2663 2356 2885 2418 Rartbii,
2912 2355 3188 2410 Daridicus
3210 2358 3347 2413 dele-

1765 2432 1896 2476 ctus.
1939 2425 2052 2478 Ott.
2086 2425 2433 2490 2mendose,
2482 2425 2714 2479 Davitica
2759 2426 3006 2493 dilectra,
3040 2439 3343 2483 correctum

1765 2495 1978 2549 dilectu.
2039 2495 2176 2550 Editi
2229 2497 2495 2566 plerique,
2549 2495 2799 2550 Davidico
2835 2498 3065 2551 ’delectu.
3123 2499 3177 2553 ln
3209 2515 3340 2555 mss.

1765 2579 1910 2634 smpe
1939 2566 2211 2632 scribitur,
2244 2567 2510 2621 Daviticus
2543 2583 2638 2635 pro
2669 2568 2972 2622 Daeidicus.
3000 2571 3261 2624 Similiter
3290 2572 3342 2626 in

1763 2651 1894 2710 mss.
1930 2650 2074 2707 stupe
2107 2638 2378 2709 reperitur
2406 2638 2620 2710 dilectus
2653 2654 2749 2707 pro
2772 2640 3009 2704 detectus,
3038 2651 3089 2694 et
3119 2649 3344 2710 utroque

1765 2709 1928 2761 modo
1957 2717 2102 2763 recte
2130 2710 2405 2765 scribitur.
2438 2711 2514 2763 Ac
2559 2709 2790 2765 fortasse
2838 2714 2937 2765 hoc
2980 2711 3097 2765 loco
3128 2709 3343 2766 dilectus

1764 2794 1870 2851 non
1903 2789 1987 2833 est
2018 2795 2212 2851 nomen
2267 2781 2688 2842 substantivttm,
2732 2782 2837 2836 sed
2890 2782 3247 2851 adjectivum,
3285 2798 3343 2838 ut

1763 2849 1980 2903 dilectus
2007 2849 2291 2906 Davidicus
2325 2853 2396 2905 sit
2423 2857 2629 2906 amttttls
2654 2853 2961 2912 Davidicus,
2992 2853 3133 2919 qttod
3163 2849 3341 2908 tamen

1763 2921 1852 2973 vix
1884 2921 2022 2974 bono
2046 2937 2210 2993 sensu
2242 2923 2499 2993 explicari
2531 2934 2727 2992 potest.
2759 2922 3022 2978 Utrolibet
3042 2924 3202 2977 tundo
3223 2940 3341 2979 sett-

1765 2993 1930 3063 t_entia
1954 2992 2144 3047 eadem
2175 2992 2419 3048 constat:
2474 2996 2568 3047 sed
2602 2995 2782 3048 verior
2824 2995 3036 3046 videtur
3076 2997 3341 3063 Scriptura

1761 3061 2043 3119 Davidicus
2073 3063 2316 3118 delectus.
2356 3066 2480 3118 llaec
2516 3065 2740 3118 liberius
2784 3064 3086 3131 exprimere
3127 3061 3341 3120 videtur

1761 3133 1891 3208 exi.
1921 3150 2042 3208 t,_v.
2077 3136 2347 3208 25‘seqq.,
2371 3134 2477 3190 Cur
2503 3152 2595 3208 ego
2619 3135 2922 3208 Diauiaicis,
2949 3143 3053 3190 etc.
3301 3163 3307 3170 -

1833 3205 1920 3259 12.
1973 3205 2106 3274 Reg.
2136 3206 2191 3270 2,
2233 3209 2286 3272 5,
2339 3207 2391 3271 6,
2425 3204 2598 3260 codex
2633 3204 2950 3271 Mabillonii,
2977 3215 3342 3264 contemnens:

1762 3275 1852 3329 alii
1882 3290 2002 3329 cum
2032 3277 2215 3342 editis,
2251 3279 2574 3346 contempsit.
2597 3276 2795 3332 Contra
2829 3277 3092 3331 idolorum
3108 3280 3349 3336 cultores

1761 3345 1982 3419 disserit
2012 3347 2264 3419 Sedulius
2292 3347 2386 3401 lib.
2415 3345 2530 3408 ην.
2557 3350 2660 3403 242
2687 3364 2836 3419 seqq.

1831 3418 1918 3472 15.
1957 3417 2206 3496 Sedulius
2238 3418 2272 3474 Ι.
2307 3434 2344 3482 t,
2374 3431 2516 3473 vers.
2546 3421 2651 3474 545
2677 3437 2688 3471 :
2716 3418 2782 3473 Et
2802 3417 2968 3490 ﬁxum
2992 3432 3064 3477 est
3086 3424 3138 3476 in
3169 3425 3340 3492 fronte

1759 3488 1933 3560 decus,
1959 3488 2131 3560 decus,
2151 3488 2404 3560 'armaque
2436 3501 2604 3558 porto,
2640 3502 2746 3545 etc.

1776 3558 2063 3635 :-71A'4__._0t‘t_.
2093 3562 2146 3625 2,
2183 3558 2388 3614 numero
2439 3563 2523 3631 qui
2561 3563 2790 3632 praemia.
2820 3565 2952 3635 Reg,
3003 3569 3053 3629 1,
3087 3566 3140 3632 2,
3165 3566 3335 3622 codex

1758 3630 2078 3696 Mabillouii,
2113 3630 2480 3705 numerosaque
2510 3630 2739 3702 precatio.
2788 3630 2996 3705 Regjvﬁ
3037 3630 3200 3703 male,
3235 3655 3336 3691 nu-

1759 3718 1923 3756 meros
1978 3712 2133 3774 atque
2181 3704 2412 3774 prtemia.
2454 3703 2584 3773 Reg.
2627 3705 2660 3757 6
2710 3703 2889 3774 pejus,
2917 3724 3150 3760 numeros
3204 3710 3336 3762 sacri

1758 3775 1990 3844 precatio.
2028 3773 2191 3845 Editi,
2242 3790 2607 3841 numerosaque
2633 3777 2842 3843 praelia,
2880 3793 3054 3845 neque
3085 3779 3334 3832 Barthius

1761 3845 1922 3898 ullatn
1950 3843 2260 3898 varietatem
2293 3846 2346 3898 in
2376 3847 2488 3899 suis
2532 3860 2661 3900 mss.
2696 3858 2865 3902 notat.
2906 3843 3015 3904 Sed
3041 3849 3337 3904 restituen-

1763 3914 1893 3969 dum
1937 3924 2019 3989 est
2048 3915 2258 3986 praemia
2291 3913 2309 3968 3
2361 3926 2444 3989 est
2476 3917 2617 3989 enim
2648 3919 2925 3986 prrctttium
2960 3920 3336 3989 quodcumque

1761 3986 2127 4052 commodum,
2182 4003 2276 4041 seu
2309 3987 2534 4041 utilitas.
2585 3986 2871 4044 Lucretius
2917 3991 2956 4044 l.
2977 3986 3052 4049 'v.
3083 4006 3228 4045 vers.
3249 3986 3287 4046 ι
3319 4008 3332 4044 :

1763 4055 1864 4132 Qui
1895 4057 2194 4132 talidnabis
2222 4088 2301 4132 -Α
2327 4057 2536 4132 Pectore
2563 4069 2709 4127 parta
2735 4076 2847 4132 suo,
2870 4062 3181 4132 quaesitaque
3201 4079 3331 4132 prte-

1760 4127 1862 4178 mia
1887 4128 2054 4203 liquit;
2087 4128 2336 4203 Miracula
2367 4126 2589 4203 Christi,
2613 4146 2730 4203 quae
2753 4148 2780 4185 a
2807 4126 3028 4187 Sedulio
3058 4126 3334 4203 stupemu-

1760 4213 1883 4251 nera
1911 4197 2185 4264 dicuntur,
2216 4200 2296 4254 his
2320 4199 2504 4254 verbis
2537 4201 2861 4256 indicantur.

1833 4267 2057 4345 15._0tt.
2093 4269 2294 4345 2,_cnm
2325 4270 2506 4345 editis,
2565 4269 2704 4345 Ergo
2750 4272 2828 4326 his
2881 4275 3040 4341 dion;
3094 4274 3335 4345 plerique

1763 4339 1932 4394 nostri
1968 4356 2120 4404 mss.,
2140 4339 2296 4410 Ergo
2320 4342 2441 4394 dum
2470 4345 2587 4397 sine
2615 4339 2713 4397 Itis.
2748 4345 2924 4399 Multae
2946 4339 3213 4400 editiones
3241 4339 3332 4399 ve-

1766 4421 1929 4476 teres,
1953 4413 2160 4464 decorat
2185 4429 2279 4465 sua
2302 4413 2559 4478 membra;
2586 4413 2692 4468 duo
2720 4431 2852 4469 mss.
2883 4416 3106 4477 Bartltii,
3135 4416 3242 4469 Ott.
3275 4417 3331 4479 2,

1763 4497 1884 4554 cum
1921 4483 2038 4554 aliis
2059 4483 2243 4548 editis,
2266 4485 2472 4537 decorat
2494 4501 2589 4537 sua
2620 4501 2742 4536 rura
2769 4502 2787 4538 :
2809 4501 2912 4554 quo
2942 4489 3167 4554 pertinet
3187 4503 3336 4540 tuen-

1763 4553 1888 4606 dum
1923 4555 1973 4607 itt
2006 4553 2138 4622 Reg.
2176 4555 2221 4619 1,
2250 4556 2455 4608 decorat
2481 4571 2576 4608 sua
2596 4571 2740 4608 sura.
2771 4553 2835 4608 In
2853 4553 2982 4626 Reg.
3019 4558 3053 4616 6,
3084 4558 3163 4611 sic
3191 4558 3338 4611 vitia-

1765 4633 1853 4678 tus
1883 4635 1964 4678 est
1988 4626 2074 4678 hic
2100 4627 2268 4691 locus,
2319 4627 2559 4678 decorattt
2587 4642 2783 4690 eraroa,
2842 4629 2931 4681 ubi
2982 4628 3099 4696 lego
3128 4630 3335 4680 decorat

82 4698 319 4768 plerique
345 4712 504 4762 mss.,
531 4705 586 4751 et
607 4689 895 4764 editi,late.
927 4696 1062 4766 Reg.
1086 4699 1138 4768 1,
1164 4697 1221 4765 2,
1252 4699 1304 4762 5,
1333 4689 1444 4768 Οᾼῖιζ
1472 4696 1526 4756 2,
1553 4695 1658 4749 Μει-
1685 4689 1739 4748 D
1763 4709 1879 4768 vera
1905 4712 2047 4758 arva,
2106 4689 2264 4768 quod»
2291 4712 2394 4750 non
2431 4705 2513 4768 est
2555 4689 3061 4768 contemnendum:
3085 4699 3333 4764 Corrupti

81 4766 244 4840 bili,
274 4770 565 4840 conspexit;
592 4768 712 4831 alii,
744 4770 1026 4840 prospexit.
1085 4767 1218 4821 'l‘res
1273 4766 1388 4840 libri
1414 4766 1646 4840 ABartltii,

80 4839 301 4905 Poclm.,
329 4837 560 4894 aniontas
585 4855 600 4892 :
632 4839 815 4892 catteri
845 4837 1067 4892 amoenos
1089 4857 1106 4905 ;
1126 4853 1302 4902 neque
1328 4838 1481 4890 facile
1506 4837 1654 4890 inve-

81 4912 251 4964 nietur
290 4925 531 4963 amamus
558 4911 843 4976 masculini
876 4911 1115 4979 generis.
1171 4909 1458 4976 Conjiccre
1500 4908 1654 4979 libet,

82 4980 420 5051 Sacratosqtte
447 4982 632 5033 iterum
665 4981 810 5034 lucus
841 4977 1099 5048 prospexit
1130 4995 1451 5044 ttntttettas,—-
1475 4977 1655 5032 Ᾱίιεν-

80 5069 140 5105 na
163 5050 353 5106 Christi
381 5051 572 5121 ﬂuvius
594 5067 718 5116 quos
750 5052 910 5105 abluit
933 5053 1089 5103 unda.

81 5157 86 5168 ι
150 5124 201 5177 9.
232 5119 454 5193 Regis,
484 5120 726 5186 aliterue;
755 5123 885 5190 Reg.
917 5124 970 5185 ϐ,
996 5122 1270 5176 /Eternam
1290 5138 1305 5173 .·
1333 5122 1544 5193 corrige
1564 5119 1663 5172 Λί-

83 5205 241 5248 terua.
274 5192 381 5248 Pro
402 5193 590 5263 ﬂuvias
621 5193 781 5247 modo
807 5193 915 5248 dixi
947 5209 1011 5247 ex
1043 5194 1353 5260 conjectura
1376 5192 1479 5262 legi
1503 5205 1661 5261 posse

82 5267 262 5334 ﬂuvius
287 5282 304 5317 :
334 5266 388 5319 in
415 5279 548 5318 mss.
574 5278 717 5332 sarpe
760 5281 820 5317 us
858 5265 918 5334 in
949 5280 1004 5317 os
1044 5273 1300 5331 mutatur,
1356 5279 1417 5318 ac
1449 5276 1661 5316 veteres

83 5332 364 5406 aliquando
394 5337 782 5406 nominativum
811 5332 1062 5390 sdcunda:
1110 5335 1492 5390 declinationis
1525 5335 1577 5386 itt
1604 5350 1661 5385 0s

87 5405 478 5462 tert‘ninahaut.
517 5406 620 5460 Pro
647 5405 830 5467 abluit,
866 5409 996 5474 Reg.
1022 5408 1054 5461 6
1098 5407 1337 5473 exhibet,
1373 5407 1574 5458 adluit:
1597 5419 1658 5458 ac

84 5481 311 5535 fortasse
354 5477 556 5532 melius
582 5486 664 5531 est
709 5479 880 5543 alluit,
910 5484 1089 5547 'quttm
1137 5477 1320 5530 abluit.
1375 5476 1452 5531 Ex
1495 5475 1654 5547 diph-

85 5551 283 5619 tltongo
335 5566 382 5604 ae
433 5549 664 5602 sumitur
708 5550 773 5602 ad
834 5545 1000 5618 legem
1053 5547 1338 5602 acrostichi
1399 5545 1654 5602 carminis

86 5620 252 5689 prima
282 5621 492 5676 vocalis
520 5637 550 5671 ιι
583 5621 633 5673 in
665 5628 879 5674 (eterna.
907 5621 998 5675 Sic
1024 5621 1184 5675 etiam
1225 5620 1276 5672 in
1310 5619 1656 5687 inscriptione

85 5692 414 5756 acrosticlta,
450 5707 611 5760 quam
641 5692 884 5745 referunt
908 5691 1233 5745 Muratorius
1273 5689 1443 5751 1903,
1478 5698 1532 5741 ct
1557 5689 1658 5760 Bo-

86 5765 215 5817 nada
241 5764 409 5818 class.
463 5758 548 5827 10,
580 5779 729 5816 unm.
761 5764 851 5828 27,
900 5764 950 5816 iit
984 5777 1142 5816 versu
1176 5760 1394 5831 {Eterao
1420 5759 1546 5831 regi.
1582 5758 1656 5812 lta

86 5846 262 5893 autem
293 5833 580 5896 concludit
604 5849 666 5892 ea
695 5834 1006 5904 inscriptio:
1056 5832 1286 5891 Nomina
1317 5830 1654 5898 Sanctarum,

1754 4766 1912 4819 etiam
1945 4776 2067 4819 sunt
2115 4766 2282 4821 codex
2330 4767 2654 4832 Mttitlllonll,
2706 4769 2908 4822 decorat
2949 4785 3064 4822 uera
3123 4767 3330 4835 colore;

1757 4836 1888 4899 Reg.
1921 4837 1974 4890 2.
2007 4838 2294 4903 5,’decorat
2321 4855 2557 4901 vera‘sua
2585 4839 2769 4891 colore.
2825 4905 2829 4908 ~

1834 4908 1919 4961 16.
1948 4909 2074 4976 Reg.
2110 4909 2158 4972 1,
2185 4910 2274 4974 in,-
2305 4909 2421 4978 lege
2444 4910 2515 4962 lti.
2537 4909 2762 4963 Codices
2784 4924 2970 4963 omnes
2994 4925 3147 4973 mss.,
3172 4915 3330 4964 etiam

1761 4979 1963 5051 Rartltii
2013 4990 2064 5051 et
2114 4989 2324 5051 veteres
2356 4981 2505 5046 editi,
2532 4980 2742 5051 garrula
2766 4997 2783 5032 :
2811 4981 3170 5035 Pocltnannus
3209 4997 3329 5034 cum

1765 5049 1894 5118 Reg.
1921 5053 1973 5114 5,
2005 5050 2058 5114 6,
2106 5066 2207 5102 ms.
2247 5049 2575 5121 Mabillonii,
2606 5052 2786 5104 scribit
2813 5053 3016 5121 garula,
3063 5062 3120 5104 ut
3165 5053 3330 5120 prima

1767 5122 1962 5188 corripi
1993 5123 2181 5188 pos$it.
2214 5120 2495 5174 Fabricius
2526 5130 2579 5174 ct
2603 5120 2870 5190 pleneque
2895 5123 3016 5175 alia}
3044 5123 3331 5185 editiones,

1763 5192 1964 5258 gracili.
1991 5193 2241 5245 Barthius
2267 5204 2321 5246 et
2365 5192 2701 5246 Burmannus
2753 5193 3023 5246 secundus
3079 5203 3330 5257 censent,

1762 5262 1994 5329 garrula,
2031 5280 2056 5311 τι
2083 5264 2411 5331 glossemate
2455 5263 2806 5317 descendere.
2838 5263 3134 5327 Mabillou.,
3168 5264 3333 5327 dicti;

1763 5333 1892 5399 Reg.
1923 5333 1980 5397 2,
2011 5335 2183 5387 dicta:
2208 5336 2416 5404 corrige
2447 5335 2604 5388 ducti.
2644 5335 2906 5397 Barthius,
2937 5348 3058 5388 cum
3091 5334 3196 5388 duo
3221 5333 3334 5387 btet:

1760 5403 1994 5457 carmina
2042 5405 2280 5458 Belisarii
2315 5415 2370 5458 et
2415 5404 2610 5459 Liberii
2661 5404 2724 5456 ad
2767 5405 2902 5457 duos
2932 5418 3062 5459 mss.
3118 5405 3334 5459 codices

1759 5474 2004 5544 aliosque
2027 5475 2160 5529 duos
2189 5475 2362 5529 editos
2388 5476 2721 5538 contulisset,
2755 5474 2917 5529 verba
2958 5475 3202 5543 quaedam
3233 5476 3330 5527 ad-

1758 5545 1913 5609 didit,
1946 5561 2066 5614 qttte
2098 5546 2297 5615 patiori
2343 5547 2463 5614 jure
2504 5559 2764 5613 usurpare
2814 5561 2912 5615 ego
2945 5561 3165 5614 possunt
3211 5563 3222 5598 :
3267 5545 3333 5596 Et

1757 5617 1964 5685 spinosa
1993 5617 2087 5668 hoc
2118 5617 2288 5669 labore
2317 5616 2549 5684 gratulor
2584 5632 2663 5668 me
2721 5619 3036 5684 defunctum.
3085 5616 3217 5669 Sunt
3245 5617 3333 5682 qui

1759 5697 1904 5758 grata
1935 5689 2060 5742 (alia
2090 5687 2301 5758 habent,
2333 5700 2450 5742 sunt
2489 5689 2577 5758 qui
2608 5689 2830 5756 ingrata.
2869 5688 2978 5757 lt'go
3005 5697 3250 5739 annotata
3282 5689 3333 5739 in

1759 5756 1926 5827 medio
1954 5758 2203 5827 relinquo.
2235 5756 2455 5812 Omnino
2481 5756 2648 5812 autem
2670 5761 2845 5812 melius
2875 5756 3019 5827 puto,
3051 5757 3177 5810 tales
3198 5759 3337 5823 quis:

1758 5821 1950 5901 quilias
1976 5821 2125 5886 etiam
2155 5833 2354 5887 exstare
2385 5847 2397 5883 :
2444 5842 2554 5886 cum
2575 5843 2840 5890 auctorum
2873 5821 3156 5901 priscorum
3186 5821 3339 5885 etiam
