3886 6320
96 198 182 255 7δ9

664 188 1033 245 DECRETUM
1071 190 1160 245 DE
1198 190 1417 245 LlBltlS
1457 188 1908 258 RECIPIENDIS,
1953 191 2041 252 ET
2080 190 2214 248 NON
2254 188 2706 248 BECIPIENDIS.

3224 189 3329 243 790

92 314 293 365 Christus
319 308 417 363 Dei
458 310 641 376 virtus,
681 317 728 361 et
766 306 862 360 Dei
884 315 911 342 ἰ
938 307 1197 375 sapientia
1225 307 1264 376 (l
1298 307 1416 360 Cor.
1443 324 1481 371 ι,
1512 306 1627 377 24).
1660 308 1710 367 Α
1735 307 2092 361 constructio.
2150 307 2417 379 Magister,
2469 305 2592 374 quia
2637 309 2894 357 ostensor
2946 300 3090 353 vita.
3141 299 3256 360 Sol,
3300 311 3323 331 υ

90 402 295 471 Spiritus
321 396 629 453 intellectus
658 395 685 433 δ
721 414 735 449 :
792 394 1122 449 Intellectum
1162 398 1252 450 tibi
1290 398 1445 464 dabo,
1478 409 1525 450 et
1554 398 1637 449 in-

87 506 255 546 struant
268 501 309 543 te
336 491 389 543 in
412 490 493 541 via
516 490 749 558 hac,qua
768 487 1208 559 gradieris(Psal.
1232 505 1388 554 χχχι,
1410 490 1486 556 8).
1509 489 1631 557 Spi-

86 588 207 639 ritus
231 582 440 637 consilii
482 598 495 633 :
531 592 552 619 ο
583 578 650 631 Et
677 579 941 633 vocabitur
980 582 1153 651 magni
1180 582 1383 634 consilii
1424 581 1635 651 angelus

91 676 226 743 (lsai.
250 688 318 738 ιι,
348 669 427 741 6).
452 670 683 739 Spiritus
705 669 939 734 virtutis,
970 667 995 705 ει
1023 680 1079 723 ut
1099 686 1263 739 supra
1286 670 1490 725 dictum
1513 679 1629 724 est:

84 765 294 820 Christus
319 760 416 816 Dei
438 763 618 826 virtus,
646 770 693 815 et
724 758 819 813 Dei
844 762 1115 832 sapientia.
1163 761 1399 831 Spiritus
1422 782 1427 787 ‘
1447 763 1631 817 scien-

82 860 156 911 tiae
187 865 207 891 ο
234 838 450 924 pr0pter
477 854 827 921 eminentiam
871 854 1119 909 scientias
1161 854 1286 910 Jesu
1319 854 1541 921 Christi,
1576 864 1633 909 ut

78 950 144 1004 ait
166 948 465 1018 Apostolus.
496 947 739 1017 Spiritus
768 948 1009 1003 veritatis
1034 967 1047 1001 :
1071 948 1141 1001 Et
1177 947 1195 985 τ
1211 966 1305 1019 ego
1322 950 1441 1015 vita,
1471 959 1517 1001 et
1546 965 1627 1015 ue-

76 1044 185 1093 ritas
212 1037 385 1110 (Joan.
416 1053 527 1102 xtv,
559 1039 636 1107 6).
673 1038 913 1107 Spiritus
960 1040 1171 1094 timoris
1213 1056 1228 1093 :
1282 1038 1499 1093 Initium
1545 1056 1631 1092 sa-

79 1131 265 1199 pientia:
289 1130 442 1182 timor
469 1138 495 1177 8
526 1126 738 1183 Domini
769 1128 941 1199 (Psal.
975 1130 1097 1195 110,
1125 1129 1204 1199 6).

138 1263 465 1358 Huitiformis
512 1298 683 1342 autem
722 1289 988 1371 nominum
1010 1257 1226 1344 .Christi
1274 1289 1300 1326 δ
1345 1291 1554 1357 dispen-

554 1378 557 1379 ⁷
708 1368 842 1413 satio
870 1369 964 1413 εει.

138 1494 449 1559 iDominus,
499 1496 622 1564 quia
673 1495 941 1549 Christus.
1009 1494 1249 1560 Verbum,
1306 1496 1427 1565 quia
1458 1494 1629 1550 Filius

72 1588 177 1652 Dei,
215 1588 334 1655 quia
371 1587 677 1655 unigenitus
706 1601 735 1639 a
769 1586 951 1642 Patre.
986 1588 999 1636 i
1040 1587 1197 1653 Caro,
1223 1588 1347 1657 quia
1379 1598 1536 1642 natus
1560 1602 1625 1642 ex

1738 399 1862 469 quia
1894 400 2249 455 illuminator.
2289 400 2476 464 Verus,
2501 397 2625 467 quia
2655 411 2685 449 a
2730 395 2914 449 Patre.
2958 391 3096 456 Vita,
3140 392 3321 460 P.quia

1738 500 1935 545 rector.
1970 490 2152 559 Panis,
2183 491 2307 560 quia
2345 504 2495 544 caro.
2528 487 2914 551 Samaritanus,
2954 484 3079 553 quia
3112 491 3321 547 custos,

1735 591 1789 638 et
1823 582 2155 638 misericors.
2191 582 2445 646 Christus,
2470 581 2596 647 quia
2625 587 2842 633 unctus.
2867 578 3045 641 Jesus,
3072 577 3193 646 quia
3212 576 3333 651 sali

1732 685 1907 731 valor.
1954 674 2130 741 Deus,
2186 676 2313 745 quia
2368 690 2435 729 ex
2463 674 2630 728 Deott
2685 681 2791 727 est.
2840 672 3091 743 Angelus,
3128 681 3147 707 τ
3198 671 3321 740 quia

1734 765 1973 819 nuntius.
2019 764 2274 835 Sponsus,
2307 765 2435 835 quia
2462 763 2776 819 .mediator.
2808 760 2984 827 'Vitis,
3016 760 3141 829 quia
3188 776 3316 814 san-

1732 856 1892 924 guine
1924 865 1944 891 ι
1977 856 2144 925 ipsius
2168 854 2433 924 redempti
2456 868 2663 908 sumus.
2692 853 2821 919 Leo,
2853 852 2976 923 quia
2998 867 3113 906 rex.
3142 850 3316 916 Petra,

1736 948 1754 981 ί
1788 947 1909 1016 quia
1939 943 2812 1011 lirmamentumfundamentum,
2846 942 2973 1013 quia
3005 940 3317 995 ﬁrmamen—

1732 1045 1866 1090 tum.
1896 1034 2045 1103 Flos,
2078 1036 2204 1105 quia
2237 1037 2469 1091 electus.
2494 1033 2777 1105 Propheta,
2810 1034 2935 1104 quia
2961 1032 3138 1087 futura
3168 1040 3196 1067 ιι
3228 1047 3316 1086 re-

1730 1129 1894 1183 velat.
1925 1128 2165 1197 Spiritus
2194 1138 2221 1165 ν
2250 1128 2396 1182 enim
2429 1136 2651 1182 sanctus
2682 1139 2792 1180 non
2839 1133 2922 1180 est
2968 1124 3144 1179 Patris
3198 1132 3315 1177 tan-

1731 1219 2007 1275 tummodo
2049 1229 2075 1255 ι
2119 1220 2376 1291 Spiritus,
2406 1218 2501 1274 sed
2545 1218 2742 1282 Patris,
2778 1226 2837 1272 et
2861 1215 3007 1272 Filii.
3038 1215 3312 1284 Scriptum

1732 1322 1811 1367 est
1845 1311 1992 1366 enim
2018 1326 2031 1362 :
2061 1320 2089 1359 I
2129 1310 2191 1366 Si
2227 1312 2340 1381 quis
2371 1309 2612 1363 dilexerit
2645 1309 2916 1377 mundum,
2951 1323 3055 1360 non
3096 1314 3169 1359 est
3198 1304 3321 1376 Spi-

1729 1406 1857 1458 ritus
1885 1402 2063 1457 Patris
2093 1404 2146 1456 in
2189 1404 2301 1457 illo.
2331 1403 2464 1457 Item
2514 1404 2777 1471 scriptum
2809 1410 2894 1456 est
2936 1419 2948 1455 :
3008 1400 3111 1467 Qui
3149 1409 3317 1453 autem

1731 1498 1985 1566 Spiritum
2007 1496 2197 1550 Christi
2217 1512 2322 1549 non
2344 1495 2521 1560 habet,
2547 1495 2629 1547 hic
2651 1510 2755 1546 non
2776 1502 2848 1547 est
2870 1496 3003 1563 ejus.
3028 1491 3319 1547 Nominato

1731 1590 1913 1659 itaque
1934 1588 2115 1653 Patre,
2143 1598 2197 1642 et
2225 1586 2386 1653 Filio,
2421 1596 2443 1621 κ
2469 1584 2795 1655 intelligitur
2824 1584 3082 1653 Spiritus,
3112 1582 3179 1637 de
3209 1598 3317 1652 quo

70 1677 284 1745 Virgine.
320 1676 505 1730 Pastor
536 1677 585 1741 κ,
614 1682 737 1747 quia
768 1668 954 1733 custos
987 1676 1002 1715 ι
1039 1680 1251 1741 ovium,
1280 1679 1455 1743 Mons,
1498 1680 1622 1750 quia
1654 1688 1701 1746 B
1728 1682 1841 1750 ipse
1887 1678 2056 1734 Filius
2082 1680 2134 1733 in
2162 1678 2454 1748 Evangelia
2483 1677 2652 1731 dicit:
2702 1676 2955 1746 Spiritus,
2980 1676 3068 1743 qui
3097 1693 3127 1727 a
3158 1675 3316 1728 Patre

67 1768 228 1821 fortis.
282 1768 400 1833 Via,
432 1769 556 1837 quia
605 1778 786 1824 rectus
820 1785 917 1839 per.
944 1771 1118 1840 ipsum
1166 1772 1445 1841 ingressus
1471 1782 1511 1808 ιη
1554 1774 1621 1827 ad

62 1862 232 1914 vitam.
261 1861 458 1931 Agnus,
501 1862 626 1931 quia
647 1870 675 1898 η
725 1877 937 1931 passus.
985 1863 1143 1933 Lapis
1174 1864 1461 1934 angularis.
1494 1866 1618 1935 quia

1731 1770 1994 1840 procedit:
2031 1781 2084 1825 et
2110 1770 2199 1823 ille
2226 1771 2289 1823 de
2318 1785 2430 1821 meo
2461 1769 2702 1837 accipiet,
2726 1776 2771 1821 et
2800 1767 3135 1829 annuntiabit
3154 1767 3313 1820 vobis.

1795 1862 1924 1917 Item
1940 1862 2148 1943 dictum
2163 1871 2275 1916 est:
2304 1869 2360 1897 "ﬂ
2388 1860 2538 1914 Nunc
2563 1873 2693 1914 vero
2706 1859 2773 1913 de
2787 1858 3085 1928 Scripturis
3111 1858 3314 1912 divinis

1509 1998 1794 2053 SCHOLIA
1807 2038 1820 2050 .

121 2120 143 2145 ⁸
174 2110 341 2164 Diess.
373 2110 643 2164 additerit
668 2118 791 2177 post
819 2110 1093 2175 sapientia.

95 2180 143 2224 εδ
178 2182 343 2234 Diess.
397 2181 545 2233 addit
579 2183 737 2251 juxta
763 2180 897 2233 illud
923 2192 1047 2251 post
1086 2179 1397 2251 intellectus.
1444 2181 1618 2235 Locus

56 2260 131 2304 est
156 2252 337 2318 psalmi
368 2267 513 2312 xxxi.
547 2250 691 2304 vers.
726 2253 780 2314 8,
804 2266 962 2315 quem
996 2250 1116 2303 Vat.
1148 2250 1198 2307 1.
1233 2253 1387 2320 legit,
1416 2252 1618 2307 utVul-

54 2331 390 2401 gala‘nostra.
415 2320 680 2401 _Vatic:_2,
714 2322 773 2401 in.
796 2321 896 2384 ria,
924 2337 1024 2389 qua
1057 2322 1387 2401 ingredieris.
1424 2323 1616 2401 Dies_s.,

57 2391 367 2443 Intellectum
392 2392 522 2444 dabo
557 2391 668 2453 tibi,
696 2400 742 2444 et
760 2392 1008 2443 instrttam
1037 2399 1084 2444 te
1110 2391 1163 2443 iu
1195 2393 1300 2457 via,
1328 2394 1380 2445 in
1412 2409 1512 2462 qua
1540 2395 1619 2445 in-

86 2462 312 2513 redieris.

86 2481 312 2513 reaterts.

55 2481 81 2530 g
122 2542 141 2569 ε
172 2531 287 2584 Vat.
320 2533 377 2598 2,
432 2532 627 2598 Diessx,
662 2529 729 2583 Et
764 2530 1025 2584 vocabitur
1059 2547 1242 2585 nomen
1285 2536 1399 2604 ejus
1427 2536 1619 2605 magni,

54 2611 149 2655 etc.
374 2645 391 2661 .
910 2618 913 2623 ‘
1264 2606 1271 2612 ’

116 2670 138 2707 ἀ
172 2672 373 2734 Diess.,
403 2681 457 2724 ut
478 2688 677 2741 supra:
713 2669 807 2724 Dei
828 2673 1009 2732 virtus.
1040 2684 1149 2727 etc.

120 2753 140 2778 ε
185 2744 361 2797 Diess.
389 2785 401 2805 ,
448 2752 728 2811 corrupte,
789 2752 1001 2811 prapter
1047 2743 1368 2796 imminentia
1413 2742 1618 2797 Christo

53 2812 253 2865 scientia
280 2812 410 2867 Jesu
439 2812 695 2879 Apostoli.
746 2813 1036 2881 Apostolus
1086 2813 1150 2866 ad
1179 2814 1379 2881 Ephcs.
1414 2830 1493 2879 ιιι,
1528 2816 1613 2881 19,

52 2886 139 2943 ait,
167 2886 623 2953 supereminentem
647 2884 874 2935 scientia:
900 2882 1186 2934 claritatem
1215 2882 1429 2938 Christi.

1720 2112 2034 2180 pariantur:
2068 2120 2118 2165 et
2149 2110 2417 2165 Barouius
2435 2110 2543 2165 loc.
2570 2111 2665 2164 cit.
2691 2110 2807 2164 haec
2830 2109 2943 2178 ipsa
2967 2113 3069 2164 sub
3092 2106 3307 2166 Damasi

1721 2183 1941 2236 nomine
1970 2197 2033 2235 ex
2068 2180 2301 2235 concilio
2335 2184 2584 2235 ltomano
2610 2181 2835 2249 profert,
2860 2181 3071 2234 scilicet
3092 2196 3155 2234 ex
3189 2181 3312 2243 hoc,

1720 2252 1862 2321 quod
1894 2268 2003 2321 pra:
2025 2252 2273 2305 manibus
2305 2252 2591 2315 habemus,
2620 2262 2671 2305 et
2706 2251 2811 2305 alio
2845 2252 2963 2304 loco
2983 2252 3165 2304 laudat
3197 2252 3314 2320 ipse

1723 2323 2005 2391 Barnnius,
2033 2333 2087 2375 ut
2117 2336 2277 2389 Supra
2313 2324 2441 2376 dixi.

1792 2400 1815 2426 ι
1848 2394 2041 2455 Diess.,
2099 2392 2327 2463 Spiritus
2354 2402 2581 2463 sanctus
2622 2408 2723 2463 non
2766 2400 2837 2443 est
2881 2390 3054 2444 Patris
3085 2401 3307 2445 tantum-

1720 2464 1872 2516 modo
1911 2460 2155 2529 spiritus,
2200 2463 2289 2517 sed
2336 2462 2541 2527 Patris,
2572 2474 2617 2516 et
2656 2460 2787 2515 Filii
2820 2462 3052 2530 spiritus.
3085 2463 3203 2516 Vat.
3252 2464 3306 2526 2,

1719 2547 1839 2585 cum
1871 2534 2125 2597 Barouio,
2160 2550 2259 2585 non
2302 2543 2374 2587 est
2421 2534 2593 2587 Patris
2629 2533 3002 2600 tantummodo,
3050 2544 3135 2586 aut
3184 2533 3311 2586 lt'ilii

1722 2605 2074 2656 tantummodo
2101 2604 2345 2673 spiritus:
2380 2607 2629 2671 scriptum
2656 2612 2746 2665 est,
2783 2613 2889 2656 etc.

1764 2682 1812 2719 ﬁ"
1846 2674 1927 2727 Ex
1957 2672 2165 2745 epist.l
2209 2672 2407 2745 Jﬁoaun.
2462 2690 2520 2745 II,
2571 2676 2634 2728 15
2670 2692 2681 2724 :
2717 2673 2805 2745 ubi
2859 2682 3037 2727 tamen
3078 2674 3299 2745 Vulgata

1724 2754 1911 2815 nostra
1939 2744 2181 2811 exhibet,
2219 2744 2278 2798 Si
2301 2747 2416 2814 quis
2442 2744 2611 2815 diligit
2644 2744 2915 2815 mundum,
2954 2761 3055 2797 non
3079 2757 3149 2797 est
3180 2744 3309 2798 clm-

1718 2815 1844 2866 ritus
1879 2813 2052 2866 Patris
2082 2815 2133 2866 in
2165 2832 2242 2868 eo.
2270 2813 2526 2884 sequitur
2544 2813 2619 2868 ex
2649 2813 2985 2884 epistcl’auli
3013 2815 3077 2867 ad
3110 2816 3305 2869 [lonia-

1722 2900 1822 2938 nos
1847 2900 1961 2949 riu,
1992 2899 2133 2937 vers.
2168 2886 2231 2939 9:
2272 2883 2371 2949 Qui
2399 2897 2591 2949 autem;
2624 2894 2750 2945 etc.,
2789 2883 2875 2937 ubi
2906 2885 3078 2938 Diess.
3113 2889 3301 2949 rel'ert,

120 2954 135 2990 ί
175 2952 289 3006 Vat.
322 2952 379 3016 2,
412 2952 524 3024 Ego
554 2955 675 3019 vita,
707 2962 753 3005 et
797 2954 994 3006 veritas.
1050 2954 1246 3017 Diess.,
1284 2953 1392 3023 ligo
1421 2956 1523 3019 via,
1564 2965 1609 3007 et
1640 2956 1682 3015 C
1718 2954 1957 3023 Quisquis
1986 2965 2175 3017 autem,
2197 2955 2437 3023 Vulgata,
2461 2956 2519 3009 Si
2545 2955 2880 3025 quisqa’utem.

50 3024 161 3087 tita,
194 3031 239 3077 et
268 3025 477 3078 veritas.

118 3104 142 3137 κ
180 3093 354 3148 Diess.
374 3094 526 3148 addit
554 3092 648 3146 Dei
682 3102 801 3160 post
828 3094 1046 3146 timoris.
1180 3112 1185 3118 λ
1378 3126 1383 3129 λ

118 3161 139 3198 ι)
176 3163 293 3217 Vat.
316 3164 369 3229 1,
403 3163 673 3219 disertatio
704 3174 811 3225 est;
842 3164 1071 3218 fortasse
1101 3165 1337 3233 genuina
1358 3164 1615 3220 estlectin

50 3232 329 3286 dissertatio
374 3244 469 3288 est.
508 3233 677 3287 Valic.
708 3232 1120 3304 2,.dispensa'io’
1146 3244 1241 3287 est.
1275 3235 1476 3298 Diess.,
1508 3235 1613 3288 dis-

48 3305 270 3370 pensatio
298 3305 419 3358 sine
440 3315 536 3357 est.
565 3303 786 3366 Casam,
817 3301 946 3355 Item
984 3304 1047 3355 de
1068 3303 1375 3370 multiformi
1404 3306 1616 3371 dispen-

47 3374 233 3444 satione
257 3376 523 3427 nominum
554 3371 765 3444 Christi.
796 3376 865 3427 De
898 3374 1211 3427 uOminibus
1236 3374 1438 3429 Christi
1467 3391 1617 3444 qua:-

49 3442 161 3496 dam
186 3454 368 3498 notata
394 3454 519 3497 sunt
542 3445 592 3496 in
621 3442 793 3496 schol.
824 3445 888 3496 ad
922 3445 1150 3511 elegiam
1183 3460 1232 3496 ν.
1274 3445 1387 3499 104.

121 3514 131 3585 ἦ
166 3513 285 3568 Vat.
312 3514 369 3566 2.
397 3512 725 3585 Dominus...
766 3512 1001 3585 Verbum,
1034 3514 1153 3585 quia
1171 3513 1260 3566 Dei
1296 3516 1639 3585 ﬁlius,-qaia,

50 3584 335 3655 unigenitus
366 3599 429 3636 ea:
464 3583 641 3655 Patre.
662 3584 859 3655 Dies§.,
892 3580 1171 3655 Dominus,
1203 3580 1357 3653 quiet
1378 3580 1614 3655 spiritus;

52 3651 307 3772 partium,
360 3654 484 3722 quia
533 3651 711 3719 Deus;
766 3652 974 3720 Filius,
1030 3653 1153 3722 quia
1209 3651 1499 3725 unigenitus
1555 3672 1617 3708 ea:

96 3734 218 3772 utre.

96 3734 218 3776 atre.

114 3807 125 3865 t
166 3793 283 3865 Vat.
308 3794 365 3858 2,
394 3794 594 3856 Diess.,
619 3792 824 3865 Homo;
854 3793 974 3853 Vat.
1016 3804 1063 3865 t,
1094 3799 1248 3854 Caro.
1294 3795 1304 3803 ’

110 3863 131 3899 κ
164 3862 335 3937 Vatic.
377 3866 423 3928 Ξ,
463 3865 633 3937 Dii-3's.
663 3863 885 3929 addunt,
932 3862 1208 3933 Sacerdos,
1237 3868 1358 3937 quia
1388 3884 1441 3921 se
1477 3868 1620 3921 obtu-

42 3934 94 3985 Ii'
117 3934 503 4007 holocaustum.
538 3933 759 3997 Pastor;
790 3940 927 4001 quod
965 3941 1082 3994 Vat.
1110 3942 1135 3993 1
1169 3933 1544 4007 prattermittit.

116 4004 125 4040 ι
170 4004 306 4079 V_.tt._
328 4005 385 4071 2,
408 4005 577 4059 Diess.
610 4006 1051 4079 omittutttovium
1084 4004 1208 4079 post
1232 4018 1421 4079 custos.
1468 4008 1620 4063 Uter—

40 4090 139 4141 que
167 4076 254 4130 hic
284 4079 463 4131 codex
493 4087 612 4145 pust
641 4083 809 4147 custos
840 4076 989 4147 illico
1044 4076 1261 4143 Vermis,
1293 4078 1415 4147 quia
1444 4095 1615 4131 resur-

40 4146 179 4208 rexit,
199 4147 349 4215 quod
381 4144 541 4201 deeSt
571 4147 621 4199 in
654 4144 832 4199 Vatic.
853 4145 902 4203 1.
1306 4144 1314 4147 ’
1482 4178 1487 4181 -

106 4225 141 4250 π’
174 4215 300 4270 Vat.
332 4216 390 4291 2,
425 4217 478 4269 in
508 4218 684 4291 vitam.
725 4217 914 4291 Diess.,
949 4219 1069 4287 Via,
1096 4222 1215 4291 quia
1242 4228 1408 4275 rectus
1439 4234 1457 4272 :
1501 4222 1619 4286 quia

39 4302 121 4354 per
145 4291 318 4349 ipsum
348 4288 615 4358 ingressus
635 4287 689 4339 in
712 4288 874 4358 pilam
894 4300 989 4344 est.

106 4365 129 4389 "
155 4358 334 4412 Diess.
348 4400 360 4421 ,
379 4355 563 4429 passus
585 4366 679 4429 est.
696 4355 878 4429 Lapis,
894 4363 1017 4429 quia
1038 4362 1306 4415 instructio
1324 4361 1609 4429 angularis.

42 4424 153 4479 Vat.
165 4428 231 4501 _2,
265 4424 490 4501 passus.
515 4427 673 4501 Lapis
697 4424 980 4501 angularis,
1003 4433 1123 4501 quia
1149 4424 1438 4486 instructio.

105 4509 127 4531 υ
161 4498 367 4564 Diess.,
400 4500 525 4565 quia
562 4498 837 4552 illuminat.

106 4577 131 4615 P
166 4568 371 4634 Diess.,
410 4569 526 4621 Vat.
554 4569 609 4637 2,
641 4569 759 4634 quia
782 4581 1002 4626 creator.

104 4648 130 4713 fl
163 4640 367 4713 Diess.,
398 4638 521 4693 Vat.
565 4640 599 4691 2
628 4639 884 4694 omittunt
913 4653 983 4695 est
1017 4652 1140 4711 post
1172 4641 1299 4707 Deo,
1344 4643 1488 4713 quod
1526 4642 1620 4697 alii

36 4708 321 4765 exhibent.
644 4753 660 4768 .

106 4789 124 4813 τ
159 4780 368 4845 Diess.,
399 4780 525 4849 quia
552 4780 758 4845 missus.
832 4810 840 4822 ι

106 4859 126 4885 ⁸
161 4851 285 4905 Vat.
319 4852 380 4917 ὲ,
413 4851 529 4920 ejus
556 4866 654 4919 pro
684 4852 866 4920 ipsius.
1576 4860 1584 4866 '
1617 4893 1625 4899 .

109 4924 123 4954 ί
161 4922 370 4987 Diess.,
404 4921 527 4990 quia
554 4924 941 4991 fundamentum
988 4923 1311 4991 ﬁrmamenti
1347 4931 1442 4976 est.
1471 4920 1619 4990 Flos,

37 5000 138 5047 CIC.
334 5002 353 5014 ’

104 5072 128 5097 υ
167 5063 340 5129 Dies.,
374 5060 639 5116 reuelauit.

102 5143 125 5167 τ
142 5133 321 5189 Diess.
349 5133 557 5187 omittit
581 5133 737 5185 enim.
764 5131 1015 5188 Fortasse
1037 5134 1323 5203 legendum
1338 5145 1421 5189 est
1440 5136 1623 5190 etiam:

36 5219 153 5257 nam
183 5206 233 5257 in
272 5221 409 5258 mss.
449 5203 562 5256 haec
587 5204 699 5257 duo
720 5219 864 5272 saepe
892 5206 1112 5259 confusa
1145 5205 1345 5269 reperi.
1375 5204 1624 5269 Labbeus

37 5285 161 5327 tom.
194 5290 231 5328 tt
262 5277 376 5329 col.
409 5274 538 5336 895,
562 5276 625 5326 ad
652 5290 818 5342 marg.
850 5275 926 5327 sic
957 5286 1135 5328 natat:
1171 5273 1298 5328 Haec
1326 5276 1390 5327 ab
1421 5273 1621 5327 Holste-

35 5362 135 5401 m0.
172 5358 262 5397 aut
293 5346 406 5398 alio
426 5352 604 5397 assuta
635 5345 793 5412 fuisse
821 5346 1189 5414 superioribus,
1217 5347 1377 5398 multa
1406 5345 1622 5398 docent:

33 5433 189 5484 mque
218 5418 362 5469 enim
398 5416 651 5484 cohaerent
694 5430 809 5466 cum
851 5416 1194 5484 superioribus
1222 5416 1341 5479 ista,
1385 5432 1498 5482 qua:
1522 5414 1626 5468 Ba-

35 5483 209 5538 natu.
252 5487 322 5538 ad
347 5500 549 5537 annum
575 5483 701 5546 447,
728 5501 877 5537 num.
908 5485 998 5548 2t,
1032 5488 1208 5538 recitat
1238 5502 1299 5538 ea:
1328 5486 1626 5538 collectione

35 5553 412 5609 Ct'escouiana.
447 5553 645 5624 Verum
690 5555 909 5608 dubium
950 5573 1059 5607 ttnn
1088 5567 1191 5620 est,
1230 5558 1360 5624 quin
1404 5556 1457 5608 in
1481 5554 1626 5609 anti-

36 5628 317 5694 qnissimt‘s
356 5622 651 5680 codicibus
681 5624 810 5694 haec
846 5626 1220 5695 superioribus
1248 5622 1507 5694 adjuncta
1538 5642 1624 5679 re-

1644 4331 1694 4390 D

1791 3035 1811 3059 ι
1848 3025 1966 3077 Vat.
1993 3026 2049 3082 2.
2082 3040 2200 3077 cum
2244 3027 2510 3088 Barnuio,
2558 3023 2861 3093 intelligitur
2904 3024 3138 3092 Spiritus
3178 3044 3297 3079 san-

1716 3096 2127 3149 ctus.Baronius
2154 3096 2355 3150 omittit
2384 3098 2492 3165 ipse
2518 3104 2645 3165 ante
2675 3093 2864 3165 Filius.
2889 3095 3088 3157 Diess.,
3118 3096 3305 3149 Nomi-

1716 3177 1869 3219 natus
1919 3174 2092 3217 autem
2135 3182 2165 3218 a
2214 3165 2371 3218 Patre
2404 3163 2461 3219 'et
2508 3163 2671 3227 Filio,
2717 3164 3031 3235 intelligitur
3073 3166 3302 3234 Spiritus

1715 3246 1942 3303 sanctus,
1975 3236 2036 3288 de
2065 3252 2160 3303 quo
2194 3236 2319 3306 ipse,
2340 3248 2446 3291 etc.
2474 3237 2647 3289 Locus
2676 3235 2958 3306 Euangelii
2990 3248 3071 3289 est
3101 3237 3300 3291 Joann.

1717 3323 1783 3359 xv
1806 3347 1817 3367 ,
1848 3305 1946 3359 26:
1982 3304 2235 3374 Spiritum
2265 3308 2511 3366 t-eritatis,
2545 3308 2629 3370 qui
2665 3322 2694 3357 a
2726 3304 2883 3375 Patre
2918 3308 3165 3375 procedit.
3203 3308 3302 3360 Ba-

1720 3378 1902 3430 tonius
1933 3392 2052 3429 cum
2106 3378 2303 3441 Dicss.,
2341 3376 2458 3430 Vat.
2490 3377 2545 3441 2,
2582 3376 2715 3440 Quia
2768 3374 2996 3444 Spiritus
3034 3388 3241 3431 sanctus
3270 3396 3301 3431 tt

1719 3445 1874 3499 Patre
1922 3449 2168 3514 procedit.
2226 3449 2563 3501 Alter'lncus
2607 3454 2689 3498 est
2724 3445 2922 3498 Joauu.
2976 3462 3083 3509 xw,
3124 3449 3207 3501 15.
3242 3447 3299 3501 In

1720 3516 1841 3570 Vat.
1878 3517 1901 3568 1
1933 3528 2015 3569 est
2067 3516 2144 3569 illi
2197 3517 2457 3572 mendose
2501 3529 2598 3585 pro
2628 3515 2733 3568 ille.
2784 3514 2838 3567 ln
2876 3514 3099 3585 reliquis
3146 3518 3299 3572 deest

1718 3587 1827 3653 ille,
1870 3596 1927 3639 ut
1955 3587 2008 3639 in
2035 3586 2279 3655 Vulgata.

1793 3666 1849 3693 ἰα
1881 3656 2033 3719 Haec,
2076 3668 2129 3711 et
2152 3673 2267 3725 qua:
2286 3668 2586 3727 sequuntur
2624 3670 2744 3727 cum
2771 3656 2955 3727 multis
2984 3656 3104 3709 aliis
3126 3658 3296 3712 codex

1687 3768 1695 3774 .
1719 3726 2122 3788 Casanatcusis,
2140 3740 2194 3781 et
2208 3728 2344 3781 alius
2360 3725 2538 3797 regius
2554 3725 3115 3797 ParisiensisGelasio
3129 3730 3298 3783 ascri-

1722 3797 1875 3863 bunt,
1905 3798 2095 3865 quibus
2127 3798 2368 3853 adhmret
2417 3796 2583 3851 codex
2643 3796 2992 3867 Florentiuus
3019 3797 3075 3852 S.
3107 3797 3298 3867 Marci,

1722 3869 1811 3935 qui
1839 3867 2147 3937 postvvt‘ba
2176 3878 2224 3921 et
2254 3868 2579 3921 anntmtiabit
2610 3868 2749 3920 vobis
2782 3865 2993 3919 titttlum
3034 3868 3178 3921 hunc
3203 3865 3302 3937 ap;

1726 3941 1875 4001 pOnit
1904 3954 1915 3988 :
1949 3935 2142 4003 Incipit
2167 3938 2439 3992 Decretum
2491 3940 2553 3991 de
2574 3937 2877 4007 abjiciendis
2916 3948 2960 3988 et
2992 3935 3300 4005 recipiendis

1724 4007 1889 4071 libris,
1912 4008 2048 4077 quod
2084 4010 2333 4077 scriptum
2382 4018 2453 4063 est
2482 4026 2511 4060 a
2563 4008 2769 4062 Gelasio
2812 4022 2947 4075 papa
2993 4024 3110 4060 cum
3148 4007 3299 4061 LXX

1722 4079 2080 4150 eruditissimis
2106 4080 2229 4131 viris
2255 4080 2508 4150 episcopis
2541 4081 2591 4130 in
2625 4078 2741 4150 sede
2772 4077 3053 4146 apostolica
3090 4078 3143 4131 in
3175 4079 3301 4131 urbe

1723 4148 1909 4202 Roma.
1942 4148 2219 4202 Balleriuii
2245 4148 2576 4211 existimant,
2615 4148 3079 4217 primantipartem
3112 4149 3300 4203 hacte-

1725 4234 1827 4272 nus
1868 4221 2175 4287 expositam
2221 4220 2438 4273 concilii
2481 4216 2707 4273 Romani
2750 4216 2815 4269 ad
2852 4216 3139 4271 Damasum
3181 4233 3302 4287 spe-

1723 4296 1892 4351 ctare,
1910 4306 2014 4342 non
2034 4291 2158 4342 item
2175 4289 2539 4358 reliqua.Nam
2559 4291 2671 4341 lucc
2688 4287 3135 4355 prael'atiojnnuit,
3151 4304 3307 4357 agen-

1723 4360 1848 4413 dum
1875 4374 1999 4413 esse
2026 4360 2092 4430 de
2115 4360 2267 4413 libris
2293 4358 2619 4430 apocryphis
2648 4377 2659 4411 :
2689 4358 2964 4430 hoc_enim
2996 4358 3306 4425 significant

1725 4430 1885 4483 verba
1916 4429 2039 4496 quid
2066 4431 2213 4483 vitari
2241 4430 2437 4484 debeat.
2464 4427 2551 4483 'Cl.
2586 4427 2899 4491 Zacharias,
2942 4430 3034 4495 qui
3078 4430 3303 4483 Damaso

1721 4510 2042 4568 sequentem
2073 4515 2334 4554 canonem
2376 4500 2776 4567 Scripturarum
2804 4496 3099 4564 adiudicat,
3145 4512 3305 4567 repo-

1724 4570 1824 4632 nit,
1851 4571 1989 4623 hanc
2016 4572 2307 4623 secundum
2341 4580 2544 4637 partem
2565 4582 2861 4622 connexum
2890 4582 3019 4637 esse
3040 4582 3160 4620 cum
3193 4569 3303 4637 pri-

1725 4656 1832 4703 ma,
1866 4650 1920 4693 et
1945 4640 2168 4694 indicari
2199 4641 2302 4692 illis
2336 4636 2518 4695 uerbis
2550 4639 2704 4693 initio
2751 4637 2960 4705 pasitis,
2988 4636 3207 4691 Dictum,
3233 4650 3306 4693 est

1724 4712 1978 4779 agendum
2001 4725 2172 4771 emus,
2203 4710 2395 4778 quibus
2426 4710 2541 4764 hzec
2572 4708 2922 4779 respOItdettt,
2977 4708 3133 4760 Nunc
3190 4725 3336 4761 vero-

1725 4776 1789 4851 αὖ
1818 4781 2101 4850 Scripturis
2128 4776 2314 4833 divinis
2334 4782 2591 4851 agendum
2614 4776 2708 4851 est,
2733 4786 2839 4851 etc.
2864 4776 3133 4851 Observat
3151 4778 3303 4832 dein-

1724 4850 1811 4915 de,
1837 4848 2141 4905 serinOnem
2168 4848 2515 4905 tantum'esse
2537 4851 2599 4902 de
2625 4848 3132 4916 Scriptutisdivinis,
3154 4864 3306 4916 quae-

1726 4936 1846 4973 nam
1880 4921 1932 4974 in
1966 4936 2226 4974 canouetu
2266 4924 2435 4989 recipi
2482 4921 2734 4975 debeant.
2777 4916 3017 4989 Denique
3056 4920 3301 4989 cnttjicit,

1726 4999 1848 5058 post
1862 4987 2537 5057 canonemScripturarum
2568 4990 2621 5045 in
2652 4989 2882 5043 com-ilio
2911 4987 3303 5042 Dautasiiuisse

1726 5059 2040 5123 iudicnlum,
2070 5074 2176 5128 quo
2197 5062 2286 5112 alii
2336 5061 2459 5115 libri
2509 5062 2611 5114 sub
2660 5058 3029 5127 apostolorum
3085 5060 3305 5114 nomine

1724 5130 1944 5201 conﬁcti
1969 5131 2314 5194 damnantur,
2345 5134 2435 5200 qui
2466 5133 2661 5201 legitur
2684 5132 2736 5201 in
2766 5128 2991 5201 epistola
3032 5128 3308 5201 innocen-

1732 5200 1788 5252 tii
1819 5200 1838 5253 ι
1862 5215 2001 5253 anno
2027 5201 2133 5253 405
2160 5200 2223 5251 ad
2256 5197 2585 5269 Exuperian
2608 5200 2919 5269 episcopum
2948 5197 3304 5269 Tolosanum.

1726 5270 1924 5323 Cretera
1948 5281 2135 5333 autem,
2163 5286 2274 5336 qua:
2295 5267 2391 5324 sub
2428 5267 2651 5327 nomine
2682 5268 2942 5331 Matthitc,
2995 5270 3097 5321 sive
3125 5267 3309 5322 Jacobi

1726 5343 1962 5405 minoris,
1989 5340 2067 5393 vel
2097 5344 2188 5391 sub
2218 5342 2421 5393 nomine
2462 5341 2621 5405 Petri,
2646 5351 2691 5392 et
2713 5338 2960 5403 Joannis,
2982 5355 3099 5409 qute
3124 5357 3155 5392 a
3178 5354 3309 5408 quo-

1728 5416 1847 5463 dam
1879 5410 2067 5465 Leucro
2097 5412 2287 5480 scripta
2330 5422 2466 5474 sunt,
2520 5411 2597 5463 vel
2626 5410 2729 5480 sub,
2751 5410 2955 5480 nomine
2984 5410 3223 5475 Thontte,
3262 5419 3310 5463 et

1727 5483 1772 5534 si
1795 5498 1899 5549 qua
1928 5488 2047 5533 sunt
2079 5479 2229 5544 talia,
2258 5498 2354 5533 non
2377 5481 2541 5540 solum
2564 5479 2911 5549 repudianda,
2939 5494 3109 5531 verum
3155 5482 3313 5533 etiam

1731 5552 1933 5605 noveris
1958 5567 2066 5604 esse
2092 5550 2412 5603 damnanda.
2476 5551 2573 5603 llic
2618 5556 2801 5603 autem
2853 5549 3123 5602 indicttlus
3155 5550 3314 5605 facile

1737 5624 1911 5676 omitti
1942 5623 2113 5691 potuit
2136 5636 2165 5675 a
2198 5622 2453 5685 librariis,
2483 5621 2623 5689 quod
2656 5622 2941 5676 Decretum
2968 5618 3314 5674 Gelasiannm
