3886 6338
203 299 303 356 793

202 413 420 472 Joannis
444 412 692 484 Apostoli
722 421 747 449 ο
781 412 954 482 Epist.
988 427 1123 467 una.

201 510 433 568 Alterius
461 509 688 564 Joannis
716 506 1024 580 presbyteri
1054 505 1308 578 Epistoltc
1335 506 1476 563 dure.

201 601 344 659 Juda:
372 600 590 659 Zelotes
612 600 640 640 δ
667 600 910 672 Epistola
940 615 1067 656 una.

267 792 398 848 Post
442 791 541 845 has
593 801 616 829 ε
661 788 852 845 omnes
907 788 1280 859 propheticas,
1313 796 1370 842 et
1412 786 1773 856 evangelicas,

198 894 358 956 atque
405 882 775 954 apostolicas,
832 895 968 952 quas
1015 881 1270 952 superius
1318 879 1776 952 deprom’psimus,

197 974 504 1047 Scriptores
525 1016 541 1041 ,
571 975 766 1045 quibus
812 973 1050 1028 Ecclesia
1081 972 1351 1028 catholica
1385 987 1481 1044 per
1509 981 1775 1028 terrarum

196 1068 386 1125 orbem
413 1082 444 1122 a
469 1067 581 1124 Deo
613 1065 830 1121 fundata
857 1073 960 1132 est,
990 1066 1152 1120 etiam
1182 1064 1541 1121 intimandum
1571 1064 1778 1135 putavi-

195 1175 348 1228 mus,
376 1159 521 1231 quod
567 1158 810 1228 quamvis
842 1158 1110 1214 universae
1141 1174 1236 1230 per
1265 1159 1455 1214 orbem
1497 1158 1777 1214 catholicae.

195 1255 410 1310 diﬂ'usze
459 1253 723 1309 Ecclesia:
768 1236 920 1322 quasi
961 1268 1099 1306 unus
1125 1252 1325 1307 Christi
1374 1253 1644 1308 thalamus
1684 1255 1776 1322 sit,

194 1355 382 1403 sancta
410 1356 588 1402 tamen
609 1345 852 1401 Romana
873 1341 900 1382 ἀ
933 1344 1173 1406 Ecclesia
1204 1360 1231 1398 a
1257 1347 1530 1402 nonnullis
1556 1346 1779 1420 synodi-

195 1440 274 1493 cis
301 1437 784 1493 constitutionibus
827 1429 1043 1492 cm'teris
1085 1437 1344 1502 ccclesiis
1379 1439 1600 1509 praelata
1634 1447 1717 1497 est
1759 1457 1773 1495 :

197 1530 290 1584 sed
320 1539 376 1585 et
405 1528 719 1598 evangelica
749 1543 881 1582 voce
911 1527 1120 1583 Domini
1150 1529 1446 1584 Salvatoris
1475 1532 1647 1586 nostri
1670 1532 1779 1602 pri-

194 1633 398 1680 rnatum
445 1622 683 1678 obtinuit
734 1641 747 1675 :
793 1621 874 1676 Tu
919 1639 992 1692 es,
1043 1623 1243 1694 inquit,
1292 1623 1503 1690 Petrus,
1551 1634 1597 1678 et
1622 1641 1778 1696 super

193 1719 327 1772 lianc
355 1725 554 1787 petram
583 1714 851 1784 wdiﬁcab‘o
885 1713 1170 1770 Ecclesium
1201 1731 1398 1782 meam,
1427 1725 1472 1769 et
1502 1727 1663 1782 partce
1691 1717 1774 1771 iu—

795 297 1173 354 DECRETUM
1213 297 1302 354 DE
1339 296 1560 356 LlBRlS
1602 298 2056 373 RECIPIENDIS,
2093 302 2184 358 ET
2222 301 2359 358 NON
2398 300 2858 360 RECIPIENDIS.

3264 376 3267 377 ί
3359 302 3464 361 vos

1806 417 1857 480 Α
1886 416 2053 471 cietas
2078 417 2376 473 beatissimi
2402 416 2555 474 Pauli
2578 419 2836 490 apostoli,
2867 417 3013 475 vasis
3038 419 3343 487 electionis,
3374 419 3483 493 qui

1881 524 1989 564 non
2016 509 2253 581 diverso,
2283 511 2424 567 sicut
2448 511 2689 568 haeretici
2712 513 3021 582 garriunt",
3049 514 3147 570 sed
3182 524 3289 570 uno
3329 523 3467 570 tem-

1881 616 2046 670 pore,
2076 617 2183 656 uno
2211 602 2651 673 eodemquedie,
2681 590 2916 675 gloriosa
2947 617 3125 663 morte
3147 620 3270 662 cum
3303 605 3464 662 Petro

1881 692 1936 747 in
1969 693 2103 749 urbe
2137 694 2302 749 Roma
2341 694 2442 750 sub
2470 693 2686 752 Caesare
2718 696 2935 752 NerOne
2962 698 3275 769 agonizans,
3307 697 3467 754 cero-

1881 796 2040 843 natus
2065 797 2148 843 est
2176 805 2190 842 :
2225 798 2280 844 et
2306 789 2511 860 pariter
2538 788 2911 860 supradictam
2940 790 3241 847 Romanam
3277 789 3469 846 Eccle-

1879 879 2016 936 siam
2062 878 2280 937 Christo
2313 881 2541 941 Domino
2586 870 2998 950 consecrarunt,
3027 884 3258 956 aliisque
3287 885 3467 941 omni-

1880 971 1981 1028 bus
2011 973 2066 1028 in
2097 974 2352 1029 universo
2391 974 2592 1029 mundo
2619 989 2716 1030 sua
2752 974 3041 1046 praesentia
3088 985 3250 1048 atque
3299 992 3466 1033 vene-

1881 1062 2054 1120 rando
2079 1062 2353 1135 triumpho
2400 1048 2776 1133 praetulerunt.
2811 1065 2907 1120 Est
2953 1081 3084 1137 ergo
3116 1065 3288 1138 prima
3315 1065 3464 1124 Petri
3519 1137 3522 1140 g

1879 1156 2111 1226 apostoli
2141 1155 2302 1212 sedes
2327 1143 2571 1211 Romam:
2610 1155 2880 1224 Ecclesia,
2907 1173 3013 1214 non
3044 1157 3250 1215 habens
3278 1174 3462 1215 macu—

1881 1248 2010 1315 lam,
2039 1263 2215 1320 neque
2242 1264 2455 1318 rugam,
2486 1263 2586 1304 nec
2615 1239 2817 1319 aliquid
2852 1249 3184 1320 hujusmodi.
3210 1251 3464 1308 Secunda

1880 1350 2062 1396 autem
2109 1339 2268 1397 sedes
2317 1342 2461 1412 apud
2510 1335 2894 1397 Alexandriam
2946 1341 2966 1380 τ
3014 1344 3160 1400 Petri
3209 1331 3464 1402 a-Marco

1882 1434 2100 1490 nomine
2128 1434 2248 1504 ejus
2294 1433 2563 1503 discipulo
2597 1443 2758 1506 atque
2787 1435 3122 1506 evangelista
3151 1447 3469 1502 consecrata

1880 1538 1994 1597 est;
2025 1529 2243 1599 ipseque
2274 1529 2326 1583 in
2352 1527 2649 1599 Egyptum
2681 1529 2923 1586 directus
2948 1545 2977 1584 a
3000 1528 3167 1586 Petro
3194 1531 3466 1602 apostolo,

1880 1623 2106 1679 Verbum
2157 1618 2402 1678 veritatis
2454 1622 2787 1691 praedicavit,
2820 1631 2876 1678 et
2920 1622 3218 1694 gloriosum
3264 1634 3470 1696 marty-

1881 1716 2021 1770 rium
2050 1715 2466 1771 consummavit.
2501 1714 2683 1770 Tertia
2729 1729 2858 1770 vero
2902 1714 3062 1770 sedes
3110 1713 3251 1785 apud
3279 1717 3470 1772 Antio-

192 1810 291 1880 [eri
321 1824 423 1862 non
452 1806 798 1879 prteralebunt
824 1805 1070 1860 adversus
1097 1821 1229 1872 eam,
1261 1814 1310 1859 et
1339 1806 1428 1860 tibi
1455 1806 1587 1861 dabo
1608 1808 1775 1863 claues
1810 1820 1854 1877 Β
1880 1804 2057 1864 ehiam
2087 1808 2387 1865 beatissimi
2419 1809 2655 1878 apostoli
2677 1809 2822 1865 Petri
2849 1809 3083 1865 habetur
3110 1809 3471 1882 honorabilis,

191 1903 337 1974 regni
365 1901 631 1967 caelorum,
656 1910 702 1953 et
739 1900 1090 1970 quodcumque
1115 1899 1352 1970 ligaveris
1384 1918 1536 1973 super
1561 1910 1771 1968 terram,

192 1997 534 2073 eritligatum
561 1995 682 2048 etin
713 1994 849 2048 caelis
877 2008 894 2046 :
927 2003 975 2047 et
1004 1991 1359 2064 quodcumque
1384 1993 1593 2050 solveris
1623 2011 1775 2066 super
1807 1994 1812 1999 “

192 2097 406 2158 terram,
436 2089 534 2146 erit
559 2088 788 2146 solutum
812 2095 859 2141 et
887 2086 941 2140 in
970 2084 1130 2144 caelis.
1162 2083 1361 2144 Addita
1388 2094 1474 2143 est
1501 2087 1663 2142 etiam
1687 2101 1775 2142 so-

1881 1911 1938 1958 et
1959 1901 2275 1973 quodillam
2296 1903 2546 1973 primitus
2575 1918 2735 1974 quam
2758 1903 2988 1959 Romam
3017 1900 3475 1974 veniret,’_habita-

1881 1996 1981 2063 vit,
2012 2005 2065 2051 et
2095 1995 2206 2050 illic
2255 1995 2487 2065 primum
2536 2008 2733 2051 nomen
2762 1993 3198 2054 Christianorum
3244 1994 3472 2053 novella:

1881 2089 2060 2160 gentis
2083 2095 2330 2150 exortum
2360 2097 2461 2144 est.
2494 2097 2518 2139 ts
2545 2088 2715 2145 Finis.

1344 2247 1353 2256 .
1385 2204 1546 2256 rans
1579 2179 1872 2258 Saeuam
1900 2206 1982 2258 ET
2015 2206 2268 2260 TERTIA.
2815 2274 2822 2282 ,

675 2293 944 2352 Decretum
971 2291 1322 2357 Gelasianum,
1344 2308 1408 2346 ea:
1432 2309 1555 2346 mss.
1594 2291 1883 2362 Vaticanis,
1916 2285 2116 2350 necnon
2142 2293 2491 2367 Parapltrasis
2512 2295 2747 2368 ejusdem
2767 2295 2985 2354 decreti.

744 2384 896 2450 galch
915 2385 1044 2436 inter
1060 2396 1209 2450 opera
1232 2381 1412 2435 Gelasii
1435 2384 1612 2436 melius
1631 2384 1910 2437 collocanda
1930 2399 2256 2449 reservamus,
2284 2387 2384 2449 ubi,
2405 2388 2444 2438 si
2464 2387 2643 2452 placet,
2671 2386 2900 2451 legesis.)

1675 2515 1990 2574 SCllOLlA.

260 2669 287 2698 ι
313 2659 370 2715 In
401 2672 610 2712 canone
652 2656 953 2712 Innocentii
979 2655 1030 2720 1,
1062 2663 1116 2709 et
1145 2654 1196 2708 in
1227 2652 1350 2708 aliis
1383 2653 1463 2706 hac
1497 2661 1606 2709 tres
1647 2653 1774 2724 Epi-
1825 2688 1828 2692 -

190 2733 346 2786 stolae
369 2730 533 2785 unius
553 2728 779 2783 Joannis
796 2726 1160 2797 apostoliesse
1182 2725 1455 2797 dicuntur.
1483 2724 1540 2778 lu
1563 2739 1774 2797 canone

189 2802 405 2856 Damasi
437 2815 538 2856 una
569 2800 763 2855 Joanni
787 2795 1057 2865 apostolo,
1084 2796 1203 2850 duze
1232 2795 1429 2852 Joaoni
1458 2796 1775 2866 presbytero

187 2873 537 2927 ascribuntur
565 2885 628 2923 ex
662 2868 966 2930 sententia,
997 2883 1157 2935 quam
1193 2867 1558 2936 Hieronymus
1601 2869 1777 2921 innuit

184 2945 254 2998 de
284 2944 398 2998 Vir.
429 2943 625 2996 illustr.
647 2955 701 2994 c.
722 2941 755 2995 9
781 2958 793 2991 :
826 2939 1044 3007 Scripsit
1078 2948 1243 2991 autem
1275 2937 1539 3007 (Joannes
1560 2947 1779 3006 aposto-

186 3014 296 3085 lus)
321 3023 365 3067 et
392 3029 547 3066 unam
565 3011 908 3085 epistolam...
935 3006 1170 3085 Reliquae
1195 3020 1366 3062 autem
1397 3009 1593 3085 (iure...
1611 3006 1775 3085 Joan:

185 3077 574 3154 ais'presbyteri
601 3077 918 3137 asseruntur.
948 3077 1255 3149 Antiquitas
1295 3077 1522 3133 canonis
1564 3079 1776 3134 Damasi

187 3154 387 3210 exltac
422 3166 574 3224 parte
601 3154 1044 3224 comprobatur.“
1168 3223 1171 3224 ν
1255 3220 1338 3224 _‘
1499 3221 1511 3224 _
1599 3221 1654 3224 μ
1734 3208 1738 3212 .

260 3224 289 3263 δ
321 3220 500 3280 Diess.
534 3220 979 3286 scribit'Zelotis;
1010 3222 1127 3275 Vat.
1157 3223 1208 3288 1,
1244 3220 1465 3275 Zelotes.
1499 3221 1552 3276 ln
1599 3221 1774 3277 DieSs.

199 3296 444 3362 additur,
473 3294 702 3360 Explicit
732 3310 896 3348 canon
937 3293 1075 3347 Noui
1108 3293 1444 3348 Testamcnti.

265 3378 288 3406 ο
317 3367 525 3422 Inserta
556 3366 671 3420 haec
699 3366 858 3420 etiam
891 3377 1014 3418 sunt
1052 3365 1103 3417 in
1135 3364 1366 3416 Decreto
1393 3362 1592 3418 Gelasii
1631 3378 1645 3415 :
1680 3363 1772 3417 sed

189 3440 514 3508 scripturam
555 3437 880 3508 exhibemus
918 3435 1041 3488 Vat.
1079 3435 1130 3508 ᾖ,
1164 3449 1282 3503 quae
1333 3435 1389 3508 in_
1433 3450 1538 3488 non
1586 3435 1775 3508 paucis

189 3503 375 3565 dilYert
412 3523 442 3562 a
464 3508 676 3576 vulgata
702 3507 957 3569 lectione,
988 3516 1044 3559 ut
1071 3504 1347 3576 decretum
1379 3505 1552 3572 ipsmn
1576 3503 1774 3559 Gclasii

191 3596 318 3634 mox
347 3575 761 3633 describendum
807 3577 1106 3630 eoulereuti
1156 3575 1383 3635 patebit.
1410 3576 1776 3630 Cresconiana

189 3651 447 3707 collectio
479 3648 618 3716 apud
653 3647 940 3701 Baronium
972 3661 1114 3700 anno
1142 3646 1210 3699 69
1231 3689 1244 3710 ,
1276 3661 1423 3698 uuln.
1454 3646 1507 3706 4.
1535 3647 1779 3701 nonnihil

190 3725 358 3776 etiam
413 3720 592 3774 tliﬂ'ert
635 3733 665 3772 a
697 3718 817 3772 Vat.
868 3719 917 3780 1,
951 3729 1009 3770 ut
1053 3718 1098 3769 et
1146 3718 1454 3785 apostolica:
1500 3731 1600 3786 pro
1627 3726 1781 3786 atque

191 3791 530 3862 apostolicos,
551 3799 602 3845 et
636 3802 762 3843 mox
792 3788 1021 3862 Ecclesia
1048 3788 1303 3862 catholica
1328 3803 1416 3862 per
1437 3789 1661 3862 gratiam
1688 3788 1781 3862 I_)ei

190 3855 418 3934 fundata
446 3872 539 3929 est,
580 3872 636 3915 et
682 3877 814 3912 unus
860 3859 1117 3934 thalamus
1147 3855 1338 3934 Cltristi
1369 3855 1457 3934 sit:
1481 3859 1782 3934 _Antortius

191 3927 258 3988 ad
301 3927 600 4002 marginem
643 3938 858 4002 notat:
904 3929 1367 4002 Cantiu-uatiogper
1395 3927 1782 4002 Qelttsiunt_pa-

191 4021 316 4075 pom
359 3998 496 4057 anno
518 4003 646 4068 494,
678 4001 887 4075 nescio,
913 3999 983 4075 au
1031 4015 1094 4055 ex
1143 3998 1355 4075 codice.
1402 4000 1604 4075 Verba,
1653 3998 1782 4073 Itent

191 4070 528 4143 ilictuchst,
579 4075 834 4139 inuuunt,
880 4073 1022 4127 idem
1065 4070 1356 4126 concilium
1403 4071 1521 4125 sub.
1550 4070 1782 4126 Damaso

189 4145 524 4201 continuari.

265 4215 293 4255 ά
334 4214 698 4272 Cresconiana
730 4214 983 4270 collectio
1015 4214 1250 4269 Romana
1279 4212 1490 4267 ecclesia
1518 4213 1782 4268 nonnullis

190 4289 461 4358 synodicis
491 4287 782 4341 constitutis
809 4287 1028 4349 caeteris,
1060 4296 1166 4358 etc.
1200 4285 1395 4358 Postea
1416 4285 1652 4354 inquiens
1683 4300 1782 4353 pro

191 4355 387 4430 inquit.
411 4356 573 4430 infra
593 4399 609 4424 ,
657 4370 702 4430 et
731 4373 1060 4428 qutccuntque
1091 4355 1327 4427 ligaveris
1357 4373 1509 4430 super
1550 4365 1778 4430 terram,

190 4428 348 4483 erunt
381 4429 540 4501 ligata
569 4438 616 4482 et
663 4429 714 4501 in
746 4430 892 4490 creto,
928 4439 973 4482 et
1002 4442 1333 4497 quacumque
1376 4428 1585 4480 solveris
1629 4443 1782 4497 super

192 4497 582 4562 terramferunt
606 4497 776 4552 soluta
806 4511 854 4552 et
884 4501 935 4551 in
961 4501 1109 4552 caelo.

273 4582 298 4608 ο
341 4569 574 4624 Notatur
605 4573 657 4624 in
688 4581 858 4638 marg.
891 4569 1012 4624 Vat.
1053 4571 1100 4633 Ι,
1136 4569 1411 4622 Auacletus
1439 4568 1493 4622 in
1529 4569 1689 4639 cpist._
1712 4570 1779 4635 5,

190 4653 239 4697 et
270 4640 514 4696 Gelusius
537 4658 674 4711 papa
703 4641 754 4693 in
782 4641 999 4711 cpistola
1030 4641 1294 4694 decretali.
1315 4639 1519 4711 Gelasii
1549 4639 1780 4708 epistola

189 4712 492 4767 decretalis
527 4709 616 4764 est
653 4709 930 4766 decretum
971 4719 1162 4780 postea
1206 4709 1614 4780 proferendum.
1650 4711 1777 4779 Epic

189 4784 356 4837 stolae
395 4780 646 4837 Anacleti
688 4791 987 4837 censentur
1039 4781 1338 4851 supposita:
1369 4798 1382 4834 ε
1418 4781 1469 4834 iu
1500 4796 1562 4834 ea
1593 4782 1628 4835 ὅ
1663 4780 1781 4851 epi-

1878 2656 2124 2712 hceretici
2154 2657 2208 2712 in
2252 2655 2355 2713 hoc
2396 2657 2633 2714 concilio
2676 2657 2764 2712 illa
2813 2657 3156 2729 petissimum
3194 2658 3264 2717 de
3308 2672 3470 2719 causa

1877 2731 2341 2798 perstringuntur,
2393 2729 2540 2799 quod
2571 2730 2795 2784 Paulum
2837 2747 2865 2783 a
2920 2730 3064 2785 Petri
3106 2732 3369 2787 societate
3417 2736 3471 2790 in

1877 2799 2122 2873 martyrii
2155 2801 2659 2873 locosejungerent
2691 2819 2704 2854 :
2738 2816 2801 2855 ac
2830 2801 3064 2873 libenter
3094 2802 3329 2873 legerem
3379 2806 3472 2873 qui

1877 2886 1979 2923 non
2010 2871 2232 2943 diuerso,
2252 2871 2387 2943 sicut
2410 2871 2641 2925 ltwretici
2660 2873 2918 2943 garriunt,
2948 2870 3083 2939 loco,
3106 2870 3196 2926 sed
3221 2884 3324 2928 uno
3345 2870 3472 2930 tent-

1878 2941 2135 3015 porehvel
2173 2942 2261 3008 qui
2287 2958 2399 3015 non
2419 2941 2805 3015 direrso,g'sicut
2834 2942 3354 3015 luereticigurriunt,
3381 2951 3471 3002 sed

1880 3006 1998 3088 uno
2017 3006 2152 3088 loco,
2181 3006 2282 3066 uno
2305 3013 2582 3088 eodemque
2610 3013 2848 3088 dieLcte‘.
2882 3013 2937 3067 In
2963 3006 3111 3088 Actis
3139 3006 3469 3088 apocryphis

1838 3124 1840 3127 -
1882 3082 1999 3137 Lini
2043 3082 2295 3147 refertur,
2329 3082 2548 3138 Petrum
2610 3090 2671 3138 'et
2711 3084 2934 3138 Paulum
2976 3082 3190 3139 diverso
3234 3082 3361 3142 loco
3416 3098 3470 3143 et

1882 3163 2126 3226 tempore
2154 3168 2341 3218 passos
2361 3155 2532 3226 luisse
2553 3172 2565 3208 :
2585 3170 2694 3226 quo
2718 3155 2974 3210 imbecilli
3007 3157 3314 3212 testimonio
3335 3175 3469 3214 non-

1881 3225 2017 3279 nulli
2066 3234 2314 3279 recentes
2359 3225 2612 3280 ha-retici'
2649 3226 2826 3280 adhuc
2863 3237 3102 3293 utuntur,
3144 3235 3204 3281 ut
3246 3228 3466 3285 Petrum

1882 3295 2075 3377 ltoma’;
2084 3295 2399 3377 exstitisse.
2430 3306 2520 3377 aut
2547 3302 2807 3377 marterO
2832 3297 3146 3351 coronatum
3175 3299 3338 3354 luisse
3366 3316 3466 3355 ne-

1879 3377 2026 3434 gent.
2058 3366 2258 3433 Verba,
2284 3383 2404 3431 qua:
2429 3372 2479 3419 tu
2511 3366 2745 3421 concilio
2771 3379 3097 3436 sequuntur,
3129 3384 3302 3423 meam
3332 3386 3465 3425 eon-

1875 3437 2146 3506 jecturam
2170 3439 2492 3492 conlirutant
2517 3455 2529 3490 :
2556 3437 2668 3492 Sua
2692 3441 2961 3506 prtesentia
3008 3448 3159 3504 atque
3178 3443 3466 3496 uenerando

1882 3508 2141 3581 triumpho
2193 3509 2552 3581 prtetulei'unt.
2604 3508 2968 3581 Cresconiaua
3023 3509 3274 3565 collectio
3322 3513 3464 3581 apud

1884 3576 2173 3633 Barouium
2193 3576 2366 3650 irelert
2390 3582 2475 3646 qui
2514 3596 2614 3649 non
2657 3580 2889 3645 diverso,
2921 3581 3051 3634 sicut
3080 3582 3214 3650 [also
3240 3576 3466 3637 haeretici

1883 3651 2150 3721 garriunt,
2176 3649 2264 3702 sed
2293 3665 2423 3721 unol
2445 3649 2724 3720 eodemque
2739 3651 2854 3721 die,
2883 3661 2988 3704 etc.
3022 3649 3189 3704 Paulo
3220 3663 3340 3720 post
3382 3671 3470 3707 stt-

1885 3719 1979 3786 pra
2025 3722 2214 3774 dictam
2267 3721 2326 3773 8.
2385 3719 2674 3774 Romanam
2729 3719 3012 3775 Ecclesium
3061 3719 3468 3790 consecrarunt;

1885 3805 2060 3899 neque
2081 3791 2231 3860 plura
2256 3806 2322 3844 ex
2346 3807 2408 3844 ea
2440 3791 2759 3846 collectione
2781 3790 2991 3861 prot‘ert
3014 3791 3299 3848 Barouius.

2022 3862 2158 3899 Truc
2187 3861 2283 3899 Ius:
2313 3861 2474 3899 cmlnc
2504 3862 2643 3899 θοινί
2667 3878 2788 3899 ncces
2814 3862 2942 3899 (linit
3001 3862 3056 3899 In
3086 3864 3299 3899 Anne-nm

2022 3862 2159 3916 Tres
2187 3861 2284 3914 bas
2313 3861 2474 3915 sedes
2504 3862 2645 3916 Petri
2667 3878 2788 3917 esse
2814 3862 2969 3917 dicit.
2999 3862 3056 3916 In
3085 3864 3308 3926 decreto
3335 3880 3466 3920 vero
3516 3911 3519 3916 ,

1884 3931 2088 4006 Gelasii
2118 3930 2515 4006 legitur,__l’etri
2542 3933 2750 4006 nomine
2774 3952 2804 3987 a
2828 3932 3007 3987 Marco
3042 3937 3154 4006 ejus
3182 3934 3462 4006 discipulo.

1958 4013 1982 4050 ες
2025 4002 2079 4056 lu
2126 4002 2672 4075 codieeVeronensi,
2715 4004 2768 4057 iu
2815 4019 2945 4075 quo,
2988 4002 3231 4064 ut’tlixi,
3286 4002 3468 4062 conci—

1884 4072 2014 4127 lium
2066 4081 2151 4128 est
2198 4074 2476 4140 mutilum,
2524 4083 2580 4128 ct
2634 4072 2899 4142 incipit'a
2956 4074 3139 4131 verbis
3194 4075 3325 4131 Post
3373 4077 3468 4132 Ims

1885 4161 2061 4216 omnes
2104 4145 2444 4216 prapheticas,
2495 4154 2628 4211 etc.,
2657 4153 2894 4216 notatur.
2927 4145 3028 4201 hoc
3055 4146 3199 4213 loco,
3240 4146 3470 4214 Explicit

1884 4213 2173 4287 Conciliato:
2199 4213 2305 4267 sub
2353 4215 2588 4287 Damaso
2623 4233 2775 4287 papa.
2809 4215 2898 4271 Sic
2930 4217 3234 4272 absolutum
3285 4213 3469 4274 conci-

1882 4285 2014 4340 lium
2067 4285 2368 4339 Bomanum
2431 4286 2530 4358 sub
2579 4285 2812 4341 Damaso
2866 4288 3003 4342 nihil
3060 4303 3173 4358 pra:
3226 4305 3285 4343 se
3338 4290 3465 4358 fert,

1882 4373 1982 4412 cur
2033 4359 2262 4428 Damaso
2301 4357 2598 4425 ahjudieari
2647 4358 2864 4413 debeat.
2910 4357 3242 4428 Argumenta
3287 4357 3467 4427 enim,

1883 4443 2004 4497 qua:
2034 4444 2102 4482 ex
2148 4427 2358 4482 ratione
2406 4437 2711 4493 temporum
2755 4429 2909 4483 multi
2940 4427 3219 4498 proferunt
3243 4473 3256 4492 .
3287 4432 3464 4487 solum

1883 4499 2135 4570 probant.
2162 4512 2269 4552 non
2297 4512 2416 4553 esse
2448 4498 2660 4553 Damasi
2689 4513 2754 4554 ea
2782 4501 2986 4566 omnia,
3013 4516 3134 4570 quze
3164 4503 3216 4556 in
3235 4501 3468 4557 Decreto

1881 4568 2170 4641 Gelasiano
2199 4570 2570 4641 continentur,
2600 4580 2660 4623 ut
2700 4584 2798 4641 per
2828 4586 2889 4626 se
2917 4568 3125 4626 clarum
3166 4580 3270 4627 est.
3311 4572 3466 4636 Quod

1878 4638 1931 4695 si
1954 4640 2122 4710 aliqui
2149 4639 2367 4695 codices
2394 4638 2841 4696 non'solum'hoc
2863 4643 3150 4697 concilium
3176 4643 3293 4697 suis
3322 4643 3466 4697 limi-

1885 4711 2028 4765 tibus
2057 4711 2397 4776 conelusum,
2431 4711 2528 4765 sed
2561 4721 2732 4766 totum
2762 4714 2926 4767 etiam
2957 4713 3232 4768 decretum
3262 4713 3468 4769 Gelasii

1883 4781 1986 4837 sub
2013 4781 2227 4835 Damasi
2248 4782 2468 4836 nomine
2492 4782 2775 4851 exhibent,
2801 4784 2845 4837 is
2871 4799 3022 4837 error
3039 4784 3164 4839 inde
3190 4793 3464 4851 natusest,

191 4855 335 4908 stola
355 4853 654 4926 ,_qnatnvis
690 4854 846 4922 plura
863 4867 942 4926 ex
981 4853 1162 4907 verbis
1202 4861 1285 4926 et_
1306 4852 1592 4926 sententiis
1621 4853 1778 4920 hujus
1806 4865 1860 4926 D
1885 4853 2033 4926 quod
2046 4854 2140 4926 vel
2164 4851 2680 4926 Gelasiusprimam
2705 4863 2914 4926 partem
2935 4856 3018 4909 sui
3051 4855 3251 4910 decreti
3274 4870 3340 4926 ex
3363 4854 3468 4910 hoc

190 4923 396 4988 synodi
429 4923 813 4992 producantur,
844 4923 1039 4978 desunt
1064 4932 1239 4978 tamen
1274 4923 1390 4977 haec
1417 4924 1608 4990 verba,
1650 4925 1782 4977 sicut

189 4994 426 5050 famelici
467 4996 700 5065 garriunt
724 5009 743 5047 :
771 5009 835 5048 ac
879 4992 1114 5049 fortasse
1159 4994 1286 5048 huic
1325 4993 1448 5065 loco
1488 4993 1557 5047 ab
1598 4993 1782 5065 aliquo

189 5075 381 5120 assuta
409 5063 558 5119 sunt.
602 5064 855 5119 Nonnulli
887 5066 1028 5118 enim
1077 5074 1294 5119 suntex
1332 5063 1571 5133 antiquis
1609 5063 1782 5118 Patri-

192 5136 397 5205 tribus,
427 5137 518 5204 qui
548 5135 797 5200 Petrum,
833 5146 887 5190 et
917 5134 1366 5189 PaulumJioma:
1418 5135 1636 5204 quidem
1658 5176 1674 5202 ,
1725 5145 1783 5190 et

189 5207 390 5261 eodem
413 5207 520 5269 die,
553 5207 649 5261 sed
680 5221 786 5272 non
814 5205 1004 5260 eodem
1032 5220 1174 5261 anno
1205 5205 1520 5275 martyrium
1551 5207 1782 5262 subiisse

189 5277 498 5343 afﬁrmem,
531 5288 587 5330 ut
631 5276 854 5331 ostendi
890 5277 942 5330 in
970 5285 1265 5330 comment.
1318 5274 1386 5330 ad
1430 5274 1779 5332 Prudentium

193 5349 389 5419 hymn.
423 5347 490 5400 12
518 5347 711 5419 Perist.
747 5362 899 5419 vers.
938 5349 993 5404 5.
1015 5345 1194 5419 ,Addo
1230 5362 1375 5419 nunc
1405 5348 1784 5419 Sacramenta-

193 5417 366 5480 rium,
390 5418 535 5488 quod
556 5417 614 5473 S.
647 5417 814 5473 Leoni
840 5417 1170 5472 Blanchinus
1190 5417 1400 5472 at'linxit
1420 5459 1434 5481 ,
1464 5418 1556 5474 alii
1582 5419 1648 5473 ad
1674 5418 1780 5474 Ge-

193 5488 395 5544 lasium
420 5487 685 5553 referunt,
713 5488 958 5544 nonnulli
983 5489 1050 5543 ad
1071 5489 1338 5557 privatum
1365 5489 1597 5557 aliquem
1629 5500 1782 5546 vete-

190 5575 310 5629 rem
344 5559 698 5628 scriptorem,
736 5562 789 5614 in
816 5560 1022 5628 prastat.
1057 5559 1228 5616 Natal.
1267 5558 1500 5629 apostol.
1537 5558 1682 5615 Petri
1726 5570 1783 5616 et

191 5628 350 5703 Pauli
382 5648 396 5684 :
425 5629 517 5685 Sic
550 5631 934 5703 dispensatione
972 5633 1171 5685 diversa
1209 5628 1365 5685 unam
1401 5630 1590 5686 Christi
1624 5632 1781 5701 fami-

192 5701 322 5756 liam
346 5701 769 5785 "congregantes,
815 5712 1042 5774 tempore
1075 5703 1190 5756 licet
1233 5703 1473 5785 discreto,
1517 5719 1781 5785 recurrens

190 5788 301 5830 una
321 5772 436 5831 dies
463 5772 519 5830 in
544 5783 807 5844 ceternum,
841 5786 890 5832 ct
917 5772 1022 5831 una
1056 5790 1246 5832 corona
1271 5775 1498 5831 sociavit.
1530 5773 1782 5832 Fortasse

1882 4923 2115 4978 c0ncilio
2136 4923 2388 4991 sumpsit,
2412 4920 2471 4978 ut
2497 4920 2782 4993 pontiﬁces
2813 4924 3040 4981 Romani
3069 4941 3136 4980 ex
3162 4925 3470 4995 pnedeces-

1880 4995 2099 5066 scribus
2127 4995 2284 5066 plura
2312 4995 2629 5059 sumebant,
2660 4996 2745 5049 vel
2774 4995 2993 5066 aliu‘ude
3027 4996 3318 5050 concilium
3363 4996 3467 5052 Da-

1882 5066 2019 5120 masi
2047 5064 2114 5119 ab
2132 5064 2319 5134 aliquo
2344 5066 2618 5132 adjectum
2645 5066 2744 5121 luit
2767 5065 2986 5120 decreto
3000 5065 3202 5121 Gelasii
3227 5067 3295 5121 de
3317 5067 3470 5122 libris

1883 5137 2016 5208 (non
2045 5134 2265 5208 divinis)
2304 5137 2665 5206 recipiendis,
2693 5137 2777 5192 vel
2815 5153 2946 5208 non
2969 5137 3329 5208 recipiendis.
3361 5136 3468 5192 Fa-

1881 5205 1986 5262 cile
2005 5216 2186 5262 autem
2215 5207 2333 5272 luit,
2363 5205 2509 5262 utex
2531 5210 2704 5277 prima
2737 5218 2888 5274 parte
2918 5205 3121 5263 decreti
3153 5207 3429 5262 Gelasiaoi
3450 5251 3465 5273 ,

1924 5295 2045 5332 nam
2074 5279 2283 5332 Damasi
2306 5290 2429 5333 esse
2445 5281 2750 5343 constabat,
2778 5277 2833 5332 in
2863 5279 3048 5333 multis
3070 5277 3354 5333 codicibus
3374 5281 3469 5334 toti

1925 5359 2110 5406 ecreto
2139 5350 2585 5420 nomeirDamast
2614 5349 3081 5420 prtescriberetur.
3129 5347 3470 5420 Probabilius

1880 5429 2062 5476 autem
2101 5421 2296 5486 credo,
2326 5418 2818 5490 Gelasium‘ipsum
2849 5424 2916 5490 in
2940 5419 3162 5474 decreto
3186 5418 3255 5473 de
3297 5419 3471 5490 scrip-

1883 5493 2020 5546 turis
2051 5490 2402 5560 recipiendis,
2430 5501 2485 5547 et
2509 5505 2615 5546 non
2646 5489 2974 5559 recipiendis
2993 5489 3377 5545 concinnando
3400 5506 3466 5544 ex

1883 5561 2103 5618 Damasi
2135 5561 2368 5616 concilio
2409 5562 2637 5630 primam
2677 5571 2884 5631 partem
2908 5606 2922 5630 ,
2969 5560 3243 5617 nonnullis
3280 5560 3469 5631 leviter

1883 5634 2126 5702 mutatis,
2155 5632 2280 5687 aliis
2301 5633 2537 5696 omissis,
2568 5630 2691 5687 aliis
2710 5632 2932 5702 additis,
2954 5632 3238 5701 accepisse
3273 5649 3286 5686 :
3326 5630 3469 5701 quod

1883 5705 2099 5777 exipso
2127 5704 2370 5777 decreto,
2402 5703 2560 5777 quod
2584 5718 2729 5777 nunc
2760 5703 2984 5777 sistam,
3013 5704 3253 5774 lacilius,
3284 5712 3342 5760 ut
3365 5715 3470 5774 ego

1881 5775 2100 5848 quidem
2131 5775 2388 5846 arbitror,
2417 5774 2768 5848 percipietur.
