3886 6324
439 177 543 231 793

1572 176 1821 233 SEVERI
1861 176 2202 234 RHETORIS
2244 179 2329 233 ET
2371 176 2619 261 ΡΟΕΊξιΕ
2679 216 2685 221 ι

3595 190 3692 244 796

529 342 3693 404 Μ

1493 1020 1590 1077 (Ex
1614 1018 1830 1072 Galland.
1853 1016 2078 1069 Biblioth.
2102 1017 2236 1069 Vett.
2262 1019 2396 1071 Patr.
2418 1027 2534 1072 tom.
2556 1022 2665 1087 IX.)

1656 1361 2497 1437 PBOLEGOMENA.

506 1549 556 1601 l.
599 1543 889 1614 Scriptoris
916 1542 1073 1611 hujus
1095 1556 1289 1595 nomen
1315 1533 1364 1593 in
1389 1538 1653 1594 Carminis
1675 1539 1999 1593 cditionibus
2030 1544 2073 1600 Λ
2173 1541 2227 1594 2.
2268 1540 2398 1608 Quae
2423 1537 2545 1597 cum
2590 1545 2661 1599 ita
2704 1546 2815 1601 sint
2841 1589 2856 1614 ,
2906 1546 3135 1605 Carmcn
3164 1554 3265 1608 sub
3291 1550 3472 1619 Severi
3499 1558 3680 1615 Sancti

428 1636 585 1704 cujus
613 1644 697 1689 est
725 1641 910 1689 auctor
935 1678 949 1700 ,
998 1633 1066 1685 ita
1115 1631 1490 1685 circumfertur
1530 1648 1542 1681 :
1575 1628 1822 1697 SEvgnus
1866 1631 1997 1684 Sam

428 1736 581 1785 crus,
598 1721 651 1773 id
676 1729 752 1775 est
785 1720 1155 1773 ENDBLECHIUS
1188 1717 1399 1772 Rhetor.
1420 1718 1552 1773 llinc
1578 1726 1692 1771 orta
1720 1717 1787 1772 de
1809 1718 1998 1772 eodem

431 1814 694 1882 scripture
737 1812 879 1865 varia
922 1812 1155 1865 virorum
1197 1796 1530 1865 eruditorum
1579 1809 1867 1865 sententia.
1919 1809 1995 1863 Ex

431 1906 642 1974 vulgata
691 1918 918 1973 namque
965 1903 1203 1957 editione
1244 1914 1429 1957 censet
1470 1900 1841 1955 TilletttOttlittS
1878 1899 1953 1971 (α)
1985 1942 1998 1967 ,

427 2004 699 2050 auctorem
745 2010 864 2050 esse
910 1993 1276 2047 Endelechium
1324 1993 1414 2063 qui
1462 1992 1559 2047 sub
1602 1992 1775 2048 Severi
1822 1991 2002 2047 Sancti

430 2089 651 2142 nomine
682 2071 1121 2140 laterevoluerit.
1152 2084 1256 2138 Alii
1299 2096 1483 2138 contra
1529 2082 1837 2138 existimant
1882 2081 1996 2153 (ὁ),

432 2178 527 2231 has
559 2158 921 2245 inscriptionis
953 2190 1129 2240 voces,
1164 2174 1216 2227 id
1241 2184 1315 2228 est
1340 2172 1704 2240 Endelecltius,
1733 2174 1801 2228 ab
1824 2172 1998 2227 aliena

432 2285 590 2325 manu
621 2267 900 2322 manifeste
930 2267 1140 2320 additas
1184 2266 1349 2320 fuisse
1375 2306 1392 2331 ,
1441 2264 1680 2334 adeoque
1724 2265 1998 2335 proprium

431 2360 666 2415 auctoris
694 2374 888 2413 nomen
925 2374 1043 2412 esse
1075 2357 1322 2411 Sererunt
1347 2356 1616 2412 Sanctum.
1646 2358 1725 2411 Ex
1755 2357 1999 2427 epistolis

428 2454 600 2507 sancti
630 2452 838 2506 Paulini
868 2449 1057 2503 Nolani
1085 2449 1392 2515 erudimur,
1422 2448 1669 2502 amicitia:
1702 2450 1997 2503 necessitu—

425 2544 578 2599 dines
618 2543 715 2610 ipsi
759 2540 964 2594 duobus
1010 2555 1130 2593 cum
1169 2537 1297 2593 viris
1340 2537 1545 2606 fuisse,
1596 2554 1820 2606 quorum
1865 2538 2035 2593 after

427 2634 790 2699 Endelechius,
819 2634 953 2687 alter
976 2632 1196 2687 Sanctus
1222 2631 1616 2701 appellabatur.
1646 2631 1713 2686 Et
1731 2632 1799 2686 de
1818 2632 2000 2702 priore

426 2729 639 2797 quidem
671 2726 785 2780 lucc
813 2725 1069 2809 liabet(c)
1103 2743 1113 2776 :
1148 2725 1295 2809 Alius
1321 2724 1518 2778 libellus
1540 2740 1602 2778 ea:
1625 2722 1707 2778 his
1731 2734 1841 2791 est,
1871 2740 1999 2793 quos

426 2823 491 2873 ad
530 2821 887 2886 benedictum,
933 2807 991 2870 id.
1027 2828 1097 2870 est
1131 2816 1482 2872 Christianum
1523 2819 1689 2870 virum
1720 2861 1733 2885 ,
1778 2818 1998 2870 amicum

2119 1632 2337 1688 nomine
2378 1634 2540 1704 vulgo
2586 1637 3002 1707 circumlatum,
3057 1641 3256 1699 Sancto
3302 1648 3482 1716 potius
3528 1666 3677 1721 quam

2118 1722 2446 1780 Endelechio
2484 1727 2858 1783 ascribendunt
2903 1732 3327 1790 existimaverit"
3384 1741 3674 1810 equidem;

2102 1816 2193 1885 qui
2227 1818 2459 1872 fortasse
2488 1817 2782 1878 binominis
2809 1822 2969 1878 fuerit
2992 1842 3003 1876 :
3030 1826 3118 1881 ille
3144 1845 3398 1898 namque,
3434 1849 3539 1888 non
3570 1835 3673 1906 hic,

2104 1922 2264 1962 vorsa
2313 1907 2565 1964 facundia
2609 1911 2786 1983 clarus
2833 1914 3137 1970 celebratur
3165 1918 3429 1975 Paulino:
3459 1940 3577 1993 qua:
3603 1938 3683 1985 est

2084 1999 2439 2058 .eruditorum
2490 2001 2743 2057 Historiae
2787 2004 3062 2061 litterarizc
3100 2008 3321 2067 Gallica:
3357 2016 3679 2083 scriptorum

2105 2092 2369 2144 sententia
2404 2089 2523 2163 (ιη).
2570 2091 2946 2163 Aquitanicum
2976 2110 3153 2153 autem
3196 2101 3369 2159 fuisse
3416 2108 3681 2163 Carminis

2103 2191 2378 2236 auctorem
2417 2186 2627 2238 censuit
2660 2185 2845 2241 Petrus
2874 2186 3113 2245 Pithieus
3138 2235 3153 2259 ,
3198 2196 3288 2263 qui
3318 2196 3445 2251 illud
3476 2216 3540 2252 ex
3573 2216 3677 2258 ms.

2100 2275 2287 2328 codice
2313 2274 2440 2329 Elite
2472 2276 2648 2332 Vineti
2678 2294 2798 2333 cum
2831 2293 3069 2338 veterum
3097 2284 3279 2343 Callia:
3304 2292 3678 2364 theologorum

2102 2365 2373 2431 opusculis
2400 2405 2415 2430 ,
2460 2366 2561 2420 sub
2597 2367 2755 2422 linem
2793 2373 2980 2425 δειξουιὶ
3026 2389 3109 2427 xvr
3137 2416 3151 2439 ,
3201 2376 3424 2433 Parisiis
3474 2384 3677 2450 primus

2105 2454 2377 2524 ernlgavit
2409 2474 2419 2485 ·
2455 2466 2509 2510 et
2536 2458 2750 2527 intidem
2781 2476 2845 2515 ex
2876 2461 3063 2525 eadem
3113 2464 3343 2523 fortasse
3375 2472 3510 2527 urbe
3542 2473 3673 2528 Bur-

2101 2545 2361 2617 digalensi
2393 2591 2408 2613 ,
2458 2564 2561 2619 qua
2605 2562 2757 2607 ortus
2798 2555 3112 2622 perhibetur
3150 2570 3368 2616 sanctus
3419 2564 3675 2627 Paulinus

2100 2640 2218 2710 ejus
2244 2641 2546 2699 familiaris.
2577 2644 2847 2700 Carminis
2877 2662 3006 2703 vero
3027 2652 3406 2709 conscribendi
3438 2663 3679 2714 occasio-

2101 2746 2222 2820 nem
2248 2732 2473 2801 prtcbuit
2497 2733 2612 2788 dira
2636 2735 2909 2807 lues,qu:e
2935 2738 3013 2810 (η)
3042 2740 3374 2814 Pannonios,
3406 2747 3674 2820 Illyricos,

2102 2819 2290 2891 Belgas
2323 2823 2567 2892 aliosque
2602 2828 2829 2896 populos
2866 2830 3102 2899 graviter
3143 2837 3355 2889 stravit.
3404 2838 3531 2909 Ejus
3565 2858 3676 2899 me-

424 2929 589 2965 meum
620 2952 634 2974 ,
688 2904 1383 2977 Ennstscntuu,scripsisse
1422 2900 1595 2962 uideor
1619 2951 1634 2975 ,
1686 2924 1787 2961 non
1830 2917 1996 2962 tamen
2029 2914 2073 2973 Β
2104 2913 2257 2969 mittit
2281 2954 2295 2978 ,
2328 2923 2387 2968 ut
2409 2913 2749 2973 observatum
2782 2917 3014 2974 Baronio
3045 2912 3119 2993 (ὁ)
3145 2963 3161 2989 ,
3192 2938 3414 2982 sanctus
3441 2900 3678 2986 ληιιη-ο-

427 3003 647 3055 edidisse
689 3001 981 3054 convincar.
1030 3000 1354 3077 Posterioris
1387 3014 1509 3053 vero
1541 3000 1867 3054 mentionem
1908 2999 1992 3053 in-

413 3096 535 3163 jicit
575 3095 627 3148 in
672 3094 878 3148 duabus
920 3092 1165 3160 epistolis
1190 3134 1204 3157 ,
1261 3107 1397 3161 quas
1434 3091 1648 3147 Sucro
1674 3102 1729 3147 et
1756 3092 1991 3145 Amando

423 3186 678 3239 fratribus
710 3186 982 3252 inscripsit
1006 3183 1085 3255 (d)
1119 3202 1130 3235 :
1162 3199 1239 3255 ‘ex
1282 3199 1503 3253 quarum
1535 3184 1704 3238 altera
1738 3194 1988 3252 constat,

422 3277 669 3329 Sanctum
712 3274 953 3345 poeticen
1001 3274 1324 3329 excoluisse.
1374 3267 1465 3328 Sic
1508 3276 1652 3329 enim
1708 3274 1984 3345 loquitur:

420 3367 654 3437 Hynmos
693 3384 816 3436 quos
859 3367 1211 3421 desiderabam
1236 3408 1249 3431 ,
1295 3368 1550 3438 accepisse
1586 3369 1820 3438 gratulor
1845 3384 1863 3421 :
1889 3385 1989 3437 quo

418 3475 642 3523 munere,
675 3458 885 3514 Salvere
910 3459 1091 3529 frater,
1121 3460 1433 3512 admonuisti
1453 3476 1551 3525 me,
1581 3472 1686 3515 etc.
1715 3460 1789 3514 De
1813 3460 1989 3515 Eude—

416 3550 589 3605 lechio
616 3562 793 3604 autem
827 3550 876 3604 id
907 3566 1071 3605 unum
1099 3552 1259 3605 docet
1285 3560 1505 3606 sanctus
1529 3550 1687 3606 Pater
1715 3552 1819 3622 (ε),
1867 3552 1988 3621 ejus

417 3643 665 3697 nimirum
698 3642 899 3696 monitu
932 3643 1307 3711 panegyricum
1336 3641 1623 3697 Theodosii
1654 3643 1721 3697 ab
1742 3658 1801 3697 se
1824 3643 1988 3698 fuisse

417 3737 801 3805 conscriptum,
832 3736 987 3805 cujus
1018 3737 1312 3788 meminere
1337 3735 1690 3805 Hieronymus
1715 3732 1814 3805 ([),’
1836 3735 1981 3790 Gen-

419 3830 609 3883 nadius
640 3830 714 3899 (g)
745 3841 799 3884 ct
825 3828 1178 3884 Cassiodorus
1207 3826 1307 3899 (lt).
1350 3829 1425 3883 Ex
1474 3830 1663 3899 quibus
1694 3846 1821 3901 ergo
1850 3832 1979 3886 illud

418 3924 661 3992 colligas,
682 3924 933 3979 Sanctum
951 3922 1383 3991 distinguendum
1408 3938 1527 3977 esse
1548 3925 1615 3976 ab
1636 3922 1982 3989 Endelechio,

415 4032 572 4071 secus
613 4025 771 4084 atque
799 4028 1061 4070 censuere
1089 4017 1193 4071 viri
1222 4017 1399 4080 docti,
1428 4015 1693 4071 Baronius
1724 4016 1787 4087 (i)
1816 4059 1831 4082 ,
1871 4015 1985 4073 Sir-

417 4109 644 4163 ntoudus
684 4108 747 4180 (j)
774 4149 789 4175 ,
844 4108 1173 4178 Rosweydns
1217 4108 1290 4180 (Ιί)
1340 4119 1395 4164 et
1442 4108 1721 4165 Fabricius
1750 4110 1814 4182 (Ι)
1850 4129 1861 4162 :
1893 4112 1983 4181 qui

415 4201 644 4256 amicum
677 4200 889 4279 quidem
918 4202 1090 4254 sancti
1120 4202 1325 4255 Paulini
1357 4203 1639 4272 scripsisse
1664 4202 1891 4257 Carmen
1917 4203 1985 4257 de

414 4308 518 4361 quo
549 4276 853 4385 sermonem
883 4291 1170 4385 habemus,
1203 4294 1574 4359 conslilm'nl;
1615 4309 1773 4364 (ιυθηι
1804 4302 1979 4349 “me”
2010 4302 2055 4365 (ἶ
2085 4276 2246 4385 Bucth

414 4398 576 4437 unum
608 4383 883 4437 exstitisse
910 4424 925 4448 ,
970 4384 1325 4455 eamdemque
1362 4387 1695 4442 nominatum
1734 4388 1975 4446 Severum

416 4477 665 4529 Sanctum
702 4475 1074 4532 Endelecltium
1111 4480 1447 4547 existimant,
1480 4482 1654 4536 minus
1694 4491 1839 4541 recte
1866 4524 1879 4548 ,
1924 4492 1982 4535 ut

414 4568 628 4623 videtur
661 4586 671 4621 :
707 4585 830 4622 cum
859 4587 927 4623 ex
958 4570 1091 4625 locis
1137 4570 1298 4625 modo
1338 4571 1515 4626 allatis
1543 4573 1983 4645 Sanctusprtcsul

410 4659 646 4715 Nolanus
686 4663 821 4716 duos
869 4663 1036 4717 fuisse
1069 4704 1083 4727 ,
1136 4664 1500 4733 Sanctumque
1546 4664 1613 4719 ab
1660 4648 1985 4719 Endelechio

411 4753 725 4809 distinxisse
754 4767 941 4824 aperte
967 4756 1096 4809 satis
1122 4747 1524 4825 comprobetur.

476 4957 557 5029 (ᾳ)
594 4953 968 5029 _1_‘illem._lli_st.
996 4953 1092 5029 des
1120 4954 1338 5029 Emper.
1375 4966 1505 5012 tom.
1538 4957 1608 5024 Υ,
1639 4974 1761 5029 pag.
1794 4958 1918 5013 148.

415 5025 732 5147 P;6(b)5!1list.
787 5024 949 5079 littér.
1006 5024 1075 5077 de
1122 5024 1168 5078 la
1221 5027 1417 5082 Franc.
1476 5038 1605 5083 tom.
1640 5024 1754 5095 ⁷11⁷,
1818 5044 1973 5098 pagg.

413 5118 478 5148 nu
506 5138 519 5159 ,
561 5118 650 5148 οι.

482 5164 553 5234 (r)
599 5163 806 5235 Paulin.
838 5171 993 5235 epist.
1023 5172 1117 5233 28,
1151 5185 1298 5222 num.
1326 5167 1381 5223 6.

481 5236 560 5302 (d)
604 5234 689 5286 Id.
722 5234 883 5303 epist.
904 5240 976 5295 40
1003 5256 1056 5297 et
1080 5241 1173 5295 M.

481 5304 552 5375 (ε)
594 5304 680 5377 id.
714 5307 867 5372 epist.
896 5311 984 5377 28,
1021 5315 1056 5365 Ι.
1083 5326 1133 5365 c.

485 5373 551 5447 (Ι)
592 5373 811 5447 llieron.
842 5373 995 5446 epist.
1031 5382 1120 5440 58,
1150 5378 1218 5431 al.
1250 5377 1337 5441 15,
1371 5394 1517 5432 ηυιιι.
1552 5383 1602 5435 1.

604 5444 835 5516 (ianuae.
871 5444 938 5502 de
970 5450 1078 5502 Vir.
1112 5450 1303 5504 illuslr.
1334 5463 1451 5516 cap.
1477 5451 1575 5507 48.,

490 5518 570 5589 (lt)
601 5513 841 5589 Cassiod.
866 5518 938 5589 Vde
968 5520 1134 5573 lttstit.
1171 5513 1413 5589 dimiilt;
1444 5524 1681 5589 cam-‘21.

490 5588 552 5654 (ἰ)
590 5585 782 5641 Uaron.
814 5588 877 5643 ad
904 5604 1028 5645 ann.
1063 5589 1186 5659 576,
1218 5588 1246 5659 §
1277 5588 1328 5644 8.

2095 3003 2210 3057 sius
2240 3002 2320 3075 (ρ)
2350 3022 2362 3056 :
2394 3022 2412 3055 t
2456 3004 2750 3061 Verborum
2779 3011 3101 3080 caelestium,
3128 3016 3322 3086 inquit,
3349 3021 3479 3074 nulli
3506 3027 3679 3093 magis

2095 3106 2252 3160 quam
2295 3108 2392 3146 nos
2430 3103 2596 3148 testes
2635 3110 2839 3156 sumus.
2880 3098 3087 3166 Quanta
3135 3110 3278 3159 enim
3330 3110 3513 3177 pra-lia
3540 3153 3557 3175 ,
3617 3126 3671 3167 et

2093 3195 2226 3248 quas
2271 3182 2551 3252 opiniones
2590 3189 2894 3255 accepimus
2933 3193 3327 3260 praeliorum...
3378 3204 3508 3265 Quae
3549 3218 3671 3257 om-

2093 3276 2239 3327 nium
2267 3270 2432 3328 fames
2457 3317 2470 3336 ,
2520 3277 2627 3330 lues
2653 3280 2845 3346 pariter
2871 3281 3019 3335 boum
3043 3294 3196 3355 atque
3219 3285 3521 3355 hominum,
3557 3310 3666 3348 cc-

2092 3364 2288 3431 terique
2308 3368 2538 3433 pecoris;
2571 3378 2626 3422 ιιι
2654 3371 2814 3425 etiam
2846 3376 2935 3442 qui
2967 3376 3164 3431 bellum
3194 3393 3299 3433 non
3330 3385 3671 3451 pertulimus,

2090 3457 2373 3514 debellatis
2404 3471 2579 3517 tamen
2620 3479 2721 3519 nos
2760 3482 2923 3536 pares
2952 3468 3137 3526 fecerit
3165 3474 3495 3543 pestilentia?
3529 3478 3675 3551 Ergo

2034 3606 2038 3610 ,
2088 3552 2212 3622 quia
2242 3554 2291 3607 in
2323 3568 2521 3609 occasu
2562 3560 2742 3613 saeculi
2778 3575 2967 3617 sumus
2990 3604 3005 3629 ,
3060 3567 3375 3633 praecedunt
3416 3574 3671 3638 quaedam

2090 3645 2433 3715 aegritudines
2490 3649 2693 3703 mundi.
2751 3650 3038 3721 Egritudo
3086 3658 3271 3711 mundi
3324 3670 3409 3715 est
3453 3661 3672 3730 fames,

2088 3738 2347 3806 aegritudo
2375 3739 2557 3794 mundi
2587 3752 2669 3797 est
2692 3746 2983 3813 pestilentia
3007 3788 3023 3812 ,
3072 3750 3338 3818 aegritudo
3367 3754 3556 3808 mundi
3591 3766 3677 3811 est

2088 3834 2413 3901 persecutio.
2454 3851 2471 3884 ι
2509 3835 2635 3890 llatae
2680 3847 2895 3893 sanctus
2943 3839 3119 3896 Pater.
3160 3841 3447 3909 Quomodo
3486 3858 3675 3905 autem

2088 3923 2353 3992 ejusmodi
2402 3925 2518 3979 lues
2562 3940 2657 3996 per
2705 3929 2919 3998 signum
2965 3941 3165 3986 sancta:
3200 3934 3383 3988 crucis
3415 3936 3678 3995 facillime

2087 4026 2411 4085 curaretur,
2469 4030 2682 4075 enarrat
2730 4022 2782 4076 in
2827 4038 2923 4078 sua
2955 4024 3183 4095 eleganti
3247 4029 3433 4098 ecloga
3466 4029 3680 4087 Rhetor

2088 4121 2272 4165 noster
2303 4112 2385 4166 his
2413 4114 2587 4169 verbis
2620 4113 2693 4185 (q)
2719 4133 2732 4166 :

2159 4349 2398 4407 6111118.":
2444 4372 2480 4407 _.
2548 4378 2560 4388 .
2627 4373 2652 4407 ._
2702 4374 2721 4407 _.
2785 4376 2803 4407 _.
2830 4340 2919 4407 Dic
2935 4356 3047 4407 age,
3073 4343 3259 4407 Tityre,

2366 4400 2483 4463 Quis
2508 4408 2565 4463 te,
2581 4402 2820 4462 subripuit
2842 4400 3058 4454 cladibus
3095 4400 3172 4455 his
3192 4400 3347 4463 Deus,

2367 4459 2428 4508 Ut
2447 4462 2597 4528 pestis
2620 4459 2859 4528 pecudum
2882 4479 2992 4528 quae
3012 4467 3232 4528 pOpulata
3256 4469 3323 4516 sit

2370 4480 2428 4508 υι
2447 4480 2597 4523 pestis
2620 4480 2859 4535 pecuoum
2882 4480 2992 4574 quae
3012 4481 3051 4528 ιη

2131 4584 2140 4594 ⁸
2165 4589 2170 4594 ι
2365 4587 2409 4594 __
2489 4525 2707 4594 Vicinos,
2726 4527 2897 4594 tibine
2923 4527 2966 4575 la
2989 4534 3051 4577 sit

2086 4583 2311 4637 Tia-ntus.
2363 4587 2562 4649 Signum
2584 4587 2709 4649 quod
2732 4588 2999 4649 perhibent
3028 4602 3139 4639 esse
3155 4590 3312 4639 crucis
3334 4590 3453 4651 Dei,

2361 4708 2466 4776 ljoc
2479 4711 2671 4772 signum,
2693 4712 2864 4776 mediis
2886 4710 3123 4762 frontibus
3144 4713 3388 4776 additum,

2365 4770 2652 4821 Cunctarum
2671 4773 2910 4836 pecudum
2931 4782 3066 4823 certa
3088 4775 3215 4824 salus
3239 4773 3351 4825 fuit.

2085 4958 2506 5083 '.({’)a§ir:t:&d.
2529 4959 2597 5015 ad
2624 4959 2717 5016 lib.
2748 4976 2830 5028 tv,
2865 4963 3023 5032 epist.
3053 4963 3106 5028 8,
3134 4954 3320 5020 Sidon.
3359 4978 3496 5034 opp.
3529 4975 3669 5021 tom.

2131 5069 2145 5092 ,
2180 5048 2297 5092 pag.
2334 5048 2459 5083 nu.

2180 5045 2297 5099 pag.
2334 5045 2459 5083 4w.

2177 5102 2229 5170 It)
2268 5100 2442 5170 ﬂosw.
2480 5100 2547 5155 ad
2576 5102 2735 5169 epist.
2760 5103 2817 5158 9.
2847 5103 3053 5157 Paulin.

2176 5169 2626 5244 l)_F_abric.fBihl.
2656 5172 2770 5227 Lat.
2803 5184 2929 5244 tom.
2956 5172 3057 5241 Ill,
3091 5190 3211 5244 pag.
3237 5175 3368 5231 278.

2179 5240 2249 5310 m)
2283 5241 2710 5318 [1ἰει.ΑΙὶιιέι·.έΙο
2744 5244 2792 5318 la_
2825 5242 3015 5299 Franc.
3042 5240 3186 5318 tom:
3208 5247 3300 5300 cit.
3335 5262 3462 5318 pag.
3499 5250 3598 5304 57.

2179 5321 2234 5377 η)
2274 5311 2392 5365 Seu.
2424 5312 2600 5367 Carm.
2634 5313 2817 5367 Bucol.
2851 5329 3019 5368 verss.
3047 5313 3138 5377 22.
3168 5318 3259 5370 ‘23.

2179 5381 2230 5453 ο)
2268 5378 2458 5453 Baron.
2489 5382 2521 5453 l.
2558 5396 2607 5435 c.

2158 5451 2236 5524 (ρ’)
2259 5451 2448 5534 ¹Αηιινν.
2476 5452 2776 5534 Comment.
2802 5453 2854 5508 in
2877 5453 3006 5509 Luc.
3034 5455 3125 5512 lib.
3148 5472 3204 5521 ι.
3230 5474 3386 5514 num.
3414 5462 3511 5529 10,
3541 5478 3664 5534 opp.

2090 5534 2221 5578 tom.
2252 5524 2315 5592 1Ξ
2337 5536 2454 5592 pag.
2486 5524 2645 5578 1506.

2172 5593 2251 5666 (ᾳ)
2280 5590 2468 5650 δευίι.
2498 5594 2591 5648 cit.
2616 5609 2700 5650 tv.
2733 5592 2829 5650 101
2861 5609 3009 5667 seqq.
