3886 6324
450 239 554 297 799
1141 242 1421 313 SEVERI
1459 242 1805 302 RHETORIS
1843 245 1932 303 ET
1973 243 2224 304 ΡΟΕΤίΕ
2259 245 2547 306 CARMEN
2587 250 3001 311 BUCOLICUM.

2067 368 2120 425 Α

483 360 554 416 55
660 360 827 431 Queis
858 362 1060 418 montis
1087 362 1317 433 geminae
1337 373 1581 417 consona
1607 360 1821 418 tinnulo

736 453 1395 528 Concentu_erepitacula,

596 548 754 607 Aitas
779 525 1100 614 consimilis,
1124 525 1351 620 setaque
1376 547 1640 605 concolor
1668 567 1680 602 :

667 641 1030 697 Mansuetudo
1057 641 1270 708 eadem,
1299 641 1467 697 robur
1496 641 1639 698 idem
1670 641 1784 709 fuit,

665 735 735 791 Et
761 735 956 802 fatum,
992 734 1172 792 medio
1197 750 1321 791 nam
1343 735 1449 790 ruit
1476 749 1673 807 aggere

489 827 562 883 10
743 828 848 884 Par
869 827 1069 884 victum
1094 826 1249 898 parili
1277 841 1433 884 nece.

594 919 809 977 Mellito
836 921 1049 992 penitus
1076 918 1217 976 farra
1248 918 1441 977 dabam
1466 920 1607 977 solo.

663 1013 854 1085 Largis
876 1012 1047 1084 putris
1072 1021 1192 1068 erat
1218 1012 1374 1084 gleba
1405 1013 1726 1085 liquoribus.

660 1107 858 1164 Sulcos
885 1105 1163 1178 perfacilis
1191 1106 1331 1162 stiva
1359 1106 1692 1175 tetenderat;

737 1201 1013 1272 Nusquam
1036 1215 1224 1256 vomer
1246 1200 1538 1258 inhaeserat
1562 1220 1575 1255 :

484 1294 554 1351 45
593 1294 786 1352 Laevus
815 1294 913 1350 bos
941 1294 1124 1351 subito
1152 1293 1348 1350 labitur
1372 1296 1602 1366 impetu,

660 1386 841 1443 Aristas
862 1402 1030 1458 quem
1048 1385 1312 1450 domitum
1343 1386 1551 1443 viderat
1573 1387 1766 1443 altera.

663 1478 900 1535 Tristem
930 1479 1188 1534 continuo
1218 1479 1413 1536 desero
1439 1480 1750 1551 conjugem,

735 1571 820 1628 Nil
839 1572 946 1641 jam
973 1572 1092 1643 plus
1122 1581 1368 1628 metuens
1396 1572 1543 1637 mali,

593 1663 748 1719 Dicto
772 1662 868 1730 sed
895 1661 1054 1718 citius
1083 1664 1438 1734 consequitur
1461 1679 1646 1720 necem

481 1759 552 1815 50
659 1759 888 1830 Semper
912 1759 1002 1831 qui
1043 1758 1219 1814 fuerat
1253 1769 1276 1796 ο
1301 1769 1356 1814 et
1385 1760 1612 1830 integer,

662 1856 815 1912 Tune
839 1855 1013 1925 longis
1043 1854 1296 1926 quatiens
1321 1855 1409 1910 ilia
1434 1854 1702 1927 pulsibus,

734 1947 950 2005 Victum
980 1947 1229 2019 deposuit
1257 1955 1440 2018 caput.

1155 2077 1333 2120 EGON.

588 2162 796 2231 Angor,
828 2159 1152 2227 discrucior,
1183 2172 1414 2226 mcereo,
1450 2157 1631 2230 lugeo.

567 2238 569 2240 ’
663 2255 884 2310 Damnis
911 2255 1109 2326 quippe
1141 2254 1271 2323 tuis,
1303 2269 1410 2311 non
1435 2269 1593 2312 secus
1621 2271 1687 2311 ac
1715 2258 1874 2326 meis,

487 2349 554 2403 55
663 2348 862 2405 Pectus
882 2346 1197 2415 conficitur;
1229 2346 1325 2404 sed
1360 2357 1542 2405 tamen
1563 2349 1819 2418 arbitror,

735 2428 927 2499 Salvos
953 2454 1074 2499 esse
1103 2456 1298 2512 greges
1329 2440 1447 2496 tibi.

1114 2570 1369 2612 BUCULUS.

598 2648 731 2704 lllue
755 2647 920 2704 tendo
950 2648 1138 2716 miser,
1167 2665 1275 2720 quo
1302 2665 1502 2720 gravor
1528 2651 1730 2706 acrius.

662 2742 796 2798 Nam
825 2743 1066 2799 solamen
1087 2728 1206 2797 erat
1233 2742 1315 2799 vel
1347 2743 1629 2801 minimum
1655 2745 1808 2816 mali,

666 2836 722 2893 Si
764 2834 940 2890 fetura
969 2835 1123 2891 daret
1145 2837 1420 2906 posterior
1441 2837 1593 2905 mihi,

488 2929 558 2985 60
737 2927 891 2998 Quod
917 2942 1155 3000 praesens
1181 2929 1356 2998 rapuit
1386 2930 1522 2986 lues.

597 3019 704 3077 Sed
729 3019 850 3089 quis
879 3035 1010 3074 vera
1040 3020 1229 3090 putet?
1258 3021 1575 3091 progeniem
1603 3038 1819 3095 (tuoque

667 3112 1001 3170 Exstinetam
1029 3113 1258 3183 pariter,
1293 3111 1402 3167 vidi
1430 3127 1532 3184 ego
1565 3129 1825 3171 cernuam

661 3205 896 3262 Invicem
918 3207 1216 3278 gravidam,
1249 3209 1357 3264 vidi
1380 3212 1590 3265 animas
1616 3211 1752 3268 duas

740 3298 860 3354 Uno
891 3300 942 3355 in
975 3315 1210 3370 corpore
1240 3300 1500 3372 perditas.

487 3391 556 3446 65
596 3391 694 3448 llic
715 3391 878 3447 fontis
909 3407 1168 3460 renuens,
1200 3395 1461 3465 graminis
1503 3394 1811 3468 immemor,

671 3483 833 3538 Errat
853 3484 1115 3540 succiduo
1143 3485 1338 3544 bucula
1372 3487 1598 3556 peplite,

667 3577 778 3633 Nec
805 3577 1025 3649 longum
1055 3578 1254 3652 refugit
1285 3580 1414 3636 :sed
1444 3581 1685 3651 graviter
1711 3583 1818 3639 ruit

737 3669 856 3724 Leti
885 3670 1148 3741 compede
1172 3672 1509 3729 claudicans.

600 3765 665 3816 At
689 3770 838 3833 parte
859 3778 924 3819 ex
952 3763 1081 3830 alia,
1109 3765 1200 3836 qui
1228 3765 1429 3822 vitulus
1457 3766 1618 3822 modo

490 3854 560 3911 70
635 3911 642 3916 _
669 3852 923 3909 Lascivas
955 3855 1154 3910 saliens
1179 3865 1424 3914 texuerat
1451 3859 1592 3928 vias,

669 3947 739 4003 Ut
766 3956 994 4004 matrem
1019 3948 1184 4006 subiit
1210 3969 1220 4002 :
1247 3966 1370 4006 mox
1397 3952 1469 4008 ibi
1493 3953 1744 4009 morbido

636 4110 639 4113 π
739 4038 954 4096 Pestem
980 4043 1139 4098 traxit
1162 4044 1229 4098 ab
1257 4045 1442 4101 ubere.

593 4130 763 4186 Mater
793 4132 1041 4188 tristifico
1070 4135 1290 4193 vulnere
1320 4137 1523 4206 saucia,

672 4223 742 4278 Ut
771 4223 907 4279 vidit
936 4225 1083 4280 vituli
1109 4229 1324 4283 condita
1347 4231 1547 4286 Iuntina
1576 4251 1588 4284 :

485 4315 556 4370 7?;
666 4314 896 4384 Mugitus
925 4317 1150 4387 iterans,
1180 4335 1243 4377 ac
1265 4323 1463 4387 misere
1491 4339 1735 4396 gemens,

743 4409 916 4479 Lapsa
948 4422 1070 4468 est:
1105 4423 1158 4470 et
1190 4415 1364 4472 voluit
1393 4410 1549 4473 meri.

597 4503 751 4558 Tunc
774 4515 1045 4576 tamquam
1079 4517 1344 4579 metuens,
1371 4525 1438 4565 ne
1464 4511 1583 4566 sitis
1614 4513 1794 4569 aridas

667 4595 873 4651 Fauces
901 4600 1234 4668 opprimeret
1268 4621 1279 4655 :
1305 4604 1381 4659 sic
1403 4621 1615 4680 anque
1646 4609 1770 4665 dum
1798 4611 1942 4682 jacet

664 4691 922 4747 Admovit
949 4693 977 4733 ὶι
1003 4694 1166 4750 ubera
1191 4707 1425 4756 mortuo.

487 4784 556 4839 80
737 4785 865 4840 Post
888 4798 1116 4844 mortem
1149 4791 1321 4860 pietas
1352 4795 1515 4866 viget.

595 4875 733 4931 llinc
761 4885 943 4932 taurus
967 4881 1123 4936 solidi
1154 4885 1234 4938 vir
1259 4888 1458 4958 gregis,
1484 4900 1538 4946 et
1571 4902 1744 4961 pater,

662 4967 904 5038 Cervicis
931 4974 1109 5028 valida
1139 4975 1328 5033 frontis
1350 4990 1403 5034 ct
1429 4982 1634 5052 ardum,

667 5062 846 5119 Ltetus
871 5064 999 5121 dum
1028 5066 1246 5124 sibimet
1275 5072 1393 5142 plus
1425 5074 1592 5132 nimio
1624 5079 1824 5150 placet,

523 5259 546 5285 ⁸
573 5247 660 5302 Al.
693 5249 817 5304 add.
842 5267 1017 5304 sanus.

520 5319 546 5358 ιι
573 5321 656 5374 ΑΙ.
689 5321 812 5377 add.
837 5323 1082 5377 moriens.

2067 1761 2115 1821 B

2068 4540 2122 4601 D

2125 440 2127 443 ι
2329 418 2336 424 .
2434 363 2594 420 Prato
2616 368 2850 424 concidit
2884 369 3128 428 herbido.

2182 452 2253 510 85
2289 454 2460 523 Quam
2484 450 2666 514 multis
2694 459 2834 516 foliis
2857 462 2989 517 silva
3013 465 3336 524 cadentibus

2359 549 2601 608 Nudatur
2619 553 2817 624 gelidis
2845 565 2983 612 tacta
3015 560 3383 631 aquilonibus,

2359 641 2528 710 Quam
2551 643 2736 701 densis
2765 645 2982 704 fluitant
3007 651 3297 711 velleribus
3326 656 3482 714 nives

2289 797 2292 800 1
2431 735 2565 792 Tam
2587 738 2802 793 crebra:
2817 743 3080 809 pecudum
3106 761 3290 806 neces.

2289 828 2443 886 Nunc
2471 839 2642 886 totum
2675 835 2872 905 tegitur
2900 835 3189 895 funeribus
3210 841 3411 912 solum,

2177 905 2250 974 ὒο
2358 920 2622 979 Inﬂantur
2651 927 2868 983 tumidis
2901 943 3125 1001 corpora
3148 905 3449 1005 ventribus,

2358 1004 2557 1072 Albent
2581 1018 2820 1075 lividulis
2852 1023 3054 1079 lumina
3079 1027 3338 1099 nubibus,

2430 1109 2614 1167 Tenso
2637 1126 2793 1168 crura
2821 1115 2997 1187 rigent
3028 1119 3188 1189 pede.

2284 1199 2404 1258 Jam
2432 1201 2634 1260 circum
2667 1208 2896 1263 volitant
2919 1211 3414 1282 agmina.tristium,

2358 1293 2718 1368 Dirarumque
2747 1300 2950 1368 avium,
2980 1301 3203 1375 jamque
3231 1321 3425 1363 canum
3453 1323 3626 1382 greges

2183 1385 2254 1443 95
2315 1405 2319 1408 '
2362 1387 2621 1446 lnsistunt
2651 1391 2847 1449 laceris
2876 1395 3180 1454 visceribus
3211 1397 3341 1455 frui.

2434 1484 2570 1556 Heu,
2595 1501 2694 1543 cur
2715 1502 2824 1543 non
2851 1490 3015 1546 etiam
3045 1494 3210 1549 meis!

2289 1578 2582 1649 Quidnam,
2613 1596 2823 1653 quaeso,
2853 1585 2983 1656 quid
3014 1596 3118 1654 est,
3152 1590 3295 1659 quod
3321 1592 3466 1648 vario
3495 1593 3634 1650 modo

2357 1672 2551 1729 Fatum
2576 1676 2731 1731 triste
2761 1677 2914 1734 necis
2947 1680 3182 1735 transilit
3207 1681 3429 1753 alteros,

2357 1765 2670 1840 Aflligitque
2697 1769 2837 1825 alios
2859 1771 2976 1838 ἲ,οη
3005 1772 3102 1827 tibi
3131 1773 3356 1847 Tityrus

2145 1855 2252 1912 100
2429 1861 2594 1919 Salvo
2610 1861 2781 1917 laetus
2804 1863 2917 1934 agit
2941 1879 3126 1936 grege.

2287 1951 2472 2023 Ipsum
2500 1951 2790 2010 eontueor.
2815 1955 2914 2010 Dic
2934 1973 3054 2026 age,
3086 1958 3296 2031 Tityre,

2356 2044 2489 2112 Quis
2513 2055 2566 2100 te
2595 2046 2895 2118 subripruit
2914 2049 3156 2106 cladibus
3185 2053 3267 2109 his
3299 2057 3455 2124 Deus,

2356 2138 2440 2232 lJt
2458 2148 2638 2232 pestes
2664 2142 2952 2213 pecudum,
2979 2161 3102 2216 qua:
3123 2149 3380 2220 populata
3410 2152 3475 2206 sit

2414 2231 2668 2302 'Vicins,
2695 2234 2792 2297 tibi
2815 2236 2960 2292 nulla
2987 2239 3096 2294 sit?
3265 2243 3268 2245 “

2815 2366 3064 2408 TITYRUS.

2146 2437 2251 2493 10Γὶ
2289 2437 2513 2509 Signum
2546 2441 2691 2511 quod
2720 2443 3007 2514 perhibent
3029 2461 3149 2502 esse
3170 2447 3358 2504 Crucis
3382 2450 3512 2507 Hei:

2353 2531 2564 2604 Magnis
2583 2536 2674 2606 qui
2699 2537 2898 2592 colitur
2926 2539 3075 2595 solus
3107 2541 3158 2594 in
3191 2541 3422 2597 urbibus

2353 2626 2624 2698 Christus,
2659 2633 2903 2701 perpetui
2935 2633 3105 2703 gloria
3133 2634 3399 2703 Numinis,

2424 2722 2594 2792 Cujus
2619 2722 2767 2778 filius
2794 2724 3004 2780 unicus.

2286 2812 2400 2868 Hoc
2429 2813 2640 2883 signum
2668 2816 2860 2871 mediis
2885 2817 3153 2874 frontibus
3174 2821 3435 2890 additum,

2143 2905 2248 2962 110
2353 2908 2678 2964 Cunctarum
2709 2910 2967 2980 pecudum
2998 2923 3144 2967 certa
3169 2914 3317 2976 salus
3345 2914 3459 2970 fuit.

2351 3002 2445 3057 Sic
2473 3016 2602 3057 vero
2632 3002 2774 3058 Deus
2801 3003 2905 3058 hoc
2920 3007 3139 3061 nomine
3171 2991 3468 3078 prmpoténs

2426 3095 2677 3152 Salvator
2697 3097 2959 3152 vocitatus
2989 3098 3091 3153 e'st.

2285 3189 2442 3258 Fugit
2467 3191 2731 3246 continuo
2750 3205 2893 3245 saeva
2925 3190 3040 3246 lues
3068 3207 3261 3264 greges
3288 3212 3300 3246 :

2355 3281 2557 3338 Morbis
2581 3283 2849 3340 nillicuit.
2873 3283 2928 3339 Si
2960 3294 3136 3340 tamen
3170 3285 3313 3342 hunc
3347 3286 3506 3343 Deum

2144 3376 2250 3433 115
2357 3372 2596 3435 Exorare
2616 3376 2749 3448 velis
2780 3395 2791 3430 :
2820 3378 3044 3434 credere
3073 3377 3289 3436 sufficit.

2427 3471 2633 3527 Vncnm
2667 3484 2687 3512 ο
2716 3473 2832 3528 sola
2861 3472 2995 3529 fides
3016 3474 3187 3543 juvat.

2288 3566 2402 3622 Non
2434 3567 2556 3622 ullis
2579 3566 2800 3646 madida,
2822 3579 2902 3622 est
2927 3583 3017 3624 ara
3046 3570 3352 3636 cruoribus,

2353 3661 2463 3717 Nec
2493 3661 2712 3715 morbus
2741 3661 3002 3730 pecudum
3026 3662 3175 3717 ccede
3201 3664 3492 3733 repellitur,

2360 3751 2463 3808 Sed
2492 3751 2723 3821 simplex
2750 3752 2916 3807 animi
2945 3754 3252 3822 purificatio

2148 3845 2250 3902 1Ξο
2427 3845 2640 3916 Optatis
2663 3845 2860 3900 fruitur
2884 3847 3062 3905 bonis.

2855 3972 3028 4014 EGO-3.

2290 4053 2417 4108 llrec
2440 4054 2484 4107 si
2507 4061 2653 4125 certa
2686 4050 2904 4122 probas,
2930 4051 3138 4123 Tityre,
3171 4052 3246 4107 nil
3278 4067 3471 4118 moror,

2354 4145 2494 4213 Quin
2526 4145 2664 4201 veris
2689 4144 2915 4200 famuler
2945 4144 3343 4214 relligionibus.

2360 4238 2613 4294 Errorem
2645 4246 2879 4293 veterem
2913 4237 3185 4307 diffugiant
3215 4237 3389 4294 libens
3423 4256 3434 4290 :

2429 4330 2562 4385 Nam
2585 4331 2772 4397 fallax,
2797 4341 2848 4384 et
2870 4330 3046 4384 inanis
3073 4336 3176 4384 est.

2147 4425 2250 4484 125
2290 4428 2463 4495 Atque
2489 4425 2596 4493 jam
2618 4433 2874 4494 properat
2901 4437 3051 4478 mens
3080 4439 3198 4478 mea
3220 4425 3411 4478 visere

2360 4519 2568 4584 Summi
2601 4518 2800 4587 templa
2833 4518 2928 4573 Dei
2961 4519 3125 4588 :quin
3155 4533 3276 4587 age,
3304 4516 3519 4578 Bucule.

2358 4613 2471 4667 Non
2506 4612 2721 4680 longam
2757 4611 2958 4681 pariter
2990 4610 3374 4680 congredimur
3398 4610 3550 4674 viam,

2434 4708 2638 4763 Christi
2667 4717 2720 4762 et
2747 4703 2770 4743 ἀ
2799 4722 2993 4762 numen
3017 4706 3380 4775 agnoscimus.

2288 4805 2351 4860 Et
2376 4820 2459 4858 me
2486 4803 2730 4858 consiliis
2751 4801 2960 4870 jungite
2983 4800 3265 4871 prosperis
3290 4817 3302 4851 :

2142 4899 2245 4953 150
2355 4897 2487 4953 Nam
2513 4912 2611 4952 cur
2631 4894 2969 4958 addubitem,
3001 4892 3131 4962 quin
3165 4890 3375 4946 homini
3399 4903 3598 4960 quoque.

2351 4992 2575 5060 Signum
2603 4988 2777 5059 prosit
2816 4985 2955 5040 idem
2983 4993 3207 5054 perpete
3230 4985 3451 5050 szeculo,

2423 5087 2543 5154 Quo
2573 5082 2653 5138 vis
2678 5079 2920 5136 morbida
2944 5077 3211 5136 vincitur?

2213 5278 2236 5302 θ
2269 5265 2346 5321 An
2375 5265 2585 5318 votum?

2207 5335 2231 5372 ι¹
2263 5338 2348 5394 AI.
2382 5335 2608 5391 Numina
2638 5333 2914 5388 noscimus.

3616 265 3704 325 800
