3886 6334
225 277 320 335 801
1118 284 1272 341 VAL.
1330 279 1678 343 FALTONIA
1720 284 1969 345 PROBA.
2006 317 2071 327 -—
2112 283 2645 345 PROLEGOMENA.

776 448 779 451 ν
814 447 847 454 -.
863 447 1193 457 m————_
1230 453 1557 461 __,_._____

247 447 258 449 -
388 447 597 452 F-_-_-
776 447 1245 457 ,....._____-
1326 456 1329 457 ,
2675 458 2713 464 η,

228 451 3507 508 9W

420 654 940 819 VAL.
1081 573 2292 827 FALTONIA
2422 668 3289 853 PROBA,

2990 454 3464 464 Μ

1209 973 1875 1085 CENTONUM
1950 997 2497 1085 P‘OETRIA.

1619 1240 2053 1257 ﬁ

1031 1413 1049 1478 (
1074 1410 1146 1464 Ex
1165 1413 1459 1466 collectione
1481 1416 1695 1467 omnium
1718 1422 1997 1481 poetarum,
2024 1422 2145 1484 etc.,
2172 1416 2361 1471 Pisauri
2384 1431 2499 1471 cusa
2524 1418 2660 1473 1766.
2686 1418 2705 1484 )

1638 1639 2051 1654 *—

1440 1822 2274 1908 PROLEGOMENA.

298 2056 508 2116 Valeria
527 2036 773 2115 Fauonio
800 2059 991 2125 Proba,
1017 2075 1152 2117 uxor
1174 2060 1365 2116 Adelﬁi
1392 2077 1604 2131 procos.
1630 2054 1810 2135 (quam
1842 2066 1885 2125 Λ
1915 2063 2078 2124 Petro
2133 2065 2470 2134 Brubachio,
2521 2084 2624 2127 una
2667 2082 2821 2125 cum-
2846 2070 3408 2129 llomerocentonibus
3455 2080 3510 2130 et

219 2154 289 2209 ab
320 2154 505 2209 Anicia
530 2153 769 2208 Faltonia
796 2153 953 2207 trium
985 2152 1263 2207 consulum
1296 2163 1467 2210 matre
1494 2154 1666 2209 Proba
1693 2155 1812 2224 pul-

220 2244 351 2301 chre
385 2244 660 2315 distinguit
690 2244 766 2315 (a)
794 2244 930 2299 Th0.
965 2245 1032 2299 de
1062 2245 1403 2301 Simeonibus
1433 2246 1498 2301 V.
1530 2243 1639 2311 C.),
1671 2246 1812 2301 circa

220 2336 287 2393 Δ.
318 2334 384 2391 C.
415 2336 521 2413 400
548 2346 833 2391 centonem
861 2353 928 2392 ex
960 2337 1178 2406 Virgilio
1208 2338 1275 2392 de
1306 2338 1503 2391 fabrica
1535 2338 1717 2392 mundi
1762 2348 1817 2392 et

220 2428 526 2498 Evangeliis
558 2428 864 2498 plenissime
904 2431 1189 2498 expressit.
1237 2424 1518 2483 catatonum
1566 2429 1817 2507 Virgilia-

223 2539 405 2577 norum
433 2525 719 2592 poetriam,
768 2521 1067 2576 Faltoniam
1111 2522 1354 2589 Probum,
1405 2524 1575 2579 civem
1627 2523 1818 2578 Horta-

223 2630 371 2683 nam,
414 2630 519 2671 non
567 2614 875 2669 Falconiam
902 2598 1270 2684 appellandam
1317 2628 1459 2681 esse,
1490 2623 1669 2671 etnec
1693 2630 1815 2670 cum

226 2709 419 2764 Anicia
450 2709 693 2765 Faltonia
736 2708 906 2766 Proba
939 2709 1028 2780 (de
1054 2725 1157 2780 qua
1189 2710 1445 2770 Baltellus
1480 2700 1555 2779 (6)
1588 2711 1638 2765 in
1683 2710 1813 2769 diss.

223 2800 294 2857 de
324 2800 656 2871 sarcophago
681 2816 984 2857 marmoreo
1010 2801 1165 2856 Probi
1196 2802 1367 2856 Anicii
1394 2812 1449 2857 et
1475 2801 1665 2858 Proba:
1696 2801 1817 2857 Fal-

224 2893 385 2949 touiie
414 2895 467 2949 in
501 2895 700 2965 templo
731 2893 985 2950 Vaticano
1024 2894 1180 2950 Rom.
1226 2893 1387 2967 1705,
1428 2896 1509 2965 8),
1552 2911 1653 2950 nec
1693 2910 1815 2950 cum

222 2987 436 3071 Valeria
462 2988 632 3043 Proba
656 3002 827 3043 uxore
854 2988 1042 3044 Adellii
1071 3003 1284 3058 procos.
1309 2988 1594 3059 quidquam
1620 2988 1818 3045 habere

1917 2154 2130 2211 Nonne.
2177 2156 2313 2213 Tum
2359 2157 2533 2221 Paris.
2572 2160 2713 2230 apud
2766 2161 3117 2218 Franciscum
3176 2164 3511 2232 Stephanum

1918 2246 2078 2315 1515,
2111 2246 2162 2302 in
2189 2247 2292 2314 8°;
2324 2256 2379 2304 et
2403 2250 2542 2319 apud
2576 2251 2863 2308 lleuricum
2894 2253 3226 2324 Stephanum
3259 2256 3419 2321 1578,
3452 2256 3508 2313 in

1922 2338 2024 2403 12;
2053 2348 2129 2409 et,
2152 2350 2378 2397 curante
2402 2342 2543 2399 Julio
2563 2343 2784 2414 Roscio,
2816 2344 2974 2401 Rom.
3005 2347 3166 2413 1588,
3195 2347 3250 2402 in
3280 2348 3345 2402 12
3365 2390 3379 2413 ,
3414 2362 3515 2405 nec

1919 2446 2029 2487 non
2056 2448 2177 2488 cum
2206 2435 2327 2491 aliis
2350 2424 2900 2507 Virgilioccutonibus
2927 2438 2995 2494 ab
3020 2440 3189 2495 Henr.
3224 2440 3515 2496 Meibomio

1920 2524 2205 2581 recensitis
2246 2526 2541 2603 Helmstad.
2578 2530 2739 2595 1597,
2777 2529 2830 2585 in
2870 2531 2956 2586 4°.
3000 2531 3207 2587 Omitto
3246 2531 3515 2589 editiones

1920 2615 2077 2681 alias,
2110 2623 2169 2671 ut
2195 2616 2576 2675 Colonienscm
2609 2620 2768 2688 1601,
2801 2621 2855 2676 in
2886 2622 2972 2690 8°,
3004 2630 3061 2677 et
3088 2622 3283 2693 qumin
3309 2621 3515 2679 Biblioo

1921 2708 2092 2763 thecis
2132 2707 2349 2764 Patrum
2392 2722 2702 2766 occurrunt.
2750 2711 2854 2767 Sed
2896 2728 3005 2783 pra:
3048 2715 3266 2769 caneris
3292 2711 3515 2768 laudan-

1918 2794 2048 2852 dum
2085 2796 2321 2855 studium
2351 2799 2443 2856 lo.
2478 2801 2699 2856 Ilenriri
2743 2800 3075 2874 Kromayeri,
3108 2804 3202 2875 qui
3241 2804 3515 2862 Centones

1921 2889 2021 2944 hos
2043 2891 2186 2947 notis
2207 2901 2261 2947 et
2286 2892 2463 2949 indice
2484 2902 2705 2949 ornatos
2726 2894 2967 2965 vulgavit
2993 2896 3141 2951 llalaa
3168 2894 3331 2963 1719,
3358 2896 3411 2951 in
3433 2897 3514 2965 8°,

1919 2981 2146 3053 signatis
2166 2984 2233 3040 ad
2256 2985 2501 3055 singulos
2528 3000 2716 3041 versus
2744 2986 2878 3042 locis
2906 2986 3140 3058 Virgilii,
3167 2987 3366 3058 quibus
3385 3002 3513 3045 cen-

224 3064 510 3136 cornmune
538 3080 697 3136 docet
726 3080 821 3135 Vir
860 3080 1255 3136 eruditissimus
1299 3078 1484 3143 Justus
1530 3078 1818 3136 Fontanini
1922 3082 2076 3131 tones
2103 3061 2179 3129 illi
2208 3084 2481 3131 constant.
2503 3076 2704 3132 Novam
2733 3077 3029 3134 editionem
3053 3088 3372 3150 exspectare
3411 3093 3515 3134 nu-

226 3172 369 3229 libro
400 3188 438 3229 ιι
471 3172 537 3228 de
566 3172 987 3243 Antiquitatibus
1033 3172 1216 3227 llortze
1262 3170 1521 3238 Colonias,
1555 3170 1626 3244 (ε)
1659 3171 1814 3226 Rom.
1922 3181 2071 3237 pera
2101 3180 2161 3223 se
2189 3166 2353 3238 jussit
2380 3167 2433 3223 in
2471 3168 2923 3240 Ephemeridibus
2960 3170 3237 3227 litterariis
3278 3170 3508 3226 Germa-

227 3263 458 3332 l708,in
475 3264 560 3329 4°,
579 3278 892 3335 oppugnans
915 3263 1088 3319 virum
1112 3262 1295 3320 itidem
1318 3263 1812 3336 pmstantissimum

1923 3259 2043 3314 nice
2063 3258 2222 3315 editis
2250 3259 2446 3331 Lipsiae
2477 3261 2540 3316 A.
2576 3263 2737 3327 1710,
2768 3276 2892 3334 pag.
2934 3263 3094 3331 1010,
3126 3273 3287 3334 atque
3316 3263 3515 3320 iterato

223 3354 488 3411 Thomam
537 3355 606 3411 de
650 3355 1032 3423 Simeonibus,
1073 3354 1162 3426 qui
1207 3355 1474 3413 Valeriam
1519 3354 1817 3410 Faltoniam
1924 3351 1975 3406 in
2004 3352 2159 3408 novis
2185 3352 2461 3409 litterariis
2496 3354 2563 3408 Α.
2600 3355 2761 3425 1719,
2788 3370 2910 3426 pag.
2949 3356 3041 3425 '53,
3086 3357 3381 3427 pmclarus
3422 3356 3519 3413 Vir

223 3446 479 3513 Probam,
498 3445 1024 3517 Adeltii(d)uxorem,
1047 3456 1304 3504 centones
1321 3446 1441 3503 illos
1454 3446 1821 3517 composuisse
1851 3441 1897 3502 Β
1923 3441 2013 3499 1ο.
2042 3443 2265 3500 Gottlieb
2287 3444 2512 3503 Krause.
2544 3446 2876 3518 iampridem
2902 3449 3094 3505 Proba:
3116 3448 3389 3506 Centones
3412 3465 3515 3507 una

223 3540 523 3595 contendit.
556 3540 748 3611 Scripti
776 3550 899 3595 sunt
924 3550 1045 3611 post
1087 3542 1153 3595 Α.
1195 3540 1260 3596 C.
1307 3540 1435 3608 593,
1470 3554 1590 3596 cum
1632 3539 1815 3594 llono-

224 3634 337 3690 rius
374 3624 484 3704 jam
523 3636 797 3705 Augustus
837 3643 998 3703 atque
1028 3633 1324 3705 imperator
1353 3644 1526 3689 esset:
1557 3630 1813 3702 editique,

223 3739 348 3799 post
368 3728 626 3786 Venetam
649 3728 938 3785 editionem
959 3728 1030 3799 (ο)
1053 3728 1208 3796 1172,
1240 3729 1290 3783 in
1324 3727 1416 3783 fol.
1438 3735 1491 3783 et
1520 3726 1813 3781 Romanam

223 3820 389 3885 1181,
422 3820 474 3876 in
503 3820 592 3886 40,
623 3820 675 3875 in
707 3820 844 3877 Bibl.
872 3820 1169 3876 Barberina
1195 3819 1406 3875 obviam
1428 3819 1495 3873 ab
1524 3817 1681 3884 Aldo,
1711 3833 1816 3873 una

223 3925 345 3967 cum
376 3910 623 3982 Sulpicio
650 3911 877 3979 Severo,
910 3910 1495 3975 llomerocentonibus,
1536 3908 1809 3975 Juvenco,

223 4012 356 4069 etc.,
384 4002 577 4061 Venet.
606 4003 766 4070 1501,
789 4004 842 4057 ἰη
868 4006 957 4073 4°,
987 4020 1016 4057 a
1046 4018 1148 4074 qua
1180 4002 1379 4059 ὶκδὸσιι
1402 4001 1689 4072 plurimum
1712 4000 1815 4055 dif-

223 4098 329 4154 fert
350 4098 517 4154 altera
533 4098 715 4153 itidem
739 4098 791 4151 in
812 4108 1004 4168 quarto
1026 4099 1166 4153 circa
1187 4096 1810 4167 idem,utvidetur,tem«
1864 4174 1867 4175 ν

224 4207 327 4261 pus
357 4192 477 4247 sine
503 4191 607 4247 loci
636 4200 691 4246 et
724 4191 848 4245 anni
879 4190 1229 4246 annotatione
1272 4190 1510 4260 vulgata.
1544 4189 1810 4243 Prreterea

223 4284 544 4355 prodierunt
578 4282 752 4338 Paris.
797 4282 959 4351 1509,
989 4284 1039 4336 in
1064 4284 1146 4349 4°,
1196 4282 1336 4353 apud
1374 4282 1638 4337 Joannem
1669 4280 1815 4336 Peti-

223 4383 361 4443 tum,
384 4384 438 4431 et
468 4374 639 4446 Lugd.
676 4374 835 4440 1516,
864 4388 987 4428 cum
1011 4375 1299 4429 Mantuano
1325 4380 1381 4429 et
1414 4372 1565 4429 aliis:
1593 4371 1813 4442 Oppon-

221 4465 410 4525 heimii
442 4482 584 4523 anno
620 4465 795 4532 1517;
843 4464 1091 4523 Francof.
1142 4466 1316 4535 4541,
1367 4466 1421 4522 in
1470 4467 1557 4533 8°,
1593 4470 1819 4521 curante

292 4765 373 4839 (a)
402 4763 600 4839 confer
628 4759 1013 4839 Ephemerides
1052 4759 1224 4839 Paris.
1260 4759 1326 4815 A.
1362 4756 1817 4839 l694,‘pag.w249

219 4828 427 4908 seqfet
458 4828 769 4908 Pagium'ac
796 4837 945 4908 Sam.
975 4832 1296 4908 Basnagium
1327 4831 1489 4908 adat}.
1522 4829 1583 4883 C.
1617 4828 1741 4885 595.

319 4907 370 4971 bl
403 4902 684 4963 Mémoires
709 4908 777 4963 dc
804 4906 1071 4969 Trévoux,
1106 4904 1267 4964 1608,
1299 4916 1352 4970 p.
1385 4902 1511 4955 876.

294 4971 368 5050 (ε)
397 4981 531 5035 Acta
563 4978 732 5032 Erud.
762 4977 925 5050 1709,
955 4991 1073 5050 pag.
1097 4974 1158 5050 ti.
1183 4971 1520 5050 Mémoir._t_le
1547 4971 1815 5050 'l'révoux.

1921 3550 2044 3592 cum
2080 3535 2361 3593 Tancrcdo
2415 3537 2651 3611 Philippi
2706 3539 2954 3596 Beroaldi
3000 3540 3209 3599 Gallice
3249 3540 3519 3598 convertit

1920 3630 2222 3687 Richardus
2264 3633 2315 3687 le
2346 3631 2509 3687 Blanc
2556 3632 2756 3701 Paris.,
2809 3633 2971 3701 1555,
3022 3634 3166 3705 apud
3213 3634 3511 3692 Robertum

1919 3722 2283 3790 Messalinum,
2304 3732 2440 3780 teste
2456 3722 2806 3781 Crucimanio
2827 3740 2947 3795 pag.
2969 3725 3074 3782 440
3095 3724 3235 3780 Bibl.
3268 3725 3510 3784 Gallica).

1919 3813 2013 3871 Sic
2038 3830 2251 3885 quoque
2290 3824 2345 3871 et
2372 3816 2589 3887 quidam
2636 3816 2961 3887 Pomponius
3001 3832 3071 3873 ex
3117 3817 3308 3873 eodem
3351 3826 3511 3888 poeta

1920 3907 2066 3962 inter
2091 3916 2289 3964 caetera
2325 3908 2450 3979 styli
2476 3909 2562 3964 sui
2592 3910 2699 3964 etin
2729 3909 2977 3982 Tityrum
3011 3909 3262 3982 (carmen
3294 3912 3513 3968 bucoli-

1922 3998 2079 4073 cum)
2112 4000 2165 4055 in
2191 4000 2455 4057 honorem
2482 4002 2754 4059 CHRISTI
2784 4004 3107 4073 composuit,
3142 4013 3196 4059 ut
3222 4004 3390 4060 refert
3419 4004 3513 4060 lsi-

1920 4092 2088 4149 dorus
2118 4092 2213 4148 lib.
2258 4109 2274 4148 ι
2319 4094 2597 4165 Originum
2626 4110 2678 4149 c.
2717 4097 2807 4151 58.
2840 4094 3122 4167 Pomponii
3153 4112 3369 4153 carmen
3402 4112 3512 4152 non

1876 4174 1889 4181 Α
1919 4184 2039 4239 tulit
2058 4192 2296 4252 (etatem,
2320 4194 2377 4241 at
2398 4186 2588 4243 Proba:
2618 4188 2892 4244 Centones
2921 4187 3165 4244 Honorio
3188 4190 3317 4259 imp.
3350 4188 3514 4244 dicati

1918 4279 2117 4348 smpius
2148 4279 2323 4335 lucem
2364 4280 2635 4350 viderunt,
2673 4281 2805 4339 editi
2850 4280 3085 4353 primum
3115 4291 3240 4340 sunt
3277 4283 3346 4353 ab
3374 4282 3514 4340 Aldo

1924 4371 2097 4441 150:,
2126 4372 2181 4429 in
2216 4373 2294 4429 4ο.

1921 4755 1988 4814 ad
2009 4757 2430 4837 calcem_codicis
2452 4759 2873 4837 ms.‘Ceutonum
2897 4761 3144 4837 szeculox
3169 4762 3399 4837 exarati,
3423 4766 3511 4837 qui

1920 4840 2100 4886 exstat
2126 4832 2336 4902 inzBibl.
2364 4835 2675 4889 monasterii
2699 4834 2757 4890 S.
2782 4833 3053 4890 Benedicti
3078 4832 3513 4891 Padolironeu'sis

1922 4916 2028 4975 non
2056 4904 2239 4975 procul
2266 4918 2294 4957 a
2327 4904 2548 4975 Mutina,
2578 4906 2695 4960 haec
2724 4906 2973 4975 leguntur
2984 4912 3132 4975 teste
3152 4906 3427 4961 Bernardo
3448 4908 3516 4963 de

1922 4972 2261 5045 Montlaucon
2292 4975 2455 5031 Diarii
2485 4974 2655 5031 Italici
2684 4972 2801 5045 pag:
2832 4976 2902 5031 56
2927 4990 2941 5029 :
2973 4973 3147 5029 Proba
3189 4992 3321 5030 uxor
3360 4978 3515 5032 Adel-

417 5050 724 5140 βαρ-111101.
764 5040 1392 5104 ϐίονΜῙίάεἹωιιεηιιὶ
1420 5040 1657 5111 d’ltalia,
1683 5053 1814 5099 lout.
1842 5078 1889 5140 Ο
2040 5045 2518 5140 maturo-libriin“
2559 5040 2776 5140 Alijepiiv
2799 5046 3027 5140 (Alz'lpii)
3074 5063 3193 5140 cum
3230 5046 3515 5129 Constantii

218 5122 415 5185 XXIV,
449 5138 502 5187 p.
538 5122 640 5176 140
669 5135 785 5188 seq.
1345 5186 1381 5188 _
1454 5186 1464 5188 _
1610 5172 1613 5177 ί

294 5194 375 5264 (d)
406 5186 660 5264 Isidorus
684 5186 831 5264 llisp.
862 5191 931 5246 de
958 5188 1321 5264 scriptoribus
1343 5186 1550 5264 Eccles.
1585 5200 1703 5255 cap.
1738 5188 1770 5264 ξς
1797 5205 1809 5241 :

217 5258 396 5320 Proba
422 5279 552 5316 uxor
582 5258 819 5333 Adelphii
851 5276 1051 5330 procos.
1082 5259 1277 5328 femina
1306 5259 1437 5333 inter
1475 5258 1611 5333 uiros
1644 5259 1813 5333 eccle-

214 5337 453 5392 siasticos
474 5333 669 5387 idcirco
688 5326 1009 5404 posita-solo,
1042 5326 1135 5400 pro
1163 5347 1222 5383 eo
1241 5328 1379 5404 quod
1395 5329 1459 5404 in
1489 5326 1817 5404 laude__Clii'i-

213 5410 283 5463 sti
313 5414 512 5461 versata
540 5413 632 5471 est,
662 5397 964 5475 componens
996 5397 1263 5475 centonem
1291 5400 1353 5475 de
1384 5398 1588 5452 Christo
1628 5397 1813 5475 Virgi-

215 5479 371 5532 lienis
401 5468 696 5544 cooptatum
720 5468 1004 5528 uersiculis.
1029 5472 1192 5544 Cujus
1212 5472 1423 5544 quidem
1445 5486 1543 5523 non
1570 5468 1816 5523 miramur

216 5550 470 5612 studium,
498 5542 591 5600 sed
622 5545 895 5599 laudamus
924 5542 1204 5615 ingenium.
1235 5542 1384 5615 Quod
1408 5550 1572 5595 tamen
1595 5556 1817 5615 op_us_cu-

214 5622 322 5673 lum
341 5609 526 5687 legit—ur
542 5618 675 5671 inter
691 5609 1010 5687 apocrypha}
1026 5616 1324 5687 διῆρται-εξ
1342 5614 1609 5687 insertum.
1632 5609 1812 5687 Gelas.

214 5690 343 5745 dist.
373 5678 460 5754 lii,
512 5704 561 5744 c.
613 5689 680 5743 ὃς
725 5678 1099 5741 ’ϐεηῖῦηειτιιηι
1145 5678 1207 5738 de
1257 5682 1459 5738 Christo
1514 5681 1815 5754 Virgilianis

215 5752 637 5833 compaginatum
684 5758 931 5829 versibus,
981 5754 1356 5829 apocryphum.
1394 5754 1484 5810 His
1512 5752 1647 5809 adde
1672 5752 1815 5823 quod

1925 5114 2329 5187 (Constantini)
2360 5118 2545 5172 bellum
2590 5114 2833 5172 adversus

1922 5186 2450 5259 psissﬁet,’conscripsit
2479 5199 2525 5242 et
2548 5188 2685 5243 hunc
2708 5188 2918 5243 librant.

1997 5258 2069 5330 (e)
2090 5258 2235 5313 lllius
2260 5256 2445 5329 prima:
2472 5259 2724 5316 editionis
2744 5261 2933 5315 titulus
2956 5260 3028 5315 ita
3051 5259 3283 5315 refertur
3305 5274 3333 5314 a
3355 5260 3417 5316 C.
3449 5262 3510 5317 V.

1924 5327 2481 5415 lt‘licliaeclenMaittaire
2505 5331 2556 5385 in
2576 5332 2885 5415 funalibus
2912 5332 3223 5415 typograph.
3252 5332 3511 5415 pag.m9§:

1926 5401 2137 5473 gusonii
2158 5400 2341 5473 l’eonii
2368 5411 2529 5473 poeta:
2553 5403 2883 5473 disertissimi
2904 5400 3345 5473 Epigrammat’on’
3365 5403 3513 5469 libri;

1926 5470 2114 5527 Probat
2140 5470 2393 5527 Centena:
2422 5473 2732 5529 clarissima:
2764 5472 2976 5529 feminre
3002 5470 3314 5541 excerptum
3345 5488 3375 5528 e
3404 5474 3514 5530 Ma-

1929 5544 2077 5613 ronis
2117 5544 2443 5599 carminibus
2490 5544 2555 5598 ad
2605 5543 2970 5602 testimonium
3013 5542 3228 5599 Veteris
3273 5543 3512 5613 Novique

1923 5612 2072 5685 Test.
2106 5614 2275 5668 Ovidii
2303 5614 2600 5669 Consolatio
2625 5616 2693 5669 ad
2720 5614 2961 5685 Liviam:
2992 5613 3310 5685 Calphurnii
3338 5612 3515 5685 Baro-

1924 5683 2079 5739 licam
2106 5701 2351 5758 carmen:
2382 5685 2541 5739 Publ.
2572 5686 2728 5758 (ἔτερ.
2761 5684 2959 5758 Tiferni
2987 5683 3163 5756 hymni
3192 5696 3240 5742 et
3259 5684 3366 5741 alia
3387 5684 3516 5742 Poe-

1924 5764 2086 5827 mata,
2117 5756 2307 5815 Venet.
2338 5758 2475 5815 1472
2500 5757 2674 5814 in-lol.

2942 5119 3237 5190 agnentium
3283 5121 3513 5172 conscri-
