3886 6328
473 315 577 366 sua
1646 308 1802 366 VAL.
1844 306 2210 368 FALTONLE
2249 306 2497 365 PROBE
3622 302 3720 359 ΒΜ

961 562 1417 673 vnn.
1496 559 2471 672 rumorum:
2547 554 3255 703 PROBE,
3870 532 3875 663 Α

1701 765 1981 834 FEMINE
2017 766 2075 824 Cl

2188 765 2475 835 tlSSlME,
2526 795 2531 799 -
3464 808 3467 811 .
3875 786 3877 857 ι

727 919 1942 1068 CENTONES
2064 824 3489 1105 VIR'GI‘LIANI,

1308 1166 1395 1215 AD
1424 1158 1863 1217 TESTIHONIUI
1895 1164 2163 1217 VETERIS
2197 1164 2275 1216 ΕΤ
2308 1164 2462 1217 NOV!
2493 1165 2911 1219 TESTAHENTI.
3002 1228 3005 1229 ν

1108 1447 1441 1503 Prooemium.
2089 1451 2134 1508 Α
2167 1445 2317 1502 Unde
2331 1444 3737 1517 hominum,pecudumquegenus,vitaequevolantum.

556 1563 878 1619 iamdudum
913 1572 1206 1616 temerasse
1244 1561 1407 1614 duces
1436 1559 1515 1628 pia
1545 1557 1745 1615 fmdera
1780 1559 1945 1626 pacis,

2188 1538 2232 1591 Et
2260 1552 2378 1601 qua:
2407 1552 2709 1591 marmoreo
2736 1538 2838 1591 fert
2877 1545 3118 1591 monstra
3146 1536 3245 1592 sub
3275 1551 3489 1605 :equore
3520 1547 3735 1613 ppnlus,
3878 1586 3879 1633 ᾗ

489 1654 770 1725 llegnandi
790 1644 1029 1707 miseros
1054 1652 1225 1707 tenuit
1255 1665 1393 1720 quos
1416 1626 1531 1705 dira
1554 1648 1753 1718 cupido
1786 1666 1800 1700 :

2188 1628 2229 1682 Et
2248 1629 2290 1681 si
2310 1627 2434 1697 quid
2448 1628 2609 1682 simul
2635 1626 2771 1698 ignis
2792 1627 2975 1694 habet,
3000 1626 3084 1682 vel
3112 1627 3324 1682 mobilis
3345 1629 3553 1682 humor.

491 1716 850 1813 Diversasque
882 1758 1064 1807 neces,
1094 1716 1288 1811 regum—
1301 1741 1535 1797 crudelia
1562 1716 1722 1805 bella,
2165 1718 2315 1818 ξξξυιιξ
2339 1718 2496 1818 aliter
2518 1718 2686 1818 Nini-.1
2717 1716 3245 1818 Crescentis'origine
3276 1718 3460 1773 mundi
3878 1716 3879 1787 ᾖ

487 1808 860 1909 Cognatasque
890 1837 1033 1891 acies
1065 1808 1294 1905 pollutas
1326 1834 1471 1889 crede
1517 1843 1798 1900 parentum
1832 1848 1847 1886 :
2166 1808 2412 1909 wu’ﬁsfe
2433 1808 2583 1909 ’δίων
2610 1809 2840 1909 ²¹ξί¹¹¹¹¹νθ
2871 1808 3122 1909 "ab"???
3150 1816 3395 1909 ίθηίξτεπη

493 1899 734 2001 Insignes
764 1899 1002 2000 clypeos,
1039 1899 1319 1996 multoque
1338 1941 1402 1981 ex
1426 1899 1578 1981 hoste
1607 1936 1837 1995 tropa-az
1878 1944 1885 1945 ί

2188 1900 2526 1967 Jrediderim;
2557 1900 2727 1970 major
2758 1916 2937 1957 rerum
2967 1899 3098 1956 mihi
3122 1901 3363 1957 nascitur
3388 1899 3543 1969 ordo,

491 2024 765 2093 Sanguine
792 2035 1117 2090 conspersos
1142 2019 1335 2073 tulerat
1371 2034 1506 2087 quos
1528 2017 1673 2071 fama
1693 2015 1995 2085 triumphos

2188 1993 2222 2046 ii
2245 2007 2347 2062 qua
2374 1991 2531 2047 fidem
2555 1994 2703 2047 tanto
2735 2001 2817 2048 est
2840 1995 2992 2062 operi
3022 1994 3191 2049 latura
3215 2002 3474 2049 vetustas.

484 2116 785 2170 lnnumeris
810 2114 1002 2167 tetiens
1034 2111 1277 2165 vidnatas
1299 2111 1509 2165 civibus
1544 2111 1703 2163 nrbes
1727 2152 1743 2176 ,

2188 2084 2405 2154 iamque
2434 2083 2669 2156 (fatebor
2695 2088 2867 2154 enim)
2893 2085 3089 2140 levium
3120 2085 3425 2154 spectacula
3450 2101 3634 2141 rerum

490 2205 788 2270 Confiteor,
823 2203 1037 2273 scripsi,
1062 2203 1192 2256 satis
1219 2211 1304 2257 est
1332 2201 1641 2257 meminisse
1677 2199 1958 2273 maiorum.

2188 2177 2591 2247 iempereqnos,
2610 2188 2767 2247 atque
2779 2192 2925 2231 arma
2942 2179 3451 2247 virnm,pugnasque
3464 2178 3743 2240 canebam,

2172 2267 2237 2321 Et
2254 2268 2431 2325 studio
2463 2268 2731 2324 incassum
2758 2269 2902 2323 volui
2930 2283 3183 2325 exercere
3210 2270 3476 2336 laborem;

2172 2362 2361 2416 Omnia
2388 2364 2610 2417 tentanti
2641 2364 2815 2433 potior
2840 2366 3105 2419 sententia
3130 2365 3243 2420 visa
3274 2376 3359 2421 est

2175 2452 2414 2508 Pandere
2444 2469 2529 2508 res
2555 2453 2662 2507 alta
2692 2462 2833 2509 terra
2866 2462 2921 2509 et
2945 2454 3174 2524 caligine
3203 2470 3432 2511 mersas.

2178 2544 2340 2616 lnque
2365 2535 2714 2615 dies‘aliquid
2737 2545 3048 2614 jamdudum
3072 2546 3332 2602 invadere
3359 2562 3607 2617 magnum

1081 2312 1347 2369 Int'ocatio
1377 2313 1491 2367 Dei.

532 2430 685 2484 Nunc
701 2474 715 2497 ,
730 2427 873 2483 Deus
896 2427 1257 2496 omnipotens,
1274 2442 1506 2489 sacrum,
1522 2440 1732 2495 precor,
1751 2426 1933 2495 accipe
1955 2439 2073 2479 car-

495 2520 893 2587 zEternumque
925 2520 999 2573 tni
1028 2517 1396 2589 septemplicis
1432 2533 1524 2572 ora
1548 2518 1757 2572 resolve
1895 2515 2069 2588 [men,

501 2613 755 2710 Spiritus,
785 2612 1077 2710 alqttemei
1108 2626 1293 2710 resera
1317 2611 1612 2710 penetralia
1641 2610 1820 2710 cordis
1846 2628 1858 2662 :
1942 2626 1948 2631 ‘
2180 2610 2328 2691 δίεπε
2353 2610 2695 2706 agitatmihi,
2725 2610 2825 2693 nec
2850 2637 3055 2708 placida
3084 2646 3337 2694 contenta
3364 2610 3546 2710 quiete
3565 2648 3670 2695 est.

498 2706 708 2760 Arcana
736 2715 794 2759 ut
825 2705 1021 2773 possim
1055 2704 1192 2758 vatis
1225 2704 1388 2787 proba
1418 2714 1611 2759 cuncta
1634 2702 1862 2758 referre.
2182 2725 2288 2781 ore
2313 2702 2482 2783 ﬁdem
2500 2702 2717 2792 omnes,
2750 2702 3004 2798 [masque
3028 2728 3305 2785 adveni“,-
3327 2702 3556 2796 m'eme-s’

498 2798 612 2852 Non
637 2811 780 2851 nunc
804 2797 1147 2851 Ambrosium
1175 2810 1304 2893 cura
1335 2805 1419 2893 est
1446 2793 1577 2848 mihi
1599 2808 1839 2863 qumrere
1868 2802 2073 2859 nectar,
2111 2822 2157 2881 Β
2182 2818 2411 2887 Manes,
2440 2830 2599 2891 Mque
2631 2822 2751 2886 viri,
2782 2793 2954 2891 pueri,
2988 2822 3336 2893 innupmque
3363 2793 3572 2892 puclla,-

499 2891 609 2945 Nec
639 2892 769 2945 libet
799 2890 974 2945 Aonio
1004 2888 1070 2943 de
1100 2887 1301 2943 vertice
1328 2887 1525 2943 ducere
1551 2901 1753 2941 musas.

503 2981 617 3036 Non
646 2982 775 3035 mihi
799 2995 925 3035 saxa
957 2979 1101 3047 loqui
1140 2994 1315 3034 vanus
1336 2978 1662 3049 persuadeat
1684 2978 1899 3044 horror,

2668 2952 2745 3008 De
2779 2956 3035 3009 creatione
3061 2953 3115 3008 ΔΙ
3124 2956 3267 3009 undi.

503 3072 929 3142 Laurigerosquc
957 3070 1105 3141 sequi
1152 3070 1410 3139 tripodas,
1439 3080 1491 3123 et
1520 3068 1692 3123 inania
1722 3080 1867 3132 v0ta,
2180 3065 2453 3135 Principio
2471 3067 2687 3130 cretum,
2715 3081 2775 3121 ac
2803 3074 2995 3136 terras,
3021 3082 3348 3138 camposque
3371 3068 3640 3139 liquentes

501 3163 893 3232 .lurganteSque
915 3160 1045 3233 dcas
1082 3165 1386 3229 procerum,
1413 3158 1687 3228 victosque.
1709 3164 1970 3228 penates:
2180 3154 2581 3225 Lucentemque
2609 3157 2823 3225 globum
2857 3157 3016 3226 lunar,
3042 3159 3280 3229 solisque
3311 3158 3523 3215 labores

508 3256 695 3310 Nullus
722 3256 866 3309 enim
900 3243 1049 3308 labor
1071 3264 1153 3309 est
1175 3254 1353 3309 verbis
1375 3252 1667 3308 extendere
1698 3255 1913 3315 famam,
2182 3246 2301 3315 Ipse
2330 3245 2487 3301 Pater
2521 3249 2745 3302 statuit:
2780 3263 2894 3315 vos,
2926 3264 2958 3303 ο
2988 3252 3290 3305 clarissima
3310 3251 3503 3305 'mundi

509 3349 685 3417 Atque
709 3346 984 3400 hominum
1011 3338 1205 3399 studiis
1238 3361 1457 3413 parvam
1481 3343 1777 3414 disquirere
1810 3342 2042 3397 laudem.
2183 3339 2428 3407 Lumina,
2460 3341 2729 3396 labentem
2754 3342 2890 3397 caelo
2918 3358 3036 3411 qua:
3065 3342 3259 3397 ducitis
3282 3358 3501 3398 annum.

926 3459 1333 3513 Tractandum",
1366 3460 1665 3529 propositio.
2184 3431 2313 3485 Nam
2349 3446 2522 3501 neque
2544 3440 2701 3486 erant
2722 3443 2988 3488 astrorum
3017 3434 3185 3503 ignes,
3208 3450 3306 3489 nec
3334 3434 3540 3490 lucidus
3562 3434 3759 3499 aether,

2184 3523 2291 3578 Sed
2323 3538 2427 3579 uox
2454 3534 2570 3577 atra
2597 3527 2775 3593 polum
2806 3524 2943 3593 bigis
2972 3526 3228 3579 subvecta
3255 3525 3488 3590 tenebat,

2188 3617 2254 3671 Et
2278 3616 2444 3672 chaos
2474 3618 2525 3670 in
2554 3632 2789 3687 praeceps
2821 3626 3025 3671 tantum
3057 3618 3315 3674 tendebat
3337 3620 3402 3673 ad
3430 3618 3668 3683 umbras,

2184 3710 2426 3776 Quantus
2455 3709 2521 3763 ad
2546 3708 2841 3764 arthereum
2864 3709 2989 3765 creli
3011 3720 3297 3778 suSpectus
3309 3711 3615 3781 Olympum.

578 3572 810 3628 Castalio
835 3571 926 3625 sed
960 3570 1103 3626 lente
1140 3570 1360 3625 madens
1388 3570 1592 3625 imitata
1624 3570 1826 3639 beatos,

517 3666 645 3730 Qua:
678 3661 862 3717 sitiens
889 3662 1039 3716 hausi
1062 3671 1263 3716 sancta:
1287 3661 1534 3714 libamina
1566 3662 1734 3729 pacis,

518 3756 649 3809 Ilinc
669 3769 867 3808 canere
891 3752 1138 3830 incipiam
1165 3771 1176 3804 :
1201 3767 1438 3823 praesens
1466 3752 1629 3821 Deus,
1655 3754 1801 3822 erige
1828 3760 2083 3808 mentem.

520 3844 795 3913 Virgilium
827 3822 1087 3898 cecinisse
1110 3822 1299 3912 loquar
1330 3842 1414 3911 pia
1445 3857 1665 3896 munera
1690 3841 1891 3896 Christi
1921 3860 1939 3895 νε

2560 3822 2629 3876 De
2659 3823 2906 3877 divisione
2935 3822 3065 3876 fucis
3094 3841 3125 3877 a
3155 3824 3390 3878 tenebris.

520 3936 648 3989 Rem
682 3934 810 3987 nulli
841 3932 1122 3989 obscuram
1150 3942 1400 4001 repetens
1436 3934 1503 3987 ab
1526 3932 1733 4002 origine
1757 3932 2007 4001 pandam,
2259 3936 2408 3991 Tunc
2426 3938 2959 4006 Pateromnipotens,
2976 3922 3253 3992 rerum‘cui
3270 3953 3478 3993 summa
3494 3942 3762 4006 potestas,

519 4026 573 4081 Si
601 4039 707 4094 qua
741 4023 873 4078 fides
898 4024 1101 4088 animo,
1129 4024 1173 4078 si
1204 4034 1357 4077 veros
1385 4024 1495 4077 fusa
1532 4038 1625 4092 per
1655 4034 1805 4078 artus
2186 4028 2327 4085 Aera
2353 4029 2576 4084 dimovit
2605 4030 2973 4095 tenebrosum,
3009 4039 3059 4084 et
3087 4032 3307 4097 diSpulit
3334 4031 3575 4097 umbras,

520 4121 667 4174 Mens
695 4119 858 4188 agitat
884 4118 1101 4182 molem,
1134 4126 1187 4171 et
1212 4126 1322 4171 toto
1352 4132 1410 4170 se
1431 4131 1657 4185 corpore
1687 4117 1874 4171 miscet
2192 4122 2255 4175 Et
2284 4120 2517 4176 medium
2542 4120 2649 4175 luci
2675 4129 2835 4192 atque
2854 4121 3065 4175 umbris
3090 4123 3197 4191 jam
3222 4122 3412 4178 dividit
3439 4121 3653 4177 orbem.

518 4211 773 4281 Spiritus,
796 4220 850 4265 et
874 4219 1131 4279 quantum
1166 4224 1270 4264 non
1298 4214 1457 4264 noxia
1486 4224 1715 4291 corpora
1747 4208 1978 4276 tardant,
2118 4198 2162 4259 C
2197 4212 2383 4271 Sidera
2401 4224 2592 4268 cuncta
2620 4221 2789 4279 notat,
2822 4213 2981 4267 tacito
3010 4212 3243 4268 labentia
3266 4214 3426 4277 celo,

521 4305 847 4373 Tcrrenique
887 4301 1144 4359 hebetant
1175 4308 1341 4366 artus,
1378 4300 1798 4370 moribundaque
1826 4301 2088 4356 membra.
2195 4305 2431 4360 lntentos
2459 4306 2679 4360 volvens
2704 4306 2908 4374 oculos,
2933 4322 3035 4375 qua
3064 4316 3215 4376 parte
3247 4308 3451 4363 calores

1097 4435 1273 4491 pARS
1297 4434 1529 4490 pRIMA.
2194 4393 2477 4491 austrinos
2509 4396 2861 4491 tuleritpqute
2891 4402 3032 4464 terga
3064 4396 3477 4491 obverteritaxi,

1712 4508 1715 4511 ν
2193 4486 2451 4556 Obliquus
2479 4502 2583 4557 qua
2609 4500 2668 4541 se
2695 4486 2966 4555 signorum
3002 4487 3226 4541 verterit
3254 4487 3407 4542 ordo.

964 4544 1029 4583 DE
1053 4544 1259 4584 VETBRE
1287 4543 1653 4584 TESTAIENTO.

1003 4620 1299 4690 Deprecatia
1323 4620 1391 4673 ad
1430 4613 1614 4673 Deum.
2564 4617 2641 4673 De
2665 4628 2879 4689 quatuor
2904 4608 3212 4690 temporibus
3235 4624 3377 4676 anni.

594 4734 638 4787 Ο
664 4732 838 4794 Pater,
867 4746 901 4785 ο
928 4731 1203 4785 hominum
1232 4774 1246 4799 ,
1282 4746 1569 4801 rerumque
1599 4733 1801 4786 interna
1834 4741 2088 4801 potestas,
2266 4727 2549 4798 Postquam
2575 4741 2761 4784 cuncta
2789 4729 2934 4783 videt
2959 4730 3096 4786 caelo
3123 4743 3375 4786 constare
3402 4746 3597 4786 sereno

527 4823 601 4875 lla
625 4822 829 4877 facilem
860 4838 1096 4891 cursum,
1123 4834 1281 4893 atque
1310 4825 1502 4877 animis
1528 4824 1749 4879 illabere
1780 4824 1973 4897 nostris
2005 4844 2018 4879 :
2194 4819 2563 4887 Omnipotens,
2597 4820 2768 4876 stellis
2798 4837 3052 4878 numeros
3076 4832 3129 4876 et
3156 4826 3373 4878 nomina
3402 4824 3553 4889 fecit,

525 4918 707 4987 Tuque
732 4918 879 4981 ades,
913 4918 1287 4987 inceptumque
1315 4933 1417 4971 una
1450 4918 1675 4972 decurre
1704 4917 1966 4983 laborem,
2195 4910 2653 4982 Temporibusque
2679 4927 2864 4981 parem
2893 4912 3122 4967 diversis
3150 4923 3403 4983 quattuor
3429 4930 3657 4979 annum,

527 5010 661 5065 Nate
693 5010 864 5063 Patris
897 5010 1112 5073 summi,
1140 5010 1287 5079 vigor
1315 5019 1367 5063 et
1398 5009 1635 5064 caelestis
1658 5009 1808 5078 origo
1833 5027 1843 5060 :
2198 5002 2509 5073 IEstusque,
2538 5011 2591 5058 et
2616 5005 2843 5073 pluvias,
2871 5014 2924 5059 et
2952 5016 3176 5073 agentes
3204 5003 3401 5075 frigora
3434 5007 3647 5060 ventos.

524 5104 694 5167 Quem
712 5102 936 5169 primum
962 5102 1209 5164 colimus,
1232 5102 2089 5170 meritosquenovamushonorcs,
2198 5100 2369 5167 Atque
2399 5098 2511 5151 hate
2543 5107 2597 5150 ut
2626 5098 2795 5152 certis
2823 5112 3101 5166 possemus
3128 5098 3336 5153 discere
3361 5099 3547 5169 signis.

524 5192 640 5246 Jam
674 5208 807 5245 nova
836 5193 1140 5261 progenies,
1172 5192 1347 5245 omnis
1374 5207 1531 5260 quem
1564 5190 1788 5245 credidit
1815 5199 1961 5245 tetas.
2202 5188 2335 5243 Vere
2359 5197 2562 5241 tument
2585 5198 2761 5253 teme,
2788 5196 2842 5242 et
2868 5188 3121 5257 genitalia
3151 5190 3355 5244 semina
3390 5201 3619 5258 poscunt
3649 5206 3665 5243 :

528 5287 743 5340 Munera
771 5300 891 5339 vera
916 5300 1068 5348 Cano,
1099 5286 1230 5339 satis
1262 5292 1343 5338 est
1374 5287 1607 5355 potui-se
1633 5283 1819 5338 videri.
2200 5282 2275 5335 Ac
2298 5280 2473 5336 medio
2501 5290 2666 5334 tostas
2693 5288 2824 5333 testu
2856 5282 2981 5335 terit
3010 5295 3133 5337 area
3166 5280 3373 5352 fruges,

529 5380 856 5447 Jatnpridem
892 5380 1107 5433 memini
1139 5388 1377 5433 veterum
1413 5377 1756 5431 monumenta
1790 5377 2021 5429 virorum
2120 5423 2124 5426 ἠ
2206 5372 2265 5424 Et
2296 5370 2473 5424 varios
2499 5371 2641 5439 ponit
2677 5369 2815 5424 fetus
2845 5380 3153 5436 autumnus,
3181 5381 3235 5425 et
3260 5381 3375 5425 atra

533 5475 770 5529 Most'tlttt
796 5483 915 5526 ante
939 5488 1123 5527 omnes
1157 5482 1320 5524 totum
1351 5472 1615 5525 cecinisse
1638 5458 1740 5539 per
1769 5468 1950 5522 orbem
2128 5462 2133 5467 ’
2208 5463 2363 5517 Venit
2393 5462 2582 5527 hiems,
2616 5462 2804 5517 teritur
2833 5462 3082 5531 Sicyonia
3114 5463 3271 5517 bacca
3304 5464 3540 5530 trapetis,

531 5564 660 5628 anc
690 5566 819 5627 sint,
842 5579 960 5632 quae
993 5564 1210 5630 fuerint,
1238 5572 1290 5613 et
1315 5579 1432 5628 qua:
1461 5569 1677 5615 ventura
1713 5560 1990 5611 trahantur
2128 5583 2180 5644 D
2204 5554 2376 5621 Atque
2402 5553 2533 5606 inse
2564 5567 2658 5607 sua
2684 5567 2778 5622 per
2807 5554 3026 5621 vestigia
3054 5553 3286 5607 volvitur
3315 5567 3497 5606 annus.

530 5658 743 5718 Omnia,
776 5664 831 5707 nt
861 5656 971 5721 ipse
1003 5663 1153 5709 tener
1176 5651 1358 5707 mundi
1384 5651 1720 5705 concreverit
1750 5648 1917 5703 orbis.
2132 5642 2147 5644 ί
2203 5644 2463 5713 Tempore
2490 5644 2597 5713 jam
2628 5659 2691 5697 ex
2716 5644 2804 5699 illo
2830 5642 3073 5699 fecundis
3103 5644 3365 5698 imbribus
3386 5644 3555 5697 wtber

537 5748 679 5801 Felix
703 5748 789 5817 qui
821 5746 993 5815 pot-uit
1013 5761 1193 5801 rerum
1216 5756 1541 5813 cognoscere
1568 5755 1776 5807 causas,
2200 5738 2421 5809 Magnus
2442 5738 2535 5793 alit
2558 5746 2752 5808 magno
2776 5738 3093 5802 commixtus
3117 5752 3345 5809 corpore
3376 5737 3534 5794 fetus.
