3886 6334
224 368 322 422 803

816 486 934 540 Dies
972 488 1182 557 primus.

292 598 354 649 lit
381 598 490 664 jam
519 596 691 666 prima
727 611 865 650 novo
892 598 1178 667 Spargebat
1206 598 1406 652 lumine
1430 605 1622 659 terras.

222 686 566 757 Duceliatque
592 690 733 741 diem
758 687 930 741 stellis
950 702 1143 741 aurora
1169 688 1382 757 fugatis.

220 780 367 833 't‘unc
389 780 587 835 durare
613 781 808 847 solum,
839 792 892 833 et
918 780 1219 835 discludere
1246 781 1413 836 Nerea
1442 790 1605 848 potato

221 871 431 940 Incipit,
455 880 517 926 et
550 886 726 926 rerum
758 872 1015 941 paulatim
1048 886 1263 927 sumere
1294 871 1508 932 formas,

222 963 287 1016 Et
308 964 471 1017 Varia:
504 964 675 1032 pelagi
702 964 893 1028 facies,
935 964 1185 1022 immania
1216 975 1331 1018 cete

221 1055 455 1125 )Eqnora
484 1056 770 1110 verrebant
796 1055 1003 1123 caudis,
1038 1064 1336 1123 mstumque
1362 1058 1639 1123 secabant,

219 1141 325 1200 Nec
354 1162 458 1199 non
486 1156 539 1201 et
563 1147 697 1200 vasti
726 1146 1028 1200 circuibant
1061 1161 1279 1216 aequora
1309 1149 1475 1214 ponti.

214 1235 330 1291 Jam
354 1238 476 1291 sole
507 1236 706 1301 infuso,
730 1237 840 1306 jam
881 1238 1042 1292 rebus
1071 1237 1192 1292 luce
1224 1240 1442 1292 retectis

218 1326 532 1393 Exsultans,
556 1341 843 1399 roremque
857 1327 1017 1382 simul
1038 1326 1570 1399 dispargitamarum.
1596 1322 1599 1325 “

780 1438 905 1493 Dies
957 1440 1233 1493 secundus.

286 1549 509 1605 Postera
534 1551 750 1621 jamque
781 1550 901 1605 dies
931 1550 1104 1620 primo
1134 1551 1389 1621 surge-bat
1418 1551 1557 1618 Eoo,

215 1641 386 1698 Fudit‘
404 1643 601 1699 humus
625 1644 789 1700 flores
805 1684 819 1707 ,
843 1652 900 1698 et
925 1641 1146 1698 frondes
1176 1644 1412 1712 explicat
1439 1659 1647 1708 omnes.

216 1735 646 1806 Sanguineisque
680 1735 880 1791 inculta
912 1735 1109 1790 rubent
1135 1735 1335 1789 aviaria
1367 1736 1566 1800 baccis,

214 1827 331 1883 Non
362 1827 553 1883 rastris
580 1827 879 1893 hominum,
907 1843 1012 1881 non
1042 1826 1134 1882 ulli
1160 1826 1390 1883 obnoxia
1416 1842 1578 1882 curta.

836 1943 953 1999 Dies
983 1946 1183 1999 tertius.

284 2059 470 2114 Tertia
499 2060 586 2113 lux
615 2058 843 2129 gelidam
872 2059 1011 2115 ctelo
1041 2058 1342 2113 dimoverat
1372 2058 1635 2121 umbram,

215 2151 346 2205 Avia
382 2159 509 2205 tunc
534 2158 791 2205 resonant
812 2151 1001 2205 avibus
1026 2150 1253 2218 virgulta
1281 2150 1513 2216 sonoris,

215 2244 287 2298 Et
315 2244 547 2313 liquidas
569 2245 713 2300 corvi
744 2257 936 2315 presso
962 2243 1089 2297 dant
1116 2251 1333 2312 gutture
1360 2256 1539 2306 voces,

214 2333 323 2390 Nec
350 2350 567 2405 gemere
594 2336 739 2390 aeria
762 2334 1007 2390 cessabat
1030 2341 1205 2388 turtur
1228 2332 1297 2387 ab
1327 2333 1507 2388 ulmo.

815 2445 937 2501 Dies
965 2457 1201 2518 quartus.

283 2560 493 2627 Quarto
515 2570 657 2616 terra
690 2560 778 2617 die
810 2560 1077 2615 variarum
1115 2571 1356 2616 monstra
1388 2560 1645 2626 ferarum,

212 2653 896 2725 Omnigenumquepecus,
926 2652 1075 2707 nullo
1101 2651 1323 2708 custode
1351 2667 1448 2722 per
1470 2652 1715 2721 herbam,

214 2742 411 2798 Educit
434 2744 622 2799 silvis:
652 2743 833 2799 subito
870 2743 1137 2813 (mirabile
1169 2744 1345 2815 visu!)

212 2835 367 2891 Tunc
388 2836 603 2892 demum
626 2844 803 2891 movet
834 2835 1121 2903 arma-leo,
1151 2844 1278 2891 tunc
1305 2835 1537 2906 pessima
1562 2835 1716 2905 tigris

209 2928 653 2999 Squamosusque
685 2928 868 2993 draco,
897 2936 951 2983 et
978 2927 1117 2981 fulva
1141 2928 1351 2983 cervice
1383 2928 1553 2983 lemna

210 3018 440 3088 Saevire,
472 3035 535 3075 ac
564 3018 752 3074 forma:
781 3033 1093 3088 magnorum
1118 3018 1326 3073 ululare
1346 3018 1623 3087 luporum.

210 3109 423 3167 Caetera
457 3120 753 3180 pascuntur
783 3109 978 3165 virides
1010 3119 1253 3164 armenta
1287 3125 1379 3179 per
1405 3108 1600 3163 herbas
1620 3150 1632 3173 ,

211 3200 324 3257 Nec
349 3201 602 3273 gregibus
632 3201 819 3272 liquidi
846 3199 1019 3255 fontes
1047 3214 1146 3254 nec
1170 3200 1409 3270 gramina
1439 3199 1654 3253 desunt.

688 3332 807 3388 Dies
831 3336 1040 3401 quintus
1065 3343 1114 3389 et
1134 3341 1329 3389 sextus.

282 3446 511 3515 Jamque
540 3445 679 3513 dies,
712 3446 953 3515 alterque
984 3445 1100 3501 dies
1133 3445 1413 3515 processit,
1443 3452 1497 3499 et
1521 3458 1685 3498 omne

212 3537 327 3591 Hoc
360 3537 575 3593 virtutis
601 3553 735 3607 opus
760 3537 954 3593 divina:
982 3538 1177 3593 mentis
1205 3548 1259 3593 et
1284 3539 1418 3592 artis

209 3628 552 3699 Prospiciens
582 3631 826 3696 Genitor,
861 3630 1115 3700 perfectis
1143 3630 1335 3685 ordine
1366 3630 1545 3694 rebus,

211 3721 437 3792 Expleri
471 3730 703 3777 mentem
734 3723 938 3792 nequit,
972 3721 1307 3791 ardescitque
1338 3721 1540 3776 tuendo

210 3812 529 3875 Terrarum.
556 3824 863 3884 tractusque
892 3817 1077 3883 maris,
1112 3815 1413 3883 (telumque
1441 3812 1784 3883 profundum,

208 3904 477 3970 Alituum,
509 3906 883 3976 pecudumque
910 3920 1097 3975 genus,
1128 3918 1419 3973 secumque
1441 3903 1649 3958 volutat

208 3997 312 4064 Qui
345 4013 518 4061 mare,
546 3998 634 4065 qui
666 4010 837 4053 terras
867 3996 1013 4052 Omni
1041 3994 1241 4051 ditione
1272 4004 1539 4062 tenerent,

208 4086 321 4143 Neu
352 4101 545 4158 segnes
569 4088 789 4158 jaceaut
820 4099 1002 4155 teme,
1026 4087 1182 4158 juvat
1207 4103 1377 4157 usque
1406 4088 1625 4142 morari.

570 4197 648 4252 De
678 4198 984 4269 formatione
1012 4200 1165 4269 primi
1191 4198 1429 4253 hominis.

279 4308 437 4366 Talia
462 4310 701 4365 versanti
733 4310 909 4365 subito
938 4311 1205 4366 sententia
1234 4310 1394 4376 sedit,

207 4402 562 4472 Felicemque
589 4401 751 4456 trahit
778 4402 964 4456 limum
996 4401 1251 4471 ﬁngitque
1278 4399 1575 4470 premendo

206 4494 421 4564 Pingue
444 4494 617 4549 solum
646 4494 835 4564 primis
854 4493 1126 4562 extemplo
1150 4507 1179 4547 a
1208 4493 1486 4548 mensibus
1510 4492 1659 4547 anni.

204 4587 442 4658 Jamque
471 4587 767 4657 improviso
792 4594 952 4642 tanta:
980 4586 1198 4656 pietatis
1225 4586 1402 4656 imago

208 4683 521 4749 Processit,
573 4698 705 4737 nova
736 4682 908 4738 forma
936 4681 1047 4736 viri-
1072 4681 1428 4751 pulcherrima
1457 4694 1654 4749 rerum,

206 4774 280 4829 Os
305 4778 667 4843 numerosque
686 4774 791 4828 Deo
812 4774 1028 4836 similis,
1054 4774 1139 4827 cui
1168 4772 1789 4840 mentem,animumque

206 4865 385 4936 Major
406 4866 517 4936 agit
550 4867 709 4933 Deus,
738 4877 898 4936 atque
927 4880 1090 4935 opera
1118 4865 1183 4919 ad
1216 4866 1418 4933 majora
1449 4864 1695 4920 remittit.

711 4999 789 5054 De
815 5000 1122 5066 formatione
1148 4998 1289 5054 Eme.

274 5096 555 5162 Quaeritur
572 5093 696 5147 hinc
719 5094 872 5160 alius,
906 5109 1003 5147 nec
1023 5096 1299 5164 quisquam
1322 5108 1385 5149 ex
1406 5094 1614 5164 agmine
1640 5102 1785 5148 tanto

203 5189 388 5243 Audet
413 5186 564 5241 adire
596 5185 791 5253 virum,
823 5188 1110 5254 sociusque
1141 5186 1191 5248 in
1225 5202 1385 5257 regna
1422 5188 1623 5241 vocari.

205 5280 361 5335 Haud
396 5294 569 5344 mora,
592 5279 846 5333 continuo
868 5280 1133 5350 placidam
1165 5294 1259 5349 per
1281 5279 1523 5334 membra
1551 5280 1784 5348 quietem

206 5372 304 5424 Dat
326 5371 515 5439 juveni
544 5411 557 5434 ,
583 5379 635 5425 et
664 5369 809 5425 dulci
834 5370 1071 5425 declinat
1093 5370 1292 5427 lumina
1322 5385 1532 5425 SOlllllO.

204 5466 384 5530 Atque
417 5462 490 5514 illi
525 5462 702 5515 medio
734 5461 784 5515 in
815 5463 989 5529 spatio
1010 5462 1121 5530 jam
1153 5464 1327 5516 noctis
1354 5476 1536 5529 opacre

202 5553 561 5619 Omttipotvns
589 5551 813 5605 Genitor
843 5562 1020 5606 costas
1048 5564 1101 5606 et
1135 5552 1339 5606 viscera
1372 5552 1556 5605 nudat.
1605 5603 1609 5607 .

205 5644 403 5697 llarunt
442 5658 600 5695 unam
626 5643 839 5710 juveni,
867 5643 1096 5698 laterum
1122 5643 1470 5713 compagibus
1496 5644 1647 5707 actis,

205 5736 443 5804 Eripuit,
472 5736 761 5802 subitoque
793 5737 965 5789 oritur
994 5736 1241 5791 mirabile
1270 5735 1500 5799 duntttn,

210 5831 606 5901 Argtnnentum
634 5828 824 5898 ingens
845 5828 990 5884 clara
1018 5844 1140 5884 cum
1171 5830 1286 5885 luce
1310 5828 1515 5884 refulsit

1453 368 1811 427 CENTONES
1852 370 2235 433 VIRGILIANI.

3363 378 3465 436 806

1815 488 1863 547 Α
1893 486 2116 559 Insignis
2145 490 2326 550 facies,
2354 501 2405 543 et
2439 492 2663 557 pulchro
2695 500 2913 557 pectore
2941 491 3091 559 virgo

1896 582 2015 636 Jatn
2042 592 2250 635 matura
2284 582 2545 652 \ito,jam
2571 582 2741 652 plenis
2770 582 2968 636 nubilis
3003 580 3175 635 annis.

1892 672 2000 726 Olli
2022 687 2270 727 somnum
2296 672 2484 743 ingens
2519 674 2659 742 rupit
2680 688 2867 742 pavor,
2889 686 3119 739 ossaque
3144 682 3192 725 et
3225 682 3371 724 artus

1892 762 2208 831 L‘onjugiutn
2240 772 2419 831 vocat,
2448 774 2502 819 et
2531 763 2863 833 stupefactus
2890 764 3108 817 numine
3136 764 3357 832 pressit,

1896 850 2223 921 Excepitque
2243 868 2425 917 manu,
2449 854 2809 922 dextramque
2830 854 3114 923 amplexus
3135 853 3381 907 adhaesit.

2082 964 2243 1020 Deum
2268 967 2642 1039 prolaplastum
2670 978 2716 1021 et
2743 965 2903 1021 Evam
2932 965 3266 1021 benediaisse.

1965 1076 2057 1129 llis
2079 1077 2294 1131 demum
2324 1079 2548 1142 exactis,
2584 1088 2789 1147 torquet
2822 1077 2910 1147 qui
2945 1076 3121 1133 sidera
3154 1080 3337 1131 mundi

1890 1164 2054 1219 Jussit
2080 1185 2091 1218 :
2120 1183 2185 1222 eo
2206 1168 2420 1224 dicente
2446 1171 2642 1239 premit
2668 1170 2871 1238 placida
2899 1184 3113 1239 :equora
3148 1179 3365 1239 pontus,

1893 1258 1957 1312 Et
1987 1259 2299 1313 tremefacta
2331 1260 2447 1314 solo
2473 1272 2552 1314 est
2582 1260 2763 1324 tellus,
2793 1260 2916 1315 silet
2944 1260 3143 1315 arduus
3170 1260 3359 1316 aether.

1892 1349 2068 1405 Vivite
2097 1349 2303 1416 felices,
2340 1353 2586 1422 interque
2609 1353 2834 1407 virentia
2863 1353 3003 1406 culta
3043 1360 3047 1364 '

1894 1440 2311 1498 Fortunatorum
2344 1458 2623 1498 nemorum
2656 1444 2921 1514 sedesque
2943 1445 3147 1500 beatas.

1894 1535 2019 1589 llaec
2039 1535 2252 1600 domus,
2270 1538 2381 1591 lucc
2400 1538 2566 1606 patria
2586 1545 2692 1605 est,
2717 1537 2929 1605 requies
2948 1554 3008 1593 ea
3028 1549 3173 1593 certa
3199 1539 3464 1593 laborum.

1891 1626 1987 1682 llis
2011 1641 2111 1697 ego
2138 1642 2238 1683 nec
2260 1640 2430 1682 metas
2460 1645 2662 1694 rerum,
2697 1644 2797 1685 nec
2825 1641 3065 1697 tempora
3098 1648 3258 1696 pnnn.

1893 1714 2179 1784 Imperium
2204 1716 2321 1770 sine
2354 1717 2459 1771 fine
2487 1716 2632 1781 dedi,
2666 1718 2973 1787 multosque
3001 1734 3095 1786 per
3127 1734 3300 1771 annus

1894 1805 2007 1859 Non
2038 1818 2266 1860 rastrum
2293 1809 2525 1888 patietur
2554 1809 2769 1877 humus,
2801 1825 2899 1863 nec
2924 1810 3078 1863 vinea
3110 1810 3323 1865 falcem.
3414 1842 3419 1847 -

1896 1898 1963 1951 At
1984 1912 2151 1965 genus
2180 1898 2482 1954 immortale
2519 1910 2718 1964 manet,
2748 1916 2848 1955 nec
2883 1900 3033 1955 tarda
3060 1911 3307 1956 senectus

1897 1988 2152 2043 Debilitat
2172 1990 2314 2044 vires
2338 1990 2523 2059 animi,
2558 2000 2833 2062 mutatque
2858 1993 3114 2063 vigorem.

1820 1850 1869 1909 B

2177 2103 2317 2169 Quid
2334 2103 2649 2169 prohibitum
2670 2106 2848 2175 primis
2864 2106 3179 2175 parentibus.

1965 2191 2071 2249 Vos
2096 2202 2280 2254 contra
2311 2211 2430 2263 qua:
2461 2196 2634 2251 dicam
2660 2198 2852 2251 animis
2883 2198 3150 2252 advertite
3177 2200 3394 2264 vestris;

1894 2282 1949 2337 ln
1975 2284 2153 2340 medio
2182 2301 2381 2351 ramos,
2414 2303 2724 2359 annosaque
2752 2291 2971 2346 brachia
3004 2291 3232 2346 tendens

1893 2375 1989 2431 Est
2016 2377 2068 2435 in
2097 2388 2387 2447 conspectu
2415 2382 2583 2436 ramis
2609 2381 2853 2437 felicibus
2883 2384 3074 2448 arbor,
3107 2365 3124 2372 ’

1890 2470 2059 2538 Quam
2092 2486 2265 2541 neque
2290 2472 2369 2528 fas
2397 2474 2501 2543 igni
2532 2475 2800 2543 cuiquam,
2836 2490 2933 2528 nec
2957 2484 3205 2530 sternere
3230 2474 3423 2541 ferro,

1892 2560 2196 2633 Relligione
2223 2579 2372 2619 sacra
2406 2581 2694 2635 numquam
2726 2582 2982 2621 ennccssa
3012 2568 3235 2621 moveri.

1894 2654 2002 2709 Hac
2039 2653 2359 2724 quicumque
2385 2672 2567 2712 sacros
2597 2658 2930 2727 decerpserit
2957 2659 3152 2713 arbore
3180 2658 3346 2733 fetus,

1892 2744 2061 2800 Morte
2088 2746 2201 2801 luet
2227 2749 2414 2803 merita
2451 2766 2463 2801 :
2500 2765 2599 2804 nec
2629 2765 2713 2805 me
2743 2751 3008 2804 sententia
3044 2750 3207 2805 vertit
3236 2768 3248 2801 :

1891 2834 2000 2891 Nec
2023 2835 2115 2891 tibi
2136 2836 2249 2906 jam
2274 2837 2507 2907 prudens
2528 2841 2810 2909 quisquam
2846 2840 3165 2907 persuadeat
3194 2851 3381 2895 auctor

1889 2925 2295 2984 Commaeulare
2321 2946 2532 2996 manus,
2565 2932 2725 2987 liceat
2757 2942 2808 2987 te
2831 2948 2963 2988 voce
2993 2934 3192 2989 moveri

1892 3019 2165 3086 Feminea,
2196 3036 2293 3077 nec
2324 3031 2374 3077 te
2404 3023 2568 3077 ullius
2599 3026 2849 3079 violentia
2878 3026 3079 3093 vincat,

1890 3111 1946 3167 Si
1970 3122 2022 3167 te
2046 3112 2202 3183 digna
2235 3124 2413 3168 manet
2441 3114 2603 3169 divini
2633 3117 2800 3185 gloria
2829 3118 2986 3187 juris.

2374 3224 2453 3279 De
2482 3227 2682 3281 deliciis
2712 3228 2972 3284 Paradisi.

1965 3319 2254 3390 Postquam
2276 3331 2463 3377 cuncta
2494 3331 2662 3389 pater,
2695 3323 2819 3379 cteli
2854 3327 2938 3380 cui
2968 3327 3144 3382 sidera
3176 3338 3385 3397 parcnt,

1889 3402 2224 3481 Composuit,
2257 3414 2503 3485 legesque
2530 3415 2697 3481 dedit,
2723 3432 3055 3486 camposque
3085 3420 3316 3474 nitentes

1893 3506 2131 3573 Desuper
2160 3514 2416 3573 ostentat,
2444 3515 2709 3561 tantarum
2739 3509 2906 3577 gloria
2941 3526 3119 3565 rerum
3151 3530 3160 3561 ε

1894 3595 2027 3649 Ecce
2050 3604 2230 3651 autem
2260 3598 2413 3665 primi
2441 3599 2539 3651 sub
2561 3598 2745 3653 limine
2777 3600 2907 3654 solis
2929 3611 2981 3655 et
3010 3611 3159 3655 ortus

1893 3686 2166 3741 Devenere
2193 3689 2364 3753 locos,
2396 3689 2484 3742 ubi
2518 3690 2695 3745 mollis
2735 3706 3013 3745 amaracus
3042 3693 3162 3747 illos
3278 3750 3289 3760 ,

1891 3777 2164 3845 Floribus,
2194 3790 2248 3834 et
2278 3780 2422 3835 dulci
2445 3783 2687 3851 aspirans
2709 3784 3087 3849 complectitur
3110 3788 3316 3840 umbra.

1893 3872 1987 3926 llic
2016 3888 2107 3925 ver
2131 3885 2481 3941 purpureum,
2513 3885 2674 3943 atque
2706 3876 2893 3928 alienis
2917 3876 3191 3930 mensibus
3212 3886 3391 3945 testas,

1891 3962 1986 4016 Hie
2016 3963 2201 4032 liquidi
2245 3963 2439 4029 fontes,
2476 3964 2560 4018 hic
2583 3964 2705 4019 cteli
2734 3974 2972 4034 tempore
2998 3978 3147 4021 certo

1893 4055 2070 4111 Dulcia
2096 4056 2254 4110 mella
2290 4067 2562 4124 premunt,
2588 4056 2674 4111 hic
2703 4057 2931 4111 candida
2968 4061 3192 4128 pOpulus
3217 4072 3374 4115 antro

1894 4148 2155 4215 Imminet,
2188 4160 2243 4204 et
2267 4150 2422 4223 lenttc
2460 4159 2646 4204 texunt
2676 4152 2981 4205 umbracula
3014 4153 3144 4208 vites
3176 4170 3188 4205 :

1892 4240 2118 4297 Invitant
2147 4242 2351 4297 croceis
2381 4243 2620 4298 halantes
2641 4242 2865 4298 ﬂoribus
2895 4244 3035 4299 horti

1893 4334 2035 4389 Inter
2060 4334 2343 4389 odoratum
2369 4336 2501 4388 lauri
2532 4350 2741 4400 nemus,
2772 4336 2993 4406 ipsaque
3027 4337 3184 4392 tellus

1888 4427 2077 4482 Omnia
2102 4427 2325 4482 liberius
2356 4428 2503 4482 nullo
2528 4437 2785 4497 poscente
2815 4427 3037 4483 ferebat.

1890 4518 2168 4573 Fortunati
2200 4519 2376 4585 ambo,
2407 4519 2450 4577 si
2480 4534 2632 4575 mens
2654 4534 2761 4574 non
2803 4520 2931 4574 larva
2962 4519 3153 4575 fuisset

1813 4592 1866 4653 D
1889 4609 2145 4681 Conjugis
2170 4609 2421 4677 infandae,
2454 4610 2638 4667 docuit
2667 4620 2789 4682 post
2810 4614 2989 4667 exitus
3018 4614 3223 4683 ingens.

1812 3219 1859 3283 C

2324 4722 2562 4777 Tentatio
2593 4742 2681 4793 per
2706 4725 3027 4794 Serpentem.

1962 4815 2184 4885 Jamque
2206 4815 2320 4870 dies
2348 4816 2559 4870 infanda
2581 4817 2767 4871 aderat
2796 4832 2884 4885 per
2922 4816 3086 4873 florea
3127 4833 3248 4872 rura
3275 4837 3286 4871 :

1894 4908 2034 4962 Ecce
2056 4909 2309 4962 inimicus
2331 4919 2488 4963 atrox
2516 4908 2795 4963 immensis
2818 4909 3038 4963 orbibus
3069 4911 3258 4979 anguis

1894 5000 2108 5070 Septem
2142 5000 2327 5070 ingens
2354 5015 2537 5071 gyros,
2570 5013 2787 5071 septena
2828 5001 3096 5055 volumina
3133 5013 3335 5069 versat,

1896 5095 2001 5149 Nec
2030 5096 2141 5146 visu
2178 5092 2369 5161 facilis,
2396 5108 2492 5147 nec
2516 5093 2659 5146 dictu
2688 5091 2913 5147 affabilis
2944 5093 3059 5158 ulli,

1894 5186 2117 5254 Obliqua
2152 5184 2350 5237 invidia
2384 5199 2534 5238 ramo
2559 5183 2841 5238 frondente
2866 5186 3137 5253 pependit,

1898 5279 2177 5347 Vipeream
2208 5276 2471 5344 inspirans
2496 5276 2749 5338 animam,
2776 5275 2860 5329 cui
2886 5276 3055 5329 tristia
3085 5275 3219 5328 bella

1896 5370 2095 5438 Ira'que
2128 5367 2461 5434 invidimque,
2497 5374 2548 5419 et
2578 5366 2739 5419 noxia
2768 5368 2991 5420 crimina
3022 5364 3189 5418 cordi.

1894 5462 2015 5515 Odit
2044 5470 2094 5513 et
2117 5459 2228 5527 ipse
2259 5468 2425 5527 pater,
2457 5466 2534 5511 tot
2561 5472 2681 5513 sese
2704 5458 2860 5512 vertit
2903 5456 2955 5509 in
2986 5471 3103 5523 ora,

1894 5552 2238 5620 Arrectisque
2264 5551 2448 5604 horret
2474 5550 2735 5617 squamis,
2766 5557 2820 5600 et
2848 5562 2911 5600 ne
2935 5548 3061 5615 quid
3093 5548 3359 5610 inausum,

1896 5644 2002 5699 Ant
2032 5645 2348 5697 intentatum
2394 5642 2682 5695 scelerisve
2711 5639 2889 5693 dolive
2923 5640 3207 5709 relinquat,

1899 5736 1986 5791 Sic
2010 5737 2157 5806 prior
2187 5732 2493 5804 aggreditur
2520 5732 2699 5795 dictis,
2734 5746 2901 5801 seque
2931 5732 3124 5786 obtulit
3154 5732 3292 5785 ultro
3325 5748 3334 5782 :

1974 5827 2085 5891 hic,
2118 5828 2210 5890 ait,
2242 5841 2273 5879 ο
2302 5824 2449 5892 virgo
2482 5821 2642 5891 (lucis
2674 5820 2976 5877 habitamus
3004 5825 3205 5891 opacis,
