3886 6338
476 253 579 310 807
1649 241 1806 301 VAL.
1850 237 2223 303 FALTONIIE
2264 238 2516 298 PROBAE
3649 239 3734 294 803

470 363 842 433 ltiparumque
882 367 1052 428 toros,
1096 369 1152 416 et
1183 365 1334 430 prata
1363 359 1603 416 recentia
1632 360 1760 415 rivis

473 452 816 524 lucolimus),
842 471 960 526 qua:
990 462 1139 509 tanta
1166 453 1364 509 animis
1392 454 1605 524 ignavia
1637 456 1780 510 venit
1806 456 1829 508 ?

475 552 655 601 Strata
681 546 863 616 jacent
887 546 1082 614 passim
1112 560 1207 600 sua
1238 562 1468 616 quaeque
1498 547 1597 602 sub
1624 548 1820 602 arbore
1847 561 2021 617 poma,

471 637 674 694 Pocula
703 647 828 693 sunt
856 636 1040 707 liquidi
1077 636 1276 703 fontes,
1307 638 1548 693 cretestia
1580 638 1739 693 dona.

477 731 784 787 Attrectare
815 730 987 798 nefas,
1016 729 1066 784 id
1091 730 1254 786 rebus
1280 730 1449 786 defuit
1477 748 1662 786 unum.

478 827 610 894 Quis
641 825 896 897 prohibet
925 840 1117 881 causas
1139 827 1355 896 penitus
1384 834 1593 881 tentare
1615 825 1886 881 latentes?

476 919 627 974 Vana
658 919 1192 989 superstitio,rerum
1222 933 1350 988 pars
1371 917 1539 975 altera
1563 917 1811 988 adempta
1846 925 1950 983 cst,

478 1012 768 1079 Conditio;
800 1027 920 1069 mea
947 1012 993 1067 si
1025 1027 1134 1067 non
1165 1011 1314 1067 irrita
1349 1012 1489 1068 dicta
1520 1021 1770 1083 putares,

477 1104 684 1162 Auctor
711 1120 806 1162 ero
831 1103 1062 1160 audendi
1100 1114 1310 1159 sacrata
1339 1104 1610 1160 resolvere
1632 1105 1774 1172 jura.

477 1197 563 1255 Tu
590 1199 854 1270 conjunx,
883 1197 978 1255 tibi
1009 1198 1090 1253 fas
1121 1199 1365 1253 animum
1395 1206 1609 1254 tentare
1640 1197 1929 1269 precando.

479 1291 600 1347 Dux
628 1307 729 1364 ego
752 1301 932 1348 vester
963 1305 1081 1360 ero,
1113 1304 1202 1346 tua
1231 1292 1273 1345 si
1300 1290 1429 1346 mihi
1456 1300 1604 1347 certa
1633 1290 1902 1357 voluntas,

477 1384 932 1458 Exstruimttsque
954 1395 1127 1455 toros,
1156 1385 1490 1457 dapibusque
1503 1380 1784 1456 epulamur
1809 1383 2021 1455 opimis.

869 1500 980 1556 Eva
1006 1501 1452 1575 'seductalseducit
1482 1501 1670 1554 virum.

549 1593 640 1652 Sic
667 1595 764 1664 ait,
799 1603 853 1650 et
877 1594 1021 1650 dicto
1045 1593 1228 1659 citius,
1253 1593 1399 1665 quod
1427 1594 1547 1664 lege
1581 1601 1794 1650 tenetur

480 1685 790 1757 Subjiciunt
813 1686 988 1757 epulis
1016 1685 1156 1740 oculi
1183 1686 1494 1741 venerabile
1525 1687 1750 1756 lignum,

473 1779 872 1849 lnstituuntque
895 1779 1087 1851 dapes,
1118 1789 1475 1850 contactuque
1510 1780 1686 1835 omnia
1717 1780 1942 1836 fmdant.

551 1875 830 1944 Prtecipue
856 1873 1059 1929 insistit
1089 1874 1227 1944 peSti
1258 1873 1452 1929 devota
1487 1872 1702 1940 futurrr,

480 1968 811 2038 Miraturque
841 1981 1008 2022 novas
1034 1967 1276 2032 frondes,
1305 1977 1361 2023 et
1394 1981 1500 2022 non
1529 1981 1625 2020 sua
1654 1982 1840 2036 poma.

476 2061 652 2117 Causa
677 2060 804 2116 mali
837 2062 992 2129 tanti,
1026 2076 1239 2115 summo
1272 2068 1429 2115 tenus
1461 2061 1631 2131 attigit
1662 2075 1776 2136 ore,

480 2151 653 2222 Maius
677 2151 870 2207 adorsa
901 2153 1075 2219 nefas,
1108 2152 1481 2222 maioremque
1508 2166 1631 2205 orsa
1665 2151 1926 2206 furorem.

481 2245 595 2300 lleu
619 2246 820 2302 misero
849 2245 1090 2315 conjuux
1121 2245 1298 2298 aliena
1324 2261 1388 2300 ex
1413 2244 1607 2298 arbore
1629 2259 1848 2314 germen

480 2338 698 2408 Objicit,
724 2349 883 2408 atque
910 2337 1152 2392 animum
1184 2336 1360 2391 subita
1388 2335 1675 2390 dulcedine
1703 2334 1889 2389 movit.

627 2453 891 2507 Videntse
916 2451 1106 2517 nudos,
1139 2460 1185 2504 et
1216 2449 1412 2519 faciunt
1459 2449 1552 2502 sibi
1584 2450 1916 2517 pcrizomata.

549 2548 822 2606 Continuo
851 2562 987 2602 nova
1016 2546 1107 2600 lux
1139 2543 1313 2599 oculis
1342 2543 1574 2607 elTulsit;
1607 2552 1658 2596 at
1691 2542 1766 2596 illi

482 2639 778 2696 Torrentur
804 2639 923 2713 visu
952 2637 1154 2703 subito,
1181 2651 1280 2690 nec
1303 2636 1456 2706 plura
1485 2634 1702 2700 morati,

478 2736 717 2809 Corpora
749 2735 850 2792 sub
881 2735 1047 2791 ramis
1078 2734 1296 2804 objectu
1327 2734 1537 2789 frondis
1560 2732 1891 2799 inumbnant,

477 2829 803 2886 Couserlum
836 2837 1072 2899 tegmen,
1104 2842 1204 2882 nec
1230 2841 1355 2898 spes
1375 2827 1495 2896 Opis
1520 2826 1626 2880 ulla
1650 2825 1897 2880 dabatur.

479 2923 550 2980 At
577 2937 686 2979 non
714 2922 830 2978 haec
854 2921 1022 2977 nullis
1051 2920 1330 2976 hominum
1362 2919 1540 2986 Sator,
1573 2928 1738 2989 atque
1766 2918 1992 2973 deorum

477 3014 789 3071 Observans
810 3015 999 3082 oculis,
1030 3013 1206 3070 caedes
1234 3022 1288 3068 et
1319 3013 1456 3067 facta
1488 3011 1702 3084 tyranni

486 3107 799 3177 Pratsensit,
833 3111 1130 3177 noturnque
1161 3106 1349 3162 furens
1372 3104 1498 3176 quid
1531 3105 1729 3160 femina
1762 3105 1955 3174 possit.

477 3201 750 3257 Continuo
777 3201 1015 3256 invadit:
1046 3200 1270 3264 Procul,
1304 3215 1336 3256 ο
1366 3202 1553 3269 procul
1578 3209 1716 3268 este,
1751 3200 1978 3268 profani,

478 3291 815 3362 Conclamat,
845 3293 1044 3350 caelum
1075 3302 1328 3349 acterras
1355 3293 1444 3362 qui
1475 3291 1916 3348 numiue'firmat.

980 3410 1149 3465 Adam
1191 3409 1460 3465 abscondit
1492 3427 1564 3466 se.

551 3525 728 3597 Atque
759 3523 840 3581 illi
865 3524 1021 3597 longe
1048 3525 1384 3595 gradientem
1415 3533 1468 3581 et
1494 3525 1610 3579 dira
1634 3524 1960 3580 frementem

481 3615 553 3676 Ut
581 3618 786 3686 videre,
822 3627 969 3674 metu
1001 3615 1145 3673 versi
1186 3623 1439 3687 retroque
1478 3623 1696 3672 mentes

483 3710 799 3782 Diffugiunt,
833 3710 1104 3781 silvasque
1135 3718 1191 3766 et
1234 3711 1406 3764 sicubi
1436 3724 1672 3764 concava
1704 3709 1884 3764 furtim

478 3804 620 3860 Saxa
648 3811 858 3875 petunt,
888 3803 1036 3875 piget
1056 3802 1280 3872 incepti,
1310 3801 1592 3872 lucemque
1620 3817 1720 3858 nec
1745 3816 1905 3857 auras

478 3894 814 3969 Respiciuut,
845 3897 1009 3954 ttedet
1036 3896 1158 3954 cceli
1188 3911 1428 3953 conveva
1465 3899 1624 3954 tueri.

897 4011 1143 4082 Increpat
1175 4011 1342 4066 Adam
1371 4010 1641 4065 Dominus.

548 4129 659 4187 Nec
683 4129 900 4200 longum
928 4127 981 4183 in
1012 4126 1193 4183 medio
1216 4135 1448 4197 tempus,
1473 4141 1596 4181 cum
1614 4125 1805 4182 creber
1819 4125 1884 4181 ad
1907 4140 2061 4183 aures

482 4221 642 4280 Visus
669 4221 861 4278 adesse
885 4220 1080 4293 pedum
1111 4220 1342 4288 sonitus,
1363 4217 1698 4290 Genitorque
1711 4234 1807 4290 per
1821 4219 2058 4275 umbram

480 4313 701 4371 Talibus
729 4313 922 4370 aﬂatur
947 4313 1129 4378 dictis,
1152 4321 1315 4382 atque
1346 4311 1587 4382 increpat
1609 4313 1750 4366 ultro
1783 4329 1798 4367 :

478 4407 694 4478 Infelix,
719 4424 838 4478 quae
862 4417 1009 4464 tanta
1037 4407 1280 4462 animum
1311 4405 1582 4462 dementia
1609 4405 1794 4476 cepit?

473 4502 610 4571 Quis
630 4501 780 4556 furor
806 4500 898 4557 ille
920 4499 1119 4556 novus?
1140 4515 1247 4570 quo
1265 4513 1431 4565 nunc,

478 4591 788 4664 Regnorum
811 4592 1184 4658 immemores,
1216 4606 1339 4662 qua:
1361 4602 1596 4646 mentem
1625 4589 1831 4646 insania
1863 4592 2060 4646 mutat?

476 4684 670 4755 Dicite,
701 4700 826 4756 qua:
851 4684 987 4740 lucis
1017 4683 1231 4740 miseris
1261 4691 1366 4737 tam
1396 4683 1512 4738 dira
1537 4682 1779 4754 cupido?

475 4778 740 4835 Maturate
764 4777 966 4848 fugam,
999 4784 1226 4846 totoque
1246 4775 1492 4832 absistite
1517 4776 1660 4840 luco,

475 4869 588 4926 Nec
609 4884 871 4927 revocare
893 4868 1136 4940 gradum,
1166 4866 1214 4923 si
1243 4867 1463 4939 quando
1488 4868 1719 4924 adversa
1750 4869 2024 4937 vocarint,

478 4963 576 5018 Est
595 4963 801 5019 licitum
836 4977 849 5016 :
883 4961 1116 5016 flammis
1139 4961 1305 5016 ambit
1333 4960 1660 5016 torrentibus
1683 4958 1854 5017 amnis

476 5056 582 5114 Per
610 5056 846 5112 medium
877 5054 1138 5121 stridens,
1173 5063 1492 5126 torquetque
1517 5055 1761 5110 sonantia
1787 5069 1932 5109 saxa.

478 5149 800 5223 Attollitque
828 5148 1016 5220 globos
1047 5150 1407 5216 flammarum,
1436 5156 1490 5204 et
1520 5147 1695 5206 sidera
1729 5147 1935 5202 lambit.

1015 5263 1186 5318 Adam
1209 5279 1263 5319 se
1291 5273 1522 5318 excusat.

549 5379 645 5437 llle
675 5378 775 5435 sub
803 5378 920 5434 lure
954 5394 967 5432 τ
1001 5377 1116 5434 Tua
1145 5377 1501 5447 me,genitor,
1531 5385 1618 5431 tua
1650 5375 1819 5431 tristis
1851 5375 2025 5446 imago

477 5472 575 5530 llis
603 5486 835 5545 posuere
855 5470 1013 5536 locis,
1043 5469 1237 5535 merui,
1263 5483 1364 5524 nec
1393 5468 1674 5539 deprecor,
1701 5467 1892 5537 inquit,

476 5565 858 5636 Omnipotens,
883 5565 1223 5633 sonitumque
1245 5560 1465 5632 pedum,
1495 5576 1789 5632 vocemque
1810 5561 2062 5616 tremisco

478 5661 742 5718 Conscius
771 5659 990 5716 audacis
1020 5658 1170 5724 facti,
1210 5658 1506 5730 monitique
1533 5657 1760 5714 sinistri.

483 5754 702 5811 chiua
727 5754 830 5812 fert
859 5753 1039 5810 tristes
1068 5765 1280 5821 succos,
1315 5753 1634 5824 tardumque
1677 5765 1944 5824 saporem;

2088 364 2139 418 Α
2167 355 2257 412 llla
2292 358 2443 412 dolos
2474 356 2757 426 dirumque
2787 354 2932 411 nefas
2965 353 3063 409 sub
3099 361 3318 425 pectore
3347 367 3576 410 versans
3602 395 3616 420 ,

2171 455 2447 509 lusoutcm
2480 453 2696 508 infando
2719 451 2937 519 indicio,
2970 451 3231 507 moritura
3265 453 3444 523 puella

2167 548 2302 602 Dum
2332 549 2479 612 furit,
2506 548 2776 604 incautum
2806 547 3013 602 crudeli
3035 556 3208 602 morte
3248 546 3499 617 peremit.

2166 642 2343 698 Suasit
2365 643 2532 705 enim,
2557 641 2662 696 scis
2693 643 2829 710 ipse,
2858 655 2957 696 nec
2983 650 3066 696 est
3094 648 3145 696 te
3170 639 3360 695 fallere
3381 640 3629 709 cuiquam
3662 684 3674 708 ,

2166 738 2237 794 Ut
2264 738 2396 805 vidi,
2421 748 2478 793 ut
2507 737 2675 816 perii,
2707 745 2765 790 ut
2794 751 2877 792 me
2907 736 3080 790 malus
3105 734 3326 790 abstulit
3353 750 3534 795 error,

2166 829 2610 902 Coutigimusque
2639 846 2799 885 manu
2821 828 2963 900 quod
2989 844 3094 882 non
3117 842 3214 883 sua
3236 827 3471 884 seminat
3497 825 3672 883 arbos.

2642 943 2980 998 Maledictum:
3005 941 3264 1013 Serpenti.

2239 1066 2390 1122 Tunc
2419 1065 2580 1122 Pater
2609 1064 2956 1136 omnipotens
2987 1064 3121 1119 solio
3151 1064 3229 1120 sic
3257 1063 3374 1119 infit
3403 1063 3472 1118 ab
3495 1063 3603 1118 alto
3633 1077 3648 1118 :

2166 1159 2412 1230 Accipite
2441 1174 2590 1230 ergo,
2614 1158 2811 1212 animis
2836 1168 2998 1228 atque
3021 1156 3140 1212 htec
3168 1171 3285 1212 mea
3313 1156 3459 1226 ﬁgite
3486 1157 3623 1212 dicta
3654 1171 3670 1217 :

2166 1250 2353 1321 Tuque
2377 1250 2546 1322 prior,
2572 1250 2781 1306 scelere
2810 1260 2934 1306 ante
2957 1249 3091 1305 alios
3119 1248 3409 1304 immanior
3432 1263 3638 1317 omnes,

2167 1344 2337 1411 Quem
2370 1359 2471 1399 nec
2498 1344 2656 1415 longa
2686 1344 2823 1408 dics,
2854 1344 3029 1414 pietas
3058 1357 3158 1398 nec
3189 1342 3396 1412 tnitigat
3437 1342 3573 1409 ulla,

2169 1437 2425 1491 llortator
2445 1437 2710 1492 scelerum
2735 1436 2979 1503 coluber,
3013 1435 3152 1490 mala
3180 1435 3425 1506 gramina
3457 1449 3643 1505 pasces

2169 1530 2408 1596 Desidia,
2438 1530 2710 1600 latamque
2740 1529 2960 1585 trahens
2990 1529 3252 1600 inglorius
3279 1529 3484 1584 alvum.

2167 1621 2309 1676 Cede
2340 1622 2493 1688 locis,
2530 1622 2693 1676 nullis
2714 1621 2994 1677 hominum
3025 1621 3370 1692 cogentibus,
3400 1621 3516 1692 ipse

2092 1739 2142 1799 B
2174 1711 2370 1768 Tenvis
2396 1713 2484 1768 ubi
2507 1713 2715 1783 argilla,
2745 1721 2801 1767 et
2829 1713 3072 1768 dumosis
3098 1711 3341 1768 calculus
3367 1712 3535 1766 arvis.

2679 1826 3015 1881 Maledictum
3041 1826 3228 1882 Adam.

2237 1943 2305 1998 At
2337 1942 2428 1998 tibi
2461 1956 2555 2012 pro
2583 1940 2786 1996 scelere
2815 1940 3125 2012 (exclamat)
3149 1980 3164 2006 ,
3193 1954 3293 2010 pro
3317 1940 3514 1996 talibus
3543 1939 3694 2006 ausis,

2165 2037 2337 2102 Omne
2357 2053 2527 2092 aevum
2566 2036 2710 2091 ferro
2759 2036 2970 2101 teritur,
2998 2033 3308 2104 primusque
3331 2049 3425 2105 per
3446 2043 3612 2088 artem

2169 2131 2326 2200 (Heu,
2361 2130 2667 2186 miserande
2693 2143 2826 2200 puer
2853 2128 2894 2200 !)
2925 2138 3123 2182 terram
3149 2127 3491 2184 insectabere
3518 2126 3708 2192 rastris,

2173 2223 2243 2278 Et
2272 2226 2449 2278 sonitu
2479 2222 2707 2278 terrebis
2732 2236 2859 2276 aves
2883 2239 2894 2272 :
2931 2219 3174 2274 horrebit
3205 2221 3258 2273 in
3281 2218 3425 2274 arvis

2165 2318 2430 2388 Carduus,
2457 2327 2511 2373 et.
2536 2317 2706 2388 spinis
2736 2325 2924 2386 surget
2964 2316 3204 2386 paliurus
3233 2302 3430 2378 acutis,

2168 2411 2496 2486 Lappzrque,
2524 2410 2832 2479 tribulique,
2856 2418 2910 2463 et
2938 2406 3094 2462 fallax
3121 2406 3286 2461 herba
3323 2407 3540 2471 veneni;

2168 2503 2236 2558 Λι
2265 2502 2309 2556 si
2341 2502 2610 2556 triticeam
2636 2500 2690 2554 in
2726 2514 2980 2561 messem.
3012 2497 3340 2568 robustaque
3370 2497 3510 2551 farra

2168 2595 2460 2652 Exercebis
2491 2594 2735 2658 hmnum,
2763 2594 2960 2648 frustra
2985 2592 3329 2662 exspectabis
3366 2606 3634 2656 acervum,

2169 2686 2552 2758 Concussaque
2585 2686 2780 2742 famem
2808 2686 2862 2739 in
2896 2685 3046 2740 silvis
3072 2685 3324 2740 solabere
3348 2699 3569 2755 quercu.

2173 2782 2398 2851 Insuper
2427 2781 2510 2836 his
2534 2781 2765 2836 subeunt
2787 2779 2984 2846 morbi,
3018 2778 3300 2847 tristisque
3330 2787 3601 2846 senectus,

2171 2872 2239 2928 Et
2263 2873 2431 2941 labor,
2465 2873 2675 2929 ctdira:
2701 2870 2841 2942 rapit
2871 2870 3216 2925 inclementia
3256 2871 3472 2926 mortis.

2693 2993 3026 3049 Maledictum
3053 2994 3239 3050 Evam.

2241 3108 2366 3164 llaec
2380 3108 2473 3164 tibi
2491 3122 2706 3179 semper
2724 3116 2906 3174 erunt,
2927 3115 3114 3179 tuque,
3140 3106 3484 3163 osaevissima
3501 3105 3729 3175 coniunx,

2165 3198 2283 3255 Non
2306 3199 2491 3270 ignara
2519 3198 2668 3266 mali,
2699 3207 2862 3269 caput
2893 3198 3086 3254 horum
3114 3207 3168 3254 et
3195 3213 3360 3255 causa
3391 3198 3669 3263 malorum,

2168 3293 2356 3363 Magna
2385 3293 2500 3348 lues
2522 3293 2807 3348 commissa
2843 3293 2937 3348 tibi
2968 3310 2980 3346 :
3016 3291 3120 3349 heu
3147 3293 3357 3363 perdita
3389 3293 3584 3360 nescis,

2166 3385 2283 3442 Nec
2309 3402 2428 3456 quae
2455 3386 2804 3441 circumstant
2833 3394 2883 3440 te
2910 3385 3107 3441 deinde
3135 3384 3374 3455 pericula
3407 3383 3599 3439 cernis.

2166 3479 2319 3534 Nunc
2345 3494 2576 3546 morere,
2609 3487 2670 3533 ut
2699 3478 2889 3534 merita
2919 3491 2997 3546 es,
3028 3477 3171 3548 quod
3193 3472 3313 3532 tota
3347 3485 3528 3533 mente
3547 3472 3730 3547 petisti.

2168 3572 2275 3629 Nec
2305 3588 2420 3629 mea
2443 3572 2552 3663 jam
2584 3581 2786 3627 mutata
2818 3573 2934 3626 loco
2965 3572 3233 3626 sententia
3262 3569 3430 3625 cedit.

2423 3687 2684 3756 Expulsos
2714 3686 2879 3741 Adam
2905 3697 2952 3742 et
2975 3687 3138 3741 Evam
3167 3703 3195 3740 ε
3224 3687 3490 3756 paradiso.

2239 3804 2306 3859 At
2329 3802 2585 3879 juvenem
2610 3802 2840 3873 primum
2870 3817 3045 3857 saevus
3082 3801 3442 3858 circumstetit
3468 3800 3672 3867 horror,

2167 3897 2444 3967 Diriguere
2464 3895 2626 3962 oculi,
2657 3909 2757 3951 nec
2779 3909 2840 3950 se
2864 3894 3042 3962 celare
3063 3894 3310 3951 tenebris

2167 3990 2432 4058 Amplius,
2459 3997 2550 4044 aut
2581 3996 2734 4043 notas
2764 3987 2952 4044 audire
2981 3995 3035 4043 et
3061 3987 3293 4043 reddere
3321 4000 3504 4044 voces.

2168 4081 2318 4137 [laud
2347 4095 2520 4148 mora,
2553 4079 2826 4147 festinant,
2857 4079 3055 4150 rapidis
3085 4078 3323 4148 iussique
3347 4078 3584 4133 feruntur

2166 4173 2439 4240 Passibus,
2473 4182 2526 4228 et
2551 4172 2752 4244 pariter
2776 4172 2949 4244 gressi
2970 4187 3070 4250 per
3097 4184 3264 4240 Opaca
3295 4171 3502 4225 viarum

2165 4268 2478 4339 Corripiunt
2501 4269 2732 4338 spatium
2758 4266 2994 4322 medium
3035 4267 3308 4337 limenque
3338 4266 3642 4334 relinquunt

2166 4362 2405 4428 Flentes,
2433 4370 2486 4417 et
2514 4360 2731 4432 paribus
2753 4360 2896 4415 curis
2926 4359 3152 4430 vestigia
3187 4361 3377 4430 figunt.

2169 4455 2302 4510 Tum
2327 4454 2525 4510 victum
2558 4454 2610 4508 in
2633 4453 2784 4509 silvis
2806 4453 3022 4520 baccas,
3047 4451 3396 4522 lapidosaque
3429 4467 3587 4508 corna

1492 4513 1558 4554 llO
1581 4497 1834 4554 lellditis?
1866 4499 1936 4553 im
1959 4499 2056 4552 uit,
2179 4497 2302 4510 “'"'
2339 4497 2525 4510 ""‘""
2633 4497 2697 4509 υ·-
2715 4497 2784 4509 ην
2807 4497 3022 4520 ιιι-παν»
3048 4497 3396 4522 "quau—.1.--
3431 4497 3551 4508 η...

1625 4589 1828 4614 ε--,-ε-
1863 4518 2060 4614 mi-..
2089 4519 2140 4581 D
2171 4547 2310 4604 Dant
2340 4546 2500 4612 rami,
2527 4553 2582 4602 et
2612 4545 2780 4599 vulsis
2806 4553 3032 4614 pascunt
3056 4543 3328 4598 radicibus
3349 4545 3551 4599 hcrbx.

2560 4658 2718 4713 Erant
2746 4659 3002 4730 peperisse
3033 4659 3162 4712 duos
3189 4658 3344 4727 ﬁlios.

2241 4778 2450 4834 luterca
2482 4791 2731 4848 magnum
2761 4775 2840 4830 sol
2872 4774 3313 4830 circumvolvitur
3351 4789 3567 4841 annum,

2169 4873 2321 4928 Matri
2348 4872 2505 4942 longa
2531 4869 2716 4927 decem
2747 4870 2981 4925 tulerant
3015 4869 3225 4924 fastidia
3271 4884 3502 4935 menses,

2167 4964 2322 5020 Unde
2350 4963 2600 5019 homines
2623 4963 2753 5028 nati,
2779 4961 2970 5016 durum
2994 4976 3186 5031 genus,
3223 4960 3352 5017 inde
3386 4976 3478 5032 per
3503 4969 3668 5015 artcm

2169 5056 2317 5112 llaud
2347 5055 2534 5111 herba:
2552 5070 2744 5125 campo
2769 5065 3052 5125 apparent,
3087 5053 3228 5108 haud
3255 5055 3450 5111 arbore
3473 5053 3701 5120 frondes,

2170 5153 2334 5222 Inque
2362 5165 2527 5207 novos
2558 5151 2701 5206 soles
2730 5149 2930 5205 audent
2957 5165 3014 5205 se
3045 5149 3288 5222 gramina
3319 5157 3432 5204 tuto

2167 5243 2426 5308 Credere,
2449 5254 2502 5299 et
2527 5243 2577 5297 in
2611 5243 2773 5298 lentis
2803 5257 2958 5298 uvam
2990 5244 3280 5300 demittere
3305 5244 3465 5298 ramis

2169 5335 2482 5403 Instituunt,
2518 5334 2730 5405 udoque
2757 5335 2954 5391 docent
2987 5336 3287 5393 inolescere
3317 5351 3494 5393 succo.

2621 5450 2747 5507 Abel
2775 5470 2804 5506 a
2837 5456 2996 5523 fratre
3027 5453 3298 5506 occiditur.

2237 5567 2388 5624 Tunc
2408 5566 2610 5638 gemini
2641 5567 2832 5622 fratres
2859 5567 3077 5622 adolent
3103 5566 3230 5622 dum
3257 5566 3444 5622 altaria
3469 5563 3631 5629 trcdis,

2164 5658 2315 5714 Alter
2339 5667 2392 5714 et
2414 5660 2637 5715 alterius
2661 5659 2893 5730 prmlato
2926 5654 3114 5713 invidit
3145 5659 3360 5724 honori,

2162 5749 2452 5821 (llorresco
2477 5749 2742 5826 referens)
2767 5750 3238 5823 consanguinitate
3266 5751 3619 5823 propinquum
