3920 6374
169 127 283 187 809

167 244 410 314 Excipit
445 246 743 312 incautum.
770 248 1078 318 patriasque
1117 247 1406 303 obtruncat
1436 249 1501 302 ad
1531 262 1653 302 aras

169 337 478 410 Sanguine
508 339 806 397 foedantem
825 357 962 410 quos
985 344 1101 412 ipse
1129 352 1441 399 sacraverat
1471 344 1645 414 ignes.

253 433 395 489 Post
428 436 654 490 occisum
678 436 803 488 Abel
831 434 968 490 Dens
1001 439 1242 494 irascitur
1270 441 1495 494 Immone
1534 440 1729 511 generi.

165 525 339 582 Tunc
370 528 606 585 Genitor
633 531 783 583 virus
811 531 1158 598 serpentibus
1182 532 1382 587 addidit
1405 533 1556 599 atris,

168 619 465 693 Mellaque
491 622 737 678 decussit
769 621 935 690 foliis,
969 622 1253 694 ignemque
1282 627 1547 690 removit,

164 712 546 787 Prtedarique
575 716 731 786 lupos
751 716 933 787 jussit,
969 724 1300 787 pontumque
1329 720 1554 776 moveri.

161 807 238 862 Et
268 809 490 877 passim
517 808 646 862 rivis
668 807 942 863 currentia
973 807 1096 862 vina
1130 803 1412 877 repressit.

162 898 294 952 Mox
331 908 398 955 et
423 900 711 956 frumentis
737 900 891 956 labor
913 900 1151 968 additus,
1183 911 1241 955 ut
1272 903 1408 956 mala
1441 905 1653 960 culmos

163 990 342 1046 Esset
376 993 594 1062 rubigo,
626 1001 682 1048 et
705 992 905 1048 victum
931 1008 1086 1064 seges
1111 1009 1252 1064 {egra
1284 1007 1523 1065 negaret.

243 1084 419 1142 Tunc
441 1076 651 1157 laqueis
679 1096 906 1156 captare
938 1087 1104 1152 feras.
1134 1097 1190 1145 et
1213 1088 1400 1146 fallere
1432 1089 1580 1146 visco

164 1177 501 1247 Inventum,
534 1188 590 1235 et
617 1179 769 1235 duris
797 1195 994 1251 urgens
1021 1182 1074 1235 in
1103 1182 1266 1237 rebus
1293 1192 1508 1252 egestas

162 1269 355 1327 Movit
378 1286 564 1343 agros,
597 1270 746 1327 curis
775 1287 977 1328 acuens
1003 1273 1256 1328 mortalia
1287 1276 1477 1329 corda.

163 1363 438 1421 Deterior
463 1364 637 1421 donec
663 1363 924 1436 paulatim
954 1365 1179 1422 decolor
1204 1377 1367 1433 tetas,

160 1456 390 1514 Ferrea
422 1457 713 1530 progenies
738 1457 942 1514 durum
967 1468 1132 1531 caput
1159 1461 1353 1516 extulit
1379 1461 1524 1516 arvis
1545 1503 1560 1529 ,

162 1551 238 1608 Et
260 1551 400 1607 belli
432 1551 636 1619 rabies,
665 1560 721 1608 et
749 1567 904 1608 amor
929 1553 1190 1609 successit
1221 1553 1473 1610 habendi.

163 1642 403 1699 Justitia
422 1643 698 1700 excedens
730 1645 894 1700 terris
923 1645 1148 1716 vestigia
1182 1646 1328 1702 fecit.

163 1736 289 1794 Nec
315 1739 544 1810 longum
575 1738 626 1793 in
655 1737 835 1794 medio
866 1748 1080 1808 tempus
1113 1752 1127 1794 :
1162 1741 1312 1795 furor
1341 1741 1529 1808 iraque
1554 1751 1794 1797 mentem

167 1831 568 1903 Praecipitant,
600 1831 839 1904 gaudent
863 1831 1365 1902 perfusisanguiue
1396 1832 1646 1890 fratrum.

162 1923 384 1980 Condit
413 1940 545 1996 opes
576 1925 734 1993 alius,
767 1923 1092 1996 defossoque
1122 1923 1342 1981 incubat
1364 1940 1518 1995 auro,

165 2016 287 2074 Nec
321 2018 498 2074 doluit
528 2019 798 2074 miserans
828 2017 1070 2089 in0pem,
1106 2017 1462 2089 dextramque
1505 2019 1758 2077 tetendit.

832 2134 906 2188 De
934 2132 1172 2190 Diluvio.

247 2249 416 2307 Tunc
438 2249 597 2306 Pater
618 2250 968 2322 omnipotens
995 2250 1240 2323 graviter
1256 2260 1562 2307 commotus
1591 2250 1659 2307 ab
1687 2251 1799 2307 alto

168 2344 412 2404 (Ethere
441 2362 502 2404 se
528 2346 996 2415 tnittit,'tellurem
1019 2346 1248 2402 elfundit
1279 2347 1328 2402 in
1353 2346 1527 2402 undas

170 2438 402 2494 Diluvio
431 2439 692 2506 miscens,
722 2439 1027 2511 ctelumque
1053 2441 1105 2494 in
1137 2448 1341 2496 tartara
1392 2441 1576 2495 solvit.

167 2533 388 2589 Sternit
411 2549 597 2603 agros,
628 2534 827 2588 sternit
857 2541 977 2588 sata
1003 2533 1158 2600 lteta‘,
1195 2532 1470 2604 boumque
1500 2532 1717 2589 labores

177 2623 381 2692 Diluit,
408 2625 708 2696 implentur
731 2625 915 2693 fossae,
949 2631 1004 2680 et
1029 2640 1160 2682 cava
1188 2625 1415 2682 ﬂumina
1440 2635 1718 2682 crescunt.

172 2716 245 2772 Et
274 2731 455 2788 genus
479 2732 643 2774 omne
665 2719 784 2774 neci
815 2717 1080 2788 pecudum
1115 2717 1300 2788 dedit,
1331 2733 1496 2775 omne
1531 2719 1788 2775 ferarum.

797 2832 914 2888 Noe
941 2843 1187 2888 servatur.

248 2947 394 3004 Tum
422 2948 624 3020 pietate
647 2964 890 3020 gravem,
917 2964 980 3004 ac
999 2947 1232 3016 meritis,
1263 2947 1510 3005 mirabile
1533 2948 1714 3005 dictu!

174 3039 285 3108 Qui
319 3043 420 3096 fuit
451 3043 502 3096 in
535 3042 697 3103 terris
720 3051 773 3097 et
803 3041 1247 3096 servantissimus
1285 3041 1427 3111 mqui
1449 3083 1464 3109 ,

176 3134 402 3205 Eripuit
423 3134 594 3201 letho,
627 3133 793 3190 tantis
822 3133 1177 3205 surgentibus
1204 3133 1396 3202 undis,

176 3226 253 3284 Ut
280 3245 456 3300 genus
476 3228 621 3285 unde
645 3245 800 3286 nova:
829 3230 1019 3300 stirpis
1051 3240 1359 3296 revocaret,
1393 3229 1639 3285 haberet.

177 3342 318 3402 Post
346 3345 602 3402 diluvium
630 3345 773 3403 Deus
791 3347 953 3418 legem
983 3347 1074 3401 dat
1104 3346 1402 3402 hominibus
1422 3362 1440 3402 :
1458 3344 1637 3401 Judwi
1657 3344 1791 3401 bello

841 3421 1130 3494 agitantur.

253 3511 473 3568 Diluvio
502 3527 571 3569 cx
593 3512 707 3581 illo,
731 3513 977 3584 patribus
1005 3512 1098 3568 dat
1125 3514 1245 3578 jura
1275 3512 1483 3567 vocalis

179 3605 574 3680 Omnipotens,
608 3608 927 3678 magnisque
953 3606 1120 3678 agitat
1147 3605 1247 3662 sub
1279 3605 1486 3677 legibus
1513 3619 1710 3660 azvum.

179 3701 328 3768 Quid
354 3717 655 3759 memorem
685 3700 936 3757 infandas
962 3701 1176 3757 caades‘t
1207 3700 1334 3771 quid
1363 3700 1502 3756 facta
1531 3697 1790 3770 tyranni?

178 3792 493 3866 Nesciaque
519 3795 770 3851 humanis
803 3794 1055 3866 precibus
1097 3808 1484 3856 mansuescere
1512 3794 1717 3849 corda?

178 3885 506 3959 Aigyptum,
533 3888 792 3958 viresque,
812 3885 1071 3954 Orientis,
1102 3895 1158 3942 et
1184 3887 1371 3941 ultima
1405 3884 1570 3955 bella,

181 3980 674 4051 Magnanimosque
702 3980 895 4045 duces,
921 3987 1170 4050 totasque
1192 3994 1258 4034 ex
1287 3977 1478 4036 ordine
1501 3985 1713 4049 gentes,

177 4072 302 4141 Quo
331 4087 494 4128 cursu
521 4071 739 4128 deserta
772 4069 1026 4141 petiverit
1049 4081 1106 4127 et
1135 4072 1309 4127 tribus
1330 4079 1386 4127 et
1414 4086 1547 4141 gens

180 4165 377 4240 Magna
402 4167 580 4223 virum
614 4166 794 4222 meriti
819 4166 951 4222 tanti
980 4181 1088 4223 non
1118 4167 1406 4223 immemor
1436 4179 1711 4237 umquam.

178 4257 397 4331 Quique
427 4258 745 4316 sacerdotes
775 4258 958 4315 adsint
985 4258 1173 4314 altaria
1196 4258 1369 4330 juxta,

178 4353 395 4427 Quique
423 4352 499 4425 pii
526 4361 678 4414 vates
703 4367 804 4424 pro
833 4353 1085 4410 libertate
1113 4353 1364 4410 ruebant.

183 4445 288 4515 Qui
316 4447 464 4504 bello
485 4431 647 4502 exciti
669 4459 845 4518 reges,
870 4463 995 4518 qua:
1019 4447 1200 4504 littore
1229 4447 1420 4504 Rubro

179 4537 526 4610 Complerint
547 4555 770 4609 campos
797 4539 967 4607 acies,
997 4540 1194 4609 quibus
1221 4540 1426 4595 arserit
1447 4540 1620 4596 armis

181 4629 296 4687 Rex
327 4646 500 4702 genus
526 4631 806 4702 egregium
837 4645 1037 4704 magno
1067 4630 1438 4688 inﬂammante
1459 4631 1642 4688 furore

183 4726 391 4796 Agmen
415 4739 582 4796 agens
605 4723 873 4794 equitum,
907 4732 961 4779 et
989 4723 1247 4781 ﬂorentes
1276 4740 1386 4804 atro
1411 4735 1678 4782 catervas.

180 4813 390 4872 Caetera
414 4815 553 4872 facta
588 4824 801 4887 patrum
822 4859 838 4883 ,
863 4824 1210 4888 pugnataque
1239 4818 1291 4872 iu
1318 4819 1508 4874 ordine
1541 4819 1677 4875 bella

181 4905 484 4976 Prtctereo,
515 4917 680 4980 atque
710 4907 981 4980 aliis'post
1019 4925 1105 4966 me
1132 4910 1489 4968 memoranda
1514 4911 1782 4984 relinquo.

709 5043 888 5101 PARS
925 5043 1150 5101 SECUN
1161 5046 1270 5101 DA.

659 5180 725 5220 υε
765 5175 901 5219 Νονο
940 5178 1315 5220 TESTANENTO.

692 5277 957 5331 Inracatio
989 5279 1057 5332 ad
1086 5277 1273 5333 Deum.

182 5390 334 5448 Nunc
358 5391 425 5447 ad
461 5400 534 5458 te,
569 5400 625 5447 et
655 5401 766 5458 tua,
801 5408 997 5463 magno
1024 5393 1205 5463 Pater,
1239 5394 1486 5450 consulta
1516 5406 1782 5454 revertor.

183 5485 352 5556 Majus
378 5500 518 5556 opus
549 5500 765 5551 moveo,
793 5494 976 5540 vatum
1009 5485 1269 5556 prredicta
1298 5489 1539 5558 priorum

181 5576 509 5650 Aggredior,
541 5577 790 5647 quamvis
819 5577 1035 5650 angusti
1067 5580 1334 5635 terminus
1363 5581 1463 5635 aevi

184 5671 448 5745 Accipiet,
476 5670 732 5727 tentanda
759 5672 850 5727 via
880 5681 985 5741 est,
1015 5687 1120 5745 qua
1152 5689 1239 5731 me
1263 5689 1477 5746 quoque
1507 5677 1710 5748 possim

476 5767 750 5829 PATROL.
801 5765 981 5829 XIX.

1449 126 1810 190 CENTONES
1849 129 2245 190 VIRGILIAM.

3402 136 3510 193 810

1828 251 1870 307 Λ
1901 249 2118 303 Tollere
2150 248 2337 315 humo,
2373 255 2426 303 et
2458 259 2655 302 nomen
2685 247 2828 302 fama
2862 253 2941 302 tot
2970 247 3114 303 ferre
3145 263 3238 318 per
3267 265 3472 317 annos,

1906 341 2062 408 Quod
2093 350 2178 396 tua
2209 342 2497 412 progenies
2524 341 2665 398 caelo
2695 338 3076 396 descenditab
3105 340 3218 394 alto
3237 380 3253 406 ,

1908 433 2104 487 Attulit
2131 444 2186 488 et
2227 435 2385 491 nobis
2414 434 2706 506 aliquando
2737 433 3057 504 Optatttibus
3086 442 3220 489 tetas

1909 526 2179 579 Auxilium
2211 520 2610 598 adventumque
2641 529 2738 584 Dei
2776 546 2788 582 :
2817 543 2941 584 cum
2976 527 3176 584 femina
3206 529 3440 598 primum

1909 617 2147 689 Virginis
2173 633 2237 676 os
2267 620 2620 692 habitumque
2649 637 2867 694 gerens,
2901 622 3157 678 mirabile
3186 622 3366 678 dictu!

1911 711 2026 768 Nec
2056 711 2274 783 generis
2305 714 2474 772 nostri
2503 730 2755 784 puerum,
2789 731 2888 770 nec
2916 715 3201 785 sanguinis
3231 716 3365 770 edit.

1906 805 2013 862 Sed
2044 805 2168 877 quia
2205 805 2444 862 terriﬁco
2473 807 2793 862 cecinerunt
2829 808 3011 864 omine
3038 820 3194 865 vates

1903 898 2223 954 Adventare
2249 897 2421 953 virum
2458 899 2671 968 populis
2704 901 2971 972 terrisque
2999 902 3293 971 superbum

1904 991 2125 1048 Semine
2154 991 2222 1047 ab
2254 990 2650 1062 retinerem-qui
2683 991 2892 1048 viribus
2923 1005 3150 1064 occupet
3177 995 3400 1061 urbem,

1907 1085 2199 1158 Imperium
2235 1086 2479 1152 Oceano,
2515 1084 2714 1140 famam
2747 1085 2837 1155 qui
2868 1087 3128 1142 terminet
3153 1089 3339 1144 astris.

2305 1177 2383 1233 De
2416 1177 2710 1232 Nativitate
2737 1175 2865 1232 Jesu
2900 1178 3110 1246 Clu-isti.
3172 1242 3174 1244 τ

1975 1270 2205 1340 Jamque
2236 1269 2422 1326 aderat
2469 1272 2743 1342 promissa
2788 1269 2928 1337 dies,
2962 1286 3070 1341 quo
3121 1281 3362 1343 tempore
3407 1275 3517 1344 pri-

3284 1367 3456 1439 [mutu

1906 1458 2112 1515 Extulit
2141 1473 2202 1514 os
2235 1473 2448 1514 sacrum
2478 1457 2676 1514 divina:
2708 1458 2897 1529 stirpis
2926 1459 3081 1531 origo

1905 1551 2067 1608 Missa
2100 1552 2202 1608 sub
2231 1552 2481 1622 imperio,
2513 1552 2770 1623 venitque
2799 1553 2848 1606 in
2879 1555 3109 1624 corpore
3142 1555 3316 1610 virtus

1826 1638 1877 1714 Β
1906 1642 2062 1701 Mista
2096 1644 2227 1712 Deo,
2257 1644 2424 1700 subiit
2451 1643 2603 1701 chari
2632 1645 2910 1703 Genitort‘s
2949 1647 3150 1718 imago.

2409 1759 2484 1842 De
2521 1759 2690 1816 Stella
2721 1769 2766 1816 et
2802 1761 2999 1832 Magis.

1977 1872 2131 1927 llaud
2165 1887 2341 1940 mora,
2377 1874 2643 1928 continuo
2674 1874 2798 1930 (τωιί
2829 1867 3055 1945 regiune
3091 1891 3287 1934 serena

1903 1965 2073 2023 Stella
2106 1964 2278 2021 facem
2313 1965 2521 2021 ducens
2552 1981 2747 2036 magna
2779 1985 2900 2022 cum
2931 1969 3050 2025 luce
3082 1971 3312 2028 refulsit.

1903 2057 2192 2129 Agnovere
2222 2059 2390 2114 Deum
2424 2075 2700 2129 proceres,
2747 2063 3040 2136 cunctique
3069 2076 3299 2135 repente

1903 2150 2219 2208 Muneribus
2247 2153 2552 2224 cumulant,
2589 2163 2644 2210 et
2671 2154 2920 2221 Sanctum
2951 2157 3105 2214 sidus
3135 2160 3383 2218 adorant.

1903 2243 2040 2299 Tum
2064 2260 2199 2302 vero
2232 2247 2518 2303 manifesta
2555 2247 2712 2314 fides,
2740 2243 3062 2323 clarumque
3093 2262 3333 2323 paterna:

1900 2338 2108 2394 Nomen
2142 2341 2382 2410 virtutis,
2418 2343 2734 2414 Christique
2766 2359 3064 2415 agnoscere
3096 2349 3306 2404 vultum

1904 2431 2182 2504 Flagrant,
2217 2443 2269 2486 ct
2297 2446 2418 2503 qum
2445 2434 2539 2490 det
2565 2435 2734 2491 divini
2765 2438 2917 2509 signa
2953 2440 3201 2498 Decoris.

2226 2550 2471 2604 Mcluisse
2500 2549 2767 2607 Herodem
2799 2563 2925 2607 nato
2957 2553 3185 2613 Christo.

1973 2664 2230 2719 Protinus
2259 2665 2325 2720 ad
2359 2681 2544 2737 regem
2574 2683 2769 2738 magno
2797 2669 3036 2728 clamore
3063 2671 3340 2738 furentem

1899 2756 2067 2811 Fama
2085 2756 2274 2824 ~volat,
2313 2772 2644 2828 magnasque
2674 2760 2825 2816 acuit
2849 2763 3162 2821 rumoribus
3194 2767 3325 2839 iras,

1897 2849 2253 2920 incenditque
2286 2851 2525 2905 animum
2546 2892 2560 2918 ,
2590 2853 2889 2922 matrisque
2920 2855 3178 2913 allabitur
3203 2874 3384 2917 aures.

1895 2941 1987 2996 Illa
2026 2942 2202 3008 dolos,
2235 2942 2528 3012 dirumque
2561 2943 2711 2998 nefas
2746 2944 2888 3000 haud
2922 2947 3088 3003 inscia
3123 2966 3304 3005 rerum

1817 3032 1865 3094 Ο
1898 3035 2228 3105 Prmsensit,
2264 3048 2555 3107 motusque
2581 3038 2795 3109 excepit
2831 3040 3004 3110 prima
3040 3043 3248 3099 futuros

1895 3129 2129 3184 Praescia
2162 3130 2410 3199 venturi,
2443 3131 2628 3186 furtim
2665 3131 2942 3187 mandavit
2972 3135 3251 3204 alendum,

1901 3223 2033 3278 Dum
2064 3239 2212 3279 eum
2244 3224 2534 3295 ambigua),
2569 3225 2692 3280 dum
2726 3241 2883 3282 mens
2910 3239 3178 3286 extestuat‘
3203 3230 3304 3286 ira.
3399 3223 3406 3230 ’

2264 3337 2496 3394 Herodes
2515 3340 2664 3410 jubet
2692 3332 2860 3404 occidi
2895 3342 3143 3414 infantes.

1965 3452 2034 3507 At
2065 3467 2158 3508 rex
2192 3453 2459 3509 sollicitus
2490 3456 2716 3524 stirpem
2749 3465 2803 3510 et
2833 3470 3006 3527 genus
3038 3471 3203 3514 omne
3235 3459 3476 3516 futurum

1895 3543 2248 3615 Praecipitare
2271 3543 2446 3615 jubet,
2477 3547 2855 3618 subiectisque
2884 3565 3046 3606 urere
3069 3550 3330 3618 ﬂammis,

1893 3635 2058 3691 Multa
2093 3651 2351 3704 movens,
2384 3637 2657 3707 mittitque
2685 3640 2830 3714 viros
2863 3641 2953 3709 qui
2982 3651 3128 3697 certa
3159 3654 3464 3714 reportent.

1896 3727 2048 3783 llaud
2081 3742 2241 3783 secus
2270 3743 2333 3783 ac
2355 3729 2492 3798 jussi
2524 3730 2749 3798 faciunt,
2779 3725 3092 3803 rapidisque
3122 3733 3375 3792 feruntur

1893 3818 2170 3886 Passibus,
2202 3830 2255 3875 et
2285 3819 2496 3889 magnis
2522 3819 2711 3877 urbem
2741 3823 3044 3879 terroribus
3070 3823 3320 3896 implent.

1892 3908 2168 3964 Continuo
2198 3909 2395 3965 audita:
2423 3925 2607 3981 voces,
2643 3912 2854 3984 vagitus
2883 3923 2940 3970 et
2966 3916 3180 3986 iugetis,

1894 3999 2275 4071 lufautumque
2305 4001 2500 4057 animae
2531 4001 2745 4069 ﬂentes,
2781 4015 2904 4061 ante
2935 4021 3031 4061 ora
3064 4020 3349 4076 parentum

1891 4092 2132 4163 Corpora
2169 4102 2414 4150 natorum
2440 4105 2759 4152 sternuntur
2788 4097 2978 4155 limine
3008 4101 3206 4170 primo.

2153 4205 2310 4281 Fugit
2350 4209 2509 4282 Virgo
2540 4199 2662 4265 cum
2689 4211 2802 4282 ﬁlio
2838 4214 2892 4268 in
2926 4213 3244 4288 Afggptum.

1966 4322 2238 4412 Atzmater
2265 4323 2468 4394 gemitu
2494 4341 2600 4380 non
2632 4315 3126 4386 frustraexterrita
3158 4340 3333 4400 tanto,

1812 4424 1868 4487 1)
1893 4415 2012 4488 Ipsa
2039 4430 2204 4472 manu
2233 4433 2343 4489 prae
2372 4434 2430 4474 se
2459 4427 2702 4490 portans,
2739 4423 2994 4480 turbante
3027 4425 3280 4496 tumultu,

1895 4511 2184 4581 infantem,
2219 4514 2429 4585 fugiens
2470 4515 2626 4585 plena
2653 4515 2720 4572 ad
2749 4520 3010 4590 praesepia
3044 4521 3235 4578 tendit.

1895 4606 1996 4663 llic
2022 4616 2205 4663 natum
2236 4610 2448 4680 angusti
2483 4610 2674 4666 subter
2702 4610 2916 4683 fastigia
2947 4615 3075 4671 tecti

1895 4703 2168 4771 Nutribat,
2199 4707 2403 4761 teneris
2437 4706 2768 4777 immulgens
2798 4705 2973 4762 ubera
2995 4709 3183 4765 labris.

1898 4794 2025 4851 Haec
2053 4797 2151 4850 tibi
2184 4798 2380 4867 prima,
2412 4813 2567 4870 puer,
2597 4797 2823 4854 fundent
2849 4799 3118 4854 cunabula
3147 4800 3333 4872 ﬂores,

1897 4887 2169 4960 Mixtaque
2195 4891 2394 4946 ridenti
2422 4891 2622 4960 passim
2648 4906 2771 4947 cum
2801 4891 3029 4947 baccare
3061 4894 3222 4949 tellus

1892 4981 2038 5038 Molli
2069 4983 2325 5052 paulatim
2355 4983 2626 5060 colocasia
2650 4983 2837 5040 fundet
2864 4985 3117 5040 acantho.

1883 5122 1902 5170 σ
1991 5095 2227 5151 Christus
2257 5098 2488 5168 disputat
2517 5097 2570 5150 in
2607 5098 2798 5168 templo
2822 5096 2875 5151 in
2902 5098 3070 5152 medio
3100 5100 3387 5159 seniorum.

1885 5182 1888 5184 ’
1964 5190 2029 5245 Ει
2048 5189 2162 5260 jam
2191 5190 2311 5245 finis
2337 5199 2488 5256 erat,
2515 5189 2758 5260 perfecto
2787 5193 3049 5261 temporis
3075 5193 3231 5258 orbe,

1896 5281 1962 5339 Ut
1990 5283 2223 5352 primum
2250 5283 2414 5338 cessit
2439 5283 2623 5350 furor,
2656 5289 2712 5338 et
2742 5282 2925 5339 rabida
2958 5298 3054 5340 ora
3083 5283 3384 5357 quierunt,

1895 5375 2034 5432 Ante
2073 5389 2244 5430 annos
2277 5374 2513 5429 animum
2546 5383 2767 5446 gestans
2797 5376 3037 5432 caelestis
3062 5379 3241 5450 origo.

2289 5487 2556 5541 Mirantur
2595 5505 2769 5542 omnes
2810 5488 3094 5544 Christmn.

1967 5583 2068 5638 Per
2108 5580 2314 5638 medias
2362 5581 2524 5637 urbes
2563 5581 2830 5653 graditur,
2877 5583 3222 5654 populosque
3267 5591 3497 5660 propin-

3279 5694 3438 5751 quos.

2793 5771 2872 5834 26
