3920 6326
507 248 543 303 8
557 249 609 304 ll
1747 233 1906 292 VAL.
1927 228 2324 302 _FALTONIIE
2367 227 2617 286 PROBrE
3755 213 3826 268 st:

509 362 667 417 Illum
700 361 879 417 omnis
909 361 1094 425 tectis,
1131 359 1384 428 agrisque
1415 356 1584 411 etTnsa
1612 357 1872 423 juventus

512 455 771 510 Attonitis
802 455 1018 509 inhians
1047 453 1244 507 animis
1276 458 1591 520 prospectat
1619 458 1863 509 euntem,

511 545 808 617 Turbaque
839 547 1069 601 miratur
1100 548 1360 608 matrum,
1390 540 1516 613 quis
1545 539 1773 611 spiritus
1805 538 1904 604 illi,

509 638 647 707 Quis
674 639 876 701 vultus,
904 638 1130 709 vocisve
1156 649 1348 702 sonus,
1378 634 1463 690 vel
1493 647 1719 705 gressus
1745 631 1898 688 eunti
1924 639 2029 688 est.

813 751 1199 808 Testimonium
1234 749 1461 807 Joannis
1491 751 1554 805 de
1585 749 1812 806 Christo.

580 868 852 923 Continuo
882 874 1069 935 vates,
1107 878 1342 936 namque
1374 865 1464 921 hic
1498 863 1842 920 certissimus
1873 870 2083 928 auctor,

513 958 584 1015 Ut
610 957 799 1027 procul
830 974 860 1011 a
882 956 1066 1027 gelido
1097 966 1374 1013 secretum
1407 955 1630 1010 llumine
1662 953 1830 1020 vidit,

505 1050 768 1122 Tempus,
803 1050 898 1116 ait,
930 1051 1098 1118 Deus,
1127 1063 1259 1121 ecce
1289 1049 1452 1110 Deus,
1484 1048 1568 1101 cui
1599 1047 1834 1110 maxima
1863 1061 2045 1103 rerum

500 1141 920 1213 Verborumque
953 1142 1088 1198 fides
1127 1161 1137 1195 :
1175 1153 1230 1195 tu
1267 1158 1376 1196 non
1405 1140 1514 1196 eris
1545 1140 1686 1193 alter
1716 1138 1785 1193 ab
1815 1138 1932 1204 illo,

499 1234 808 1292 Fortunate
837 1251 994 1305 puer,
1020 1238 1144 1291 cudi
1171 1237 1258 1291 cui
1287 1235 1468 1290 sidera
1499 1241 1722 1306 parent.
1760 1261 1768 1268 -

501 1326 599 1385 Sic
622 1329 875 1401 equidem
903 1330 1170 1394 ducebant
1204 1329 1408 1396 animo,
1441 1329 1713 1401 rebarque
1743 1326 2006 1391 futurum,

508 1424 839 1499 Exspectate
867 1426 1046 1493 venis,
1079 1439 1204 1496 spes
1230 1432 1285 1479 et
1308 1421 1500 1478 solatia
1529 1422 1723 1503 nostri.

503 1536 748 1595 Christus
804 1539 1103 1612 baptizatur
1155 1557 1187 1593 a
1241 1539 1465 1612 Joanne,
1508 1547 1563 1612 _et
1622 1536 1854 1609 Spiritus
1901 1545 2114 1606 sanctus

1038 1610 1306 1665 descendit
1333 1611 1399 1665 de
1425 1608 1573 1664 caelo.

576 1724 704 1780 Hazc
735 1724 826 1780 ubi
855 1723 998 1784 dicta
1028 1723 1215 1793 dedit,
1249 1723 1417 1782 ﬂuvio
1449 1737 1695 1791 mersare
1723 1722 1930 1783 Salubri

499 1817 723 1890 Accepit
749 1805 1084 1886 venientem,
1116 1833 1181 1874 ac
1207 1817 1460 1875 mollibus
1487 1800 1682 1874 extulit
1708 1818 1893 1885 undis,

502 1913 899 1986 Exsultantque
925 1914 1088 1981 vada,
1116 1923 1172 1970 et
1201 1913 1383 1971 subito
1407 1922 1678 1972 commota
1712 1913 1966 1969 columba

494 2006 746 2077 Devolat,
781 2016 942 2080 atque
971 2025 1135 2080 super
1163 2019 1329 2078 caput
1355 2008 1550 2075 aStitit,
1581 2006 1710 2063 inde
1740 2016 1966 2078 repente

493 2100 658 2157 Radit
689 2104 791 2158 iter
821 2103 1109 2174 liquidum,
1141 2106 1354 2160 celeres
1388 2119 1562 2176 neque
1593 2113 1904 2159 commovet
1932 2103 2068 2159 alas.

838 2220 1042 2278 Multos
1073 2222 1361 2295 baptizatos
1390 2239 1506 2276 cum
1537 2220 1764 2278 Christo.

570 2336 685 2394 Huc
710 2337 895 2394 omnis
914 2337 1087 2394 turba
1115 2338 1185 2394 ad
1215 2338 1365 2407 ripas
1393 2336 1564 2394 effusa
1600 2338 1816 2406 ruebat,

493 2431 757 2488 Certatim
784 2431 968 2502 largos
998 2431 1248 2488 humeris
1278 2429 1570 2488 infundere
1599 2447 1773 2488 rores.

750 2543 867 2598 Vox
893 2544 960 2600 de
988 2546 1330 2620 calo_audita
1360 2557 1461 2610 est,
1498 2546 1582 2598 hic
1609 2553 1716 2609 est,
1750 2555 1847 2599 etc.

566 2637 717 2691 Tunc
747 2636 978 2692 Genitor
1010 2646 1194 2692 natum
1225 2638 1384 2692 dietis
1413 2638 1704 2708 compellat
1726 2638 1915 2694 amicis
1940 2656 1952 2690 :

488 2727 648 2796 Nate,
682 2743 819 2784 mete
849 2730 1019 2794 vires,
1049 2745 1170 2784 mea
1204 2745 1398 2799 magna
1425 2732 1670 2801 potentia
1701 2734 1874 2795 solus.

488 2819 559 2875 Et
591 2819 864 2889 przedulce
887 2818 1058 2876 decus
1088 2834 1347 2892 magnum
1382 2820 1625 2876 rediture
1657 2824 1893 2892 parenti,

419 2948 424 2953 -
484 2913 533 2970 Δ
563 2921 613 2967 te
643 2911 989 2984 principium,
1020 2901 1118 2968 tibi
1146 2911 1376 2969 desinit.
1405 2913 1632 2984 Accipe,
1675 2922 1866 2982 testor,

489 3005 535 3063 Ο
560 3021 679 3062 mea
710 3005 999 3077 progenies
1032 3022 1048 3062 :
1079 3021 1188 3078 qua
1219 3006 1303 3062 sol
1331 3015 1628 3079 utrumque
1657 3023 1952 3065 recurrens

487 3100 700 3170 Aspicit
723 3100 1027 3169 Oceanum,
1061 3100 1309 3170 perfecto
1338 3101 1493 3156 laetus
1524 3101 1734 3157 honore

487 3190 815 3248 Omnia’sub
845 3192 1078 3263 pedibus
1109 3192 1360 3262 vertique
1391 3192 1616 3265 regique
1644 3195 1878 3251 videbis.

489 3283 574 3339 Tu
605 3299 798 3356 regere
828 3285 1070 3360 imperio
1093 3285 1347 3356 populos,
1379 3295 1690 3357 matresque
1713 3289 1989 3359 virosque.

487 3376 823 3447 Iampridem
852 3378 1064 3433 resides
1091 3381 1328 3445 animos,
1363 3379 1699 3448 desuetaque
1728 3380 1918 3445 corda,

486 3467 821 3541 ignarosque
849 3471 954 3524 via:
987 3485 1204 3526 mecum
1238 3472 1532 3525 miseratus
1568 3473 1772 3529 inertes

489 3561 821 3633 Aggredere,
856 3572 911 3617 ct
943 3563 1078 3619 votis
1104 3562 1216 3631 jam
1253 3579 1392 3616 nunc
1425 3578 1679 3617 assuesce
1710 3567 1914 3619 vocari.

487 3656 728 3722 Dixerat,
758 3656 851 3711 ille
883 3657 1055 3725 patris
1085 3657 1265 3726 magni
1301 3671 1495 3724 parere
1523 3659 1753 3727 parabat

492 3748 764 3819 Imperiis,
795 3750 1006 3805 instans
1035 3750 1210 3820 operi,
1246 3751 1536 3820 regnisque
1569 3750 1785 3808 futuris.

482 3841 603 3896 l'leu
633 3840 830 3913 pietas,
858 3841 966 3898 heu
996 3843 1173 3912 priSCa
1202 3842 1337 3896 ﬁdes
1356 3885 1369 3907 ,
1400 3859 1535 3914 quas
1572 3846 1752 3900 dicere
1774 3856 1960 3917 grates

483 3932 788 4003 Incipiam?
822 3935 868 3989 si
894 3950 1060 4005 parva
1091 3935 1219 3991 licet
1244 3950 1575 4006 componere
1608 3938 1839 4007 magnis.

483 4023 596 4081 Nec
624 4025 754 4080 mihi
778 4026 894 4095 jam
929 4024 1157 4092 patriam
1192 4027 1473 4097 antiquam
1505 4043 1633 4097 spes
1662 4029 1767 4083 ulla
1802 4030 2055 4094 videndi,

485 4118 595 4176 Nec
621 4134 743 4190 spes
774 4119 1041 4175 libertatis
1067 4130 1205 4188 erat,
1241 4135 1341 4176 nec
1374 4136 1504 4176 cura
1534 4123 1745 4178 salutis.

778 4231 970 4287 Omnia
994 4233 1185 4299 rident,
1216 4234 1518 4288 adveniente
1549 4233 1798 4291 Domino.

555 4346 652 4400 llic
687 4346 819 4401 mihi
847 4363 1169 4417 responsum
1203 4348 1410 4419 primus
1443 4351 1595 4408 dedit
1621 4353 1711 4408 ille
1739 4357 1978 4424 petenti,

481 4441 806 4498 Concretam
833 4444 1040 4499 exemit
1069 4445 1268 4514 labem,
1296 4461 1601 4518 purumque
1624 4448 1849 4519 reliquit

484 4534 808 4590 IEtltcreum
835 4549 1079 4602 sensum,
1109 4553 1301 4609 meque
1325 4540 1378 4593 in
1409 4556 1529 4596 mea
1560 4558 1726 4613 regna
1760 4545 1995 4599 remisit.

483 4625 639 4682 lllutn
672 4641 774 4697 ego
796 4642 894 4697 per
918 4626 1190 4696 ﬂammas,
1220 4646 1438 4699 agerem
1467 4633 1511 4688 si
1541 4636 1780 4706 syrtibus
1809 4637 1995 4705 exsul,

477 4722 583 4778 Per
616 4724 796 4777 varios
827 4737 1007 4789 casus,
1044 4739 1140 4793 per
1171 4724 1317 4780 mille
1346 4731 1626 4796 sequentia
1661 4731 1789 4795 tela,

475 4815 596 4882 Quo
619 4830 705 4870 res
725 4831 960 4885 cumque
993 4815 1226 4880 cadant,
1259 4833 1425 4872 unum
1455 4834 1554 4887 pro
1580 4836 1802 4876 munere
1832 4832 1981 4877 tanto

472 4908 839 4979 Exsequerer,
868 4917 1250 4980 strueremque
1273 4911 1389 4965 suis
1418 4910 1608 4966 altaria
1638 4913 1816 4969 donis.

469 5002 642 5072 Hujus
675 5002 727 5056 in
759 5002 997 5058 adventu
1029 5012 1305 5058 tantarum
1336 5019 1558 5059 munera
1592 5004 1808 5060 laudum

469 5094 575 5161 Ipsi
605 5094 789 5148 laetitia
815 5109 980 5150 voces
1012 5095 1076 5150 ad
1107 5096 1285 5151 sidera
1305 5094 1519 5164 jactant

469 5182 670 5243 Intonsi
702 5194 932 5241 montes.
960 5185 1316 5255 Respondent
1347 5189 1530 5242 omnia
1559 5189 1746 5245 valles.

999 5299 1251 5354 Tentatur
1275 5298 1534 5356 Christus.

539 5391 809 5461 Tempore
842 5409 944 5446 non
975 5393 1083 5447 alio
1117 5408 1368 5464 magnum
1393 5407 1446 5452 et
1477 5400 1834 5456 memorabile
1865 5417 2064 5456 nomen

464 5487 751 5555 Serpentis
781 5487 974 5555 furiale
1006 5489 1206 5544 malum
1240 5493 1554 5549 meminisse
1586 5512 1811 5552 necesse
1845 5510 1950 5554 est.

457 5578 634 5633 Ausus
659 5580 786 5649 qttin
821 5580 1006 5648 etiam,
1041 5582 1180 5636 lauta
1212 5594 1294 5637 est
1330 5585 1614 5642 obscurior
1642 5591 1820 5652 annis,

456 5668 799 5741 Compellare
832 5673 1031 5743 virum,
1064 5685 1119 5728 et
1153 5675 1406 5731 veniendi
1440 5693 1667 5746 poscere
1692 5697 1904 5738 causas.

460 5759 611 5818 llunc
639 5763 728 5818 ubi
763 5763 1073 5820 tendentem
1104 5765 1394 5823 adversum
1425 5785 1522 5841 per
1550 5771 1793 5842 gramina
1828 5774 1995 5843 vidit,

2152 354 2208 413 Α
2231 350 2511 413 Substitit,
2542 344 2930 412 infremuitque
2961 343 3134 407 letox,
3164 341 3424 408 dictuque
3449 339 3749 407 potentem

2230 445 2458 501 Saucius
2485 458 2549 497 ac
2580 456 2808 511 serpens
2836 439 3031 494 alfalur
3063 453 3196 493 voce
3227 438 3467 508 superba
3505 452 3522 486 :

2231 541 2442 595 Verane
2471 550 2522 592 te
2550 519 2748 590 facies?
2779 550 2942 589 verus
2969 533 3103 588 mihi
3135 530 3360 588 nuntius
3389 526 3619 584 aﬁ'ers?

2226 633 2327 700 Qui
2347 631 2552 702 genus?
2579 628 2722 684 unde
2741 628 2943 683 domo?
2968 628 3060 698 qui
3086 636 3274 682 nostra
3300 624 3370 679 ad
3398 623 3611 677 limina
3641 620 3825 674 tendis?

2228 726 2390 790 Fare,
2423 720 2706 793 age,.quid
2731 721 2939 784 venias,
2972 735 3097 774 nam
3124 731 3177 773 te
3199 721 3331 773 dare
3355 717 3486 785 jura
3524 714 3824 783 loquuntur.

2226 823 2333 876 Aut
2362 817 2483 889 quis
2517 827 2569 870 te
2594 816 2882 885 juvenum,
2911 813 3410 875 conﬁdentissime,
3446 821 3684 863 nostras

2224 912 2397 970 Jussit
2423 911 2577 966 adire
2605 910 2835 965 domos?
2862 909 3092 978 pacique
3120 908 3400 976 imponere
3429 903 3691 958 morem?

2225 1008 2342 1075 Non
2372 1005 2625 1078 equidem
2654 1004 2894 1071 invideo,
2933 1003 3102 1058 miror
3125 1001 3318 1072 magis,
3351 998 3552 1068 accipe
3587 1011 3765 1066 porro,

2224 1101 2360 1171 Quid
2392 1100 2659 1163 dubitem,
2688 1109 2746 1155 et
2769 1113 2893 1169 qum
2925 1111 3068 1151 nunc
3094 1097 3278 1150 animo
3308 1090 3596 1147 sententia
3639 1097 3818 1159 surgat.

2225 1194 2326 1248 Est
2348 1193 2546 1248 domus
2574 1193 2706 1260 alta,
2741 1207 2871 1246 Voca
2901 1192 3196 1261 zephyros,
3228 1196 3283 1241 et
3313 1185 3510 1240 labere
3539 1183 3736 1255 pennis

2221 1286 2402 1342 Ardua
2436 1295 2578 1342 tecta
2614 1295 2804 1354 petens
2833 1298 2997 1344 ausus
3029 1293 3082 1338 te
3108 1280 3332 1337 credere
3362 1280 3547 1348 ctelo,

2221 1378 2280 1436 Si
2333 1378 2519 1448 modo,
2572 1395 2732 1450 quem
2783 1393 3078 1444 memoras,
3138 1386 3287 1443 {ater
3337 1383 3454 1438 est,
3518 1371 3614 1428 cui
3666 1369 3816 1426 sidera

3597 1463 3614 1535 [
3633 1474 3812 1534 parent.

2579 1540 2816 1598 Christus
2855 1542 3118 1597 diabolum
3157 1540 3470 1609 alloquitur.

2290 1656 2396 1713 Olli
2429 1656 2727 1713 subridens
2758 1655 2951 1713 sedato
2981 1667 3208 1728 pectore
3242 1654 3408 1720 fatur,

2145 1740 2192 1802 B
2223 1751 2376 1808 Haud
2409 1762 2592 1806 vatum
2625 1751 2884 1822 ignarus,
2911 1749 3239 1820 venturique
3267 1745 3478 1807 inscius
3508 1747 3612 1810 aevi
3645 1761 3659 1796 :

2229 1845 2581 1901 Dissimulare
2609 1845 2774 1900 etiam
2804 1843 3061 1914 sperasti,
3091 1840 3300 1913 perlide
3324 1839 3601 1910 serpens?

2223 1937 2332 1993 Nec
2363 1937 2603 2003 dubites,
2633 1954 2755 1992 nam
2780 1954 2909 1993 vera
2935 1936 3122 1993 vides:
3149 1947 3277 2007 opta
3303 1935 3480 1995 ardua
3513 1933 3706 2006 pennis

2220 2030 2382 2085 Astra
2413 2031 2588 2101 sequi,
2619 2033 2974 2102 clausumque
3000 2045 3126 2084 cava
3155 2040 3207 2084 te
3237 2029 3484 2085 condere
3518 2039 3688 2084 terra.

2217 2123 2354 2189 Quo,
2389 2124 2652 2192 periture,
2687 2124 2836 2179 ruis?
2869 2123 3185 2193 majoraque
3211 2121 3421 2181 viribus
3452 2120 3666 2176 audes?

2217 2214 2362 2271 Cede
2391 2215 2523 2280 Deo,
2559 2226 2671 2270 toto
2704 2216 2978 2286 projectus
3008 2229 3242 2286 corpore
3275 2224 3460 2268 trrr-c.

2584 2332 2833 2386 Diabolus
2855 2332 2987 2404 fugit
3018 2331 3200 2384 audito
3229 2329 3460 2384 Christo.

2292 2447 2401 2502 Nec
2435 2449 2587 2519 plura
2622 2447 2705 2502 his
2730 2465 2742 2502 :
2774 2447 2862 2503 ille
2891 2446 3172 2507 admirans
3194 2445 3518 2501 venerabile
3546 2443 3745 2498 donum

2215 2541 2418 2596 Fronte
2447 2543 2644 2611 premit
2673 2551 2894 2607 terram,
2933 2549 2989 2595 et
3018 2554 3240 2612 spumas
3265 2539 3380 2610 agit
3403 2552 3504 2592 ore
3534 2529 3774 2598 cruento,

2214 2635 2622 2704 Contentusque
2654 2633 2780 2704 luga
2809 2634 2973 2689 caecis
2999 2650 3058 2688 se
3084 2631 3331 2688 condidit
3364 2631 3606 2687 umbris.

2215 2748 2499 2803 Dominum
2520 2747 2732 2818 elegisse
2756 2745 3061 2817 discipulos,
3085 2755 3133 2799 et
3155 2745 3328 2799 statim
3349 2753 3556 2798 secutos
3579 2742 3801 2812 populos.

2288 2847 2496 2910 Interea
2530 2862 2751 2916 magnas
2782 2847 3012 2901 volitans
3039 2847 3079 2900 it
3110 2845 3251 2899 fama
3285 2861 3383 2914 per
3416 2845 3603 2906 urbes,

2210 2942 2532 2997 Cenvenere
2564 2941 2686 3004 viri,
2717 2955 2873 2995 mens
2899 2939 3155 2995 omnibus
3185 2954 3288 2994 una
3319 2937 3587 3008 sequendi

2207 3035 2264 3089 In
2296 3049 2668 3104 quascumque
2694 3033 2822 3088 velit
2851 3033 3042 3104 pelago
3069 3032 3343 3088 deducere
3376 3043 3575 3086 terras.

2131 3140 2178 3204 ρ
2221 3127 2373 3182 Multi
2402 3137 2688 3197 przeterea,
2714 3141 2852 3196 quos
2882 3126 3025 3180 fama
3051 3127 3287 3183 obscura
3316 3126 3597 3189 recondit,

2209 3219 2555 3276 Concurrunt
2587 3220 2805 3274 fremitu
2834 3218 3028 3283 denso,
3059 3219 3376 3290 stipantque
3407 3221 3733 3288 frequentes,

2210 3315 2608 3386 Exsultantque
2635 3315 2836 3368 animis
2867 3332 2877 3367 :
2912 3313 3150 3368 medium
3181 3329 3307 3368 nam
3331 3311 3572 3383 plurima
3604 3313 3751 3366 turba

2207 3409 2366 3463 llunc
2397 3408 2580 3472 habet,
2605 3418 2769 3478 atque
2797 3407 3039 3462 humeris
3068 3416 3375 3463 exstantem
3407 3407 3637 3475 suscipit
3665 3406 3792 3458 altis.

2206 3501 2354 3568 Quos
2387 3501 2478 3555 ubi
2511 3509 2796 3555 consertes
2822 3500 3026 3556 audere
3051 3500 3104 3554 in
3139 3499 3326 3568 praelia
3358 3498 3528 3565 vidit,

2208 3593 2424 3663 Incipit,
2468 3602 2522 3647 et
2549 3592 2709 3648 dictis
2736 3592 2975 3647 divinum
3008 3593 3239 3662 inspirat
3264 3607 3512 3647 amorem
3541 3610 3553 3645 :

2205 3686 2410 3741 Discite
2429 3686 2694 3755 justitiam
2736 3685 2950 3751 moniti,
2979 3695 3035 3741 et
3060 3685 3368 3740 succurrite
3399 3683 3557 3739 fessis

2205 3778 2311 3833 Pro
2341 3792 2401 3833 se
2425 3780 2675 3851 quisque,
2718 3779 2839 3845 viri,
2877 3793 3000 3848 qua:
3024 3778 3223 3847 cuique
3247 3786 3333 3832 est
3362 3776 3538 3845 copia,
3571 3775 3698 3836 lasti,

2204 3876 2676 3946 Communemque
2714 3883 2903 3929 vocate
2936 3873 3129 3940 Deum,
3165 3872 3390 3928 meliora
3421 3886 3730 3941 sequamur,

2201 3968 2429 4038 Quoque
2460 3976 2639 4036 vocat,
2671 3979 2947 4023 vertamus
2978 3967 3109 4031 iter,
3144 3966 3230 4021 via
3259 3967 3436 4036 prima
3467 3964 3661 4019 salutis

2199 4063 2528 4118 lntemerata
2561 4062 2726 4128 lides,
2755 4070 2811 4117 et
2842 4077 2996 4116 mens
3020 4061 3125 4116 sibi
3159 4060 3378 4116 conscia
3413 4059 3546 4114 recti
3577 4077 3590 4113 :

2205 4155 2369 4211 Vobis
2400 4163 2554 4226 parta
2582 4155 2738 4226 quies
2764 4156 3012 4225 perfecto
3041 4154 3304 4224 temporis
3334 4153 3488 4208 orbe.

2199 4246 2333 4302 Nam
2363 4249 2454 4318 qui
2484 4248 2690 4304 divitiis
2717 4247 2821 4304 soli
2849 4248 3150 4303 incubuere
3180 4248 3446 4317 repertis,

2198 4339 2310 4394 Nec
2339 4351 2548 4406 partem
2583 4354 2814 4408 posuere
2838 4339 2974 4407 suis,
3006 4339 3135 4393 dum
3172 4341 3283 4393 vita
3313 4349 3583 4402 maneret,

2200 4433 2520 4488 Pulsatusve
2552 4447 2771 4502 parens,
2801 4443 2854 4489 et
2884 4432 3033 4488 lraus
3057 4433 3255 4488 innexa
3283 4433 3474 4489 clienti
3501 4478 3514 4501 ,

2120 4527 2172 4587 D
2197 4521 2352 4579 Tunc
2377 4539 2499 4579 cum
2533 4524 2722 4595 frigida
2754 4541 2899 4581 mors
2925 4525 3104 4581 anima
3130 4525 3420 4581 seduxerit
3449 4536 3616 4593 artus,

2197 4615 2394 4671 lnclusi
2426 4631 2640 4687 pmnam
2671 4629 3007 4688 exspectant,
3037 4633 3157 4689 qua:
3186 4620 3423 4675 maxima
3454 4622 3604 4674 turba
3632 4631 3731 4686 est,

2201 4708 2538 4781 lnlernisque
2565 4711 2674 4767 ciet
2703 4709 2966 4778 tenebris,
2997 4725 3362 4784 veterumque
3394 4713 3660 4767 malorum

2198 4804 2469 4873 Supplicia
2499 4805 2840 4875 expendunt,
2873 4805 2989 4861 aliis
3016 4805 3118 4861 sub
3141 4807 3359 4878 gurgite
3389 4817 3543 4861 vasto

2198 4897 2453 4953 Infectum
2486 4899 2685 4953 eluitur
2711 4900 2925 4967 scelus,
2959 4909 3053 4954 aut
3088 4901 3345 4955 exuritur
3375 4900 3507 4972 igni.

2192 4989 2466 5046 Turbidus
2495 4992 2585 5046 hic
2613 5008 2800 5061 coeno,
2835 5003 3097 5065 vastaque
3126 4995 3388 5066 voragine
3417 5009 3606 5066 gurges

2189 5081 2425 5149 Estuat,
2460 5094 2623 5156 atque
2649 5100 2866 5143 omnem
2898 5099 3093 5158 cocyto
3123 5095 3336 5142 eruetat
3361 5101 3597 5143 arenam.

2189 5175 2325 5232 Hinc
2352 5177 2595 5234 exaudiri
2627 5183 2883 5250 gemitus,
2916 5191 2974 5238 et
2999 5198 3144 5238 Saeva
3173 5197 3372 5239 sonare

2185 5269 2448 5338 Verbera,
2478 5285 2589 5329 tum
2620 5275 2823 5332 stridor
2852 5276 3003 5353 ferri,
3038 5286 3340 5348 tractaeque
3368 5287 3570 5334 calente

2181 5361 2430 5435 Semper,
2460 5375 2517 5422 et
2543 5367 2767 5424 obtenta
2794 5369 3096 5426 densantur
3135 5380 3300 5426 nocte
3332 5373 3587 5428 tenebrae.

2538 5481 2872 5555 Prwcipitur,
2903 5501 2966 5540 ne
2993 5485 3234 5540 colantur
3261 5485 3421 5540 idola.

2249 5593 2518 5651 Prastcrea
2550 5613 2669 5667 quae
2705 5599 2882 5654 dicam
2918 5599 3117 5654 animis
3143 5598 3418 5656 advertite
3449 5602 3632 5656 vestris
3659 5621 3667 5651 :

2175 5685 2289 5740 Non
2318 5703 2417 5757 ego
2451 5705 2545 5746 vos
2575 5693 2802 5760 posthac
2826 5696 2981 5752 casis
3011 5694 3082 5752 de
3104 5710 3262 5753 more
3284 5697 3536 5767 juvencis

2171 5777 2470 5851 Reliigione
2501 5791 2736 5854 patrum,
2770 5787 2975 5846 truncis
3010 5796 3067 5846 et
3093 5788 3298 5848 robore
3329 5799 3506 5859 natas,
