3886 6320
172 416 278 503 eis

169 536 450 619 llortalive
483 557 646 603 manu
677 547 887 620 efﬁgies
913 591 928 616 ,
963 563 1064 606 nec
1095 555 1291 623 templa
1318 557 1544 611 deorum

164 632 369 692 Audire
391 681 406 702 ,
431 650 488 694 et
511 654 766 712 repetens
806 645 1111 715 iterumque
1149 648 1455 722 iterumque
1485 653 1722 707 monebo
1749 670 1761 706 :

163 725 267 783 Sed
303 734 532 800 periisse
563 739 732 794 semel
760 740 893 793 satis
923 749 1026 812 est,
1055 753 1347 816 natumque
1376 759 1693 819 patremque

163 819 436 893 Profuerit
465 831 779 886 meminisse
804 836 995 904 magis,
1024 837 1067 891 si
1095 840 1324 895 credere
1362 843 1581 913 dignum
1621 855 1723 900 est.

159 914 267 972 Sed
291 919 431 992 fugit
461 925 665 980 interea
692 972 706 995 ,
740 927 871 999 fugit
901 931 1261 991 irrevocabile
1289 944 1503 1010 tempus
1527 983 1541 1006 ,

158 1011 641 1091 Flammarumque
669 1023 807 1090 dies,
841 1035 894 1079 et
917 1027 1002 1084 vis
1024 1027 1241 1086 inimica
1264 1035 1611 1104 propinquat.

663 1140 742 1196 De
767 1141 983 1199 Iudicio
1011 1139 1247 1202 venturo.

229 1252 491 1308 Attonitis
518 1253 725 1313 haesere
752 1261 951 1317 animis
976 1279 990 1317 :
1017 1280 1118 1320 nec
1146 1266 1299 1336 plura
1329 1280 1573 1326 moratus

151 1344 251 1400 llic
281 1348 428 1403 aliud
450 1350 626 1421 majus
649 1355 864 1411 miseris
887 1359 1210 1416 mortalibus
1236 1363 1394 1434 :egris

148 1438 420 1498 iudicium
453 1448 617 1512 canit,
645 1460 699 1505 et
730 1453 912 1508 tristes
940 1453 1228 1512 denuntiat
1256 1457 1386 1525 iras,

150 1531 455 1592 Venturum
489 1542 782 1611 excidium,
821 1557 970 1603 vasta
994 1547 1251 1606 convulSa
1279 1553 1435 1608 ruina

142 1625 337 1684 Omnia
372 1643 500 1689 tunc
527 1638 730 1706 pariter
759 1641 926 1699 rutilo
953 1646 1236 1703 miscerier
1265 1648 1372 1719 igni
1391 1693 1404 1716 ,

139 1723 504 1802 Palantesque
534 1735 660 1805 polo
692 1738 901 1806 stellas,
933 1742 1168 1813 coelique
1197 1745 1428 1800 ruinam.

138 1816 292 1876 Tunc
322 1838 451 1879 vero
482 1829 796 1886 tremefacta
819 1849 992 1890 novus
1022 1849 1121 1905 per
1142 1848 1360 1907 pectora
1391 1841 1599 1896 cunctis

134 1911 379 1972 lnsiuuat
411 1935 599 1990 pavor,
633 1932 688 1979 et
715 1928 860 1981 taciti
887 1938 1110 1984 ventura
1145 1932 1426 2007 videbant.

67 2022 70 2029 ’
136 2029 277 2096 Quid
306 2033 406 2086 sibi
431 2036 728 2104 faciendum
748 2041 912 2120 foret,
941 2054 1005 2120 ut
1041 2047 1200 2120 vitum
1225 2058 1470 2104 wternam
1504 2054 1731 2120 posside-

511 2117 619 2177 ret,
654 2112 801 2180 petiit
821 2116 1034 2184 quidam
1056 2135 1087 2170 a
1119 2117 1362 2177 Domino.

201 2221 332 2279 Hmc
354 2242 520 2296 super
550 2230 783 2288 adventu
822 2251 943 2291 cum
977 2238 1117 2293 dicta
1158 2242 1426 2300 horrenda
1452 2261 1698 2305 moneret
1719 2293 1732 2315 ,

129 2314 232 2372 Ora
267 2334 402 2388 puer
427 2325 597 2391 prima
625 2326 849 2397 signans
870 2331 1080 2388 intonsa
1113 2324 1366 2404 juventa,

128 2408 294 2467 Dives
323 2430 485 2484 opum
510 2459 525 2483 ,
558 2420 749 2475 studiis
778 2420 982 2478 ﬂorens
1015 2428 1268 2497 ignobilis
1295 2432 1368 2485 oti
1394 2450 1408 2497 ;

125 2505 378 2579 Quinque
408 2526 602 2582 greges
635 2515 710 2569 illi
745 2516 1049 2588 balantum,
1083 2533 1138 2577 et
1163 2523 1287 2579 bina
1315 2527 1563 2584 redibant

124 2599 386 2657 Armenta
421 2613 477 2660 et
501 2605 734 2677 dapibus
765 2627 983 2688 mensas
1014 2617 1279 2673 onerabat
1304 2622 1522 2689 opimis.

122 2692 397 2753 Continuo
428 2699 634 2767 palmas
667 2703 876 2760 alacres
907 2717 1168 2779 utrasque
1189 2714 1439 2780 tetendit,

121 2786 193 2842 Ει
216 2804 395 2860 genua
425 2797 782 2864 amplectens,
809 2802 888 2854 sic
918 2818 1012 2856 ore
1044 2804 1236 2859 affatus
1263 2793 1440 2864 amico
1462 2822 1580 2867 est:

119 2879 164 2936 Ο
193 2882 359 2946 Deus,
391 2901 424 2939 ο
450 2886 609 2941 fama:
641 2893 836 2947 merito
861 2908 988 2962 pars
1010 2898 1242 2954 maxima
1273 2911 1472 2957 nostra;
1495 2947 1509 2967 ,

117 2973 198 3028 Ad
227 2987 280 3030 te
312 2979 588 3050 confugio,
621 2993 675 3037 et
701 2986 932 3056 supplex
965 2997 1053 3043 tua
1086 2995 1305 3048 numina
1336 3010 1500 3064 posco
1529 3017 1541 3050 :

118 3066 310 3123 Omnia
346 3071 547 3140 perfeci
573 3084 735 3147 atque
760 3081 945 3134 animo
975 3099 1184 3139 mecum
1209 3098 1337 3142 ante
1364 3092 1568 3160 peregi.

114 3159 285 3230 Eripe
314 3182 399 3218 me
431 3166 538 3235 his,
575 3169 795 3240 invicte,
828 3175 1015 3242 malis;
1049 3177 1175 3247 quid
1203 3180 1438 3251 denique
1469 3159 1665 3250 reStat,

114 3253 328 3321 Quidve
348 3271 584 3330 sequens
612 3271 792 3320 tantos
824 3269 1026 3335 possim
1056 3288 1318 3341 superare
1346 3275 1564 3332 labores
1591 3278 1613 3330 1'

1440 436 1804 496 CENTONES
1845 437 2254 505 VIRGILIANL
2709 516 2711 518 .
3372 477 3476 534 8M

1791 563 1838 622 Α
1869 554 2151 637 llorrescit
2172 564 2289 618 visu
2319 566 2498 622 subito
2525 588 2537 624 :
2570 569 2930 646 insonuitque
2958 576 3203 649 ﬂagello,

1869 648 2258 726 Significatqne
2287 659 2469 728 manu,
2500 672 2556 717 et
2585 679 2781 736 magno
2809 669 2971 723 simul
3001 648 3211 729 intonat
3237 691 3363 732 ore:

1869 740 2002 806 Qua:
2031 748 2301 802 scelerum
2329 751 2514 819 iacies,
2546 771 2733 825 qureve
2766 775 2874 816 aera
2915 765 3168 821 micantia
3201 782 3396 839 cerno,

1865 833 2103 891 Cmsaris
2136 851 2190 894 et
2218 859 2410 898 nomen
2437 846 2459 899 ?
2482 866 2601 918 quze
2633 864 2869 910 mentem
2907 858 3111 916 insania
3143 875 3315 919 mutat
3344 867 3366 919 ?

1867 928 1964 984 Ha:
1991 932 2146 986 nobis
2181 942 2414 1005 propria:
2440 943 2597 999 sedes
2621 991 2634 1013 ,
2673 948 2759 1003 hic
2795 961 3040 1022 tempore
3067 968 3220 1013 certo

1864 1023 2146 1104 Perpetuis
2174 1031 2325 1087 soliti
2354 1044 2566 1104 patrum
2595 1045 2882 1101 tonsidere
2921 1052 3142 1107 mensis.

1862 1116 2211 1192 Obstupuere
2230 1125 2451 1196 animis,
2474 1131 2792 1206 gelidusque
2818 1155 2915 1210 per
2936 1142 3044 1202 ima
3075 1152 3324 1206 cucurrit

1861 1206 1998 1263 Ossa
2024 1221 2260 1293 tremor,
2291 1234 2616 1291 mensasque
2646 1238 2791 1284 metu
2820 1231 3025 1302 liquere
3049 1239 3281 1305 priores.

2204 1330 2467 1403 Discipuli
2493 1339 2854 1408 periclitantur
2881 1347 2936 1400 in
2961 1353 3115 1406 mari.

1933 1440 2061 1496 inde
2091 1445 2179 1501 ubi
2210 1448 2382 1517 prima
2415 1450 2549 1505 fides
2581 1455 2796 1528 pelago,
2834 1467 3119 1538 tranquilla
3153 1484 3248 1539 per
3281 1471 3386 1527 alta

1857 1531 2144 1592 Dcducunt
2176 1543 2310 1596 socii
2340 1559 2530 1610 naves,
2564 1555 2727 1617 atque
2756 1535 2872 1608 arte
2902 1559 3158 1627 magistra
3184 1604 3198 1629 ,
3252 1630 3256 1633 .

1855 1626 1951 1681 Hic
1981 1631 2120 1688 alios
2152 1634 2316 1692 funda
2351 1639 2517 1696 latum
2553 1649 2960 1705 transverberat
2991 1669 3205 1713 amnem

1851 1719 1974 1776 Alta
2006 1736 2219 1795 petens,
2253 1732 2552 1805 pelagoque
2583 1738 2723 1795 alius
2755 1741 2918 1799 trahit
2958 1745 3177 1804 lmmida
3209 1752 3336 1808 lina.

1851 1814 2146 1888 Postquam
2177 1823 2342 1879 altum
2373 1839 2599 1885 tenuere
2621 1842 2789 1901 rates,
2817 1852 2917 1892 nec
2941 1838 3052 1909 jam
3078 1845 3309 1914 amplius
3335 1848 3452 1903 ttllzc

1849 1908 2159 1969 Occurrunt
2193 1928 2373 1989 lcrt‘m,
2401 1925 2608 1981 crebris
2634 1930 2799 1985 micat
2827 1932 3042 2004 ignibus
3071 1938 3270 2007 aether,

1847 2003 2099 2087 Eripiunt
2124 2012 2306 2068 subito
2329 2017 2501 2073 nubes
2523 2021 2829 2095 cmlttntque
2857 2027 3108 2097 diemque
3133 2050 3146 2085 :

1843 2095 2193 2171 Consurgunt
2237 2107 2409 2176 venti,
2443 2122 2490 2165 et
2517 2110 2712 2168 ﬂuctus
2739 2117 2805 2171 ad
2838 2095 3031 2176 sidera—
3051 2125 3262 2181 tollunt.

1843 2196 1907 2247 At
1939 2198 2102 2252 sociis
2131 2201 2307 2257 subita
2339 2206 2549 2275 gelidus
2581 2209 2873 2270 formidine
2906 2221 3127 2291 sanguis

1843 2297 2094 2372 Diriguit,
2126 2304 2375 2361 cecidere
2401 2310 2592 2380 animi,
2629 2317 2920 2388 cunctique
2942 2332 3166 2390 repente

1837 2378 2064 2448 Portum
2093 2401 2443 2464 aspecmban!
2479 2404 2695 2478 ﬂentes,
2730 2425 2834 2466 vox
2862 2416 3116 2473 omnibus
3147 2436 3249 2475 una
3269 2469 3281 2491 ,

1838 2483 2112 2559 Spemque
2143 2506 2460 2564 metumque
2488 2498 2631 2555 inter
2654 2501 2826 2573 dubii,
2853 2523 2950 2564 seu
2983 2512 3165 2570 vivere
3186 2518 3407 2573 credant
3427 2563 3441 2587 ,

1837 2576 1969 2634 Sive
1993 2593 2236 2638 extrema
2268 2589 2397 2657 pati,
2433 2591 2566 2648 lethi
2594 2595 2909 2656 discrimine
2942 2600 3108 2673 parvo
3129 2653 3145 2676 ,

1834 2669 2024 2738 Qualia
2051 2677 2217 2732 multa
2251 2683 2385 2737 mari
2420 2695 2598 2742 nautae
2627 2691 2911 2760 patiuntur
2942 2669 2993 2751 in
3022 2699 3152 2757 alto.

2137 2792 2399 2851 Christum
2429 2803 2721 2860 ambulasse
2747 2825 2904 2877 super
2931 2831 3112 2884 aquas.

1912 2900 2049 2957 Ecce
2083 2906 2221 2962 lfeus
2253 2925 2450 2981 magno
2482 2917 2698 2974 misceri
2731 2938 3009 2982 murmure
3039 2941 3295 2999 pontum,

1832 2988 2214 3067 Emissamque
2249 3000 2479 3060 hiemem
2508 3012 2702 3075 sensit,
2733 3016 2816 3068 cui
2839 3033 3055 3074 summa
3086 3036 3326 3093 petestas

1828 3083 1934 3138 Par
1965 3087 2171 3145 levibus
2196 3097 2391 3159 ventis,
2418 3109 2473 3154 et
2500 3100 2739 3160 ﬂuminis
2764 3109 2917 3165 ocior
2942 3115 3118 3170 undis.

1827 3174 2004 3246 Prona
2035 3184 2166 3251 petii
2196 3187 2390 3254 maria,
2424 3203 2477 3246 et
2502 3194 2690 3266 pelago
2715 3191 2954 3258 decurrit
2987 3220 3210 3278 aperto,

1827 3268 1937 3324 Nec
1970 3273 2129 3344 longo
2159 3278 2329 3357 distat
2352 3297 2516 3340 cursu
2551 3304 2830 3357 pneeunle
2858 3300 3062 3356 carina.

113 3347 318 3418 Accipe
342 3351 520 3424 daque
549 3355 712 3411 iidem
734 3403 747 3423 ,
777 3361 907 3415 mihi
939 3364 1083 3430 jussa
1116 3381 1404 3436 capessere
1432 3369 1514 3424 fas
1543 3382 1648 3430 est.
1749 3365 1797 3428 C
1821 3361 2148 3462 ῥειξοξουηι
2178 3371 2335 3444 longe
2364 3391 2570 3446 regem.
2598 3381 2953 3460 deXlramQUe
2988 3405 3258 3462 potentem

570 3448 858 3523 Respondit
895 3459 944 3510 ei
990 3456 1265 3516 Dominus.

181 3560 367 3630 Atque
395 3562 518 3618 huic
550 3581 870 3638 respoiisum
903 3577 1090 3642 paucis
1133 3578 1202 3634 ita
1248 3581 1484 3639 reddidit
1514 3585 1677 3641 heros
1704 3606 1715 3640 :

109 3653 154 3710 Ο
182 3666 455 3725 praestans
478 3660 642 3716 animi
666 3662 907 3732 juvenis,
931 3670 1135 3727 absiste
1162 3678 1467 3744 precando,

106 3745 220 3803 Nec
254 3759 308 3804 te
331 3754 613 3822 paeniteat,
641 3758 771 3813 nihil
801 3775 833 3816 ο
859 3743 976 3835 tibi,
1007 3743 1204 3836 amice,
1230 3771 1478 3828 relictum
1502 3786 1607 3832 est.

105 3839 226 3898 Hoc
253 3846 419 3899 etiam
452 3846 538 3903 his
564 3849 783 3920 addam,
814 3864 901 3911 tua
933 3858 976 3913 si
1010 3860 1142 3915 mihi
1173 3877 1321 3943 certa
1352 3866 1605 3924 voluntas
1627 3912 1641 3936 ,

105 3934 292 4007 Disce,
329 3938 485 4010 puer,
513 3956 864 4007 contemnere
894 3968 1046 4024 opes,
1079 3965 1135 4011 et
1171 3939 1470 4031 te'iquoque
1492 3962 1711 4033 dignum

102 4029 280 4104 Finge
306 4035 441 4104 Deo,
468 4050 520 4093 et
550 4057 669 4111 quae
699 4044 767 4099 sit
798 4048 1001 4124 poteris
1023 4064 1354 4122 cognoscere
1378 4057 1568 4112 virtus.

102 4123 178 4178 Da
208 4125 464 4183 dextram
504 4132 726 4203 misero,
762 4148 818 4192 et
849 4123 1069 4196 fratrem
1095 4159 1164 4198 ne
1193 4146 1386 4202 desere
1409 4150 1608 4217 frater;

101 4214 156 4269 Si
183 4206 344 4288 jungi
383 4221 613 4292 hospitio
638 4241 916 4299 properat,
948 4234 1222 4306 coniunge
1254 4240 1562 4310 volentem,

99 4307 266 4367 Casta
299 4316 617 4384 pudicitiam
647 4335 828 4380 servet
852 4325 1049 4384 domus
1076 4347 1090 4388 :
1125 4348 1190 4386 cn
1219 4350 1317 4404 age
1346 4352 1540 4408 segnes

98 4403 323 4477 Rumpe
350 4425 556 4480 moras,
586 4416 856 4490 rebusque
882 4424 1009 4479 veni
1042 4441 1151 4481 non
1175 4443 1336 4500 asper
1356 4436 1562 4504 egenis.

95 4501 333 4560 Dixerat
367 4504 501 4575 haec,
537 4509 628 4566 ille
652 4513 706 4567 in
741 4516 909 4572 verbo
931 4519 1162 4593 vestigia
1183 4524 1341 4581 torsit

95 4593 363 4668 Tristior,
393 4617 494 4658 ora
522 4607 696 4662 modis
724 4611 981 4669 attollens
1013 4617 1213 4685 pallida
1248 4622 1419 4690 miris,

94 4692 272 4751 Multa
301 4714 548 4769 gemens,
583 4719 810 4778 seseque
831 4712 1005 4768 oculis
1027 4716 1259 4783 avertit,
1293 4731 1345 4774 et
1367 4720 1560 4778 aufert.

560 4819 798 4878 Christus
834 4828 1023 4884 insedit
1068 4832 1248 4890 asello.

167 4931 331 4985 Tunc
360 4934 527 4990 etiam
562 4939 696 4994 tardi
721 4943 888 4999 costis
925 4947 1160 5018 agitatus
1193 4953 1344 5008 aselli

89 5025 311 5082 Insedit
333 5029 518 5087 nimbo
545 5031 840 5106 eﬂulgens;
871 5047 981 5095 tum
1013 5043 1244 5112 plurima
1276 5046 1480 5105 circum

90 5120 306 5175 Matres
339 5131 504 5193 atque
534 5127 658 5193 viri,
695 5132 846 5199 pueri
875 5134 1141 5192 velamina
1169 5150 1290 5196 nota

87 5214 436 5288 Sobjiciunt,
472 5217 763 5295 funemque
797 5243 962 5284 manu
994 5234 1306 5306 contingere
1336 5240 1588 5309 gaudent.

85 5310 330 5383 Jamque
355 5302 747 5387 propinquabat
779 5323 972 5391 portis,
1009 5302 1382 5401 templumque
1403 5338 1630 5393 vetustis

83 5406 338 5480 Antiqua
363 5424 429 5464 ex
460 5413 623 5468 cedro
648 5426 868 5473 centum
897 5421 1132 5479 sublime
1165 5426 1434 5483 eolumnis

83 5500 432 5574 Ingreditur,
469 5524 660 5580 magna
693 5513 900 5570 medius
931 5518 1222 5574 comitante
1252 5532 1488 5580 caterva.

160 5639 438 5696 Christum
484 5655 705 5702 ementes
749 5658 794 5702 et
833 5651 1104 5707 uendentes
1142 5656 1356 5726 ﬂagello
1384 5677 1411 5713 e
1439 5667 1628 5736 tempto

761 5723 1038 5774 expulisse.

761 5737 1038 5792 expulisse.

158 5807 518 5863 llorreudutn
545 5811 714 5881 silvis,
749 5813 852 5869 hoc
873 5816 980 5871 illis
1000 5820 1147 5873 curia
1184 5825 1477 5894 templum,

81 5898 182 5954 Ila:
215 5914 399 5954 sacrae
429 5901 607 5967 sedes,
636 5905 774 5958 miro
803 5908 945 5976 quod
973 5909 1178 5966 honore
1218 5915 1487 5972 colebant.

79 5992 346 6063 Namque
378 5994 479 6048 sub
509 5995 711 6066 ingenti
742 5999 936 6056 lustrat
967 6005 1094 6059 dum
1134 6008 1345 6078 singula
1378 6018 1578 6086 templo
1611 6062 1624 6085 ,

1824 3454 2021 3512 Nudati
2050 3463 2207 3530 socii,
2239 3475 2295 3520 et
2321 3483 2517 3540 magno
2543 3473 2780 3534 clamore
2807 3483 3045 3540 salutant

1822 3545 2118 3621 Postquam
2147 3556 2288 3614 altos
2322 3563 2495 3633 tetigit
2519 3564 2741 3636 ﬂuctus,
2771 3583 2828 3629 et
2856 3576 2923 3631 ad
2959 3594 3179 3650 mquora
3209 3591 3387 3661 venit,

1824 3640 1923 3700 Hic
1960 3660 2086 3701 vero
2118 3647 2477 3723 horrendum,
2511 3674 2575 3714 ac
2607 3664 2721 3718 visu
2751 3668 3017 3741 mirabile,
3051 3679 3186 3734 forte

1822 3732 2123 3795 Subsidunt
2152 3745 2332 3813 undae,
2365 3764 2518 3807 remo
2557 3765 2613 3808 ut
2637 3756 2912 3818 luctamen
2943 3767 3188 3841 abcsscl,

1820 3828 2196 3911 Collectasque
2222 3837 2371 3910 fugat
2403 3846 2596 3915 nuhcs,
2618 3853 2970 3927 graditurque
2998 3878 3094 3930 per
3116 3828 3304 3937 aequor

1761 3937 1766 3940 ·
1818 3922 1936 3978 Jam
1971 3927 2233 3998 medium,
2270 3951 2370 3990 nec
2399 3937 2526 3994 dum
2555 3940 2751 4000 ﬂuctus
2783 3922 2949 4006 latera
2980 3922 3148 4012 ardua
3173 3922 3347 4032 t'ingit.

1824 4019 1895 4073 At
1930 4021 2106 4077 media
2132 4027 2312 4083 socios
2342 4029 2602 4090 incedens
2633 4053 2769 4095 nave
2797 4057 2894 4111 per
2919 4045 3099 4116 ipsos,

1819 4110 1965 4169 Ecce
1990 4116 2323 4186 gubernaclo
2351 4135 2530 4182 rector
2557 4131 2701 4186 subit
2729 4135 2844 4201 ipse
2885 4143 3175 4214 magister,
3211 4125 3217 4131 ’

1814 4204 2102 4264 Intremuit
2129 4215 2324 4281 malus,
2353 4222 2559 4289 gemuit
2581 4226 2683 4280 sub
2711 4230 2950 4298 pondere
2971 4204 3186 4308 cymba.

1818 4295 1949 4354 Vela
1979 4302 2199 4372 cadunt,
2232 4311 2508 4382 puppique
2535 4314 2680 4373 Deus
2711 4325 2956 4382 consedit
2979 4329 3033 4384 in
3054 4332 3160 4390 alta
3180 4379 3193 4403 ,

1815 4392 1883 4447 Et
1912 4396 2130 4454 tandem
2153 4399 2260 4458 lani
2295 4415 2439 4463 nota:
2460 4409 2819 4473 advertuntur
2845 4435 3046 4481 arente.

2357 4524 2434 4579 De
2469 4527 2623 4584 Cana
2653 4532 2882 4595 Domini.

1891 4631 2106 4687 Devexo
2131 4635 2338 4693 interea
2364 4643 2589 4713 prapior
2618 4648 2678 4703 fit
2698 4660 2889 4724 vesper
2916 4657 3159 4734 olympo.

1738 4761 1787 4821 Ι)
1814 4722 1966 4779 Tunc
2000 4729 2139 4782 victu
2163 4745 2420 4790 revocant
2450 4737 2614 4807 vires,
2648 4742 2859 4816 fusique
2885 4766 2982 4821 per
3005 4755 3226 4816 herbam
3255 4806 3265 4822 .

1817 4813 1879 4869 Et
1901 4815 2132 4888 dapibus
2155 4837 2373 4880 mensas
2411 4843 2665 4903 onerant,
2698 4846 2752 4893 et
2779 4845 2969 4909 pocula
3004 4863 3227 4917 ponunt.

2217 4991 2224 4998 ,
2307 4938 2468 5007 Docet
2497 4945 2920 5013 Sacramentum.

1864 5035 2174 5121 Postquam
2211 5057 2384 5124 prima
2409 5062 2562 5125 quies
2592 5068 2787 5136 epulis,
2821 5089 3131 5149 mensaeque
3160 5099 3403 5157 remota),

1812 5137 1933 5207 lpse
1957 5142 2099 5198 inter
2128 5145 2332 5215 primos
2360 5154 2590 5222 genitori
2630 5159 2892 5220 instaurat
2921 5137 3155 5230 honores

1812 5232 2127 5305 Suspiciens
2157 5243 2375 5309 cmlum,
2411 5257 2538 5305 tunc
2565 5253 2699 5307 facta
2725 5257 2935 5315 silentia
2968 5264 3184 5337 linguis.

1812 5329 1913 5384 Dat
1941 5336 2190 5393 manibus
2222 5337 2424 5410 fruges,
2449 5344 2742 5417 dulcesque
2763 5368 2792 5406 a
2826 5354 3058 5415 fontibus
3087 5366 3291 5434 undas;

1812 5425 2166 5499 lmplevitque
2197 5449 2345 5489 mero
2374 5446 2635 5507 pateram,
2666 5445 2910 5518 ritusque
2944 5443 3244 5517 sacrorum!

1810 5519 2038 5589 Edocet,
2070 5523 2446 5600 immiscetque
2477 5547 2688 5602 preces,
2721 5556 2782 5594 ac
2815 5545 2936 5599 talia
2968 5549 3140 5608 fatur:

2131 5639 2376 5696 Prwdicit
2403 5645 2466 5700 ab
2494 5665 2594 5705 uno
2623 5668 2678 5706 se
2707 5657 2960 5713 traditum
2988 5663 3073 5718 iri.

1878 5750 2097 5817 Audite,
2128 5768 2161 5808 ο
2190 5769 2464 5827 proceres,
2495 5763 2592 5830 ait,
2628 5776 2681 5821 et
2712 5784 2836 5839 spes
2862 5774 3052 5834 discite
3078 5798 3289 5842 vestras
3316 5810 3326 5844 ε

1804 5840 1973 5898 Nemo
2003 5861 2067 5900 ex
2090 5846 2194 5902 hoc
2221 5865 2447 5908 numero
2472 5857 2600 5913 mihi
2631 5876 2736 5917 non
2767 5865 2998 5925 donatus
3021 5875 3220 5944 abibit,

1805 5934 2202 6009 Promissisque
2227 5945 2418 6013 patris,
2453 5959 2653 6018 vestra,
2685 5953 2877 6026 inquit,
2915 5978 3136 6022 munera
3165 5976 3314 6029 vobis

1803 6026 1961 6081 Certa
1988 6042 2224 6100 manent,
2250 6040 2424 6106 pueri,
2455 6050 2507 6096 et
2538 6044 2768 6115 palmam
2790 6061 3179 6120 movetordine
3207 6083 3398 6128 nemo:
