3886 6322
481 261 588 320 815

481 378 555 433 Et
592 375 683 431 lux
712 386 834 430 cum
860 369 1088 442 primum
1121 361 1283 420 terris
1309 374 1370 416 se
1399 355 1639 413 crastina
1666 349 1894 417 reddet,

480 473 639 530 Unus
659 471 764 526 erit
792 475 996 522 tantum
1031 462 1084 515 in
1115 471 1328 526 meque,
1361 451 1696 519 exitiumque
1721 457 1963 509 nieorum
1985 483 2000 510 ,

485 566 621 621 Dum
654 562 886 618 medium
918 554 1032 626 paci
1064 567 1123 609 se
1155 548 1312 604 ofl‘ert
1342 544 1410 601 de
1438 556 1671 610 oorpore
1698 547 1928 593 nostros

483 658 725 729 Namque
753 653 869 709 dies
893 647 973 718 (ni
1000 643 1183 715 fallor)
1216 640 1391 705 adest,
1420 633 1685 694 secludite
1712 642 1902 688 caras:

481 752 688 810 Mecum
716 746 822 803 erit
845 743 946 798 iste
978 737 1152 804 labor,
1185 747 1289 791 nec
1319 747 1407 787 me
1435 727 1702 786 sententia
1735 723 1906 789 fallit,

484 844 662 902 Unum
689 852 788 912 pro
814 833 1000 903 multis
1021 829 1236 887 dabitur
1260 833 1447 897 caput.
1476 822 1603 879 Haec
1630 820 1703 876 ita
1732 816 1870 873 fatus
1889 855 1906 879 ,

485 910 774 997 Conticuit,
807 937 1093 997 seramque
1123 918 1272 1000 dedit
1307 933 1403 990 per
1432 914 1679 972 membra
1709 910 1969 981 quietem.

1023 1037 1298 1113 Apostolos
1327 1034 1540 1108 fugisse.
1559 1080 1562 1084 _

561 1165 852 1240 Diffugiunt
872 1159 1126 1223 comites,
1153 1164 1210 1211 et
1235 1160 1395 1209 nocte
1418 1154 1672 1220 teguntur
1696 1155 1898 1214 opaca;

483 1265 762 1336 Multaque
781 1258 918 1316 dura
948 1270 1049 1321 suo
1071 1251 1215 1308 tristi
1238 1264 1360 1304 cuin
1391 1243 1558 1301 corde
1583 1239 1857 1297 volutant.

486 1358 627 1431 Quid
654 1334 894 1414 faciant?
921 1352 1134 1406 haerent
1158 1341 1308 1402 inlisi
1343 1348 1562 1414 pectore
1591 1334 1772 1392 vultus
1790 1374 1805 1400 ,

483 1421 795 1525 V~crbaque,
822 1462 924 1505 nec
950 1441 1222 1516 placidam
1263 1434 1521 1493 membris
1547 1429 1642 1487 dat
1665 1441 1794 1484 cura
1819 1421 2082 1495 quietem.

780 1557 1092 1632 Conquestio
1122 1551 1274 1609 Petri
1301 1549 1369 1604 ad
1390 1522 1798 1613 condiscipulos.

559 1684 711 1740 Tunc
738 1677 925 1734 senior
956 1671 1095 1728 tales
1120 1664 1397 1746 referebat
1421 1668 1640 1732 pectore
1664 1667 1832 1713 voces
1850 1695 1865 1723 ,

487 1782 652 1841 Multa
676 1785 906 1852 putans:
939 1770 1031 1827 ubi
1062 1782 1205 1824 nunc
1235 1763 1389 1820 nobis
1413 1759 1559 1816 Deus
1589 1757 1683 1814 ille
1712 1749 2018 1826 magister?

489 1877 659 1943 Quem
685 1865 1000 1942 sequimur?
1020 1876 1200 1934 quove
1220 1859 1300 1914 ire
1314 1853 1513 1927 iubes?
1536 1850 1626 1908 ubi
1646 1863 1849 1922 ponere
1867 1835 2092 1918 sedem?

491 1939 537 2028 ὁ
563 1967 739 2031 dolor,
767 1939 933 2033 atque
961 1960 1131 2014 decus
1155 1955 1426 2009 tantarum
1453 1945 1627 2020 gloria
1657 1954 1843 1999 rerum
1868 1939 1884 1993 l

488 2065 722 2135 Jamjam
752 2059 899 2116 nulla
926 2057 1092 2110 mora
1111 2057 1216 2118 est,
1248 2055 1304 2103 et
1325 2037 1424 2101 nes
1446 2055 1578 2112 rape
1601 2039 1654 2094 in
1676 2035 1859 2092 omnia
1887 2041 2093 2096 tecum,

495 2163 751 2222 Oramus,
781 2161 942 2224 teque
971 2154 1194 2218 aspectu
1211 2156 1295 2218 .ne
1317 2127 1577 2196 subtrahe
1603 2144 1812 2189 nostro.

674 2247 984 2308 Sacerdotes
1013 2257 1129 2297 cum
1169 2233 1366 2312 papula
1405 2241 1588 2287 contra
1627 2225 1912 2282 Christum.

572 2350 848 2405 Oceanum
879 2340 1087 2397 interea
1117 2342 1346 2402 surgens
1374 2338 1569 2381 aurora
1601 2317 1855 2392 reliquit,

496 2444 730 2512 Jamque
755 2433 1069 2493 sacerdotes
1100 2428 1210 2485 late
1235 2427 1353 2483 loca
1384 2418 1671 2494 questibus
1698 2413 1957 2486 implent,

495 2506 869 2605 Cum-populo
900 2535 962 2583 et,
979 2521 1248 2597 patribus,
1282 2518 1559 2587 ferturque
1580 2527 1678 2584 per
1710 2506 1926 2580 agmina
1957 2516 2105 2558 mur-

1705 2602 1883 2678 Dnur:

501 2723 656 2796 Quod
681 2736 850 2796 genus
874 2717 980 2774 hoc
1010 2708 1330 2770 hominum?
1360 2717 1550 2778 quasve
1574 2701 1718 2757 hunc
1740 2706 1849 2752 tam
1874 2692 2109 2750 barbara

1655 2790 1886 2864 [morem

505 2913 780 2974 Permittit
810 2902 1021 2980 patria?
1055 2913 1245 2974 poenas
1267 2909 1390 2952 cum
1413 2887 1678 2961 sanguine
1701 2888 1933 2957 poscunt

503 3010 759 3078 Undique
787 2993 1027 3066 collecti,
1057 3004 1112 3052 et
1141 3004 1338 3063 magno
1369 2985 1607 3043 clamore
1631 2986 1936 3050 sequuntur

511 3075 808 3168 lnsoutem,
837 3093 1100 3165 smvitquc
1129 3085 1327 3145 animis
1358 3079 1596 3156 ignobile
1621 3075 1837 3146 vulgus.

627 3220 864 3280 Christus
890 3215 1024 3270 hora
1047 3216 1196 3267 sexta
1222 3170 1520 3266 deducitur,
1548 3204 1605 3251 ut
1632 3167 1989 3262 crucifig‘atur.

579 3343 677 3403 Sol
714 3337 956 3396 medium
981 3329 1107 3389 (ιωιὶ
1131 3321 1533 3385 conscenderat
1561 3316 1752 3387 igneus
1779 3308 2010 3370 orbem,

1322 244 1478 304 VAL.
1519 230 1890 298 FALTONIIE
1927 223 2182 289 PROBE
2223 212 2590 283 CENTONES
2633 209 3024 274 VIRGILIANI.

2101 347 2154 406 Α
2179 339 2395 400 Umbras
2425 337 2578 392 ibant
2598 341 2793 388 tenues
2824 348 2837 385 :
2871 329 3032 385 tellus
3062 335 3280 397 quoque
3309 326 3365 377 et
3394 330 3614 390 mquora
3636 317 3761 385 ponti

3678 198 3760 261 Sili

2179 437 2341 508 Signa
2361 430 2604 495 'tlabant,
2635 426 2836 482 sismut
2861 436 3081 483 amnes.
3112 428 3380 486 terraeque
3402 411 3707 468 dehisruut.

2177 528 2316 596 Quin
2347 525 2476 595 ipsa:
2501 529 2761 586 stupuere
2783 517 2976 571 domu;
3000 555 3014 578 ,
3055 520 3219 582 atque
3250 508 3440 564 intima
3474 503 3609 560 lcthi

2177 619 2403 676 Tartara
2428 658 2442 682 ,
2473 623 2530 671 et
2556 612 2830 669 umbrosa:
2861 607 3077 681 penitus
3107 614 3336 676 patuere
3364 613 3646 657 catiterna'.~

2179 715 2277 774 Sol
2298 725 2511 785 quoque
2535 719 2590 766 et
2611 705 2866 764 exoriens
2888 699 3110 775 (cuncti
3135 714 3194 756 se
3225 697 3370 754 scire
3400 691 3684 761 fatentur)

2181 810 2334 866 Tunc
2363 812 2525 880 caput
2550 804 2780 859 obscura
2808 797 3038 854 nitidum
3072 793 3352 864 ferrugine
3382 787 3540 846 texit.

2513 921 2781 978 Christum
2807 916 2958 974 tertia
2989 914 3073 970 die
3102 909 3470 967 resurrexisse.

2257 1040 2474 1111 ﬂosque
2518 1038 2660 1092 inter
2691 1019 3110 1100 motus,‘media
3153 1027 3295 1084 inter
3322 1023 3452 1078 talia
3486 1017 3648 1075 verba

2194 1129 2378 1190 Tertia
2406 1131 2495 1187 lux
2523 1129 2760 1203 gelidam
2793 1126 2935 1184 cmlo
2965 1124 3273 1180 dimoverat
3300 1117 3570 1174 umbraut.

2188 1227 2416 1297 Jamque
2447 1226 2636 1296 pedem
2682 1223 2932 1279 referens
2978 1233 3203 1290 superas
3228 1212 3481 1270 veniebat
3503 1209 3568 1266 ad
3599 1222 3769 1274 auras,

2188 1320 2326 1376 Cum
2351 1319 2535 1374 subito
2556 1326 2683 1373 ante
2715 1315 2903 1371 otulos
2933 1311 3137 1383 ingenti
3171 1307 3314 1364 mole
3346 1303 3686 1376 sepulcrum,

2189 1409 2401 1481 Corpus
2423 1409 2516 1463 ubi
2543 1407 2864 1475 exanimum
2890 1404 3153 1474 positum,
3171 1415 3273 1456 nec
3295 1399 3558 1464 claustra,
3581 1408 3678 1450 nec
3695 1393 3772 1464 ipsi

2189 1503 2460 1567 Custodes
2487 1502 2718 1573 sufferre
2741 1500 2944 1566 valent,
2970 1498 3266 1567 avulsaque
3293 1491 3444 1548 saxis

2191 1599 2333 1654 Saxa
2367 1594 2586 1664 vident,
2617 1593 2756 1648 laxis
2787 1590 3020 1646 laterum
3050 1583 3410 1655 compagibus
3437 1581 3622 1635 arctis.

2195 1693 2281 1750 Fit
2303 1708 2502 1759 sonus,
2540 1689 2747 1763 ingenti
2773 1700 3038 1744 concussa
3061 1694 3145 1740 est
3171 1680 3418 1753 pondere
3451 1677 3637 1742 tellus,

2197 1791 2405 1847 Ilorror
2433 1788 2635 1860 ubique
2680 1784 2922 1850 animos,
2957 1779 3142 1839 simul.
3168 1779 3284 1848 ipsa
3325 1772 3542 1830 silentia
3577 1778 3776 1829 terrent.

2300 1932 2528 1988 Foribus
2551 1927 2746 1984 clausis
2777 1921 3086 1997 apparuisse
3116 1917 3388 1974 Christum
3415 1909 3697 1984 discipulis.

2202 2051 2344 2111 Ecce
2370 2058 2550 2104 autem
2584 2041 2744 2116 primi
2783 2040 3065 2097 volucrum
3097 2036 3200 2093 sub
3228 2032 3471 2092 culmine
3497 2035 3682 2085 cantus
3710 2042 3720 2077 :

2207 2143 2516 2217 Ingreditur
2535 2184 2550 2210 ,
2583 2115 2837 2210 linquens
2860 2145 3082 2191 antrum
3101 2173 3115 2199 ,
3146 2129 3453 2201 spoliisque
3479 2115 3727 2193 superbus

2202 2215 2322 2295 Ibat
2343 2251 2511 2291 ovans
2532 2276 2548 2302 ,
2578 2231 2845 2304 pulsuque
2871 2227 3071 2300 pedum
3101 2222 3292 2280 tremit
3319 2217 3500 2276 excita
3525 2215 3700 2276 tellus,

2206 2333 2554 2402 Vulneraque
2595 2328 2688 2384 illa
2708 2340 2905 2399 gerens
2931 2323 3139 2380 foribus
3167 2334 3292 2376 sese
3324 2316 3526 2388 ingerit
3555 2309 3725 2367 arctis.

2206 2431 2387 2498 Atque
2419 2426 2508 2482 hic
2536 2423 2812 2496 ingentem
2839 2418 3100 2476 comitum
3125 2411 3411 2470 allluxisse
3434 2397 3686 2463 novorum

2209 2512 2423 2579 Invenit
2452 2518 2732 2576 admirans
2754 2528 3044 2572 numerum
3068 2553 3082 2579 ,
3115 2509 3443 2578 cunctisque
3472 2508 3688 2572 repente

2208 2614 2545 2686 Improvisus
2573 2613 2647 2667 ait
2672 2629 2683 2666 ε
2712 2609 2912 2667 Coram
2937 2620 3098 2679 quem
3117 2600 3365 2679 quaeritis
3394 2597 3585 2653 adsum
3615 2611 3629 2649 :

2213 2710 2358 2766 Vicit
2386 2710 2490 2765 iter
2513 2707 2711 2763 durum
2745 2674 3038 2776 pietas,_et
3065 2674 3241 2754 vivida
3269 2674 3465 2750 virtus.

2215 2801 2531 2874 Pra‘cipites
2557 2800 2799 2871 vigilate,
2827 2795 2965 2864 viri,
2998 2794 3162 2849 timor
3192 2788 3372 2846 omnis
3404 2787 3608 2844 abesto.

2745 2912 2972 2968 Instruit
3011 2907 3297 2981 apostolos.

2291 3040 2356 3097 iii
2386 3036 2560 3095 nostri
2588 3033 2820 3098 reditus,
2846 3006 3272 3100 exspectatique.
3291 3018 3578 3092 triumphi,

2139 3142 2186 3205 C
2221 3135 2349 3191 Ilaec
2375 3148 2496 3190 mea
2514 3143 2711 3202 magna
2743 3125 2913 3193 fides;
2945 3138 2979 3180 ο
3004 3131 3194 3193 terque
3224 3126 3527 3204 quaterque
3553 3111 3711 3174 beati,

2221 3231 2353 3298 Quae
2379 3225 2539 3284 vobis
2563 3267 2578 3293 ,
2607 3237 2731 3293 qua:
2763 3218 2925 3289 digna
2944 3259 2959 3282 ,
2978 3213 3132 3280 .viri,
3163 3227 3262 3284 pro
3281 3201 3534 3266 laudibus
3555 3203 3679 3263 istis.

2148 3333 2153 3337 ‘
2222 3297 2456 3380 lira-mia
2482 3331 2644 3389 posse
2677 3327 2800 3370 reor
2825 3308 2998 3367 solvi?
3025 3322 3150 3379 qua:
3184 3303 3330 3361 dona
3360 3297 3579 3373 parari?

515 3439 670 3496 Tunc
691 3433 873 3490 subito
895 3428 1043 3484 hunc
1063 3421 1232 3478 acciri
1255 3428 1447 3472 omnes
1469 3407 1812 3482 populusque
1829 3408 2121 3472 patresque
2223 3410 2468 3481 Accippe
2492 3421 2622 3478 ergo
2648 3402 2849 3460 animis
2878 3418 2891 3454 ε
2923 3415 3045 3471 qua,
3076 3395 3175 3454 τος
3201 3412 3230 3449 3
3262 3395 3436 3466 stirpe
3466 3397 3742 3463 parcmum

526 3533 866 3601 Exposcunt,
901 3518 1106 3589 farique
1129 3513 1344 3584 jubent,
1376 3521 1484 3578 quo
1511 3500 1774 3573 sanguine
1794 3505 2011 3560 cretus,

523 3594 733 3695 Quidve
756 3625 928 3692 petat,
960 3612 1159 3685 quidve
1185 3609 1299 3679 ipse
1321 3605 1460 3660 ferat
1486 3617 1502 3657 :
1535 3596 1884 3695 prmdamquc
1908 3594 2124 3644 tuentes

521 3718 687 3777 Facta
718 3714 841 3783 viri,
873 3710 1067 3767 mistus
1093 3703 1252 3760 dolor
1272 3707 1328 3755 et
1352 3706 1542 3767 stupor
1569 3697 1727 3762 urget
1747 3677 1976 3742 inertes.

522 3812 717 3873 Nescia
739 3822 896 3865 mens
923 3782 1241 3859 hominum!
1275 3799 1488 3850 certant
1519 3783 1749 3843 illudere
1779 3787 1959 3851 capto.

523 3907 665 3964 Tum
696 3915 832 3957 vero
863 3892 1036 3967 captis
1057 3891 1395 3947 concurrunt
1417 3878 1656 3950 undique
1685 3872 1838 3931 telis:

526 3996 761 4056 Tollitur
790 3992 844 4048 in
872 3987 1071 4045 cmlum
1101 3981 1331 4046 clamor,
1365 3971 1655 4042 cunctique
1681 3969 1909 4036 repente

530 4089 865 4159 Corripuere
886 4092 1096 4138 sacram
1121 4071 1382 4145 effigiem,
1411 4063 1770 4131 manibusque
1795 4052 2036 4114 cruentis

532 4187 814 4258 Ingentem
839 4188 1103 4250 quercum
1133 4167 1335 4227 decisis
1366 4159 1607 4232 undique
1623 4153 1793 4212 ramis

532 4244 908 4341 Covnstituun‘t,
936 4267 1219 4341 spinisque
1246 4263 1417 4333 ligant
1435 4250 1758 4326 ingentibus
1781 4244 1956 4303 illum.

537 4339 934 4440 Tendebatque
964 4339 1181 4431 manus,
1211 4354 1440 4430 pedibus
1467 4365 1566 4424 per
1597 4354 1784 4405 mutua
1815 4339 1992 4406 nexis,

543 4467 729 4527 Triste
759 4433 1154 4535 ministerium!
1187 4447 1435 4522 sequitur
1462 4457 1600 4518 quos
1628 4447 1828 4499 cratera
1861 4433 2066 4508 pubes,

545 4559 678 4618 Ausi
701 4563 892 4614 omnes
921 4531 1160 4606 immane
1185 4543 1359 4607 nefas,
1389 4549 1630 4608 ausoque
1648 4531 1831 4606 potiti.

547 4653 646 4711 Ille
675 4660 858 4706 autem
892 4638 1221 4715 impavidus,
1252 4637 1372 4702 Quo
1403 4629 1619 4686 vincula
1650 4622 1918 4688 nectitis?
1947 4616 2142 4693 inquit.

548 4748 798 4804 Tantane
826 4754 923 4796 vos
950 4732 1166 4810 generis
1195 4727 1371 4787 tenuit
1393 4722 1584 4780 ﬁducia
1615 4717 1826 4776 vestri?

551 4835 683 4898 Post
713 4835 844 4894 mihi
877 4848 985 4889 non
1012 4826 1175 4886 simili
1203 4837 1362 4896 ptena
1387 4816 1678 4874 commissa
1705 4812 1889 4867 luetis.

551 4934 704 4994 Talia
735 4927 1015 5005 perstabat
1042 4930 1378 4984 memorans,
1411 4914 1658 4981 fixusque
1698 4903 1971 4960 manebat.

834 5045 922 5103 Fit
952 5048 1301 5101 terrwmotus,
1347 5042 1396 5088 et
1426 5028 1506 5087 sol
1552 5025 1879 5081 osbcuratur.

629 5147 845 5202 Interea
875 5151 1069 5210 magno
1097 5130 1316 5190 misceri
1339 5137 1620 5184 murnmre
1641 5120 1837 5177 caelum

557 5241 784 5314 Incipit,
813 5246 869 5294 et
896 5233 1058 5292 rebus
1088 5245 1196 5287 nox
1219 5223 1444 5284 abstulit
1472 5229 1590 5275 atra
1623 5214 1906 5277 colorem,

559 5311 842 5404 Impiaque
865 5338 1125 5386 aeternam
1154 5322 1451 5378 timuerunt
1479 5311 1680 5372 saecula
1705 5316 1945 5365 noctein.

560 5399 730 5487 Terra
756 5399 965 5488 tremit,
997 5420 1181 5492 fugere
1208 5417 1361 5482 ferae,
1395 5420 1453 5468 et
1472 5404 1723 5465 mortalia
1753 5399 1916 5460 corda

558 5528 876 5599 Pergentes
899 5516 1120 5575 humilis
1147 5509 1340 5570 stravit
1362 5522 1533 5580 pavor
1558 5523 1571 5559 :
1600 5502 1726 5559 inde
1756 5503 1982 5570 repente

561 5621 667 5680 Dat
687 5589 852 5677 lellus
877 5611 1133 5688 gemitum
1159 5652 1172 5678 ,
1213 5614 1268 5663 et
1295 5601 1493 5661 coelum
1522 5607 1674 5654 tonat
1697 5606 1858 5651 omne
1886 5589 2121 5660 fragore.

885 5727 1149 5785 Christum
1177 5713 1594 5807 descendissead
1615 5712 1829 5783 inferos.

633 5823 918 5896 Extemplo
948 5820 1180 5880 comites
1203 5805 1366 5873 Erebi
1397 5810 1464 5868 de
1495 5805 1718 5864 sedibus
1746 5801 1870 5859 imis

2227 3505 2412 3563 Prima
2446 3485 2755 3558 tulit‘tellus
2777 3537 2794 3563 ,
2828 3492 3019 3551 eadem
3048 3503 3150 3545 vos
3171 3487 3344 3544 ubere
3370 3485 3499 3539 laeto

2228 3595 2502 3666 Accipiet,
2527 3597 2784 3658 revocate
2808 3588 3054 3643 animum
3085 3590 3452 3651 maestumque
3484 3576 3720 3632 timorem

2231 3689 2461 3760 Mittite,
2482 3688 2596 3760 jam
2629 3691 2843 3742 vosmet
2871 3679 3037 3737 rebus
3060 3681 3282 3733 servate
3306 3670 3583 3729 secundis.

2471 3851 2476 3896 ί
2503 3822 2769 3880 Christum
2795 3817 3048 3892 apostolis
3081 3829 3262 3887 pacem
3288 3809 3581 3882 reliquisse.

2306 3938 2467 4009 Quod
2498 3944 2779 4009 superest,
2812 3933 2925 3990 lirti
2954 3931 3095 3988 bene
3133 3927 3304 4000 gestis
3319 3923 3512 3982 ordine
3537 3919 3723 3983 rebus,

2235 4037 2433 4094 Pacem
2471 4043 2658 4106 optate
2687 4046 2884 4096 manu,
2919 4042 3111 4102 pacem
3139 4024 3359 4082 laudate
3378 4020 3631 4078 sedentes

2235 4105 2562 4200 Magnanimi
2598 4144 2611 4180 :
2642 4125 2791 4197 pacis
2821 4105 3342 4180 solum‘iuviolabile
3371 4114 3587 4188 pignus.

2241 4222 2491 4309 Et‘simul
2522 4220 2611 4276 his
2639 4218 2801 4276 dictis
2823 4216 3018 4274 faciem
3040 4212 3369 4271 ostendebat
3388 4222 3442 4275 et
3471 4224 3564 4264 ora
3584 4248 3600 4273 ,

2240 4304 2345 4374 Ora
2371 4313 2676 4385 manusque
2703 4311 2922 4378 ambas,
2954 4307 3324 4381 pepulataque
3349 4289 3561 4376 pectora
3583 4302 3718 4356 ferro
3744 4313 3755 4349 :

2242 4409 2664 4480 lmmisceutque
2694 4417 2889 4462 manus
2916 4401 3201 4467 manibus,
3231 4398 3576 4473 gaudentque
3599 4401 3806 4449 tuentes.

2246 4506 2358 4562 Nec
2394 4502 2600 4560 vidisse
2654 4497 2829 4556 semel
2875 4494 3008 4553 satis
3038 4503 3158 4565 est,
3193 4493 3350 4566 juvat
3406 4504 3576 4560 usque
3604 4483 3808 4545 morari,

2256 4600 2322 4656 Et
2348 4597 2596 4657 conferre
2620 4592 2846 4668 gradum
2862 4634 2880 4661 ,
2903 4599 2958 4648 et
2978 4590 3185 4647 dextra:
3206 4588 3534 4657 conjungere
3578 4581 3809 4637 dextram.

2726 4737 2802 4793 De
2830 4735 3141 4793 Ascensione
3167 4729 3383 4816 Christi.

2330 4859 2425 4915 llis
2446 4856 2664 4914 demum
2690 4851 2929 4917 exactis,
2963 4845 3504 4920 spirantesdimovet
3541 4854 3696 4895 auras

2262 4954 2402 5011 Aera
2435 4965 2530 5023 per
2552 4961 2800 5005 tenerum
2825 4985 2841 5012 ,
2871 4942 3120 5013 cmloque
3143 4940 3390 5006 invectus
3412 4942 3606 5005 aperto

2265 5043 2518 5100 Mortales
2542 5041 2692 5096 visus
2726 5036 2901 5093 medio
2931 5034 2983 5090 iri
3012 5047 3267 5091 sermone
3292 5027 3531 5100 reliquit.

2263 5138 2505 5194 lufertse
2525 5144 2713 5205 scptus
2746 5127 3251 5197 nebula,‘mirabilc
3282 5123 3461 5181 dictul

2266 5232 2366 5288 Ast
2393 5231 2544 5286 illum
2569 5228 2709 5285 solio
2735 5225 3005 5282 stellantis
3033 5222 3205 5295 gloria
3235 5206 3361 5277 σώιί

2266 5325 2514 5398 Accipit,
2547 5333 2923 5392 mternutiique
2950 5324 3100 5374 tenet
3126 5331 3223 5388 per
3255 5312 3452 5371 sazcula
3494 5324 3704 5367 nomen.

2271 5419 2348 5474 Ex
2376 5418 2471 5475 illo
2491 5417 2797 5474 celebratus
2829 5413 3004 5469 honos
3023 5453 3040 5478 ,
3063 5408 3284 5481 lirtique
3309 5405 3546 5462 minores

2270 5510 2565 5567 Servavere
2585 5508 2725 5565 diem
2746 5549 2758 5572 ,
2791 5516 2870 5561 tot
2887 5505 2999 5575 jam
3024 5499 3341 5558 labentibus
3362 5499 3540 5553 annis.

2270 5602 2312 5669 I,
2336 5603 2501 5658 decus
2520 5645 2533 5668 ,
2563 5601 2600 5666 i,
2627 5610 2902 5665 uostrmu,
2931 5604 3203 5653 tantarum
3228 5591 3402 5664 gloria
3429 5603 3612 5646 rerum
3631 5627 3647 5652 ,

2269 5698 2494 5766 Semper
2509 5695 2701 5762 honos,
2721 5705 3026 5762 nomenque
3049 5698 3221 5754 tuum,
3237 5686 3532 5756 laudesque
3549 5677 3816 5737 manebunt.

2269 5791 2338 5848 Et
2365 5805 2462 5847 uos
2483 5800 2537 5846 et
2571 5799 2658 5845 tua
2679 5829 2693 5858 ,
2717 5787 2929 5853 dexter,
2952 5783 3041 5840 adi
3065 5781 3206 5855 pede
3233 5794 3388 5838 sacra
3413 5772 3680 5840 secundo,
