  <div class='ocr_page' id='page_1' title='image "/cluster/home/n/w/nwhite01/storage/ocr_20150623/18-19/uva.x000826554/120.png"; bbox 0 0 3896 6344; ppageno 0'>
   <div class='ocr_carea' id='block_1_1' title="bbox 144 341 2132 411">
    <p class='ocr_par' dir='ltr' id='par_1_1' title="bbox 144 341 2132 411">
     <span class='ocr_line' id='line_1_1' title="bbox 144 341 2132 411; baseline 0.007 -30"><span class='ocrx_word' id='word_1_1' title='bbox 144 360 230 411; x_wconf 50' lang='grc' dir='ltr'><strong>τίς,</strong></span> <span class='ocrx_word' id='word_1_2' title='bbox 1293 341 1766 398; x_wconf 70' lang='lat' dir='ltr'><strong>EPISTULARUM</strong></span> <span class='ocrx_word' id='word_1_3' title='bbox 1809 341 2009 396; x_wconf 77' lang='lat' dir='ltr'><strong>LIBER</strong></span> <span class='ocrx_word' id='word_1_4' title='bbox 2050 344 2132 397; x_wconf 90' lang='lat' dir='ltr'><strong>Ill.</strong></span> 
     </span>
    </p>
   </div>
   <div class='ocr_carea' id='block_1_2' title="bbox 143 452 1747 531">
    <p class='ocr_par' dir='ltr' id='par_1_2' title="bbox 143 452 1747 531">
     <span class='ocr_line' id='line_1_2' title="bbox 143 452 1747 531; baseline -0.006 -9"><span class='ocrx_word' id='word_1_5' title='bbox 143 473 383 522; x_wconf 65' lang='lat' dir='ltr'><strong>llttnc~lale</strong></span> <span class='ocrx_word' id='word_1_6' title='bbox 423 466 777 531; x_wconf 79' lang='lat' dir='ltr'><strong>perfunctum,</strong></span> <span class='ocrx_word' id='word_1_7' title='bbox 825 452 1126 517; x_wconf 85' lang='lat' dir='ltr'><strong>testimonio</strong></span> <span class='ocrx_word' id='word_1_8' title='bbox 1159 474 1277 513; x_wconf 87' lang='lat' dir='ltr'><strong>meo</strong></span> <span class='ocrx_word' id='word_1_9' title='bbox 1310 459 1486 512; x_wconf 79' lang='lat' dir='ltr'><strong>decuit</strong></span> <span class='ocrx_word' id='word_1_10' title='bbox 1523 457 1672 524; x_wconf 87' lang='lat' dir='ltr'><strong>adju—</strong></span> <span class='ocrx_word' id='word_1_11' title='bbox 1700 458 1747 512; x_wconf 75' lang='grc' dir='ltr'><strong>Α</strong></span> 
     </span>
    </p>
   </div>
   <div class='ocr_carea' id='block_1_3' title="bbox 143 548 1669 617">
    <p class='ocr_par' dir='ltr' id='par_1_3' title="bbox 143 548 1669 617">
     <span class='ocr_line' id='line_1_3' title="bbox 143 548 1669 617; baseline -0.007 -9"><span class='ocrx_word' id='word_1_12' title='bbox 143 560 252 617; x_wconf 81' lang='lat' dir='ltr'><strong>vari,</strong></span> <span class='ocrx_word' id='word_1_13' title='bbox 298 567 347 608; x_wconf 92' lang='lat' dir='ltr'><strong>ut</strong></span> <span class='ocrx_word' id='word_1_14' title='bbox 374 555 591 606; x_wconf 73' lang='lat' dir='ltr'><strong>faciliori</strong></span> <span class='ocrx_word' id='word_1_15' title='bbox 623 554 775 607; x_wconf 87' lang='lat' dir='ltr'><strong>aditu</strong></span> <span class='ocrx_word' id='word_1_16' title='bbox 801 552 865 606; x_wconf 89' lang='lat' dir='ltr'><strong>ad</strong></span> <span class='ocrx_word' id='word_1_17' title='bbox 896 563 1034 605; x_wconf 92' lang='lat' dir='ltr'><strong>tuam</strong></span> <span class='ocrx_word' id='word_1_18' title='bbox 1065 551 1303 603; x_wconf 72' lang='lat' dir='ltr'><strong>notitiam</strong></span> <span class='ocrx_word' id='word_1_19' title='bbox 1353 548 1669 613; x_wconf 76' lang='lat' dir='ltr'><strong>perveniret.</strong></span> 
     </span>
    </p>
   </div>
   <div class='ocr_carea' id='block_1_4' title="bbox 143 640 1667 715">
    <p class='ocr_par' dir='ltr' id='par_1_4' title="bbox 143 640 1667 715">
     <span class='ocr_line' id='line_1_4' title="bbox 143 640 1667 715; baseline -0.009 -13"><span class='ocrx_word' id='word_1_20' title='bbox 143 650 325 715; x_wconf 84' lang='lat' dir='ltr'><strong>Porrige</strong></span> <span class='ocrx_word' id='word_1_21' title='bbox 353 647 524 712; x_wconf 88' lang='lat' dir='ltr'><strong>igitur,</strong></span> <span class='ocrx_word' id='word_1_22' title='bbox 572 660 672 698; x_wconf 90' lang='lat' dir='ltr'><strong>oro</strong></span> <span class='ocrx_word' id='word_1_23' title='bbox 716 654 786 706; x_wconf 86' lang='lat' dir='ltr'><strong>te,</strong></span> <span class='ocrx_word' id='word_1_24' title='bbox 840 642 1151 707; x_wconf 85' lang='lat' dir='ltr'><strong>adjutricem</strong></span> <span class='ocrx_word' id='word_1_25' title='bbox 1191 656 1403 693; x_wconf 87' lang='lat' dir='ltr'><strong>manum</strong></span> <span class='ocrx_word' id='word_1_26' title='bbox 1438 640 1667 707; x_wconf 82' lang='lat' dir='ltr'><strong>legitima</strong></span> 
     </span>
    </p>
   </div>
   <div class='ocr_carea' id='block_1_5' title="bbox 144 731 1671 803">
    <p class='ocr_par' dir='ltr' id='par_1_5' title="bbox 144 731 1671 803">
     <span class='ocr_line' id='line_1_5' title="bbox 144 731 1671 803; baseline -0.009 -12"><span class='ocrx_word' id='word_1_27' title='bbox 144 739 321 803; x_wconf 69' lang='lat' dir='ltr'><strong>inmia</strong></span> <span class='ocrx_word' id='word_1_28' title='bbox 351 752 411 789; x_wconf 77' lang='lat' dir='ltr'><strong>ex</strong></span> <span class='ocrx_word' id='word_1_29' title='bbox 441 750 587 787; x_wconf 87' lang='lat' dir='ltr'><strong>more</strong></span> <span class='ocrx_word' id='word_1_30' title='bbox 610 735 867 801; x_wconf 75' lang='lat' dir='ltr'><strong>captanti.</strong></span> <span class='ocrx_word' id='word_1_31' title='bbox 895 731 1206 800; x_wconf 86' lang='lat' dir='ltr'><strong>Hujusmodi</strong></span> <span class='ocrx_word' id='word_1_32' title='bbox 1237 731 1436 798; x_wconf 77' lang='lat' dir='ltr'><strong>quippe</strong></span> <span class='ocrx_word' id='word_1_33' title='bbox 1468 738 1671 779; x_wconf 83' lang='lat' dir='ltr'><strong>vetera-</strong></span> 
     </span>
    </p>
   </div>
   <div class='ocr_carea' id='block_1_6' title="bbox 140 816 1670 892">
    <p class='ocr_par' dir='ltr' id='par_1_6' title="bbox 140 816 1670 892">
     <span class='ocr_line' id='line_1_6' title="bbox 140 816 1670 892; baseline -0.01 -12"><span class='ocrx_word' id='word_1_34' title='bbox 140 830 207 880; x_wconf 86' lang='lat' dir='ltr'><strong>nis</strong></span> <span class='ocrx_word' id='word_1_35' title='bbox 230 826 553 892; x_wconf 70' lang='lat' dir='ltr'><strong>praerogativa</strong></span> <span class='ocrx_word' id='word_1_36' title='bbox 583 822 811 875; x_wconf 82' lang='lat' dir='ltr'><strong>debetur</strong></span> <span class='ocrx_word' id='word_1_37' title='bbox 838 832 893 875; x_wconf 92' lang='lat' dir='ltr'><strong>ut</strong></span> <span class='ocrx_word' id='word_1_38' title='bbox 923 821 1027 873; x_wconf 81' lang='lat' dir='ltr'><strong>illis</strong></span> <span class='ocrx_word' id='word_1_39' title='bbox 1056 828 1412 887; x_wconf 88' lang='lat' dir='ltr'><strong>protectorum</strong></span> <span class='ocrx_word' id='word_1_40' title='bbox 1445 816 1670 881; x_wconf 83' lang='lat' dir='ltr'><strong>dignitas</strong></span> 
     </span>
    </p>
   </div>
   <div class='ocr_carea' id='block_1_7' title="bbox 139 902 1670 979">
    <p class='ocr_par' dir='ltr' id='par_1_7' title="bbox 139 902 1670 979">
     <span class='ocr_line' id='line_1_7' title="bbox 139 902 1670 979; baseline -0.009 -12"><span class='ocrx_word' id='word_1_41' title='bbox 139 920 354 979; x_wconf 86' lang='lat' dir='ltr'><strong>tauquam</strong></span> <span class='ocrx_word' id='word_1_42' title='bbox 386 911 610 979; x_wconf 84' lang='lat' dir='ltr'><strong>pretium</strong></span> <span class='ocrx_word' id='word_1_43' title='bbox 643 908 784 978; x_wconf 90' lang='lat' dir='ltr'><strong>longi</strong></span> <span class='ocrx_word' id='word_1_44' title='bbox 816 909 1012 962; x_wconf 86' lang='lat' dir='ltr'><strong>laboris</strong></span> <span class='ocrx_word' id='word_1_45' title='bbox 1040 906 1277 959; x_wconf 82' lang='lat' dir='ltr'><strong>accedat.</strong></span> <span class='ocrx_word' id='word_1_46' title='bbox 1309 904 1460 969; x_wconf 86' lang='lat' dir='ltr'><strong>Quod</strong></span> <span class='ocrx_word' id='word_1_47' title='bbox 1492 902 1670 955; x_wconf 81' lang='lat' dir='ltr'><strong>Firmo</strong></span> 
     </span>
    </p>
   </div>
   <div class='ocr_carea' id='block_1_8' title="bbox 138 994 1668 1064">
    <p class='ocr_par' dir='ltr' id='par_1_8' title="bbox 138 994 1668 1064">
     <span class='ocr_line' id='line_1_8' title="bbox 138 994 1668 1064; baseline -0.008 -5"><span class='ocrx_word' id='word_1_48' title='bbox 138 1006 468 1059; x_wconf 76' lang='lat' dir='ltr'><strong>incunctanter</strong></span> <span class='ocrx_word' id='word_1_49' title='bbox 507 1002 737 1064; x_wconf 84' lang='lat' dir='ltr'><strong>eveniet,</strong></span> <span class='ocrx_word' id='word_1_50' title='bbox 787 1000 832 1053; x_wconf 90' lang='lat' dir='ltr'><strong>si</strong></span> <span class='ocrx_word' id='word_1_51' title='bbox 875 1009 996 1053; x_wconf 78' lang='lat' dir='ltr'><strong>tuus</strong></span> <span class='ocrx_word' id='word_1_52' title='bbox 1028 996 1181 1051; x_wconf 89' lang='lat' dir='ltr'><strong>favor</strong></span> <span class='ocrx_word' id='word_1_53' title='bbox 1206 1006 1326 1050; x_wconf 85' lang='lat' dir='ltr'><strong>vota</strong></span> <span class='ocrx_word' id='word_1_54' title='bbox 1354 994 1580 1050; x_wconf 83' lang='lat' dir='ltr'><strong>hominis</strong></span> <span class='ocrx_word' id='word_1_55' title='bbox 1602 996 1668 1047; x_wconf 93' lang='lat' dir='ltr'><strong>ad</strong></span> 
     </span>
    </p>
   </div>
   <div class='ocr_carea' id='block_1_9' title="bbox 135 1089 1082 1151">
    <p class='ocr_par' dir='ltr' id='par_1_9' title="bbox 135 1089 1082 1151">
     <span class='ocr_line' id='line_1_9' title="bbox 135 1089 1082 1151; baseline -0.008 -1"><span class='ocrx_word' id='word_1_56' title='bbox 135 1104 353 1151; x_wconf 84' lang='lat' dir='ltr'><strong>consueta</strong></span> <span class='ocrx_word' id='word_1_57' title='bbox 380 1094 598 1147; x_wconf 86' lang='lat' dir='ltr'><strong>nitentis</strong></span> <span class='ocrx_word' id='word_1_58' title='bbox 628 1092 896 1145; x_wconf 86' lang='lat' dir='ltr'><strong>annuerit.</strong></span> <span class='ocrx_word' id='word_1_59' title='bbox 933 1089 1082 1144; x_wconf 80' lang='lat' dir='ltr'><strong>Vale.</strong></span> 
     </span>
    </p>
   </div>
   <div class='ocr_carea' id='block_1_10' title="bbox 644 1218 1127 1275">
    <p class='ocr_par' dir='ltr' id='par_1_10' title="bbox 644 1218 1127 1275">
     <span class='ocr_line' id='line_1_10' title="bbox 644 1218 1127 1275; baseline -0.008 0"><span class='ocrx_word' id='word_1_60' title='bbox 644 1221 858 1275; x_wconf 81' lang='lat' dir='ltr'><strong>EPIST.</strong></span> <span class='ocrx_word' id='word_1_61' title='bbox 903 1218 1127 1273; x_wconf 81' lang='lat' dir='ltr'><strong>LXVIII.</strong></span> 
     </span>
    </p>
   </div>
   <div class='ocr_carea' id='block_1_11' title="bbox 580 1348 1189 1389">
    <p class='ocr_par' dir='ltr' id='par_1_11' title="bbox 580 1348 1189 1389">
     <span class='ocr_line' id='line_1_11' title="bbox 580 1348 1189 1389; baseline -0.008 -1"><span class='ocrx_word' id='word_1_62' title='bbox 580 1350 885 1389; x_wconf 64' lang='grc' dir='ltr'><strong>εςυιλςιιυε</strong></span> <span class='ocrx_word' id='word_1_63' title='bbox 924 1348 1189 1387; x_wconf 64' lang='lat' dir='ltr'><strong>BICOSIERI.</strong></span> 
     </span>
    </p>
   </div>
   <div class='ocr_carea' id='block_1_12' title="bbox 196 1440 1669 1513">
    <p class='ocr_par' dir='ltr' id='par_1_12' title="bbox 196 1440 1669 1513">
     <span class='ocr_line' id='line_1_12' title="bbox 196 1440 1669 1513; baseline -0.003 -15"><span class='ocrx_word' id='word_1_64' title='bbox 196 1449 476 1500; x_wconf 74' lang='lat' dir='ltr'><strong>Meritorum</strong></span> <span class='ocrx_word' id='word_1_65' title='bbox 508 1457 719 1499; x_wconf 90' lang='lat' dir='ltr'><strong>tuorum</strong></span> <span class='ocrx_word' id='word_1_66' title='bbox 768 1446 904 1513; x_wconf 86' lang='lat' dir='ltr'><strong>justa</strong></span> <span class='ocrx_word' id='word_1_67' title='bbox 938 1445 1073 1497; x_wconf 80' lang='lat' dir='ltr'><strong>ratio</strong></span> <span class='ocrx_word' id='word_1_68' title='bbox 1102 1443 1340 1509; x_wconf 83' lang='lat' dir='ltr'><strong>deposcit</strong></span> <span class='ocrx_word' id='word_1_69' title='bbox 1370 1453 1427 1495; x_wconf 91' lang='lat' dir='ltr'><strong>ut</strong></span> <span class='ocrx_word' id='word_1_70' title='bbox 1454 1440 1669 1495; x_wconf 86' lang='lat' dir='ltr'><strong>familia-</strong></span> 
     </span>
    </p>
   </div>
   <div class='ocr_carea' id='block_1_13' title="bbox 136 1536 1668 1607">
    <p class='ocr_par' dir='ltr' id='par_1_13' title="bbox 136 1536 1668 1607">
     <span class='ocr_line' id='line_1_13' title="bbox 136 1536 1668 1607; baseline -0.004 -14"><span class='ocrx_word' id='word_1_71' title='bbox 136 1542 255 1595; x_wconf 77' lang='lat' dir='ltr'><strong>ribus</strong></span> <span class='ocrx_word' id='word_1_72' title='bbox 275 1540 453 1593; x_wconf 88' lang='lat' dir='ltr'><strong>litteris</strong></span> <span class='ocrx_word' id='word_1_73' title='bbox 468 1554 685 1607; x_wconf 86' lang='lat' dir='ltr'><strong>operam</strong></span> <span class='ocrx_word' id='word_1_74' title='bbox 712 1536 1333 1607; x_wconf 88' lang='lat' dir='ltr'><strong>frequenterimpendam</strong></span> <span class='ocrx_word' id='word_1_75' title='bbox 1371 1553 1381 1586; x_wconf 91' lang='lat'>:</span> <span class='ocrx_word' id='word_1_76' title='bbox 1416 1543 1668 1602; x_wconf 80' lang='lat' dir='ltr'><strong>expertus</strong></span> 
     </span>
    </p>
   </div>
   <div class='ocr_carea' id='block_1_14' title="bbox 133 1623 1668 1698">
    <p class='ocr_par' dir='ltr' id='par_1_14' title="bbox 133 1623 1668 1698">
     <span class='ocr_line' id='line_1_14' title="bbox 133 1623 1668 1698; baseline -0.002 -19"><span class='ocrx_word' id='word_1_77' title='bbox 133 1633 297 1697; x_wconf 79' lang='lat' dir='ltr'><strong>quippe</strong></span> <span class='ocrx_word' id='word_1_78' title='bbox 320 1646 418 1683; x_wconf 91' lang='lat' dir='ltr'><strong>non</strong></span> <span class='ocrx_word' id='word_1_79' title='bbox 453 1628 631 1698; x_wconf 87' lang='lat' dir='ltr'><strong>perire</strong></span> <span class='ocrx_word' id='word_1_80' title='bbox 654 1628 826 1683; x_wconf 87' lang='lat' dir='ltr'><strong>officia</strong></span> <span class='ocrx_word' id='word_1_81' title='bbox 855 1627 1027 1681; x_wconf 85' lang='lat' dir='ltr'><strong>delata</strong></span> <span class='ocrx_word' id='word_1_82' title='bbox 1064 1624 1413 1693; x_wconf 85' lang='lat' dir='ltr'><strong>sapientibus.</strong></span> <span class='ocrx_word' id='word_1_83' title='bbox 1457 1623 1668 1685; x_wconf 76' lang='lat' dir='ltr'><strong>Fungor</strong></span> 
     </span>
    </p>
   </div>
   <div class='ocr_carea' id='block_1_15' title="bbox 133 1714 1664 1788">
    <p class='ocr_par' dir='ltr' id='par_1_15' title="bbox 133 1714 1664 1788">
     <span class='ocr_line' id='line_1_15' title="bbox 133 1714 1664 1788; baseline -0.006 -13"><span class='ocrx_word' id='word_1_84' title='bbox 133 1722 265 1788; x_wconf 82' lang='lat' dir='ltr'><strong>igitur</strong></span> <span class='ocrx_word' id='word_1_85' title='bbox 300 1722 632 1785; x_wconf 81' lang='lat' dir='ltr'><strong>salutatione,</strong></span> <span class='ocrx_word' id='word_1_86' title='bbox 681 1734 796 1787; x_wconf 69' lang='lat' dir='ltr'><strong>qua:</strong></span> <span class='ocrx_word' id='word_1_87' title='bbox 840 1719 951 1773; x_wconf 89' lang='lat' dir='ltr'><strong>sola</strong></span> <span class='ocrx_word' id='word_1_88' title='bbox 988 1731 1169 1769; x_wconf 89' lang='lat' dir='ltr'><strong>curam</strong></span> <span class='ocrx_word' id='word_1_89' title='bbox 1210 1723 1436 1768; x_wconf 84' lang='lat' dir='ltr'><strong>testatur</strong></span> <span class='ocrx_word' id='word_1_90' title='bbox 1470 1714 1664 1766; x_wconf 85' lang='lat' dir='ltr'><strong>absen-</strong></span> 
     </span>
    </p>
   </div>
   <div class='ocr_carea' id='block_1_16' title="bbox 133 1797 1746 1879">
    <p class='ocr_par' dir='ltr' id='par_1_16' title="bbox 133 1797 1746 1879">
     <span class='ocr_line' id='line_1_16' title="bbox 133 1797 1746 1879; baseline -0.004 -15"><span class='ocrx_word' id='word_1_91' title='bbox 133 1815 239 1865; x_wconf 90' lang='lat' dir='ltr'><strong>tium</strong></span> <span class='ocrx_word' id='word_1_92' title='bbox 261 1832 271 1865; x_wconf 91' lang='lat'>:</span> <span class='ocrx_word' id='word_1_93' title='bbox 293 1824 534 1879; x_wconf 86' lang='lat' dir='ltr'><strong>tuamque</strong></span> <span class='ocrx_word' id='word_1_94' title='bbox 559 1826 656 1864; x_wconf 89' lang='lat' dir='ltr'><strong>oro</strong></span> <span class='ocrx_word' id='word_1_95' title='bbox 685 1807 1067 1879; x_wconf 61' lang='lat' dir='ltr'><strong>praestantiam,</strong></span> <span class='ocrx_word' id='word_1_96' title='bbox 1096 1813 1153 1858; x_wconf 90' lang='lat' dir='ltr'><strong>ut</strong></span> <span class='ocrx_word' id='word_1_97' title='bbox 1178 1805 1423 1857; x_wconf 66' lang='lat' dir='ltr'><strong>amicitiae</strong></span> <span class='ocrx_word' id='word_1_98' title='bbox 1447 1802 1667 1865; x_wconf 90' lang='lat' dir='ltr'><strong>bonum,</strong></span> <span class='ocrx_word' id='word_1_99' title='bbox 1698 1797 1746 1857; x_wconf 89' lang='grc' dir='ltr'><strong>Β</strong></span> 
     </span>
    </p>
   </div>
   <div class='ocr_carea' id='block_1_17' title="bbox 132 1896 1669 1962">
    <p class='ocr_par' dir='ltr' id='par_1_17' title="bbox 132 1896 1669 1962">
     <span class='ocr_line' id='line_1_17' title="bbox 132 1896 1669 1962; baseline -0.007 -7"><span class='ocrx_word' id='word_1_100' title='bbox 132 1902 258 1955; x_wconf 77' lang='lat' dir='ltr'><strong>sicuti</strong></span> <span class='ocrx_word' id='word_1_101' title='bbox 288 1902 453 1954; x_wconf 87' lang='lat' dir='ltr'><strong>facere</strong></span> <span class='ocrx_word' id='word_1_102' title='bbox 476 1902 642 1962; x_wconf 82' lang='lat' dir='ltr'><strong>soles,</strong></span> <span class='ocrx_word' id='word_1_103' title='bbox 672 1908 723 1952; x_wconf 89' lang='lat' dir='ltr'><strong>et</strong></span> <span class='ocrx_word' id='word_1_104' title='bbox 753 1911 1000 1953; x_wconf 87' lang='lat' dir='ltr'><strong>sermone</strong></span> <span class='ocrx_word' id='word_1_105' title='bbox 1021 1896 1253 1955; x_wconf 82' lang='lat' dir='ltr'><strong>eacolas,</strong></span> <span class='ocrx_word' id='word_1_106' title='bbox 1281 1901 1337 1947; x_wconf 87' lang='lat' dir='ltr'><strong>et</strong></span> <span class='ocrx_word' id='word_1_107' title='bbox 1370 1904 1547 1945; x_wconf 85' lang='lat' dir='ltr'><strong>mente</strong></span> <span class='ocrx_word' id='word_1_108' title='bbox 1575 1906 1669 1945; x_wconf 77' lang='lat' dir='ltr'><strong>cu-</strong></span> 
     </span>
    </p>
   </div>
   <div class='ocr_carea' id='block_1_18' title="bbox 132 1994 498 2049">
    <p class='ocr_par' dir='ltr' id='par_1_18' title="bbox 132 1994 498 2049">
     <span class='ocr_line' id='line_1_18' title="bbox 132 1994 498 2049; baseline 0.003 -1"><span class='ocrx_word' id='word_1_109' title='bbox 132 1996 318 2048; x_wconf 87' lang='lat' dir='ltr'><strong>stodias.</strong></span> <span class='ocrx_word' id='word_1_110' title='bbox 351 1994 498 2049; x_wconf 74' lang='lat' dir='ltr'><strong>Vale.</strong></span> 
     </span>
    </p>
   </div>
   <div class='ocr_carea' id='block_1_19' title="bbox 664 2057 1103 2116">
    <p class='ocr_par' dir='ltr' id='par_1_19' title="bbox 664 2057 1103 2116">
     <span class='ocr_line' id='line_1_19' title="bbox 664 2057 1103 2116; baseline -0.014 0"><span class='ocrx_word' id='word_1_111' title='bbox 664 2061 875 2116; x_wconf 81' lang='lat' dir='ltr'><strong>EPIST.</strong></span> <span class='ocrx_word' id='word_1_112' title='bbox 920 2057 1103 2112; x_wconf 80' lang='lat' dir='ltr'><strong>LXIX.</strong></span> 
     </span>
    </p>
   </div>
   <div class='ocr_carea' id='block_1_20' title="bbox 577 2186 1188 2227">
    <p class='ocr_par' dir='ltr' id='par_1_20' title="bbox 577 2186 1188 2227">
     <span class='ocr_line' id='line_1_20' title="bbox 577 2186 1188 2227; baseline -0.01 0"><span class='ocrx_word' id='word_1_113' title='bbox 577 2189 882 2227; x_wconf 64' lang='lat' dir='ltr'><strong>SYIIACBUS</strong></span> <span class='ocrx_word' id='word_1_114' title='bbox 920 2186 1188 2225; x_wconf 55' lang='lat' dir='ltr'><strong>RICOMI‘RI.</strong></span> 
     </span>
    </p>
   </div>
   <div class='ocr_carea' id='block_1_21' title="bbox 191 2278 1665 2339">
    <p class='ocr_par' dir='ltr' id='par_1_21' title="bbox 191 2278 1665 2339">
     <span class='ocr_line' id='line_1_21' title="bbox 191 2278 1665 2339; baseline -0.004 -2"><span class='ocrx_word' id='word_1_115' title='bbox 191 2285 445 2337; x_wconf 83' lang='lat' dir='ltr'><strong>Dominum</strong></span> <span class='ocrx_word' id='word_1_116' title='bbox 490 2294 547 2338; x_wconf 92' lang='lat' dir='ltr'><strong>et</strong></span> <span class='ocrx_word' id='word_1_117' title='bbox 588 2286 803 2337; x_wconf 89' lang='lat' dir='ltr'><strong>fratrem</strong></span> <span class='ocrx_word' id='word_1_118' title='bbox 849 2298 1025 2337; x_wconf 88' lang='lat' dir='ltr'><strong>meum</strong></span> <span class='ocrx_word' id='word_1_119' title='bbox 1069 2282 1415 2339; x_wconf 81' lang='lat' dir='ltr'><strong>Flavianum.</strong></span> <span class='ocrx_word' id='word_1_120' title='bbox 1465 2278 1665 2332; x_wconf 69' lang='lat' dir='ltr'><strong>cel~um</strong></span> 
     </span>
    </p>
   </div>
   <div class='ocr_carea' id='block_1_22' title="bbox 134 2374 1666 2439">
    <p class='ocr_par' dir='ltr' id='par_1_22' title="bbox 134 2374 1666 2439">
     <span class='ocr_line' id='line_1_22' title="bbox 134 2374 1666 2439; baseline -0.005 -12"><span class='ocrx_word' id='word_1_121' title='bbox 134 2378 379 2437; x_wconf 71' lang='lat' dir='ltr'><strong>virtutibus</strong></span> <span class='ocrx_word' id='word_1_122' title='bbox 405 2388 459 2430; x_wconf 91' lang='lat' dir='ltr'><strong>et</strong></span> <span class='ocrx_word' id='word_1_123' title='bbox 490 2375 785 2429; x_wconf 86' lang='lat' dir='ltr'><strong>honoribus</strong></span> <span class='ocrx_word' id='word_1_124' title='bbox 813 2374 1009 2435; x_wconf 89' lang='lat' dir='ltr'><strong>virum,</strong></span> <span class='ocrx_word' id='word_1_125' title='bbox 1034 2374 1250 2439; x_wconf 72' lang='lat' dir='ltr'><strong>justitize</strong></span> <span class='ocrx_word' id='word_1_126' title='bbox 1274 2383 1376 2423; x_wconf 71' lang='lat' dir='ltr'><strong>tute</strong></span> <span class='ocrx_word' id='word_1_127' title='bbox 1398 2380 1666 2423; x_wconf 64' lang='lat' dir='ltr'><strong>exsortem</strong></span> 
     </span>
    </p>
   </div>
   <div class='ocr_carea' id='block_1_23' title="bbox 132 2459 1667 2532">
    <p class='ocr_par' dir='ltr' id='par_1_23' title="bbox 132 2459 1667 2532">
     <span class='ocr_line' id='line_1_23' title="bbox 132 2459 1667 2532; baseline -0.006 -13"><span class='ocrx_word' id='word_1_128' title='bbox 132 2481 232 2519; x_wconf 82' lang='lat' dir='ltr'><strong>esse</strong></span> <span class='ocrx_word' id='word_1_129' title='bbox 269 2481 366 2518; x_wconf 86' lang='lat' dir='ltr'><strong>non</strong></span> <span class='ocrx_word' id='word_1_130' title='bbox 414 2466 603 2532; x_wconf 82' lang='lat' dir='ltr'><strong>patior.</strong></span> <span class='ocrx_word' id='word_1_131' title='bbox 665 2465 851 2517; x_wconf 73' lang='lat' dir='ltr'><strong>Merito</strong></span> <span class='ocrx_word' id='word_1_132' title='bbox 901 2479 998 2530; x_wconf 89' lang='lat' dir='ltr'><strong>pro</strong></span> <span class='ocrx_word' id='word_1_133' title='bbox 1026 2462 1337 2531; x_wconf 73' lang='lat' dir='ltr'><strong>honoribus</strong></span> <span class='ocrx_word' id='word_1_134' title='bbox 1368 2459 1503 2526; x_wconf 86' lang='lat' dir='ltr'><strong>ejus,</strong></span> <span class='ocrx_word' id='word_1_135' title='bbox 1548 2474 1667 2526; x_wconf 70' lang='lat' dir='ltr'><strong>qua:</strong></span> 
     </span>
    </p>
   </div>
   <div class='ocr_carea' id='block_1_24' title="bbox 131 2537 1669 2624">
    <p class='ocr_par' dir='ltr' id='par_1_24' title="bbox 131 2537 1669 2624">
     <span class='ocr_line' id='line_1_24' title="bbox 131 2537 1669 2624; baseline -0.003 -21"><span class='ocrx_word' id='word_1_136' title='bbox 131 2571 262 2607; x_wconf 66' lang='lat' dir='ltr'><strong>causa</strong></span> <span class='ocrx_word' id='word_1_137' title='bbox 288 2556 469 2624; x_wconf 85' lang='lat' dir='ltr'><strong>poscit,</strong></span> <span class='ocrx_word' id='word_1_138' title='bbox 505 2557 680 2620; x_wconf 81' lang='lat' dir='ltr'><strong>allego</strong></span> <span class='ocrx_word' id='word_1_139' title='bbox 704 2570 718 2606; x_wconf 87' lang='lat'>:</span> <span class='ocrx_word' id='word_1_140' title='bbox 744 2555 915 2606; x_wconf 89' lang='lat' dir='ltr'><strong>sciens</strong></span> <span class='ocrx_word' id='word_1_141' title='bbox 938 2537 1162 2606; x_wconf 39' lang='lat' dir='ltr'><strong>sine&#39;tna</strong></span> <span class='ocrx_word' id='word_1_142' title='bbox 1190 2550 1503 2605; x_wconf 82' lang='lat' dir='ltr'><strong>auctoritate</strong></span> <span class='ocrx_word' id='word_1_143' title='bbox 1523 2564 1669 2601; x_wconf 86' lang='lat' dir='ltr'><strong>com-</strong></span> 
     </span>
    </p>
   </div>
   <div class='ocr_carea' id='block_1_25' title="bbox 132 2629 1669 2713">
    <p class='ocr_par' dir='ltr' id='par_1_25' title="bbox 132 2629 1669 2713">
     <span class='ocr_line' id='line_1_25' title="bbox 132 2629 1669 2713; baseline -0.005 -17"><span class='ocrx_word' id='word_1_144' title='bbox 132 2645 286 2707; x_wconf 84' lang='lat' dir='ltr'><strong>missa,</strong></span> <span class='ocrx_word' id='word_1_145' title='bbox 310 2629 423 2713; x_wconf 55' lang='lat' dir='ltr'><strong>quas</strong></span> <span class='ocrx_word' id='word_1_146' title='bbox 450 2645 551 2696; x_wconf 91' lang='lat' dir='ltr'><strong>sub</strong></span> <span class='ocrx_word' id='word_1_147' title='bbox 579 2645 795 2696; x_wconf 89' lang='lat' dir='ltr'><strong>obtentu</strong></span> <span class='ocrx_word' id='word_1_148' title='bbox 820 2651 907 2694; x_wconf 90' lang='lat' dir='ltr'><strong>tuo</strong></span> <span class='ocrx_word' id='word_1_149' title='bbox 931 2657 958 2695; x_wconf 94' lang='lat' dir='ltr'><strong>a</strong></span> <span class='ocrx_word' id='word_1_150' title='bbox 981 2644 1293 2709; x_wconf 82' lang='lat' dir='ltr'><strong>quibusdam</strong></span> <span class='ocrx_word' id='word_1_151' title='bbox 1317 2653 1503 2692; x_wconf 67' lang='lat' dir='ltr'><strong>scaevis</strong></span> <span class='ocrx_word' id='word_1_152' title='bbox 1528 2638 1669 2690; x_wconf 81' lang='lat' dir='ltr'><strong>desi-</strong></span> 
     </span>
    </p>
   </div>
   <div class='ocr_carea' id='block_1_26' title="bbox 131 2731 1668 2803">
    <p class='ocr_par' dir='ltr' id='par_1_26' title="bbox 131 2731 1668 2803">
     <span class='ocr_line' id='line_1_26' title="bbox 131 2731 1668 2803; baseline -0.005 -15"><span class='ocrx_word' id='word_1_153' title='bbox 131 2746 265 2803; x_wconf 77' lang='lat' dir='ltr'><strong>gnata</strong></span> <span class='ocrx_word' id='word_1_154' title='bbox 287 2736 549 2789; x_wconf 89' lang='lat' dir='ltr'><strong>dicuntur.</strong></span> <span class='ocrx_word' id='word_1_155' title='bbox 584 2734 738 2788; x_wconf 84' lang='lat' dir='ltr'><strong>Unde</strong></span> <span class='ocrx_word' id='word_1_156' title='bbox 774 2733 903 2787; x_wconf 85' lang='lat' dir='ltr'><strong>mihi</strong></span> <span class='ocrx_word' id='word_1_157' title='bbox 935 2732 1105 2800; x_wconf 85' lang='lat' dir='ltr'><strong>major</strong></span> <span class='ocrx_word' id='word_1_158' title='bbox 1147 2731 1337 2784; x_wconf 80' lang='lat' dir='ltr'><strong>fiducia</strong></span> <span class='ocrx_word' id='word_1_159' title='bbox 1362 2740 1464 2794; x_wconf 84' lang='lat' dir='ltr'><strong>est,</strong></span> <span class='ocrx_word' id='word_1_160' title='bbox 1513 2742 1668 2793; x_wconf 87' lang='lat' dir='ltr'><strong>posse</strong></span> 
     </span>
    </p>
   </div>
   <div class='ocr_carea' id='block_1_27' title="bbox 133 2819 1667 2894">
    <p class='ocr_par' dir='ltr' id='par_1_27' title="bbox 133 2819 1667 2894">
     <span class='ocr_line' id='line_1_27' title="bbox 133 2819 1667 2894; baseline -0.005 -16"><span class='ocrx_word' id='word_1_161' title='bbox 133 2841 229 2878; x_wconf 85' lang='lat' dir='ltr'><strong>rem</strong></span> <span class='ocrx_word' id='word_1_162' title='bbox 255 2826 471 2894; x_wconf 78' lang='lat' dir='ltr'><strong>graviter</strong></span> <span class='ocrx_word' id='word_1_163' title='bbox 501 2825 758 2877; x_wconf 83' lang='lat' dir='ltr'><strong>vindicari</strong></span> <span class='ocrx_word' id='word_1_164' title='bbox 787 2838 906 2876; x_wconf 90' lang='lat' dir='ltr'><strong>cum</strong></span> <span class='ocrx_word' id='word_1_165' title='bbox 944 2832 1029 2875; x_wconf 89' lang='lat' dir='ltr'><strong>tua</strong></span> <span class='ocrx_word' id='word_1_166' title='bbox 1058 2835 1271 2889; x_wconf 84' lang='lat' dir='ltr'><strong>quoque</strong></span> <span class='ocrx_word' id='word_1_167' title='bbox 1301 2821 1435 2872; x_wconf 86' lang='lat' dir='ltr'><strong>fama</strong></span> <span class='ocrx_word' id='word_1_168' title='bbox 1465 2819 1667 2887; x_wconf 83' lang='lat' dir='ltr'><strong>pulsata</strong></span> 
     </span>
    </p>
   </div>
   <div class='ocr_carea' id='block_1_28' title="bbox 132 2911 1665 2983">
    <p class='ocr_par' dir='ltr' id='par_1_28' title="bbox 132 2911 1665 2983">
     <span class='ocr_line' id='line_1_28' title="bbox 132 2911 1665 2983; baseline -0.004 -14"><span class='ocrx_word' id='word_1_169' title='bbox 132 2918 207 2969; x_wconf 80' lang='lat' dir='ltr'><strong>sit.</strong></span> <span class='ocrx_word' id='word_1_170' title='bbox 248 2918 478 2983; x_wconf 74' lang='lat' dir='ltr'><strong>Querela:</strong></span> <span class='ocrx_word' id='word_1_171' title='bbox 506 2928 688 2968; x_wconf 89' lang='lat' dir='ltr'><strong>autem</strong></span> <span class='ocrx_word' id='word_1_172' title='bbox 716 2930 882 2983; x_wconf 87' lang='lat' dir='ltr'><strong>genus</strong></span> <span class='ocrx_word' id='word_1_173' title='bbox 921 2912 1191 2966; x_wconf 84' lang='lat' dir='ltr'><strong>hominum</strong></span> <span class='ocrx_word' id='word_1_174' title='bbox 1232 2914 1347 2978; x_wconf 85' lang='lat' dir='ltr'><strong>ejus</strong></span> <span class='ocrx_word' id='word_1_175' title='bbox 1376 2911 1665 2979; x_wconf 84' lang='lat' dir='ltr'><strong>suggestio,</strong></span> 
     </span>
    </p>
   </div>
   <div class='ocr_carea' id='block_1_29' title="bbox 132 3000 1666 3074">
    <p class='ocr_par' dir='ltr' id='par_1_29' title="bbox 132 3000 1666 3074">
     <span class='ocr_line' id='line_1_29' title="bbox 132 3000 1666 3074; baseline -0.007 -13"><span class='ocrx_word' id='word_1_176' title='bbox 132 3008 404 3074; x_wconf 75' lang='lat' dir='ltr'><strong>sijusseris,</strong></span> <span class='ocrx_word' id='word_1_177' title='bbox 429 3007 621 3061; x_wconf 90' lang='lat' dir='ltr'><strong>melius</strong></span> <span class='ocrx_word' id='word_1_178' title='bbox 644 3014 1016 3074; x_wconf 87' lang='lat' dir='ltr'><strong>prosequetur,</strong></span> <span class='ocrx_word' id='word_1_179' title='bbox 1038 3003 1156 3071; x_wconf 85' lang='lat' dir='ltr'><strong>quia</strong></span> <span class='ocrx_word' id='word_1_180' title='bbox 1178 3002 1452 3069; x_wconf 81' lang='lat' dir='ltr'><strong>multiplex</strong></span> <span class='ocrx_word' id='word_1_181' title='bbox 1481 3000 1666 3067; x_wconf 87' lang='lat' dir='ltr'><strong>injuria</strong></span> 
     </span>
    </p>
   </div>
   <div class='ocr_carea' id='block_1_30' title="bbox 135 3094 1667 3167">
    <p class='ocr_par' dir='ltr' id='par_1_30' title="bbox 135 3094 1667 3167">
     <span class='ocr_line' id='line_1_30' title="bbox 135 3094 1667 3167; baseline -0.003 -17"><span class='ocrx_word' id='word_1_182' title='bbox 135 3099 317 3152; x_wconf 88' lang='lat' dir='ltr'><strong>modum</strong></span> <span class='ocrx_word' id='word_1_183' title='bbox 345 3099 585 3167; x_wconf 72' lang='lat' dir='ltr'><strong>epistola:</strong></span> <span class='ocrx_word' id='word_1_184' title='bbox 615 3095 1139 3151; x_wconf 72' lang='lat' dir='ltr'><strong>familiaris‘eacedit.</strong></span> <span class='ocrx_word' id='word_1_185' title='bbox 1159 3094 1271 3148; x_wconf 73' lang='lat' dir='ltr'><strong>Non</strong></span> <span class='ocrx_word' id='word_1_186' title='bbox 1290 3098 1493 3147; x_wconf 84' lang='lat' dir='ltr'><strong>minora</strong></span> <span class='ocrx_word' id='word_1_187' title='bbox 1509 3095 1667 3147; x_wconf 89' lang='lat' dir='ltr'><strong>etiam</strong></span> 
     </span>
    </p>
   </div>
   <div class='ocr_carea' id='block_1_31' title="bbox 137 3182 1670 3254">
    <p class='ocr_par' dir='ltr' id='par_1_31' title="bbox 137 3182 1670 3254">
     <span class='ocr_line' id='line_1_31' title="bbox 137 3182 1670 3254; baseline -0.003 -16"><span class='ocrx_word' id='word_1_188' title='bbox 137 3187 254 3239; x_wconf 72' lang='lat' dir='ltr'><strong>tilica</strong></span> <span class='ocrx_word' id='word_1_189' title='bbox 279 3188 489 3243; x_wconf 86' lang='lat' dir='ltr'><strong>illustris</strong></span> <span class='ocrx_word' id='word_1_190' title='bbox 537 3188 663 3250; x_wconf 89' lang='lat' dir='ltr'><strong>viri,</strong></span> <span class='ocrx_word' id='word_1_191' title='bbox 714 3195 770 3240; x_wconf 88' lang='lat' dir='ltr'><strong>et</strong></span> <span class='ocrx_word' id='word_1_192' title='bbox 808 3187 919 3253; x_wconf 89' lang='lat' dir='ltr'><strong>ipse</strong></span> <span class='ocrx_word' id='word_1_193' title='bbox 958 3185 1067 3254; x_wconf 89' lang='lat' dir='ltr'><strong>jam</strong></span> <span class='ocrx_word' id='word_1_194' title='bbox 1100 3184 1315 3238; x_wconf 87' lang='lat' dir='ltr'><strong>honoris</strong></span> <span class='ocrx_word' id='word_1_195' title='bbox 1352 3184 1585 3247; x_wconf 77' lang='lat' dir='ltr'><strong>emeriti,</strong></span> <span class='ocrx_word' id='word_1_196' title='bbox 1619 3182 1670 3234; x_wconf 90' lang='lat' dir='ltr'><strong>in</strong></span> 
     </span>
    </p>
   </div>
   <div class='ocr_carea' id='block_1_32' title="bbox 135 3273 1673 3345">
    <p class='ocr_par' dir='ltr' id='par_1_32' title="bbox 135 3273 1673 3345">
     <span class='ocr_line' id='line_1_32' title="bbox 135 3273 1673 3345; baseline -0.002 -17"><span class='ocrx_word' id='word_1_197' title='bbox 135 3290 213 3328; x_wconf 85' lang='lat' dir='ltr'><strong>sua</strong></span> <span class='ocrx_word' id='word_1_198' title='bbox 238 3276 585 3345; x_wconf 84' lang='lat' dir='ltr'><strong>proconsulari</strong></span> <span class='ocrx_word' id='word_1_199' title='bbox 615 3274 955 3345; x_wconf 75' lang='lat' dir='ltr'><strong>possessione</strong></span> <span class='ocrx_word' id='word_1_200' title='bbox 979 3277 1252 3337; x_wconf 73' lang='lat' dir='ltr'><strong>toleravit;</strong></span> <span class='ocrx_word' id='word_1_201' title='bbox 1278 3289 1394 3343; x_wconf 68' lang='lat' dir='ltr'><strong>quae</strong></span> <span class='ocrx_word' id='word_1_202' title='bbox 1420 3273 1485 3326; x_wconf 88' lang='lat' dir='ltr'><strong>ad</strong></span> <span class='ocrx_word' id='word_1_203' title='bbox 1520 3274 1673 3325; x_wconf 92' lang='lat' dir='ltr'><strong>unius</strong></span> 
     </span>
    </p>
   </div>
   <div class='ocr_carea' id='block_1_33' title="bbox 134 3365 1671 3435">
    <p class='ocr_par' dir='ltr' id='par_1_33' title="bbox 134 3365 1671 3435">
     <span class='ocr_line' id='line_1_33' title="bbox 134 3365 1671 3435; baseline -0.003 -16"><span class='ocrx_word' id='word_1_204' title='bbox 134 3366 315 3434; x_wconf 82' lang='lat' dir='ltr'><strong>quidem</strong></span> <span class='ocrx_word' id='word_1_205' title='bbox 339 3366 607 3435; x_wconf 82' lang='lat' dir='ltr'><strong>pertinent</strong></span> <span class='ocrx_word' id='word_1_206' title='bbox 647 3380 864 3428; x_wconf 79' lang='lat' dir='ltr'><strong>noxam,</strong></span> <span class='ocrx_word' id='word_1_207' title='bbox 916 3366 1009 3419; x_wconf 89' lang='lat' dir='ltr'><strong>sed</strong></span> <span class='ocrx_word' id='word_1_208' title='bbox 1040 3365 1108 3419; x_wconf 93' lang='lat' dir='ltr'><strong>ad</strong></span> <span class='ocrx_word' id='word_1_209' title='bbox 1134 3365 1408 3433; x_wconf 87' lang='lat' dir='ltr'><strong>utriusque</strong></span> <span class='ocrx_word' id='word_1_210' title='bbox 1435 3373 1671 3418; x_wconf 84' lang='lat' dir='ltr'><strong>contem-</strong></span> 
     </span>
    </p>
   </div>
   <div class='ocr_carea' id='block_1_34' title="bbox 138 3455 1669 3526">
    <p class='ocr_par' dir='ltr' id='par_1_34' title="bbox 138 3455 1669 3526">
     <span class='ocr_line' id='line_1_34' title="bbox 138 3455 1669 3526; baseline -0.001 -17"><span class='ocrx_word' id='word_1_211' title='bbox 138 3467 281 3517; x_wconf 86' lang='lat' dir='ltr'><strong>ptum.</strong></span> <span class='ocrx_word' id='word_1_212' title='bbox 302 3457 435 3526; x_wconf 84' lang='lat' dir='ltr'><strong>Ergo</strong></span> <span class='ocrx_word' id='word_1_213' title='bbox 456 3466 513 3510; x_wconf 91' lang='lat' dir='ltr'><strong>ut</strong></span> <span class='ocrx_word' id='word_1_214' title='bbox 539 3472 659 3509; x_wconf 89' lang='lat' dir='ltr'><strong>mos</strong></span> <span class='ocrx_word' id='word_1_215' title='bbox 674 3458 893 3521; x_wconf 89' lang='lat' dir='ltr'><strong>esttibi,</strong></span> <span class='ocrx_word' id='word_1_216' title='bbox 912 3457 1106 3511; x_wconf 83' lang='lat' dir='ltr'><strong>auditis</strong></span> <span class='ocrx_word' id='word_1_217' title='bbox 1125 3468 1307 3512; x_wconf 76' lang='lat' dir='ltr'><strong>corum</strong></span> <span class='ocrx_word' id='word_1_218' title='bbox 1339 3455 1669 3524; x_wconf 84' lang='lat' dir='ltr'><strong>allegationi-</strong></span> 
     </span>
    </p>
   </div>
   <div class='ocr_carea' id='block_1_35' title="bbox 137 3548 1666 3618">
    <p class='ocr_par' dir='ltr' id='par_1_35' title="bbox 137 3548 1666 3618">
     <span class='ocr_line' id='line_1_35' title="bbox 137 3548 1666 3618; baseline -0.002 -15"><span class='ocrx_word' id='word_1_219' title='bbox 137 3548 333 3618; x_wconf 86' lang='lat' dir='ltr'><strong>bus,qui</strong></span> <span class='ocrx_word' id='word_1_220' title='bbox 364 3557 580 3604; x_wconf 83' lang='lat' dir='ltr'><strong>tuentur</strong></span> <span class='ocrx_word' id='word_1_221' title='bbox 606 3549 907 3603; x_wconf 88' lang='lat' dir='ltr'><strong>absentium</strong></span> <span class='ocrx_word' id='word_1_222' title='bbox 938 3549 1239 3613; x_wconf 85' lang='lat' dir='ltr'><strong>facultates,</strong></span> <span class='ocrx_word' id='word_1_223' title='bbox 1255 3550 1427 3616; x_wconf 87' lang='lat' dir='ltr'><strong>primo</strong></span> <span class='ocrx_word' id='word_1_224' title='bbox 1454 3548 1666 3613; x_wconf 89' lang='lat' dir='ltr'><strong>famam,</strong></span> 
     </span>
    </p>
   </div>
   <div class='ocr_carea' id='block_1_36' title="bbox 135 3637 1672 3707">
    <p class='ocr_par' dir='ltr' id='par_1_36' title="bbox 135 3637 1672 3707">
     <span class='ocr_line' id='line_1_36' title="bbox 135 3637 1672 3707; baseline -0.001 -16"><span class='ocrx_word' id='word_1_225' title='bbox 135 3654 235 3705; x_wconf 65' lang='lat' dir='ltr'><strong>quae</strong></span> <span class='ocrx_word' id='word_1_226' title='bbox 254 3641 445 3706; x_wconf 82' lang='lat' dir='ltr'><strong>optimo</strong></span> <span class='ocrx_word' id='word_1_227' title='bbox 470 3640 668 3707; x_wconf 89' lang='lat' dir='ltr'><strong>cuique</strong></span> <span class='ocrx_word' id='word_1_228' title='bbox 699 3638 929 3707; x_wconf 86' lang='lat' dir='ltr'><strong>pretiosa</strong></span> <span class='ocrx_word' id='word_1_229' title='bbox 957 3646 1058 3701; x_wconf 89' lang='lat' dir='ltr'><strong>est,</strong></span> <span class='ocrx_word' id='word_1_230' title='bbox 1097 3647 1205 3691; x_wconf 90' lang='lat' dir='ltr'><strong>tum</strong></span> <span class='ocrx_word' id='word_1_231' title='bbox 1235 3637 1519 3690; x_wconf 80' lang='lat' dir='ltr'><strong>amicitiam</strong></span> <span class='ocrx_word' id='word_1_232' title='bbox 1551 3637 1672 3690; x_wconf 83' lang='lat' dir='ltr'><strong>ﬁdei</strong></span> 
     </span>
    </p>
   </div>
   <div class='ocr_carea' id='block_1_37' title="bbox 138 3726 1673 3798">
    <p class='ocr_par' dir='ltr' id='par_1_37' title="bbox 138 3726 1673 3798">
     <span class='ocr_line' id='line_1_37' title="bbox 138 3726 1673 3798; baseline 0.003 -21"><span class='ocrx_word' id='word_1_233' title='bbox 138 3726 355 3793; x_wconf 78' lang='lat' dir='ltr'><strong>indicem,</strong></span> <span class='ocrx_word' id='word_1_234' title='bbox 381 3730 831 3798; x_wconf 83' lang='lat' dir='ltr'><strong>postremolcges,</strong></span> <span class='ocrx_word' id='word_1_235' title='bbox 862 3745 955 3797; x_wconf 90' lang='lat' dir='ltr'><strong>pro</strong></span> <span class='ocrx_word' id='word_1_236' title='bbox 970 3730 1158 3797; x_wconf 85' lang='lat' dir='ltr'><strong>quibus</strong></span> <span class='ocrx_word' id='word_1_237' title='bbox 1186 3727 1673 3795; x_wconf 77' lang='lat' dir='ltr'><strong>excubas,dignare</strong></span> 
     </span>
    </p>
   </div>
   <div class='ocr_carea' id='block_1_38' title="bbox 136 3818 1670 3887">
    <p class='ocr_par' dir='ltr' id='par_1_38' title="bbox 136 3818 1670 3887">
     <span class='ocr_line' id='line_1_38' title="bbox 136 3818 1670 3887; baseline 0.001 -18"><span class='ocrx_word' id='word_1_238' title='bbox 136 3818 391 3874; x_wconf 73' lang='lat' dir='ltr'><strong>defendere</strong></span> <span class='ocrx_word' id='word_1_239' title='bbox 432 3838 443 3871; x_wconf 89' lang='lat'>:</span> <span class='ocrx_word' id='word_1_240' title='bbox 476 3831 535 3873; x_wconf 93' lang='lat' dir='ltr'><strong>ut</strong></span> <span class='ocrx_word' id='word_1_241' title='bbox 574 3821 641 3873; x_wconf 89' lang='lat' dir='ltr'><strong>ad</strong></span> <span class='ocrx_word' id='word_1_242' title='bbox 690 3820 950 3874; x_wconf 74' lang='lat' dir='ltr'><strong>illustrem</strong></span> <span class='ocrx_word' id='word_1_243' title='bbox 993 3821 1186 3884; x_wconf 88' lang='lat' dir='ltr'><strong>virum,</strong></span> <span class='ocrx_word' id='word_1_244' title='bbox 1219 3820 1306 3887; x_wconf 91' lang='lat' dir='ltr'><strong>qui</strong></span> <span class='ocrx_word' id='word_1_245' title='bbox 1354 3835 1447 3887; x_wconf 87' lang='lat' dir='ltr'><strong>per</strong></span> <span class='ocrx_word' id='word_1_246' title='bbox 1476 3819 1670 3872; x_wconf 82' lang='lat' dir='ltr'><strong>absen-</strong></span> 
     </span>
    </p>
   </div>
   <div class='ocr_carea' id='block_1_39' title="bbox 138 3907 1672 3977">
    <p class='ocr_par' dir='ltr' id='par_1_39' title="bbox 138 3907 1672 3977">
     <span class='ocr_line' id='line_1_39' title="bbox 138 3907 1672 3977; baseline 0 -17"><span class='ocrx_word' id='word_1_247' title='bbox 138 3909 242 3963; x_wconf 85' lang='lat' dir='ltr'><strong>tiam</strong></span> <span class='ocrx_word' id='word_1_248' title='bbox 268 3926 472 3965; x_wconf 87' lang='lat' dir='ltr'><strong>suorum</strong></span> <span class='ocrx_word' id='word_1_249' title='bbox 499 3910 675 3965; x_wconf 85' lang='lat' dir='ltr'><strong>nescit</strong></span> <span class='ocrx_word' id='word_1_250' title='bbox 702 3909 1055 3974; x_wconf 87' lang='lat' dir='ltr'><strong>incommoda,</strong></span> <span class='ocrx_word' id='word_1_251' title='bbox 1081 3909 1221 3976; x_wconf 89' lang='lat' dir='ltr'><strong>prius</strong></span> <span class='ocrx_word' id='word_1_252' title='bbox 1240 3908 1407 3977; x_wconf 89' lang='lat' dir='ltr'><strong>gratia</strong></span> <span class='ocrx_word' id='word_1_253' title='bbox 1432 3907 1672 3961; x_wconf 87' lang='lat' dir='ltr'><strong>beneficii</strong></span> 
     </span>
    </p>
   </div>
   <div class='ocr_carea' id='block_1_40' title="bbox 138 3999 1666 4071">
    <p class='ocr_par' dir='ltr' id='par_1_40' title="bbox 138 3999 1666 4071">
     <span class='ocr_line' id='line_1_40' title="bbox 138 3999 1666 4071; baseline 0 -20"><span class='ocrx_word' id='word_1_254' title='bbox 138 4002 216 4063; x_wconf 87' lang='lat' dir='ltr'><strong>tui,</strong></span> <span class='ocrx_word' id='word_1_255' title='bbox 239 4018 385 4071; x_wconf 86' lang='lat' dir='ltr'><strong>quam</strong></span> <span class='ocrx_word' id='word_1_256' title='bbox 422 4019 647 4058; x_wconf 87' lang='lat' dir='ltr'><strong>suorum</strong></span> <span class='ocrx_word' id='word_1_257' title='bbox 684 4002 836 4055; x_wconf 91' lang='lat' dir='ltr'><strong>dolor</strong></span> <span class='ocrx_word' id='word_1_258' title='bbox 871 4012 925 4055; x_wconf 93' lang='lat' dir='ltr'><strong>et</strong></span> <span class='ocrx_word' id='word_1_259' title='bbox 950 4002 1165 4069; x_wconf 79' lang='lat' dir='ltr'><strong>querela</strong></span> <span class='ocrx_word' id='word_1_260' title='bbox 1197 4002 1488 4068; x_wconf 83' lang='lat' dir='ltr'><strong>perveniat.</strong></span> <span class='ocrx_word' id='word_1_261' title='bbox 1522 3999 1666 4054; x_wconf 88' lang='lat' dir='ltr'><strong>Vale.</strong></span> 
     </span>
    </p>
   </div>
   <div class='ocr_carea' id='block_1_41' title="bbox 681 4138 1095 4195">
    <p class='ocr_par' dir='ltr' id='par_1_41' title="bbox 681 4138 1095 4195">
     <span class='ocr_line' id='line_1_41' title="bbox 681 4138 1095 4195; baseline -0.005 0"><span class='ocrx_word' id='word_1_262' title='bbox 681 4138 893 4195; x_wconf 80' lang='lat' dir='ltr'><strong>EPIST.</strong></span> <span class='ocrx_word' id='word_1_263' title='bbox 935 4138 1095 4193; x_wconf 82' lang='lat' dir='ltr'><strong>LXX.</strong></span> 
     </span>
    </p>
   </div>
   <div class='ocr_carea' id='block_1_42' title="bbox 605 4264 1180 4307">
    <p class='ocr_par' dir='ltr' id='par_1_42' title="bbox 605 4264 1180 4307">
     <span class='ocr_line' id='line_1_42' title="bbox 605 4264 1180 4307; baseline -0.007 0"><span class='ocrx_word' id='word_1_264' title='bbox 605 4266 915 4307; x_wconf 68' lang='lat' dir='ltr'><strong>SYIIACIIUS</strong></span> <span class='ocrx_word' id='word_1_265' title='bbox 936 4264 1180 4304; x_wconf 66' lang='lat' dir='ltr'><strong>&#39;I&#39;YIASIO.</strong></span> 
     </span>
    </p>
   </div>
   <div class='ocr_carea' id='block_1_43' title="bbox 188 4362 1671 4437">
    <p class='ocr_par' dir='ltr' id='par_1_43' title="bbox 188 4362 1671 4437">
     <span class='ocr_line' id='line_1_43' title="bbox 188 4362 1671 4437; baseline -0.006 -16"><span class='ocrx_word' id='word_1_266' title='bbox 188 4366 322 4436; x_wconf 53' lang='grc' dir='ltr'><strong>δέρε</strong></span> <span class='ocrx_word' id='word_1_267' title='bbox 343 4368 533 4437; x_wconf 88' lang='lat' dir='ltr'><strong>alloqui</strong></span> <span class='ocrx_word' id='word_1_268' title='bbox 562 4366 923 4437; x_wconf 63' lang='lat' dir='ltr'><strong>prmstantiam</strong></span> <span class='ocrx_word' id='word_1_269' title='bbox 948 4375 1090 4418; x_wconf 90' lang='lat' dir='ltr'><strong>tuam</strong></span> <span class='ocrx_word' id='word_1_270' title='bbox 1116 4378 1221 4417; x_wconf 90' lang='lat' dir='ltr'><strong>non</strong></span> <span class='ocrx_word' id='word_1_271' title='bbox 1242 4362 1406 4430; x_wconf 81' lang='lat' dir='ltr'><strong>piget,</strong></span> <span class='ocrx_word' id='word_1_272' title='bbox 1429 4362 1671 4429; x_wconf 84' lang='lat' dir='ltr'><strong>quamvis</strong></span> 
     </span>
    </p>
   </div>
   <div class='ocr_carea' id='block_1_44' title="bbox 3232 350 3333 403">
    <p class='ocr_par' dir='ltr' id='par_1_44' title="bbox 3232 350 3333 403">
     <span class='ocr_line' id='line_1_44' title="bbox 3232 350 3333 403; baseline 0.03 -3"><span class='ocrx_word' id='word_1_273' title='bbox 3232 350 3333 403; x_wconf 69' lang='lat'><strong>993</strong></span> 
     </span>
    </p>
   </div>
   <div class='ocr_carea' id='block_1_45' title="bbox 2337 460 2785 517">
    <p class='ocr_par' dir='ltr' id='par_1_45' title="bbox 2337 460 2785 517">
     <span class='ocr_line' id='line_1_45' title="bbox 2337 460 2785 517; baseline 0.009 -4"><span class='ocrx_word' id='word_1_274' title='bbox 2337 460 2547 514; x_wconf 77' lang='lat' dir='ltr'><strong>EPIST.</strong></span> <span class='ocrx_word' id='word_1_275' title='bbox 2577 462 2785 517; x_wconf 88' lang='lat' dir='ltr'><strong>LXXII.</strong></span> 
     </span>
    </p>
   </div>
   <div class='ocr_carea' id='block_1_46' title="bbox 2269 563 2855 604">
    <p class='ocr_par' dir='ltr' id='par_1_46' title="bbox 2269 563 2855 604">
     <span class='ocr_line' id='line_1_46' title="bbox 2269 563 2855 604; baseline 0.005 -3"><span class='ocrx_word' id='word_1_276' title='bbox 2269 563 2571 604; x_wconf 72' lang='lat' dir='ltr'><strong>SYIIACIII&#39;S</strong></span> <span class='ocrx_word' id='word_1_277' title='bbox 2610 566 2855 604; x_wconf 65' lang='lat' dir='ltr'><strong>&#39;I&#39;VIASIO.</strong></span> 
     </span>
    </p>
   </div>
   <div class='ocr_carea' id='block_1_47' title="bbox 1845 636 3335 709">
    <p class='ocr_par' dir='ltr' id='par_1_47' title="bbox 1845 636 3335 709">
     <span class='ocr_line' id='line_1_47' title="bbox 1845 636 3335 709; baseline 0.003 -20"><span class='ocrx_word' id='word_1_278' title='bbox 1845 636 2020 705; x_wconf 87' lang='lat' dir='ltr'><strong>Urgeo</strong></span> <span class='ocrx_word' id='word_1_279' title='bbox 2044 649 2097 692; x_wconf 90' lang='lat' dir='ltr'><strong>te</strong></span> <span class='ocrx_word' id='word_1_280' title='bbox 2135 637 2502 706; x_wconf 83' lang='lat' dir='ltr'><strong>frequentibus</strong></span> <span class='ocrx_word' id='word_1_281' title='bbox 2524 640 2757 709; x_wconf 88' lang='lat' dir='ltr'><strong>scriptis,</strong></span> <span class='ocrx_word' id='word_1_282' title='bbox 2798 648 2853 692; x_wconf 91' lang='lat' dir='ltr'><strong>et</strong></span> <span class='ocrx_word' id='word_1_283' title='bbox 2876 640 3035 692; x_wconf 89' lang='lat' dir='ltr'><strong>animi</strong></span> <span class='ocrx_word' id='word_1_284' title='bbox 3061 640 3335 693; x_wconf 79' lang='lat' dir='ltr'><strong>affectione</strong></span> 
     </span>
    </p>
   </div>
   <div class='ocr_carea' id='block_1_48' title="bbox 1773 726 3329 799">
    <p class='ocr_par' dir='ltr' id='par_1_48' title="bbox 1773 726 3329 799">
     <span class='ocr_line' id='line_1_48' title="bbox 1773 726 3329 799; baseline 0.003 -20"><span class='ocrx_word' id='word_1_285' title='bbox 1773 740 1877 779; x_wconf 89' lang='lat' dir='ltr'><strong>non</strong></span> <span class='ocrx_word' id='word_1_286' title='bbox 1908 726 2117 780; x_wconf 87' lang='lat' dir='ltr'><strong>desero.</strong></span> <span class='ocrx_word' id='word_1_287' title='bbox 2145 727 2236 780; x_wconf 84' lang='lat' dir='ltr'><strong>Est</strong></span> <span class='ocrx_word' id='word_1_288' title='bbox 2259 736 2435 783; x_wconf 91' lang='lat' dir='ltr'><strong>autem</strong></span> <span class='ocrx_word' id='word_1_289' title='bbox 2459 738 2732 799; x_wconf 87' lang='lat' dir='ltr'><strong>sequester</strong></span> <span class='ocrx_word' id='word_1_290' title='bbox 2750 730 3012 783; x_wconf 89' lang='lat' dir='ltr'><strong>sermonis</strong></span> <span class='ocrx_word' id='word_1_291' title='bbox 3032 733 3133 784; x_wconf 83' lang='lat' dir='ltr'><strong>mei</strong></span> <span class='ocrx_word' id='word_1_292' title='bbox 3166 730 3329 794; x_wconf 76' lang='lat' dir='ltr'><strong>Felix,</strong></span> 
     </span>
    </p>
   </div>
   <div class='ocr_carea' id='block_1_49' title="bbox 1772 816 3330 882">
    <p class='ocr_par' dir='ltr' id='par_1_49' title="bbox 1772 816 3330 882">
     <span class='ocr_line' id='line_1_49' title="bbox 1772 816 3330 882; baseline 0.001 -14"><span class='ocrx_word' id='word_1_293' title='bbox 1772 816 2060 882; x_wconf 83' lang='lat' dir='ltr'><strong>probabilis</strong></span> <span class='ocrx_word' id='word_1_294' title='bbox 2085 825 2140 868; x_wconf 90' lang='lat' dir='ltr'><strong>et</strong></span> <span class='ocrx_word' id='word_1_295' title='bbox 2161 816 2442 870; x_wconf 83' lang='lat' dir='ltr'><strong>honestate</strong></span> <span class='ocrx_word' id='word_1_296' title='bbox 2468 821 2614 881; x_wconf 64' lang='lat' dir='ltr'><strong>vitaz,</strong></span> <span class='ocrx_word' id='word_1_297' title='bbox 2627 830 2679 871; x_wconf 87' lang='lat' dir='ltr'><strong>et</strong></span> <span class='ocrx_word' id='word_1_298' title='bbox 2699 818 3075 872; x_wconf 78' lang='lat' dir='ltr'><strong>exercitatione</strong></span> <span class='ocrx_word' id='word_1_299' title='bbox 3103 819 3330 881; x_wconf 73' lang='lat' dir='ltr'><strong>tuilitim;</strong></span> 
     </span>
    </p>
   </div>
   <div class='ocr_carea' id='block_1_50' title="bbox 1772 905 3331 975">
    <p class='ocr_par' dir='ltr' id='par_1_50' title="bbox 1772 905 3331 975">
     <span class='ocr_line' id='line_1_50' title="bbox 1772 905 3331 975; baseline 0.001 -17"><span class='ocrx_word' id='word_1_300' title='bbox 1772 905 1921 972; x_wconf 88' lang='lat' dir='ltr'><strong>cujus</strong></span> <span class='ocrx_word' id='word_1_301' title='bbox 1968 907 2447 961; x_wconf 87' lang='lat' dir='ltr'><strong>considerationem</strong></span> <span class='ocrx_word' id='word_1_302' title='bbox 2493 918 2548 961; x_wconf 90' lang='lat' dir='ltr'><strong>ut</strong></span> <span class='ocrx_word' id='word_1_303' title='bbox 2588 909 2803 975; x_wconf 79' lang='lat' dir='ltr'><strong>habeas,</strong></span> <span class='ocrx_word' id='word_1_304' title='bbox 2849 924 3187 963; x_wconf 89' lang='lat' dir='ltr'><strong>commouere</strong></span> <span class='ocrx_word' id='word_1_305' title='bbox 3226 924 3331 962; x_wconf 88' lang='lat' dir='ltr'><strong>non</strong></span> 
     </span>
    </p>
   </div>
   <div class='ocr_carea' id='block_1_51' title="bbox 1770 996 3333 1067">
    <p class='ocr_par' dir='ltr' id='par_1_51' title="bbox 1770 996 3333 1067">
     <span class='ocr_line' id='line_1_51' title="bbox 1770 996 3333 1067; baseline 0.003 -19"><span class='ocrx_word' id='word_1_306' title='bbox 1770 996 1963 1061; x_wconf 87' lang='lat' dir='ltr'><strong>audeo,</strong></span> <span class='ocrx_word' id='word_1_307' title='bbox 2004 1011 2124 1050; x_wconf 89' lang='lat' dir='ltr'><strong>cum</strong></span> <span class='ocrx_word' id='word_1_308' title='bbox 2157 1006 2241 1050; x_wconf 89' lang='lat' dir='ltr'><strong>tua</strong></span> <span class='ocrx_word' id='word_1_309' title='bbox 2272 1000 2493 1065; x_wconf 76' lang='lat' dir='ltr'><strong>aequitas</strong></span> <span class='ocrx_word' id='word_1_310' title='bbox 2537 1008 2743 1053; x_wconf 84' lang='lat' dir='ltr'><strong>tantum</strong></span> <span class='ocrx_word' id='word_1_311' title='bbox 2787 1013 2885 1067; x_wconf 89' lang='lat' dir='ltr'><strong>pro</strong></span> <span class='ocrx_word' id='word_1_312' title='bbox 2924 1014 2988 1052; x_wconf 89' lang='lat' dir='ltr'><strong>eo</strong></span> <span class='ocrx_word' id='word_1_313' title='bbox 3018 999 3179 1066; x_wconf 72' lang='lat' dir='ltr'><strong>possit</strong></span> <span class='ocrx_word' id='word_1_314' title='bbox 3216 998 3333 1052; x_wconf 89' lang='lat' dir='ltr'><strong>effi-</strong></span> 
     </span>
    </p>
   </div>
   <div class='ocr_carea' id='block_1_52' title="bbox 1767 1087 2961 1156">
    <p class='ocr_par' dir='ltr' id='par_1_52' title="bbox 1767 1087 2961 1156">
     <span class='ocr_line' id='line_1_52' title="bbox 1767 1087 2961 1156; baseline 0.003 -18"><span class='ocrx_word' id='word_1_315' title='bbox 1767 1100 1913 1149; x_wconf 89' lang='lat' dir='ltr'><strong>cere,</strong></span> <span class='ocrx_word' id='word_1_316' title='bbox 1948 1096 2202 1155; x_wconf 86' lang='lat' dir='ltr'><strong>quantum</strong></span> <span class='ocrx_word' id='word_1_317' title='bbox 2239 1088 2388 1141; x_wconf 87' lang='lat' dir='ltr'><strong>favor</strong></span> <span class='ocrx_word' id='word_1_318' title='bbox 2408 1102 2558 1141; x_wconf 87' lang='lat' dir='ltr'><strong>meus</strong></span> <span class='ocrx_word' id='word_1_319' title='bbox 2580 1097 2783 1156; x_wconf 88' lang='lat' dir='ltr'><strong>optare.</strong></span> <span class='ocrx_word' id='word_1_320' title='bbox 2812 1087 2961 1143; x_wconf 82' lang='lat' dir='ltr'><strong>Vale.</strong></span> 
     </span>
    </p>
   </div>
   <div class='ocr_carea' id='block_1_53' title="bbox 2312 1196 2782 1251">
    <p class='ocr_par' dir='ltr' id='par_1_53' title="bbox 2312 1196 2782 1251">
     <span class='ocr_line' id='line_1_53' title="bbox 2312 1196 2782 1251; baseline -0.006 0"><span class='ocrx_word' id='word_1_321' title='bbox 2312 1197 2523 1251; x_wconf 79' lang='lat' dir='ltr'><strong>EPIST.</strong></span> <span class='ocrx_word' id='word_1_322' title='bbox 2549 1196 2782 1251; x_wconf 81' lang='lat' dir='ltr'><strong>LXXIII.</strong></span> 
     </span>
    </p>
   </div>
   <div class='ocr_carea' id='block_1_54' title="bbox 2255 1301 2843 1340">
    <p class='ocr_par' dir='ltr' id='par_1_54' title="bbox 2255 1301 2843 1340">
     <span class='ocr_line' id='line_1_54' title="bbox 2255 1301 2843 1340; baseline -0.002 0"><span class='ocrx_word' id='word_1_323' title='bbox 2255 1301 2560 1340; x_wconf 63' lang='lat' dir='ltr'><strong>SVIIIACBUS</strong></span> <span class='ocrx_word' id='word_1_324' title='bbox 2596 1301 2843 1340; x_wconf 70' lang='grc' dir='ltr'><strong>τνειειο.</strong></span> 
     </span>
    </p>
   </div>
   <div class='ocr_carea' id='block_1_55' title="bbox 1842 1396 3329 1461">
    <p class='ocr_par' dir='ltr' id='par_1_55' title="bbox 1842 1396 3329 1461">
     <span class='ocr_line' id='line_1_55' title="bbox 1842 1396 3329 1461; baseline -0.004 -7"><span class='ocrx_word' id='word_1_325' title='bbox 1842 1400 2034 1457; x_wconf 84' lang='lat' dir='ltr'><strong>Petilio</strong></span> <span class='ocrx_word' id='word_1_326' title='bbox 2062 1399 2262 1454; x_wconf 87' lang='lat' dir='ltr'><strong>domini</strong></span> <span class='ocrx_word' id='word_1_327' title='bbox 2299 1408 2353 1454; x_wconf 91' lang='lat' dir='ltr'><strong>et</strong></span> <span class='ocrx_word' id='word_1_328' title='bbox 2396 1398 2573 1452; x_wconf 84' lang='lat' dir='ltr'><strong>fratris</strong></span> <span class='ocrx_word' id='word_1_329' title='bbox 2599 1397 2700 1451; x_wconf 90' lang='lat' dir='ltr'><strong>mei</strong></span> <span class='ocrx_word' id='word_1_330' title='bbox 2736 1396 3060 1461; x_wconf 89' lang='lat' dir='ltr'><strong>Stemmatii,</strong></span> <span class='ocrx_word' id='word_1_331' title='bbox 3102 1396 3329 1450; x_wconf 80' lang='lat' dir='ltr'><strong>monito-</strong></span> 
     </span>
    </p>
   </div>
   <div class='ocr_carea' id='block_1_56' title="bbox 1768 1484 3329 1559">
    <p class='ocr_par' dir='ltr' id='par_1_56' title="bbox 1768 1484 3329 1559">
     <span class='ocr_line' id='line_1_56' title="bbox 1768 1484 3329 1559; baseline -0.003 -17"><span class='ocrx_word' id='word_1_332' title='bbox 1768 1504 1880 1542; x_wconf 83' lang='lat' dir='ltr'><strong>rem</strong></span> <span class='ocrx_word' id='word_1_333' title='bbox 1918 1491 2083 1559; x_wconf 89' lang='lat' dir='ltr'><strong>magis</strong></span> <span class='ocrx_word' id='word_1_334' title='bbox 2118 1488 2256 1555; x_wconf 89' lang='lat' dir='ltr'><strong>apud</strong></span> <span class='ocrx_word' id='word_1_335' title='bbox 2287 1497 2337 1541; x_wconf 90' lang='lat' dir='ltr'><strong>te</strong></span> <span class='ocrx_word' id='word_1_336' title='bbox 2366 1504 2523 1556; x_wconf 89' lang='lat' dir='ltr'><strong>quam</strong></span> <span class='ocrx_word' id='word_1_337' title='bbox 2556 1495 2885 1553; x_wconf 86' lang='lat' dir='ltr'><strong>peccatorem</strong></span> <span class='ocrx_word' id='word_1_338' title='bbox 2928 1485 3164 1551; x_wconf 78' lang='lat' dir='ltr'><strong>requirit.</strong></span> <span class='ocrx_word' id='word_1_339' title='bbox 3203 1484 3329 1538; x_wconf 82' lang='lat' dir='ltr'><strong>Nam</strong></span> 
     </span>
    </p>
   </div>
   <div class='ocr_carea' id='block_1_57' title="bbox 1768 1580 3329 1648">
    <p class='ocr_par' dir='ltr' id='par_1_57' title="bbox 1768 1580 3329 1648">
     <span class='ocr_line' id='line_1_57' title="bbox 1768 1580 3329 1648; baseline -0.006 -12"><span class='ocrx_word' id='word_1_340' title='bbox 1768 1598 1887 1637; x_wconf 90' lang='lat' dir='ltr'><strong>cum</strong></span> <span class='ocrx_word' id='word_1_341' title='bbox 1918 1592 2058 1635; x_wconf 87' lang='lat' dir='ltr'><strong>tanta</strong></span> <span class='ocrx_word' id='word_1_342' title='bbox 2100 1583 2169 1634; x_wconf 91' lang='lat' dir='ltr'><strong>sit</strong></span> <span class='ocrx_word' id='word_1_343' title='bbox 2200 1582 2290 1634; x_wconf 88' lang='lat' dir='ltr'><strong>tibi</strong></span> <span class='ocrx_word' id='word_1_344' title='bbox 2320 1581 2435 1648; x_wconf 89' lang='lat' dir='ltr'><strong>ejus</strong></span> <span class='ocrx_word' id='word_1_345' title='bbox 2464 1580 2767 1648; x_wconf 85' lang='lat' dir='ltr'><strong>antiquitas,</strong></span> <span class='ocrx_word' id='word_1_346' title='bbox 2800 1586 2857 1631; x_wconf 91' lang='lat' dir='ltr'><strong>ut</strong></span> <span class='ocrx_word' id='word_1_347' title='bbox 2884 1586 3061 1630; x_wconf 90' lang='lat' dir='ltr'><strong>votum</strong></span> <span class='ocrx_word' id='word_1_348' title='bbox 3093 1588 3329 1630; x_wconf 89' lang='lat' dir='ltr'><strong>nostrum</strong></span> 
     </span>
    </p>
   </div>
   <div class='ocr_carea' id='block_1_58' title="bbox 1769 1666 3329 1738">
    <p class='ocr_par' dir='ltr' id='par_1_58' title="bbox 1769 1666 3329 1738">
     <span class='ocr_line' id='line_1_58' title="bbox 1769 1666 3329 1738; baseline -0.003 -14"><span class='ocrx_word' id='word_1_349' title='bbox 1769 1670 1949 1724; x_wconf 85' lang='lat' dir='ltr'><strong>favore</strong></span> <span class='ocrx_word' id='word_1_350' title='bbox 1980 1685 2310 1738; x_wconf 70' lang='lat' dir='ltr'><strong>praecurras;</strong></span> <span class='ocrx_word' id='word_1_351' title='bbox 2357 1670 2592 1723; x_wconf 82' lang='lat' dir='ltr'><strong>laborem</strong></span> <span class='ocrx_word' id='word_1_352' title='bbox 2621 1669 2840 1736; x_wconf 77' lang='lat' dir='ltr'><strong>rogandi</strong></span> <span class='ocrx_word' id='word_1_353' title='bbox 2874 1668 2925 1720; x_wconf 92' lang='lat' dir='ltr'><strong>in</strong></span> <span class='ocrx_word' id='word_1_354' title='bbox 2956 1668 3105 1721; x_wconf 88' lang='lat' dir='ltr'><strong>lucro</strong></span> <span class='ocrx_word' id='word_1_355' title='bbox 3133 1666 3329 1720; x_wconf 88' lang='lat' dir='ltr'><strong>habere</strong></span> 
     </span>
    </p>
   </div>
   <div class='ocr_carea' id='block_1_59' title="bbox 1770 1756 3329 1828">
    <p class='ocr_par' dir='ltr' id='par_1_59' title="bbox 1770 1756 3329 1828">
     <span class='ocr_line' id='line_1_59' title="bbox 1770 1756 3329 1828; baseline -0.004 -14"><span class='ocrx_word' id='word_1_356' title='bbox 1770 1762 2043 1815; x_wconf 90' lang='lat' dir='ltr'><strong>debemus.</strong></span> <span class='ocrx_word' id='word_1_357' title='bbox 2072 1762 2309 1813; x_wconf 85' lang='lat' dir='ltr'><strong>Breviter</strong></span> <span class='ocrx_word' id='word_1_358' title='bbox 2337 1759 2512 1827; x_wconf 80' lang='lat' dir='ltr'><strong>igitur,</strong></span> <span class='ocrx_word' id='word_1_359' title='bbox 2540 1760 2665 1828; x_wconf 89' lang='lat' dir='ltr'><strong>quid</strong></span> <span class='ocrx_word' id='word_1_360' title='bbox 2697 1768 2900 1827; x_wconf 83' lang='lat' dir='ltr'><strong>poscat,</strong></span> <span class='ocrx_word' id='word_1_361' title='bbox 2924 1758 3161 1811; x_wconf 88' lang='lat' dir='ltr'><strong>adverte.</strong></span> <span class='ocrx_word' id='word_1_362' title='bbox 3202 1756 3329 1810; x_wconf 86' lang='lat' dir='ltr'><strong>Sub-</strong></span> 
     </span>
    </p>
   </div>
   <div class='ocr_carea' id='block_1_60' title="bbox 1770 1847 3330 1920">
    <p class='ocr_par' dir='ltr' id='par_1_60' title="bbox 1770 1847 3330 1920">
     <span class='ocr_line' id='line_1_60' title="bbox 1770 1847 3330 1920; baseline -0.006 -13"><span class='ocrx_word' id='word_1_363' title='bbox 1770 1853 1905 1907; x_wconf 88' lang='lat' dir='ltr'><strong>sidia</strong></span> <span class='ocrx_word' id='word_1_364' title='bbox 1937 1853 2078 1913; x_wconf 61' lang='lat' dir='ltr'><strong>vita,</strong></span> <span class='ocrx_word' id='word_1_365' title='bbox 2103 1867 2219 1920; x_wconf 68' lang='lat' dir='ltr'><strong>quae</strong></span> <span class='ocrx_word' id='word_1_366' title='bbox 2256 1852 2390 1903; x_wconf 89' lang='lat' dir='ltr'><strong>bona</strong></span> <span class='ocrx_word' id='word_1_367' title='bbox 2421 1849 2525 1903; x_wconf 91' lang='lat' dir='ltr'><strong>dici</strong></span> <span class='ocrx_word' id='word_1_368' title='bbox 2555 1850 2751 1911; x_wconf 83' lang='lat' dir='ltr'><strong>solent,</strong></span> <span class='ocrx_word' id='word_1_369' title='bbox 2778 1850 2867 1902; x_wconf 87' lang='lat' dir='ltr'><strong>ubi</strong></span> <span class='ocrx_word' id='word_1_370' title='bbox 2898 1864 3088 1902; x_wconf 84' lang='lat' dir='ltr'><strong>census</strong></span> <span class='ocrx_word' id='word_1_371' title='bbox 3118 1847 3330 1900; x_wconf 83' lang='lat' dir='ltr'><strong>uberior</strong></span> 
     </span>
    </p>
   </div>
   <div class='ocr_carea' id='block_1_61' title="bbox 1768 1936 3327 2008">
    <p class='ocr_par' dir='ltr' id='par_1_61' title="bbox 1768 1936 3327 2008">
     <span class='ocr_line' id='line_1_61' title="bbox 1768 1936 3327 2008; baseline -0.005 -14"><span class='ocrx_word' id='word_1_372' title='bbox 1768 1952 1868 2005; x_wconf 91' lang='lat' dir='ltr'><strong>est,</strong></span> <span class='ocrx_word' id='word_1_373' title='bbox 1900 1942 2186 1994; x_wconf 89' lang='lat' dir='ltr'><strong>infortunio</strong></span> <span class='ocrx_word' id='word_1_374' title='bbox 2216 1940 2621 2008; x_wconf 87' lang='lat' dir='ltr'><strong>proscriptionis</strong></span> <span class='ocrx_word' id='word_1_375' title='bbox 2663 1936 2857 1991; x_wconf 89' lang='lat' dir='ltr'><strong>amisit.</strong></span> <span class='ocrx_word' id='word_1_376' title='bbox 2900 1938 3025 1991; x_wconf 60' lang='lat' dir='ltr'><strong>Haec</strong></span> <span class='ocrx_word' id='word_1_377' title='bbox 3056 1940 3105 1990; x_wconf 91' lang='lat' dir='ltr'><strong>in</strong></span> <span class='ocrx_word' id='word_1_378' title='bbox 3139 1951 3327 2003; x_wconf 85' lang='lat' dir='ltr'><strong>magno</strong></span> 
     </span>
    </p>
   </div>
   <div class='ocr_carea' id='block_1_62' title="bbox 1769 2028 3327 2100">
    <p class='ocr_par' dir='ltr' id='par_1_62' title="bbox 1769 2028 3327 2100">
     <span class='ocr_line' id='line_1_62' title="bbox 1769 2028 3327 2100; baseline -0.004 -14"><span class='ocrx_word' id='word_1_379' title='bbox 1769 2031 1996 2100; x_wconf 89' lang='lat' dir='ltr'><strong>reipubl.</strong></span> <span class='ocrx_word' id='word_1_380' title='bbox 2024 2030 2214 2098; x_wconf 88' lang='lat' dir='ltr'><strong>gaudio</strong></span> <span class='ocrx_word' id='word_1_381' title='bbox 2240 2031 2345 2083; x_wconf 90' lang='lat' dir='ltr'><strong>tuis</strong></span> <span class='ocrx_word' id='word_1_382' title='bbox 2385 2029 2716 2097; x_wconf 88' lang='lat' dir='ltr'><strong>potissimum</strong></span> <span class='ocrx_word' id='word_1_383' title='bbox 2757 2029 2964 2082; x_wconf 87' lang='lat' dir='ltr'><strong>meritis</strong></span> <span class='ocrx_word' id='word_1_384' title='bbox 3002 2028 3327 2095; x_wconf 84' lang='lat' dir='ltr'><strong>repensanda</strong></span> 
     </span>
    </p>
   </div>
   <div class='ocr_carea' id='block_1_63' title="bbox 1766 2116 3330 2187">
    <p class='ocr_par' dir='ltr' id='par_1_63' title="bbox 1766 2116 3330 2187">
     <span class='ocr_line' id='line_1_63' title="bbox 1766 2116 3330 2187; baseline -0.006 -13"><span class='ocrx_word' id='word_1_385' title='bbox 1766 2122 2071 2174; x_wconf 84' lang='lat' dir='ltr'><strong>committit.</strong></span> <span class='ocrx_word' id='word_1_386' title='bbox 2114 2120 2354 2187; x_wconf 83' lang='lat' dir='ltr'><strong>Suscipe.</strong></span> <span class='ocrx_word' id='word_1_387' title='bbox 2386 2134 2483 2172; x_wconf 88' lang='lat' dir='ltr'><strong>oro</strong></span> <span class='ocrx_word' id='word_1_388' title='bbox 2528 2130 2599 2181; x_wconf 90' lang='lat' dir='ltr'><strong>te,</strong></span> <span class='ocrx_word' id='word_1_389' title='bbox 2642 2118 2855 2184; x_wconf 89' lang='lat' dir='ltr'><strong>plenum</strong></span> <span class='ocrx_word' id='word_1_390' title='bbox 2887 2116 3132 2169; x_wconf 87' lang='lat' dir='ltr'><strong>bonitatis</strong></span> <span class='ocrx_word' id='word_1_391' title='bbox 3173 2132 3330 2183; x_wconf 83' lang='lat' dir='ltr'><strong>nego-</strong></span> 
     </span>
    </p>
   </div>
   <div class='ocr_carea' id='block_1_64' title="bbox 1767 2207 3331 2275">
    <p class='ocr_par' dir='ltr' id='par_1_64' title="bbox 1767 2207 3331 2275">
     <span class='ocr_line' id='line_1_64' title="bbox 1767 2207 3331 2275; baseline -0.004 -11"><span class='ocrx_word' id='word_1_392' title='bbox 1767 2217 1929 2274; x_wconf 87' lang='lat' dir='ltr'><strong>tium;</strong></span> <span class='ocrx_word' id='word_1_393' title='bbox 1958 2220 2013 2264; x_wconf 92' lang='lat' dir='ltr'><strong>et</strong></span> <span class='ocrx_word' id='word_1_394' title='bbox 2034 2212 2185 2263; x_wconf 88' lang='lat' dir='ltr'><strong>amici</strong></span> <span class='ocrx_word' id='word_1_395' title='bbox 2212 2210 2463 2275; x_wconf 86' lang='lat' dir='ltr'><strong>inopiam,</strong></span> <span class='ocrx_word' id='word_1_396' title='bbox 2495 2211 2578 2262; x_wconf 89' lang='lat' dir='ltr'><strong>cui</strong></span> <span class='ocrx_word' id='word_1_397' title='bbox 2604 2209 2810 2262; x_wconf 65' lang='lat' dir='ltr'><strong>misera:</strong></span> <span class='ocrx_word' id='word_1_398' title='bbox 2832 2207 3152 2261; x_wconf 87' lang='lat' dir='ltr'><strong>valetudinis</strong></span> <span class='ocrx_word' id='word_1_399' title='bbox 3177 2222 3331 2259; x_wconf 87' lang='lat' dir='ltr'><strong>casus</strong></span> 
     </span>
    </p>
   </div>
   <div class='ocr_carea' id='block_1_65' title="bbox 1767 2296 3203 2366">
    <p class='ocr_par' dir='ltr' id='par_1_65' title="bbox 1767 2296 3203 2366">
     <span class='ocr_line' id='line_1_65' title="bbox 1767 2296 3203 2366; baseline -0.006 -11"><span class='ocrx_word' id='word_1_400' title='bbox 1767 2301 2014 2366; x_wconf 89' lang='lat' dir='ltr'><strong>accessit,</strong></span> <span class='ocrx_word' id='word_1_401' title='bbox 2044 2302 2120 2354; x_wconf 84' lang='lat' dir='ltr'><strong>rei</strong></span> <span class='ocrx_word' id='word_1_402' title='bbox 2150 2299 2423 2352; x_wconf 90' lang='lat' dir='ltr'><strong>familiaris</strong></span> <span class='ocrx_word' id='word_1_403' title='bbox 2449 2297 2802 2361; x_wconf 56' lang='lat' dir='ltr'><strong>integratione</strong></span> <span class='ocrx_word' id='word_1_404' title='bbox 2827 2297 3020 2351; x_wconf 87' lang='lat' dir='ltr'><strong>solare.</strong></span> <span class='ocrx_word' id='word_1_405' title='bbox 3059 2296 3203 2363; x_wconf 81' lang='lat' dir='ltr'><strong>Vale.</strong></span> 
     </span>
    </p>
   </div>
   <div class='ocr_carea' id='block_1_66' title="bbox 2309 2407 2787 2463">
    <p class='ocr_par' dir='ltr' id='par_1_66' title="bbox 2309 2407 2787 2463">
     <span class='ocr_line' id='line_1_66' title="bbox 2309 2407 2787 2463; baseline -0.006 0"><span class='ocrx_word' id='word_1_406' title='bbox 2309 2408 2523 2463; x_wconf 82' lang='lat' dir='ltr'><strong>EPIST.</strong></span> <span class='ocrx_word' id='word_1_407' title='bbox 2555 2407 2787 2461; x_wconf 80' lang='lat' dir='ltr'><strong>LXXIV.</strong></span> 
     </span>
    </p>
   </div>
   <div class='ocr_carea' id='block_1_67' title="bbox 2245 2515 2844 2579">
    <p class='ocr_par' dir='ltr' id='par_1_67' title="bbox 2245 2515 2844 2554">
     <span class='ocr_line' id='line_1_67' title="bbox 2245 2515 2844 2554; baseline 0 -1"><span class='ocrx_word' id='word_1_408' title='bbox 2245 2516 2555 2554; x_wconf 69' lang='lat' dir='ltr'><strong>SYIIACIIUS</strong></span> <span class='ocrx_word' id='word_1_409' title='bbox 2584 2515 2844 2554; x_wconf 74' lang='lat' dir='ltr'><strong>PBOIOTO.</strong></span> 
     </span>
    </p>
   </div>
   <div class='ocr_carea' id='block_1_68' title="bbox 1839 2611 3330 2683">
    <p class='ocr_par' dir='ltr' id='par_1_68' title="bbox 1839 2611 3330 2683">
     <span class='ocr_line' id='line_1_68' title="bbox 1839 2611 3330 2683; baseline -0.009 -8"><span class='ocrx_word' id='word_1_410' title='bbox 1839 2622 1997 2675; x_wconf 76' lang='lat' dir='ltr'><strong>Ilolta</strong></span> <span class='ocrx_word' id='word_1_411' title='bbox 2022 2621 2073 2674; x_wconf 91' lang='lat' dir='ltr'><strong>in</strong></span> <span class='ocrx_word' id='word_1_412' title='bbox 2108 2630 2159 2674; x_wconf 91' lang='lat' dir='ltr'><strong>te</strong></span> <span class='ocrx_word' id='word_1_413' title='bbox 2180 2620 2430 2671; x_wconf 87' lang='lat' dir='ltr'><strong>virtutum</strong></span> <span class='ocrx_word' id='word_1_414' title='bbox 2465 2625 2648 2668; x_wconf 90' lang='lat' dir='ltr'><strong>natura</strong></span> <span class='ocrx_word' id='word_1_415' title='bbox 2678 2613 2960 2683; x_wconf 86' lang='lat' dir='ltr'><strong>congessit.</strong></span> <span class='ocrx_word' id='word_1_416' title='bbox 2992 2612 3121 2677; x_wconf 73' lang='lat' dir='ltr'><strong>Qua:</strong></span> <span class='ocrx_word' id='word_1_417' title='bbox 3149 2612 3191 2663; x_wconf 92' lang='lat' dir='ltr'><strong>si</strong></span> <span class='ocrx_word' id='word_1_418' title='bbox 3213 2611 3330 2678; x_wconf 78' lang='lat' dir='ltr'><strong>quis</strong></span> 
     </span>
    </p>
   </div>
   <div class='ocr_carea' id='block_1_69' title="bbox 1767 2703 3326 2779">
    <p class='ocr_par' dir='ltr' id='par_1_69' title="bbox 1767 2703 3326 2779">
     <span class='ocr_line' id='line_1_69' title="bbox 1767 2703 3326 2779; baseline -0.01 -11"><span class='ocrx_word' id='word_1_419' title='bbox 1767 2717 1987 2769; x_wconf 89' lang='lat' dir='ltr'><strong>trutiuet</strong></span> <span class='ocrx_word' id='word_1_420' title='bbox 2016 2711 2260 2779; x_wconf 64' lang='lat' dir='ltr'><strong>pen’siore</strong></span> <span class='ocrx_word' id='word_1_421' title='bbox 2278 2710 2499 2777; x_wconf 86' lang='lat' dir='ltr'><strong>judicio,</strong></span> <span class='ocrx_word' id='word_1_422' title='bbox 2526 2708 2726 2763; x_wconf 88' lang='lat' dir='ltr'><strong>nesciat</strong></span> <span class='ocrx_word' id='word_1_423' title='bbox 2752 2715 2926 2760; x_wconf 91' lang='lat' dir='ltr'><strong>utrum</strong></span> <span class='ocrx_word' id='word_1_424' title='bbox 2959 2704 3093 2757; x_wconf 90' lang='lat' dir='ltr'><strong>bona</strong></span> <span class='ocrx_word' id='word_1_425' title='bbox 3118 2703 3326 2755; x_wconf 78' lang='lat' dir='ltr'><strong>fortitu-</strong></span> 
     </span>
    </p>
   </div>
   <div class='ocr_carea' id='block_1_70' title="bbox 1767 2790 3332 2871">
    <p class='ocr_par' dir='ltr' id='par_1_70' title="bbox 1767 2790 3332 2871">
     <span class='ocr_line' id='line_1_70' title="bbox 1767 2790 3332 2871; baseline -0.011 -12"><span class='ocrx_word' id='word_1_426' title='bbox 1767 2806 1906 2859; x_wconf 80' lang='lat' dir='ltr'><strong>dinis</strong></span> <span class='ocrx_word' id='word_1_427' title='bbox 1934 2803 2100 2871; x_wconf 88' lang='lat' dir='ltr'><strong>magis</strong></span> <span class='ocrx_word' id='word_1_428' title='bbox 2125 2817 2190 2854; x_wconf 89' lang='lat' dir='ltr'><strong>an</strong></span> <span class='ocrx_word' id='word_1_429' title='bbox 2219 2800 2412 2853; x_wconf 88' lang='lat' dir='ltr'><strong>mentis</strong></span> <span class='ocrx_word' id='word_1_430' title='bbox 2439 2799 2732 2852; x_wconf 80' lang='lat' dir='ltr'><strong>excellant.</strong></span> <span class='ocrx_word' id='word_1_431' title='bbox 2778 2794 2885 2849; x_wconf 88' lang='lat' dir='ltr'><strong>Sed</strong></span> <span class='ocrx_word' id='word_1_432' title='bbox 2914 2794 3133 2847; x_wconf 87' lang='lat' dir='ltr'><strong>alterius</strong></span> <span class='ocrx_word' id='word_1_433' title='bbox 3162 2790 3332 2844; x_wconf 83' lang='lat' dir='ltr'><strong>laudis</strong></span> 
     </span>
    </p>
   </div>
   <div class='ocr_carea' id='block_1_71' title="bbox 1768 2882 3367 2961">
    <p class='ocr_par' dir='ltr' id='par_1_71' title="bbox 1768 2882 3367 2961">
     <span class='ocr_line' id='line_1_71' title="bbox 1768 2882 3367 2961; baseline -0.011 -13"><span class='ocrx_word' id='word_1_434' title='bbox 1768 2894 2081 2961; x_wconf 82' lang='lat' dir='ltr'><strong>aSIipuIator</strong></span> <span class='ocrx_word' id='word_1_435' title='bbox 2122 2902 2203 2945; x_wconf 88' lang='lat' dir='ltr'><strong>est</strong></span> <span class='ocrx_word' id='word_1_436' title='bbox 2248 2890 2492 2958; x_wconf 88' lang='lat' dir='ltr'><strong>princeps</strong></span> <span class='ocrx_word' id='word_1_437' title='bbox 2521 2886 2737 2941; x_wconf 88' lang='lat' dir='ltr'><strong>humani</strong></span> <span class='ocrx_word' id='word_1_438' title='bbox 2762 2884 2995 2952; x_wconf 83' lang='lat' dir='ltr'><strong>generis,</strong></span> <span class='ocrx_word' id='word_1_439' title='bbox 3029 2882 3325 2935; x_wconf 84' lang='lat' dir='ltr'><strong>officiorum</strong></span> <span class='ocrx_word' id='word_1_440' title='bbox 3362 2894 3367 2899; x_wconf 89' lang='grc'><strong>·</strong></span> 
     </span>
    </p>
   </div>
   <div class='ocr_carea' id='block_1_72' title="bbox 1770 2970 3328 3039">
    <p class='ocr_par' dir='ltr' id='par_1_72' title="bbox 1770 2970 3328 3039">
     <span class='ocr_line' id='line_1_72' title="bbox 1770 2970 3328 3039; baseline -0.007 -6"><span class='ocrx_word' id='word_1_441' title='bbox 1770 2998 1895 3037; x_wconf 76' lang='lat' dir='ltr'><strong>vero</strong></span> <span class='ocrx_word' id='word_1_442' title='bbox 1935 2981 2265 3034; x_wconf 88' lang='lat' dir='ltr'><strong>familiarium</strong></span> <span class='ocrx_word' id='word_1_443' title='bbox 2309 2994 2406 3032; x_wconf 89' lang='lat' dir='ltr'><strong>nos</strong></span> <span class='ocrx_word' id='word_1_444' title='bbox 2446 2985 2610 3031; x_wconf 82' lang='lat' dir='ltr'><strong>testes</strong></span> <span class='ocrx_word' id='word_1_445' title='bbox 2647 2989 2768 3029; x_wconf 79' lang='lat' dir='ltr'><strong>esse</strong></span> <span class='ocrx_word' id='word_1_446' title='bbox 2804 2973 3089 3037; x_wconf 87' lang='lat' dir='ltr'><strong>debemus;</strong></span> <span class='ocrx_word' id='word_1_447' title='bbox 3118 2972 3207 3039; x_wconf 92' lang='lat' dir='ltr'><strong>qui</strong></span> <span class='ocrx_word' id='word_1_448' title='bbox 3240 2970 3328 3023; x_wconf 89' lang='lat' dir='ltr'><strong>tibi</strong></span> 
     </span>
    </p>
   </div>
   <div class='ocr_carea' id='block_1_73' title="bbox 1772 3060 3331 3138">
    <p class='ocr_par' dir='ltr' id='par_1_73' title="bbox 1772 3060 3331 3138">
     <span class='ocr_line' id='line_1_73' title="bbox 1772 3060 3331 3138; baseline -0.01 -11"><span class='ocrx_word' id='word_1_449' title='bbox 1772 3072 2023 3138; x_wconf 84' lang='lat' dir='ltr'><strong>religioso</strong></span> <span class='ocrx_word' id='word_1_450' title='bbox 2053 3068 2228 3123; x_wconf 89' lang='lat' dir='ltr'><strong>studio</strong></span> <span class='ocrx_word' id='word_1_451' title='bbox 2268 3068 2549 3136; x_wconf 81' lang='lat' dir='ltr'><strong>nequimus</strong></span> <span class='ocrx_word' id='word_1_452' title='bbox 2593 3078 2827 3132; x_wconf 60' lang='lat' dir='ltr'><strong>square.</strong></span> <span class='ocrx_word' id='word_1_453' title='bbox 2869 3063 3031 3115; x_wconf 74' lang='lat' dir='ltr'><strong>Miror</strong></span> <span class='ocrx_word' id='word_1_454' title='bbox 3060 3071 3236 3114; x_wconf 85' lang='lat' dir='ltr'><strong>tamen</strong></span> <span class='ocrx_word' id='word_1_455' title='bbox 3280 3060 3331 3113; x_wconf 91' lang='lat' dir='ltr'><strong>in</strong></span> 
     </span>
    </p>
   </div>
   <div class='ocr_carea' id='block_1_74' title="bbox 1697 3140 3333 3227">
    <p class='ocr_par' dir='ltr' id='par_1_74' title="bbox 1697 3140 3333 3227">
     <span class='ocr_line' id='line_1_74' title="bbox 1697 3140 3333 3227; baseline -0.01 -8"><span class='ocrx_word' id='word_1_456' title='bbox 1697 3140 1741 3201; x_wconf 55' lang='grc' dir='ltr'><strong>(ἶ</strong></span> <span class='ocrx_word' id='word_1_457' title='bbox 1776 3164 1876 3218; x_wconf 88' lang='lat' dir='ltr'><strong>hoc</strong></span> <span class='ocrx_word' id='word_1_458' title='bbox 1907 3172 1957 3217; x_wconf 91' lang='lat' dir='ltr'><strong>te</strong></span> <span class='ocrx_word' id='word_1_459' title='bbox 1986 3161 2087 3214; x_wconf 90' lang='lat' dir='ltr'><strong>mei</strong></span> <span class='ocrx_word' id='word_1_460' title='bbox 2115 3173 2296 3214; x_wconf 89' lang='lat' dir='ltr'><strong>amore</strong></span> <span class='ocrx_word' id='word_1_461' title='bbox 2317 3162 2750 3227; x_wconf 86' lang='lat' dir='ltr'><strong>progressum,ut</strong></span> <span class='ocrx_word' id='word_1_462' title='bbox 2770 3152 2899 3207; x_wconf 88' lang='lat' dir='ltr'><strong>mihi</strong></span> <span class='ocrx_word' id='word_1_463' title='bbox 2921 3152 3065 3204; x_wconf 88' lang='lat' dir='ltr'><strong>falsis</strong></span> <span class='ocrx_word' id='word_1_464' title='bbox 3093 3150 3333 3203; x_wconf 85' lang='lat' dir='ltr'><strong>laudibus</strong></span> 
     </span>
    </p>
   </div>
   <div class='ocr_carea' id='block_1_75' title="bbox 1775 3242 3333 3317">
    <p class='ocr_par' dir='ltr' id='par_1_75' title="bbox 1775 3242 3333 3317">
     <span class='ocr_line' id='line_1_75' title="bbox 1775 3242 3333 3317; baseline -0.008 -9"><span class='ocrx_word' id='word_1_465' title='bbox 1775 3253 2084 3315; x_wconf 85' lang='lat' dir='ltr'><strong>blandiaris,</strong></span> <span class='ocrx_word' id='word_1_466' title='bbox 2115 3267 2232 3305; x_wconf 88' lang='lat' dir='ltr'><strong>cum</strong></span> <span class='ocrx_word' id='word_1_467' title='bbox 2260 3253 2339 3304; x_wconf 90' lang='lat' dir='ltr'><strong>ais</strong></span> <span class='ocrx_word' id='word_1_468' title='bbox 2369 3249 2564 3317; x_wconf 87' lang='lat' dir='ltr'><strong>aliquid</strong></span> <span class='ocrx_word' id='word_1_469' title='bbox 2607 3259 2658 3301; x_wconf 88' lang='lat' dir='ltr'><strong>te</strong></span> <span class='ocrx_word' id='word_1_470' title='bbox 2682 3262 2746 3301; x_wconf 80' lang='lat' dir='ltr'><strong>ex</strong></span> <span class='ocrx_word' id='word_1_471' title='bbox 2789 3247 2955 3300; x_wconf 87' lang='lat' dir='ltr'><strong>nostri</strong></span> <span class='ocrx_word' id='word_1_472' title='bbox 2984 3244 3095 3298; x_wconf 90' lang='lat' dir='ltr'><strong>oris</strong></span> <span class='ocrx_word' id='word_1_473' title='bbox 3122 3242 3333 3298; x_wconf 82' lang='lat' dir='ltr'><strong>deside—</strong></span> 
     </span>
    </p>
   </div>
   <div class='ocr_carea' id='block_1_76' title="bbox 1775 3338 3334 3410">
    <p class='ocr_par' dir='ltr' id='par_1_76' title="bbox 1775 3338 3334 3410">
     <span class='ocr_line' id='line_1_76' title="bbox 1775 3338 3334 3410; baseline -0.009 -13"><span class='ocrx_word' id='word_1_474' title='bbox 1775 3359 1895 3398; x_wconf 90' lang='lat' dir='ltr'><strong>rare</strong></span> <span class='ocrx_word' id='word_1_475' title='bbox 1926 3341 2305 3410; x_wconf 83' lang='lat' dir='ltr'><strong>promptuario.</strong></span> <span class='ocrx_word' id='word_1_476' title='bbox 2330 3338 2450 3405; x_wconf 85' lang='lat' dir='ltr'><strong>Quo</strong></span> <span class='ocrx_word' id='word_1_477' title='bbox 2488 3338 2579 3391; x_wconf 86' lang='lat' dir='ltr'><strong>tibi</strong></span> <span class='ocrx_word' id='word_1_478' title='bbox 2610 3338 2749 3389; x_wconf 87' lang='lat' dir='ltr'><strong>inter</strong></span> <span class='ocrx_word' id='word_1_479' title='bbox 2777 3349 2935 3388; x_wconf 89' lang='lat' dir='ltr'><strong>rauca</strong></span> <span class='ocrx_word' id='word_1_480' title='bbox 2958 3347 3158 3387; x_wconf 88' lang='lat' dir='ltr'><strong>cornua</strong></span> <span class='ocrx_word' id='word_1_481' title='bbox 3190 3346 3334 3391; x_wconf 86' lang='lat' dir='ltr'><strong>meo-</strong></span> 
     </span>
    </p>
   </div>
   <div class='ocr_carea' id='block_1_77' title="bbox 1774 3422 3332 3497">
    <p class='ocr_par' dir='ltr' id='par_1_77' title="bbox 1774 3422 3332 3497">
     <span class='ocr_line' id='line_1_77' title="bbox 1774 3422 3332 3497; baseline -0.009 -11"><span class='ocrx_word' id='word_1_482' title='bbox 1774 3450 1888 3486; x_wconf 88' lang='lat' dir='ltr'><strong>rum</strong></span> <span class='ocrx_word' id='word_1_483' title='bbox 1917 3432 2169 3484; x_wconf 83' lang='lat' dir='ltr'><strong>afl‘atuum</strong></span> <span class='ocrx_word' id='word_1_484' title='bbox 2196 3428 2485 3497; x_wconf 75' lang='lat' dir='ltr'><strong>strepitus?</strong></span> <span class='ocrx_word' id='word_1_485' title='bbox 2510 3428 2601 3481; x_wconf 87' lang='lat' dir='ltr'><strong>Est</strong></span> <span class='ocrx_word' id='word_1_486' title='bbox 2622 3424 2833 3494; x_wconf 84' lang='lat' dir='ltr'><strong>quidem</strong></span> <span class='ocrx_word' id='word_1_487' title='bbox 2852 3422 3108 3475; x_wconf 75' lang='lat' dir='ltr'><strong>familiare</strong></span> <span class='ocrx_word' id='word_1_488' title='bbox 3131 3422 3332 3485; x_wconf 86' lang='lat' dir='ltr'><strong>virtuti,</strong></span> 
     </span>
    </p>
   </div>
   <div class='ocr_carea' id='block_1_78' title="bbox 1773 3512 3335 3577">
    <p class='ocr_par' dir='ltr' id='par_1_78' title="bbox 1773 3512 3335 3577">
     <span class='ocr_line' id='line_1_78' title="bbox 1773 3512 3335 3577; baseline -0.008 0"><span class='ocrx_word' id='word_1_489' title='bbox 1773 3524 2115 3577; x_wconf 90' lang='lat' dir='ltr'><strong>delinimenta</strong></span> <span class='ocrx_word' id='word_1_490' title='bbox 2169 3519 2406 3575; x_wconf 81' lang='lat' dir='ltr'><strong>exercitii</strong></span> <span class='ocrx_word' id='word_1_491' title='bbox 2456 3518 2701 3571; x_wconf 81' lang='lat' dir='ltr'><strong>sensibus</strong></span> <span class='ocrx_word' id='word_1_492' title='bbox 2742 3516 3047 3569; x_wconf 84' lang='lat' dir='ltr'><strong>admovere.</strong></span> <span class='ocrx_word' id='word_1_493' title='bbox 3103 3512 3232 3565; x_wconf 80' lang='lat' dir='ltr'><strong>Nam</strong></span> <span class='ocrx_word' id='word_1_494' title='bbox 3283 3522 3335 3565; x_wconf 89' lang='lat' dir='ltr'><strong>et</strong></span> 
     </span>
    </p>
   </div>
   <div class='ocr_carea' id='block_1_79' title="bbox 1774 3605 3329 3675">
    <p class='ocr_par' dir='ltr' id='par_1_79' title="bbox 1774 3605 3329 3675">
     <span class='ocr_line' id='line_1_79' title="bbox 1774 3605 3329 3675; baseline -0.01 -5"><span class='ocrx_word' id='word_1_495' title='bbox 1774 3616 2031 3670; x_wconf 85' lang='lat' dir='ltr'><strong>Achillem</strong></span> <span class='ocrx_word' id='word_1_496' title='bbox 2073 3623 2248 3667; x_wconf 85' lang='lat' dir='ltr'><strong>vatum</strong></span> <span class='ocrx_word' id='word_1_497' title='bbox 2292 3610 2553 3665; x_wconf 80' lang='lat' dir='ltr'><strong>maximus</strong></span> <span class='ocrx_word' id='word_1_498' title='bbox 2589 3608 2773 3670; x_wconf 85' lang='lat' dir='ltr'><strong>refert,</strong></span> <span class='ocrx_word' id='word_1_499' title='bbox 2812 3606 2937 3675; x_wconf 65' lang='lat' dir='ltr'><strong>aegri</strong></span> <span class='ocrx_word' id='word_1_500' title='bbox 2984 3605 3143 3659; x_wconf 90' lang='lat' dir='ltr'><strong>animi</strong></span> <span class='ocrx_word' id='word_1_501' title='bbox 3172 3618 3329 3657; x_wconf 88' lang='lat' dir='ltr'><strong>curas</strong></span> 
     </span>
    </p>
   </div>
   <div class='ocr_carea' id='block_1_80' title="bbox 1776 3691 3335 3759">
    <p class='ocr_par' dir='ltr' id='par_1_80' title="bbox 1776 3691 3335 3759">
     <span class='ocr_line' id='line_1_80' title="bbox 1776 3691 3335 3759; baseline -0.01 -1"><span class='ocrx_word' id='word_1_502' title='bbox 1776 3706 1963 3759; x_wconf 73' lang='lat' dir='ltr'><strong>fidibus</strong></span> <span class='ocrx_word' id='word_1_503' title='bbox 2005 3704 2307 3758; x_wconf 67' lang='lat' dir='ltr'><strong>restilvisse.</strong></span> <span class='ocrx_word' id='word_1_504' title='bbox 2346 3701 2451 3755; x_wconf 88' lang='lat' dir='ltr'><strong>Sed</strong></span> <span class='ocrx_word' id='word_1_505' title='bbox 2478 3713 2575 3753; x_wconf 88' lang='lat' dir='ltr'><strong>nos</strong></span> <span class='ocrx_word' id='word_1_506' title='bbox 2603 3707 2657 3752; x_wconf 86' lang='lat' dir='ltr'><strong>et</strong></span> <span class='ocrx_word' id='word_1_507' title='bbox 2682 3697 2901 3751; x_wconf 81' lang='lat' dir='ltr'><strong>musica:</strong></span> <span class='ocrx_word' id='word_1_508' title='bbox 2940 3694 3196 3748; x_wconf 73' lang='lat' dir='ltr'><strong>facundize</strong></span> <span class='ocrx_word' id='word_1_509' title='bbox 3222 3691 3335 3745; x_wconf 83' lang='lat' dir='ltr'><strong>ino-</strong></span> 
     </span>
    </p>
   </div>
   <div class='ocr_carea' id='block_1_81' title="bbox 1774 3785 3332 3865">
    <p class='ocr_par' dir='ltr' id='par_1_81' title="bbox 1774 3785 3332 3865">
     <span class='ocr_line' id='line_1_81' title="bbox 1774 3785 3332 3865; baseline -0.01 -16"><span class='ocrx_word' id='word_1_510' title='bbox 1774 3797 1913 3865; x_wconf 87' lang='lat' dir='ltr'><strong>piam</strong></span> <span class='ocrx_word' id='word_1_511' title='bbox 1956 3796 2299 3853; x_wconf 87' lang='lat' dir='ltr'><strong>coulitemur.</strong></span> <span class='ocrx_word' id='word_1_512' title='bbox 2340 3802 2395 3847; x_wconf 92' lang='lat' dir='ltr'><strong>et</strong></span> <span class='ocrx_word' id='word_1_513' title='bbox 2436 3792 2815 3845; x_wconf 81' lang='lat' dir='ltr'><strong>nutrimentum</strong></span> <span class='ocrx_word' id='word_1_514' title='bbox 2860 3785 3105 3856; x_wconf 89' lang='lat' dir='ltr'><strong>loquendi</strong></span> <span class='ocrx_word' id='word_1_515' title='bbox 3150 3798 3332 3838; x_wconf 87' lang='lat' dir='ltr'><strong>eorum</strong></span> 
     </span>
    </p>
   </div>
   <div class='ocr_carea' id='block_1_82' title="bbox 1774 3876 3335 3953">
    <p class='ocr_par' dir='ltr' id='par_1_82' title="bbox 1774 3876 3335 3953">
     <span class='ocr_line' id='line_1_82' title="bbox 1774 3876 3335 3953; baseline -0.009 -12"><span class='ocrx_word' id='word_1_516' title='bbox 1774 3887 1965 3941; x_wconf 85' lang='lat' dir='ltr'><strong>litteris</strong></span> <span class='ocrx_word' id='word_1_517' title='bbox 2008 3899 2353 3953; x_wconf 87' lang='lat' dir='ltr'><strong>aucupamur,</strong></span> <span class='ocrx_word' id='word_1_518' title='bbox 2398 3897 2533 3950; x_wconf 84' lang='lat' dir='ltr'><strong>quos</strong></span> <span class='ocrx_word' id='word_1_519' title='bbox 2583 3881 2789 3933; x_wconf 70' lang='lat' dir='ltr'><strong>haerere</strong></span> <span class='ocrx_word' id='word_1_520' title='bbox 2832 3876 3108 3931; x_wconf 85' lang='lat' dir='ltr'><strong>comitatui</strong></span> <span class='ocrx_word' id='word_1_521' title='bbox 3154 3884 3244 3927; x_wconf 87' lang='lat' dir='ltr'><strong>tuo</strong></span> <span class='ocrx_word' id='word_1_522' title='bbox 3280 3886 3335 3928; x_wconf 90' lang='lat' dir='ltr'><strong>et</strong></span> 
     </span>
    </p>
   </div>
   <div class='ocr_carea' id='block_1_83' title="bbox 1772 3968 3064 4049">
    <p class='ocr_par' dir='ltr' id='par_1_83' title="bbox 1772 3968 3064 4049">
     <span class='ocr_line' id='line_1_83' title="bbox 1772 3968 3064 4049; baseline -0.01 -16"><span class='ocrx_word' id='word_1_523' title='bbox 1772 3978 1910 4033; x_wconf 84' lang='lat' dir='ltr'><strong>fama</strong></span> <span class='ocrx_word' id='word_1_524' title='bbox 1941 3980 2171 4049; x_wconf 86' lang='lat' dir='ltr'><strong>loquitur</strong></span> <span class='ocrx_word' id='word_1_525' title='bbox 2194 3985 2249 4032; x_wconf 92' lang='lat' dir='ltr'><strong>et</strong></span> <span class='ocrx_word' id='word_1_526' title='bbox 2273 3985 2360 4030; x_wconf 89' lang='lat' dir='ltr'><strong>tua</strong></span> <span class='ocrx_word' id='word_1_527' title='bbox 2390 3977 2584 4041; x_wconf 86' lang='lat' dir='ltr'><strong>scripta</strong></span> <span class='ocrx_word' id='word_1_528' title='bbox 2611 3980 2891 4027; x_wconf 84' lang='lat' dir='ltr'><strong>testantur.</strong></span> <span class='ocrx_word' id='word_1_529' title='bbox 2922 3968 3064 4022; x_wconf 83' lang='lat' dir='ltr'><strong>Vale.</strong></span> 
     </span>
    </p>
   </div>
   <div class='ocr_carea' id='block_1_84' title="bbox 2320 4079 2783 4139">
    <p class='ocr_par' dir='ltr' id='par_1_84' title="bbox 2320 4079 2783 4139">
     <span class='ocr_line' id='line_1_84' title="bbox 2320 4079 2783 4139; baseline -0.017 0"><span class='ocrx_word' id='word_1_530' title='bbox 2320 4086 2529 4139; x_wconf 84' lang='lat' dir='ltr'><strong>EPIST.</strong></span> <span class='ocrx_word' id='word_1_531' title='bbox 2576 4079 2783 4135; x_wconf 87' lang='lat' dir='ltr'><strong>LXXV.</strong></span> 
     </span>
    </p>
   </div>
   <div class='ocr_carea' id='block_1_85' title="bbox 2258 4184 2841 4230">
    <p class='ocr_par' dir='ltr' id='par_1_85' title="bbox 2258 4184 2841 4230">
     <span class='ocr_line' id='line_1_85' title="bbox 2258 4184 2841 4230; baseline -0.015 -1"><span class='ocrx_word' id='word_1_532' title='bbox 2258 4187 2557 4230; x_wconf 70' lang='lat' dir='ltr'><strong>SYIIIACIIUS</strong></span> <span class='ocrx_word' id='word_1_533' title='bbox 2580 4184 2841 4224; x_wconf 72' lang='lat' dir='ltr'><strong>PIIOHOTOo</strong></span> 
     </span>
    </p>
   </div>
   <div class='ocr_carea' id='block_1_86' title="bbox 1846 4256 3330 4336">
    <p class='ocr_par' dir='ltr' id='par_1_86' title="bbox 1846 4256 3330 4336">
     <span class='ocr_line' id='line_1_86' title="bbox 1846 4256 3330 4336; baseline -0.014 -9"><span class='ocrx_word' id='word_1_534' title='bbox 1846 4270 2153 4331; x_wconf 82' lang='lat' dir='ltr'><strong>Satisfaciet</strong></span> <span class='ocrx_word' id='word_1_535' title='bbox 2178 4268 2390 4336; x_wconf 91' lang='lat' dir='ltr'><strong>quidem</strong></span> <span class='ocrx_word' id='word_1_536' title='bbox 2420 4265 2512 4317; x_wconf 91' lang='lat' dir='ltr'><strong>tibi</strong></span> <span class='ocrx_word' id='word_1_537' title='bbox 2539 4263 2605 4317; x_wconf 87' lang='lat' dir='ltr'><strong>ad</strong></span> <span class='ocrx_word' id='word_1_538' title='bbox 2634 4275 2793 4314; x_wconf 87' lang='lat' dir='ltr'><strong>omne</strong></span> <span class='ocrx_word' id='word_1_539' title='bbox 2830 4256 3076 4328; x_wconf 88' lang='lat' dir='ltr'><strong>gaudium</strong></span> <span class='ocrx_word' id='word_1_540' title='bbox 3105 4268 3330 4321; x_wconf 87' lang='lat' dir='ltr'><strong>conspe-</strong></span> 
     </span>
    </p>
   </div>
   <div class='ocr_carea' id='block_1_87' title="bbox 1772 4347 3330 4426">
    <p class='ocr_par' dir='ltr' id='par_1_87' title="bbox 1772 4347 3330 4426">
     <span class='ocr_line' id='line_1_87' title="bbox 1772 4347 3330 4426; baseline -0.017 -4"><span class='ocrx_word' id='word_1_541' title='bbox 1772 4377 1891 4421; x_wconf 90' lang='lat' dir='ltr'><strong>ctus</strong></span> <span class='ocrx_word' id='word_1_542' title='bbox 1916 4373 2151 4419; x_wconf 91' lang='lat' dir='ltr'><strong>tuorum.</strong></span> <span class='ocrx_word' id='word_1_543' title='bbox 2198 4358 2302 4414; x_wconf 93' lang='lat' dir='ltr'><strong>Sed</strong></span> <span class='ocrx_word' id='word_1_544' title='bbox 2345 4370 2445 4426; x_wconf 90' lang='lat' dir='ltr'><strong>ego</strong></span> <span class='ocrx_word' id='word_1_545' title='bbox 2474 4355 2609 4407; x_wconf 87' lang='lat' dir='ltr'><strong>banc</strong></span> <span class='ocrx_word' id='word_1_546' title='bbox 2639 4350 3028 4407; x_wconf 87' lang='lat' dir='ltr'><strong>hilaritudinem</strong></span> <span class='ocrx_word' id='word_1_547' title='bbox 3078 4347 3330 4399; x_wconf 89' lang='lat' dir='ltr'><strong>cumulari</strong></span> 
     </span>
    </p>
   </div>
   <div class='ocr_carea' id='block_1_88' title="bbox 135 4437 3328 4544">
    <p class='ocr_par' dir='ltr' id='par_1_88' title="bbox 135 4437 3328 4544">
     <span class='ocr_line' id='line_1_88' title="bbox 135 4437 3328 4544; baseline -0.007 -35"><span class='ocrx_word' id='word_1_548' title='bbox 135 4459 242 4511; x_wconf 73' lang='lat' dir='ltr'><strong>nilnil</strong></span> <span class='ocrx_word' id='word_1_549' title='bbox 263 4460 479 4513; x_wconf 89' lang='lat' dir='ltr'><strong>invicem</strong></span> <span class='ocrx_word' id='word_1_550' title='bbox 509 4460 779 4513; x_wconf 78' lang='lat' dir='ltr'><strong>sermonis</strong></span> <span class='ocrx_word' id='word_1_551' title='bbox 806 4458 1008 4526; x_wconf 90' lang='lat' dir='ltr'><strong>accepi.</strong></span> <span class='ocrx_word' id='word_1_552' title='bbox 1060 4456 1177 4524; x_wconf 88' lang='lat' dir='ltr'><strong>Ipse</strong></span> <span class='ocrx_word' id='word_1_553' title='bbox 1223 4455 1365 4508; x_wconf 90' lang='lat' dir='ltr'><strong>enim</strong></span> <span class='ocrx_word' id='word_1_554' title='bbox 1415 4453 1542 4506; x_wconf 88' lang='lat' dir='ltr'><strong>mihi</strong></span> <span class='ocrx_word' id='word_1_555' title='bbox 1576 4467 1671 4521; x_wconf 91' lang='lat' dir='ltr'><strong>pro</strong></span> <span class='ocrx_word' id='word_1_556' title='bbox 1702 4485 1752 4544; x_wconf 64' lang='grc' dir='ltr'><strong>η</strong></span> <span class='ocrx_word' id='word_1_557' title='bbox 1777 4471 1939 4526; x_wconf 82' lang='lat' dir='ltr'><strong>posse</strong></span> <span class='ocrx_word' id='word_1_558' title='bbox 1967 4454 2236 4519; x_wconf 82' lang='lat' dir='ltr'><strong>conjecto,</strong></span> <span class='ocrx_word' id='word_1_559' title='bbox 2283 4450 2327 4502; x_wconf 88' lang='lat' dir='ltr'><strong>si</strong></span> <span class='ocrx_word' id='word_1_560' title='bbox 2378 4456 2558 4500; x_wconf 88' lang='lat' dir='ltr'><strong>noster</strong></span> <span class='ocrx_word' id='word_1_561' title='bbox 2592 4456 2770 4498; x_wconf 89' lang='lat' dir='ltr'><strong>sermo</strong></span> <span class='ocrx_word' id='word_1_562' title='bbox 2811 4454 3024 4509; x_wconf 89' lang='lat' dir='ltr'><strong>quoque</strong></span> <span class='ocrx_word' id='word_1_563' title='bbox 3060 4437 3328 4507; x_wconf 76' lang='lat' dir='ltr'><strong>jungatur.</strong></span> 
     </span>
    </p>
   </div>
   <div class='ocr_carea' id='block_1_89' title="bbox 134 4539 1669 4619">
    <p class='ocr_par' dir='ltr' id='par_1_89' title="bbox 134 4539 1669 4619">
     <span class='ocr_line' id='line_1_89' title="bbox 134 4539 1669 4619; baseline -0.004 -18"><span class='ocrx_word' id='word_1_564' title='bbox 134 4558 176 4601; x_wconf 81' lang='lat' dir='ltr'><strong>te</strong></span> <span class='ocrx_word' id='word_1_565' title='bbox 204 4560 378 4615; x_wconf 80' lang='lat' dir='ltr'><strong>sponte</strong></span> <span class='ocrx_word' id='word_1_566' title='bbox 414 4549 749 4619; x_wconf 88' lang='lat' dir='ltr'><strong>respondeo,</strong></span> <span class='ocrx_word' id='word_1_567' title='bbox 798 4548 937 4615; x_wconf 87' lang='lat' dir='ltr'><strong>quod</strong></span> <span class='ocrx_word' id='word_1_568' title='bbox 976 4542 1125 4600; x_wconf 76' lang='lat' dir='ltr'><strong>inter</strong></span> <span class='ocrx_word' id='word_1_569' title='bbox 1172 4539 1478 4598; x_wconf 72' lang='lat' dir='ltr'><strong>castrenses</strong></span> <span class='ocrx_word' id='word_1_570' title='bbox 1514 4558 1669 4597; x_wconf 89' lang='lat' dir='ltr'><strong>curas</strong></span> 
     </span>
    </p>
   </div>
   <div class='ocr_carea' id='block_1_90' title="bbox 133 4634 1669 4706">
    <p class='ocr_par' dir='ltr' id='par_1_90' title="bbox 133 4634 1669 4706">
     <span class='ocr_line' id='line_1_90' title="bbox 133 4634 1669 4706; baseline -0.007 -10"><span class='ocrx_word' id='word_1_571' title='bbox 133 4638 277 4696; x_wconf 73' lang='lat' dir='ltr'><strong>locum</strong></span> <span class='ocrx_word' id='word_1_572' title='bbox 303 4642 469 4697; x_wconf 80' lang='lat' dir='ltr'><strong>ofﬁcia</strong></span> <span class='ocrx_word' id='word_1_573' title='bbox 498 4645 669 4697; x_wconf 84' lang='lat' dir='ltr'><strong>otiosa</strong></span> <span class='ocrx_word' id='word_1_574' title='bbox 697 4656 802 4694; x_wconf 86' lang='lat' dir='ltr'><strong>non</strong></span> <span class='ocrx_word' id='word_1_575' title='bbox 846 4638 1091 4694; x_wconf 87' lang='lat' dir='ltr'><strong>habeant.</strong></span> <span class='ocrx_word' id='word_1_576' title='bbox 1139 4638 1312 4706; x_wconf 85' lang='lat' dir='ltr'><strong>Atque</strong></span> <span class='ocrx_word' id='word_1_577' title='bbox 1340 4636 1541 4689; x_wconf 85' lang='lat' dir='ltr'><strong>utinam</strong></span> <span class='ocrx_word' id='word_1_578' title='bbox 1574 4634 1669 4687; x_wconf 91' lang='lat' dir='ltr'><strong>tibi</strong></span> 
     </span>
    </p>
   </div>
   <div class='ocr_carea' id='block_1_91' title="bbox 132 4726 1666 4793">
    <p class='ocr_par' dir='ltr' id='par_1_91' title="bbox 132 4726 1666 4793">
     <span class='ocr_line' id='line_1_91' title="bbox 132 4726 1666 4793; baseline -0.005 -8"><span class='ocrx_word' id='word_1_579' title='bbox 132 4733 382 4788; x_wconf 81' lang='lat' dir='ltr'><strong>assiduitas</strong></span> <span class='ocrx_word' id='word_1_580' title='bbox 404 4734 658 4787; x_wconf 74' lang='lat' dir='ltr'><strong>afl‘atuum</strong></span> <span class='ocrx_word' id='word_1_581' title='bbox 682 4747 923 4787; x_wconf 87' lang='lat' dir='ltr'><strong>meorum</strong></span> <span class='ocrx_word' id='word_1_582' title='bbox 946 4746 1050 4783; x_wconf 90' lang='lat' dir='ltr'><strong>non</strong></span> <span class='ocrx_word' id='word_1_583' title='bbox 1076 4728 1317 4782; x_wconf 83' lang='lat' dir='ltr'><strong>videatur</strong></span> <span class='ocrx_word' id='word_1_584' title='bbox 1338 4726 1666 4793; x_wconf 78' lang='lat' dir='ltr'><strong>obsuepere.</strong></span> 
     </span>
    </p>
   </div>
   <div class='ocr_carea' id='block_1_92' title="bbox 134 4804 1669 4893">
    <p class='ocr_par' dir='ltr' id='par_1_92' title="bbox 134 4804 1669 4893">
     <span class='ocr_line' id='line_1_92' title="bbox 134 4804 1669 4893; baseline -0.006 -17"><span class='ocrx_word' id='word_1_585' title='bbox 134 4824 276 4893; x_wconf 82' lang='lat' dir='ltr'><strong>Prope</strong></span> <span class='ocrx_word' id='word_1_586' title='bbox 292 4835 394 4892; x_wconf 86' lang='lat' dir='ltr'><strong>est,</strong></span> <span class='ocrx_word' id='word_1_587' title='bbox 419 4835 475 4878; x_wconf 90' lang='lat' dir='ltr'><strong>ut</strong></span> <span class='ocrx_word' id='word_1_588' title='bbox 503 4824 694 4879; x_wconf 88' lang='lat' dir='ltr'><strong>referri</strong></span> <span class='ocrx_word' id='word_1_589' title='bbox 723 4822 854 4876; x_wconf 79' lang='lat' dir='ltr'><strong>mihi</strong></span> <span class='ocrx_word' id='word_1_590' title='bbox 886 4804 1177 4875; x_wconf 63' lang='lat' dir='ltr'><strong>litterarum</strong></span> <span class='ocrx_word' id='word_1_591' title='bbox 1214 4816 1435 4888; x_wconf 87' lang='lat' dir='ltr'><strong>gratiam</strong></span> <span class='ocrx_word' id='word_1_592' title='bbox 1468 4826 1669 4884; x_wconf 80' lang='lat' dir='ltr'><strong>putem,</strong></span> 
     </span>
    </p>
   </div>
   <div class='ocr_carea' id='block_1_93' title="bbox 132 4907 1526 4988">
    <p class='ocr_par' dir='ltr' id='par_1_93' title="bbox 132 4907 1526 4988">
     <span class='ocr_line' id='line_1_93' title="bbox 132 4907 1526 4988; baseline -0.005 -20"><span class='ocrx_word' id='word_1_593' title='bbox 132 4915 169 4969; x_wconf 80' lang='lat' dir='ltr'><strong>si</strong></span> <span class='ocrx_word' id='word_1_594' title='bbox 186 4919 333 4972; x_wconf 74' lang='lat' dir='ltr'><strong>sciam</strong></span> <span class='ocrx_word' id='word_1_595' title='bbox 354 4934 465 4988; x_wconf 79' lang='lat' dir='ltr'><strong>que</strong></span> <span class='ocrx_word' id='word_1_596' title='bbox 494 4918 676 4974; x_wconf 82' lang='lat' dir='ltr'><strong>scribo</strong></span> <span class='ocrx_word' id='word_1_597' title='bbox 705 4930 812 4969; x_wconf 87' lang='lat' dir='ltr'><strong>non</strong></span> <span class='ocrx_word' id='word_1_598' title='bbox 833 4911 1026 4968; x_wconf 69' lang='lat' dir='ltr'><strong>afferre</strong></span> <span class='ocrx_word' id='word_1_599' title='bbox 1056 4912 1347 4966; x_wconf 85' lang='lat' dir='ltr'><strong>fastidium.</strong></span> <span class='ocrx_word' id='word_1_600' title='bbox 1370 4907 1526 4962; x_wconf 84' lang='lat' dir='ltr'><strong>Vale.</strong></span> 
     </span>
    </p>
   </div>
   <div class='ocr_carea' id='block_1_94' title="bbox 660 5041 1107 5101">
    <p class='ocr_par' dir='ltr' id='par_1_94' title="bbox 660 5041 1107 5101">
     <span class='ocr_line' id='line_1_94' title="bbox 660 5041 1107 5101; baseline -0.016 0"><span class='ocrx_word' id='word_1_601' title='bbox 660 5045 874 5101; x_wconf 80' lang='lat' dir='ltr'><strong>EPIST.</strong></span> <span class='ocrx_word' id='word_1_602' title='bbox 923 5041 1107 5097; x_wconf 84' lang='lat' dir='ltr'><strong>LXXI.</strong></span> 
     </span>
    </p>
   </div>
   <div class='ocr_carea' id='block_1_95' title="bbox 583 5168 1169 5210">
    <p class='ocr_par' dir='ltr' id='par_1_95' title="bbox 583 5168 1169 5210">
     <span class='ocr_line' id='line_1_95' title="bbox 583 5168 1169 5210; baseline -0.007 0"><span class='ocrx_word' id='word_1_603' title='bbox 583 5168 898 5210; x_wconf 62' lang='lat' dir='ltr'><strong>III-A0808</strong></span> <span class='ocrx_word' id='word_1_604' title='bbox 922 5168 1169 5209; x_wconf 70' lang='lat' dir='ltr'><strong>TYIASIO.</strong></span> 
     </span>
    </p>
   </div>
   <div class='ocr_carea' id='block_1_96' title="bbox 190 5259 1667 5325">
    <p class='ocr_par' dir='ltr' id='par_1_96' title="bbox 190 5259 1667 5325">
     <span class='ocr_line' id='line_1_96' title="bbox 190 5259 1667 5325; baseline -0.006 -4"><span class='ocrx_word' id='word_1_605' title='bbox 190 5267 256 5322; x_wconf 74' lang='lat' dir='ltr'><strong>Ad</strong></span> <span class='ocrx_word' id='word_1_606' title='bbox 272 5269 605 5325; x_wconf 84' lang='lat' dir='ltr'><strong>scribendum</strong></span> <span class='ocrx_word' id='word_1_607' title='bbox 627 5282 715 5323; x_wconf 88' lang='lat' dir='ltr'><strong>me</strong></span> <span class='ocrx_word' id='word_1_608' title='bbox 739 5268 905 5322; x_wconf 86' lang='lat' dir='ltr'><strong>relatu</strong></span> <span class='ocrx_word' id='word_1_609' title='bbox 926 5264 1305 5321; x_wconf 86' lang='lat' dir='ltr'><strong>vicissitudinis</strong></span> <span class='ocrx_word' id='word_1_610' title='bbox 1324 5262 1575 5318; x_wconf 89' lang='lat' dir='ltr'><strong>incitasti.</strong></span> <span class='ocrx_word' id='word_1_611' title='bbox 1596 5259 1667 5313; x_wconf 86' lang='lat' dir='ltr'><strong>Ea</strong></span> 
     </span>
    </p>
   </div>
   <div class='ocr_carea' id='block_1_97' title="bbox 131 5351 1663 5429">
    <p class='ocr_par' dir='ltr' id='par_1_97' title="bbox 131 5351 1663 5429">
     <span class='ocr_line' id='line_1_97' title="bbox 131 5351 1663 5429; baseline -0.014 -5"><span class='ocrx_word' id='word_1_612' title='bbox 131 5358 296 5428; x_wconf 59' lang='lat' dir='ltr'><strong>anim</strong></span> <span class='ocrx_word' id='word_1_613' title='bbox 341 5377 512 5429; x_wconf 77' lang='lat' dir='ltr'><strong>rerum</strong></span> <span class='ocrx_word' id='word_1_614' title='bbox 544 5367 755 5413; x_wconf 78' lang='lat' dir='ltr'><strong>natura</strong></span> <span class='ocrx_word' id='word_1_615' title='bbox 801 5368 906 5426; x_wconf 87' lang='lat' dir='ltr'><strong>est,</strong></span> <span class='ocrx_word' id='word_1_616' title='bbox 949 5366 1007 5411; x_wconf 87' lang='lat' dir='ltr'><strong>ut</strong></span> <span class='ocrx_word' id='word_1_617' title='bbox 1052 5355 1344 5412; x_wconf 80' lang='lat' dir='ltr'><strong>officiorum</strong></span> <span class='ocrx_word' id='word_1_618' title='bbox 1392 5351 1663 5421; x_wconf 88' lang='lat' dir='ltr'><strong>diligentia</strong></span> 
     </span>
    </p>
   </div>
   <div class='ocr_carea' id='block_1_98' title="bbox 132 5444 1661 5514">
    <p class='ocr_par' dir='ltr' id='par_1_98' title="bbox 132 5444 1661 5514">
     <span class='ocr_line' id='line_1_98' title="bbox 132 5444 1661 5514; baseline -0.008 -9"><span class='ocrx_word' id='word_1_619' title='bbox 132 5446 276 5504; x_wconf 73' lang='lat' dir='ltr'><strong>fructu</strong></span> <span class='ocrx_word' id='word_1_620' title='bbox 304 5451 683 5507; x_wconf 86' lang='lat' dir='ltr'><strong>vicissitudinis</strong></span> <span class='ocrx_word' id='word_1_621' title='bbox 728 5449 1033 5503; x_wconf 88' lang='lat' dir='ltr'><strong>incalescat.</strong></span> <span class='ocrx_word' id='word_1_622' title='bbox 1072 5446 1237 5501; x_wconf 88' lang='lat' dir='ltr'><strong>Sume</strong></span> <span class='ocrx_word' id='word_1_623' title='bbox 1276 5445 1433 5514; x_wconf 89' lang='lat' dir='ltr'><strong>igitur</strong></span> <span class='ocrx_word' id='word_1_624' title='bbox 1460 5444 1661 5496; x_wconf 88' lang='lat' dir='ltr'><strong>saluta-</strong></span> 
     </span>
    </p>
   </div>
   <div class='ocr_carea' id='block_1_99' title="bbox 134 5536 1662 5616">
    <p class='ocr_par' dir='ltr' id='par_1_99' title="bbox 134 5536 1662 5616">
     <span class='ocr_line' id='line_1_99' title="bbox 134 5536 1662 5616; baseline -0.008 -20"><span class='ocrx_word' id='word_1_625' title='bbox 134 5541 322 5608; x_wconf 76' lang='lat' dir='ltr'><strong>tionem,</strong></span> <span class='ocrx_word' id='word_1_626' title='bbox 347 5544 605 5616; x_wconf 82' lang='lat' dir='ltr'><strong>simulque</strong></span> <span class='ocrx_word' id='word_1_627' title='bbox 634 5541 889 5597; x_wconf 90' lang='lat' dir='ltr'><strong>indicium</strong></span> <span class='ocrx_word' id='word_1_628' title='bbox 920 5538 1192 5609; x_wconf 83' lang='lat' dir='ltr'><strong>sospitatis</strong></span> <span class='ocrx_word' id='word_1_629' title='bbox 1212 5552 1344 5591; x_wconf 66' lang='lat' dir='ltr'><strong>mea:</strong></span> <span class='ocrx_word' id='word_1_630' title='bbox 1370 5536 1522 5589; x_wconf 63' lang='lat' dir='ltr'><strong>ltetus</strong></span> <span class='ocrx_word' id='word_1_631' title='bbox 1550 5549 1662 5587; x_wconf 61' lang='lat' dir='ltr'><strong>amo</strong></span> 
     </span>
    </p>
   </div>
   <div class='ocr_carea' id='block_1_100' title="bbox 135 5628 1663 5703">
    <p class='ocr_par' dir='ltr' id='par_1_100' title="bbox 135 5628 1663 5703">
     <span class='ocr_line' id='line_1_100' title="bbox 135 5628 1663 5703; baseline -0.007 -13"><span class='ocrx_word' id='word_1_632' title='bbox 135 5633 350 5703; x_wconf 79' lang='lat' dir='ltr'><strong>plectere,</strong></span> <span class='ocrx_word' id='word_1_633' title='bbox 374 5639 681 5693; x_wconf 89' lang='lat' dir='ltr'><strong>redditurus</strong></span> <span class='ocrx_word' id='word_1_634' title='bbox 708 5642 833 5688; x_wconf 78' lang='lat' dir='ltr'><strong>voto</strong></span> <span class='ocrx_word' id='word_1_635' title='bbox 856 5642 1014 5702; x_wconf 86' lang='lat' dir='ltr'><strong>atque</strong></span> <span class='ocrx_word' id='word_1_636' title='bbox 1044 5631 1221 5683; x_wconf 90' lang='lat' dir='ltr'><strong>animo</strong></span> <span class='ocrx_word' id='word_1_637' title='bbox 1249 5643 1367 5683; x_wconf 90' lang='lat' dir='ltr'><strong>meo</strong></span> <span class='ocrx_word' id='word_1_638' title='bbox 1389 5628 1663 5694; x_wconf 80' lang='lat' dir='ltr'><strong>reciproca</strong></span> 
     </span>
    </p>
   </div>
   <div class='ocr_carea' id='block_1_101' title="bbox 134 5719 1553 5795">
    <p class='ocr_par' dir='ltr' id='par_1_101' title="bbox 134 5719 1553 5795">
     <span class='ocr_line' id='line_1_101' title="bbox 134 5719 1553 5795; baseline -0.01 -11"><span class='ocrx_word' id='word_1_639' title='bbox 134 5725 297 5795; x_wconf 63' lang='lat' dir='ltr'><strong>gaudia</strong></span> <span class='ocrx_word' id='word_1_640' title='bbox 317 5729 556 5786; x_wconf 84' lang='lat' dir='ltr'><strong>similium</strong></span> <span class='ocrx_word' id='word_1_641' title='bbox 588 5728 659 5784; x_wconf 90' lang='lat' dir='ltr'><strong>de</strong></span> <span class='ocrx_word' id='word_1_642' title='bbox 680 5726 786 5782; x_wconf 88' lang='lat' dir='ltr'><strong>tuis</strong></span> <span class='ocrx_word' id='word_1_643' title='bbox 814 5723 1019 5779; x_wconf 86' lang='lat' dir='ltr'><strong>actibus</strong></span> <span class='ocrx_word' id='word_1_644' title='bbox 1049 5721 1378 5776; x_wconf 90' lang='lat' dir='ltr'><strong>nuntiorum.</strong></span> <span class='ocrx_word' id='word_1_645' title='bbox 1410 5719 1553 5772; x_wconf 84' lang='lat' dir='ltr'><strong>Vale.</strong></span> 
     </span>
    </p>
   </div>
   <div class='ocr_carea' id='block_1_102' title="bbox 1776 4529 3331 4611">
    <p class='ocr_par' dir='ltr' id='par_1_102' title="bbox 1776 4529 3331 4611">
     <span class='ocr_line' id='line_1_102' title="bbox 1776 4529 3331 4611; baseline -0.014 -10"><span class='ocrx_word' id='word_1_646' title='bbox 1776 4549 1904 4601; x_wconf 82' lang='lat' dir='ltr'><strong>Nam</strong></span> <span class='ocrx_word' id='word_1_647' title='bbox 1936 4561 2055 4599; x_wconf 89' lang='lat' dir='ltr'><strong>cum</strong></span> <span class='ocrx_word' id='word_1_648' title='bbox 2084 4557 2193 4611; x_wconf 59' lang='lat' dir='ltr'><strong>pra!</strong></span> <span class='ocrx_word' id='word_1_649' title='bbox 2221 4540 2431 4593; x_wconf 61' lang='lat' dir='ltr'><strong>ceteris</strong></span> <span class='ocrx_word' id='word_1_650' title='bbox 2463 4536 2553 4589; x_wconf 90' lang='lat' dir='ltr'><strong>tibi</strong></span> <span class='ocrx_word' id='word_1_651' title='bbox 2576 4533 2864 4587; x_wconf 86' lang='lat' dir='ltr'><strong>domestica</strong></span> <span class='ocrx_word' id='word_1_652' title='bbox 2894 4531 3027 4584; x_wconf 87' lang='lat' dir='ltr'><strong>bona</strong></span> <span class='ocrx_word' id='word_1_653' title='bbox 3057 4543 3178 4581; x_wconf 87' lang='lat' dir='ltr'><strong>cara</strong></span> <span class='ocrx_word' id='word_1_654' title='bbox 3204 4529 3331 4591; x_wconf 80' lang='lat' dir='ltr'><strong>sint,</strong></span> 
     </span>
    </p>
   </div>
   <div class='ocr_carea' id='block_1_103' title="bbox 1774 4618 3327 4705">
    <p class='ocr_par' dir='ltr' id='par_1_103' title="bbox 1774 4618 3327 4705">
     <span class='ocr_line' id='line_1_103' title="bbox 1774 4618 3327 4705; baseline -0.014 -13"><span class='ocrx_word' id='word_1_655' title='bbox 1774 4638 2068 4705; x_wconf 82' lang='lat' dir='ltr'><strong>proximum</strong></span> <span class='ocrx_word' id='word_1_656' title='bbox 2090 4632 2189 4686; x_wconf 90' lang='lat' dir='ltr'><strong>sibi</strong></span> <span class='ocrx_word' id='word_1_657' title='bbox 2212 4629 2459 4699; x_wconf 90' lang='lat' dir='ltr'><strong>gaudium</strong></span> <span class='ocrx_word' id='word_1_658' title='bbox 2477 4626 2597 4695; x_wconf 89' lang='lat' dir='ltr'><strong>jure</strong></span> <span class='ocrx_word' id='word_1_659' title='bbox 2617 4626 2905 4691; x_wconf 85' lang='lat' dir='ltr'><strong>amicorum</strong></span> <span class='ocrx_word' id='word_1_660' title='bbox 2930 4634 3054 4673; x_wconf 90' lang='lat' dir='ltr'><strong>cura</strong></span> <span class='ocrx_word' id='word_1_661' title='bbox 3076 4618 3327 4671; x_wconf 88' lang='lat' dir='ltr'><strong>defendit.</strong></span> 
     </span>
    </p>
   </div>
   <div class='ocr_carea' id='block_1_104' title="bbox 1775 4707 3336 4799">
    <p class='ocr_par' dir='ltr' id='par_1_104' title="bbox 1775 4707 3336 4799">
     <span class='ocr_line' id='line_1_104' title="bbox 1775 4707 3336 4799; baseline -0.015 -15"><span class='ocrx_word' id='word_1_662' title='bbox 1775 4733 1913 4799; x_wconf 84' lang='lat' dir='ltr'><strong>Ergo</strong></span> <span class='ocrx_word' id='word_1_663' title='bbox 1941 4728 2027 4781; x_wconf 90' lang='lat' dir='ltr'><strong>ubi</strong></span> <span class='ocrx_word' id='word_1_664' title='bbox 2054 4724 2318 4779; x_wconf 88' lang='lat' dir='ltr'><strong>desiderio</strong></span> <span class='ocrx_word' id='word_1_665' title='bbox 2362 4730 2453 4773; x_wconf 92' lang='lat' dir='ltr'><strong>tuo</strong></span> <span class='ocrx_word' id='word_1_666' title='bbox 2484 4720 2582 4786; x_wconf 79' lang='lat' dir='ltr'><strong>piae</strong></span> <span class='ocrx_word' id='word_1_667' title='bbox 2609 4710 3028 4769; x_wconf 81' lang='lat' dir='ltr'><strong>necessitudines</strong></span> <span class='ocrx_word' id='word_1_668' title='bbox 3062 4707 3336 4763; x_wconf 62' lang='lat' dir='ltr'><strong>satisfece«</strong></span> 
     </span>
    </p>
   </div>
   <div class='ocr_carea' id='block_1_105' title="bbox 1773 4800 3327 4883">
    <p class='ocr_par' dir='ltr' id='par_1_105' title="bbox 1773 4800 3327 4883">
     <span class='ocr_line' id='line_1_105' title="bbox 1773 4800 3327 4883; baseline -0.018 -7"><span class='ocrx_word' id='word_1_669' title='bbox 1773 4822 1901 4883; x_wconf 89' lang='lat' dir='ltr'><strong>rint,</strong></span> <span class='ocrx_word' id='word_1_670' title='bbox 1927 4819 1993 4871; x_wconf 90' lang='lat' dir='ltr'><strong>ad</strong></span> <span class='ocrx_word' id='word_1_671' title='bbox 2034 4814 2243 4867; x_wconf 73' lang='lat' dir='ltr'><strong>nostras</strong></span> <span class='ocrx_word' id='word_1_672' title='bbox 2282 4824 2494 4879; x_wconf 85' lang='lat' dir='ltr'><strong>quoque</strong></span> <span class='ocrx_word' id='word_1_673' title='bbox 2536 4806 2740 4860; x_wconf 78' lang='lat' dir='ltr'><strong>litteras</strong></span> <span class='ocrx_word' id='word_1_674' title='bbox 2779 4804 2916 4858; x_wconf 85' lang='lat' dir='ltr'><strong>oculi</strong></span> <span class='ocrx_word' id='word_1_675' title='bbox 2953 4800 3327 4861; x_wconf 74' lang='lat' dir='ltr'><strong>conferantur:</strong></span> 
     </span>
    </p>
   </div>
   <div class='ocr_carea' id='block_1_106' title="bbox 1776 4895 3327 4982">
    <p class='ocr_par' dir='ltr' id='par_1_106' title="bbox 1776 4895 3327 4982">
     <span class='ocr_line' id='line_1_106' title="bbox 1776 4895 3327 4982; baseline -0.018 -16"><span class='ocrx_word' id='word_1_676' title='bbox 1776 4925 1999 4982; x_wconf 90' lang='lat' dir='ltr'><strong>quarum</strong></span> <span class='ocrx_word' id='word_1_677' title='bbox 2037 4908 2151 4960; x_wconf 75' lang='lat' dir='ltr'><strong>lucc</strong></span> <span class='ocrx_word' id='word_1_678' title='bbox 2192 4918 2396 4957; x_wconf 86' lang='lat' dir='ltr'><strong>summa</strong></span> <span class='ocrx_word' id='word_1_679' title='bbox 2436 4909 2539 4964; x_wconf 89' lang='lat' dir='ltr'><strong>est,</strong></span> <span class='ocrx_word' id='word_1_680' title='bbox 2587 4908 2643 4950; x_wconf 92' lang='lat' dir='ltr'><strong>ut</strong></span> <span class='ocrx_word' id='word_1_681' title='bbox 2687 4895 2975 4967; x_wconf 36' lang='lat' dir='ltr'><strong>meivalere</strong></span> <span class='ocrx_word' id='word_1_682' title='bbox 3020 4904 3327 4958; x_wconf 82' lang='lat' dir='ltr'><strong>cognoscas.</strong></span> 
     </span>
    </p>
   </div>
   <div class='ocr_carea' id='block_1_107' title="bbox 1776 4984 3330 5062">
    <p class='ocr_par' dir='ltr' id='par_1_107' title="bbox 1776 4984 3330 5062">
     <span class='ocr_line' id='line_1_107' title="bbox 1776 4984 3330 5062; baseline -0.016 -4"><span class='ocrx_word' id='word_1_683' title='bbox 1776 5005 1907 5058; x_wconf 84' lang='lat' dir='ltr'><strong>Nolo</strong></span> <span class='ocrx_word' id='word_1_684' title='bbox 1924 5000 2064 5055; x_wconf 92' lang='lat' dir='ltr'><strong>enim</strong></span> <span class='ocrx_word' id='word_1_685' title='bbox 2089 5008 2139 5051; x_wconf 90' lang='lat' dir='ltr'><strong>te</strong></span> <span class='ocrx_word' id='word_1_686' title='bbox 2159 5010 2190 5049; x_wconf 88' lang='lat' dir='ltr'><strong>a</strong></span> <span class='ocrx_word' id='word_1_687' title='bbox 2210 4992 2491 5062; x_wconf 88' lang='lat' dir='ltr'><strong>colloquiis</strong></span> <span class='ocrx_word' id='word_1_688' title='bbox 2512 4999 2720 5043; x_wconf 89' lang='lat' dir='ltr'><strong>tuorum</strong></span> <span class='ocrx_word' id='word_1_689' title='bbox 2745 4984 2929 5055; x_wconf 87' lang='lat' dir='ltr'><strong>pagina</strong></span> <span class='ocrx_word' id='word_1_690' title='bbox 2955 4984 3189 5051; x_wconf 89' lang='lat' dir='ltr'><strong>longiore</strong></span> <span class='ocrx_word' id='word_1_691' title='bbox 3212 4997 3330 5048; x_wconf 87' lang='lat' dir='ltr'><strong>pro-</strong></span> 
     </span>
    </p>
   </div>
   <div class='ocr_carea' id='block_1_108' title="bbox 1776 5090 2697 5158">
    <p class='ocr_par' dir='ltr' id='par_1_108' title="bbox 1776 5090 2697 5158">
     <span class='ocr_line' id='line_1_108' title="bbox 1776 5090 2697 5158; baseline 0.009 -8"><span class='ocrx_word' id='word_1_692' title='bbox 1776 5098 1991 5151; x_wconf 88' lang='lat' dir='ltr'><strong>ducere.</strong></span> <span class='ocrx_word' id='word_1_693' title='bbox 2025 5090 2172 5145; x_wconf 78' lang='lat' dir='ltr'><strong>Vale.</strong></span> <span class='ocrx_word' id='word_1_694' title='bbox 2317 5152 2503 5158; x_wconf 41' lang='grc' dir='ltr'><strong>μη,</strong></span> <span class='ocrx_word' id='word_1_695' title='bbox 2565 5150 2585 5158; x_wconf 85' lang='grc'><strong>,</strong></span> <span class='ocrx_word' id='word_1_696' title='bbox 2610 5149 2697 5158; x_wconf 84' lang='grc'><strong>-.-.</strong></span> 
     </span>
    </p>
   </div>
   <div class='ocr_carea' id='block_1_109' title="bbox 2314 5147 2794 5209">
    <p class='ocr_par' dir='ltr' id='par_1_109' title="bbox 2314 5147 2794 5209">
     <span class='ocr_line' id='line_1_109' title="bbox 2314 5147 2794 5209; baseline -0.019 0"><span class='ocrx_word' id='word_1_697' title='bbox 2314 5152 2521 5209; x_wconf 86' lang='lat' dir='ltr'><strong>EPIST.</strong></span> <span class='ocrx_word' id='word_1_698' title='bbox 2565 5147 2794 5203; x_wconf 80' lang='lat' dir='ltr'><strong>LXXVI.</strong></span> 
     </span>
    </p>
   </div>
   <div class='ocr_carea' id='block_1_110' title="bbox 2252 5252 2846 5299">
    <p class='ocr_par' dir='ltr' id='par_1_110' title="bbox 2252 5252 2846 5299">
     <span class='ocr_line' id='line_1_110' title="bbox 2252 5252 2846 5299; baseline -0.02 0"><span class='ocrx_word' id='word_1_699' title='bbox 2252 5254 2551 5299; x_wconf 70' lang='lat' dir='ltr'><strong>SYIIIIACBUS</strong></span> <span class='ocrx_word' id='word_1_700' title='bbox 2590 5252 2846 5291; x_wconf 69' lang='lat' dir='ltr'><strong>PROIOTO.</strong></span> 
     </span>
    </p>
   </div>
   <div class='ocr_carea' id='block_1_111' title="bbox 1846 5323 3330 5405">
    <p class='ocr_par' dir='ltr' id='par_1_111' title="bbox 1846 5323 3330 5405">
     <span class='ocr_line' id='line_1_111' title="bbox 1846 5323 3330 5405; baseline -0.013 -10"><span class='ocrx_word' id='word_1_701' title='bbox 1846 5343 1959 5397; x_wconf 90' lang='lat' dir='ltr'><strong>Duo</strong></span> <span class='ocrx_word' id='word_1_702' title='bbox 1998 5338 2126 5393; x_wconf 89' lang='lat' dir='ltr'><strong>mihi</strong></span> <span class='ocrx_word' id='word_1_703' title='bbox 2165 5345 2312 5405; x_wconf 88' lang='lat' dir='ltr'><strong>grata</strong></span> <span class='ocrx_word' id='word_1_704' title='bbox 2350 5328 2681 5399; x_wconf 86' lang='lat' dir='ltr'><strong>proveniunt,</strong></span> <span class='ocrx_word' id='word_1_705' title='bbox 2721 5325 2929 5390; x_wconf 89' lang='lat' dir='ltr'><strong>quoties</strong></span> <span class='ocrx_word' id='word_1_706' title='bbox 2956 5337 2985 5376; x_wconf 89' lang='lat' dir='ltr'><strong>a</strong></span> <span class='ocrx_word' id='word_1_707' title='bbox 3026 5336 3111 5376; x_wconf 91' lang='lat' dir='ltr'><strong>me</strong></span> <span class='ocrx_word' id='word_1_708' title='bbox 3141 5323 3330 5376; x_wconf 72' lang='lat' dir='ltr'><strong>littera:</strong></span> 
     </span>
    </p>
   </div>
   <div class='ocr_carea' id='block_1_112' title="bbox 1775 5410 3325 5505">
    <p class='ocr_par' dir='ltr' id='par_1_112' title="bbox 1775 5410 3325 5505">
     <span class='ocr_line' id='line_1_112' title="bbox 1775 5410 3325 5505; baseline -0.016 -16"><span class='ocrx_word' id='word_1_709' title='bbox 1775 5432 2140 5505; x_wconf 88' lang='lat' dir='ltr'><strong>postulantur:</strong></span> <span class='ocrx_word' id='word_1_710' title='bbox 2166 5436 2218 5482; x_wconf 91' lang='lat' dir='ltr'><strong>et</strong></span> <span class='ocrx_word' id='word_1_711' title='bbox 2245 5423 2383 5492; x_wconf 91' lang='lat' dir='ltr'><strong>quod</strong></span> <span class='ocrx_word' id='word_1_712' title='bbox 2417 5410 2468 5474; x_wconf 87' lang='lat' dir='ltr'><strong>te</strong></span> <span class='ocrx_word' id='word_1_713' title='bbox 2491 5421 2692 5472; x_wconf 83' lang='lat' dir='ltr'><strong>honore</strong></span> <span class='ocrx_word' id='word_1_714' title='bbox 2708 5414 3041 5468; x_wconf 85' lang='lat' dir='ltr'><strong>salutationis</strong></span> <span class='ocrx_word' id='word_1_715' title='bbox 3063 5414 3325 5480; x_wconf 88' lang='lat' dir='ltr'><strong>impertio,</strong></span> 
     </span>
    </p>
   </div>
   <div class='ocr_carea' id='block_1_113' title="bbox 1772 5504 3324 5591">
    <p class='ocr_par' dir='ltr' id='par_1_113' title="bbox 1772 5504 3324 5591">
     <span class='ocr_line' id='line_1_113' title="bbox 1772 5504 3324 5591; baseline -0.018 -11"><span class='ocrx_word' id='word_1_716' title='bbox 1772 5504 1826 5582; x_wconf 85' lang='lat' dir='ltr'><strong>et</strong></span> <span class='ocrx_word' id='word_1_717' title='bbox 1848 5523 1986 5591; x_wconf 86' lang='lat' dir='ltr'><strong>quod</strong></span> <span class='ocrx_word' id='word_1_718' title='bbox 2017 5532 2229 5587; x_wconf 84' lang='lat' dir='ltr'><strong>operam</strong></span> <span class='ocrx_word' id='word_1_719' title='bbox 2259 5504 2733 5567; x_wconf 86' lang='lat' dir='ltr'><strong>commendationis</strong></span> <span class='ocrx_word' id='word_1_720' title='bbox 2755 5514 2949 5573; x_wconf 68' lang='lat' dir='ltr'><strong>praesto</strong></span> <span class='ocrx_word' id='word_1_721' title='bbox 2969 5504 3324 5571; x_wconf 81' lang='lat' dir='ltr'><strong>poscentibus.</strong></span> 
     </span>
    </p>
   </div>
   <div class='ocr_carea' id='block_1_114' title="bbox 1772 5594 3328 5681">
    <p class='ocr_par' dir='ltr' id='par_1_114' title="bbox 1772 5594 3328 5681">
     <span class='ocr_line' id='line_1_114' title="bbox 1772 5594 3328 5681; baseline -0.019 -9"><span class='ocrx_word' id='word_1_722' title='bbox 1772 5617 1902 5673; x_wconf 84' lang='lat' dir='ltr'><strong>Cum</strong></span> <span class='ocrx_word' id='word_1_723' title='bbox 1951 5614 2108 5681; x_wconf 79' lang='lat' dir='ltr'><strong>igitur</strong></span> <span class='ocrx_word' id='word_1_724' title='bbox 2150 5608 2216 5660; x_wconf 86' lang='lat' dir='ltr'><strong>ad</strong></span> <span class='ocrx_word' id='word_1_725' title='bbox 2265 5604 2489 5658; x_wconf 84' lang='lat' dir='ltr'><strong>Africam</strong></span> <span class='ocrx_word' id='word_1_726' title='bbox 2542 5597 2769 5652; x_wconf 90' lang='lat' dir='ltr'><strong>reditum</strong></span> <span class='ocrx_word' id='word_1_727' title='bbox 2815 5594 3125 5660; x_wconf 80' lang='lat' dir='ltr'><strong>Paregorius</strong></span> <span class='ocrx_word' id='word_1_728' title='bbox 3163 5594 3328 5645; x_wconf 72' lang='lat' dir='ltr'><strong>clLeus</strong></span> 
     </span>
    </p>
   </div>
   <div class='ocr_carea' id='block_1_115' title="bbox 1775 5683 3323 5781">
    <p class='ocr_par' dir='ltr' id='par_1_115' title="bbox 1775 5683 3323 5781">
     <span class='ocr_line' id='line_1_115' title="bbox 1775 5683 3323 5781; baseline -0.022 -16"><span class='ocrx_word' id='word_1_729' title='bbox 1775 5718 1951 5765; x_wconf 83' lang='lat' dir='ltr'><strong>uoster</strong></span> <span class='ocrx_word' id='word_1_730' title='bbox 1982 5706 2280 5760; x_wconf 81' lang='lat' dir='ltr'><strong>instrueret,</strong></span> <span class='ocrx_word' id='word_1_731' title='bbox 2308 5702 2361 5747; x_wconf 87' lang='lat' dir='ltr'><strong>et</strong></span> <span class='ocrx_word' id='word_1_732' title='bbox 2388 5689 2685 5781; x_wconf 69' lang='lat' dir='ltr'><strong>liujusmodi</strong></span> <span class='ocrx_word' id='word_1_733' title='bbox 2715 5688 2915 5740; x_wconf 86' lang='lat' dir='ltr'><strong>litteras</strong></span> <span class='ocrx_word' id='word_1_734' title='bbox 2947 5684 3210 5747; x_wconf 76' lang='lat' dir='ltr'><strong>impendio</strong></span> <span class='ocrx_word' id='word_1_735' title='bbox 3234 5683 3323 5734; x_wconf 78' lang='lat' dir='ltr'><strong>Ila-</strong></span> 
     </span>
    </p>
   </div>
  </div>
