3920 6348
202 198 317 255 817
1318 194 1382 250 ΙΝ
1424 190 1776 251 AUSONIUM
1816 189 2353 248 PROLEGOMENA.
3383 182 3486 237 818

202 317 400 373 Annua
428 331 549 389 quae
576 316 798 373 diﬂ'erre
826 315 976 372 nefas
1011 332 1023 368 :
1055 313 1327 370 celebrate
1359 314 1603 367 faventes
1828 310 1872 368 Λ
1902 308 1946 362 0
1974 308 2147 364 dulcis
2173 308 2371 379 conjux
2406 324 2419 363 :
2450 316 2502 361 ct
2533 306 2576 360 si
2607 305 2806 376 pietate
2828 309 3133 366 merentur,

203 409 361 467 llunc
392 412 523 466 socii
558 427 760 467 morem
786 423 1095 477 sacrorum,
1131 408 1275 463 bunc
1302 409 1416 478 ipse
1442 413 1660 469 teneto,
1908 401 2017 457 llac
2042 401 2175 456 casti
2204 408 2457 456 maneant
2485 398 2536 454 in
2562 398 2843 469 relligione
2876 402 3121 465 nepotes.

3119 546 3463 573 —--—-—-—

1291 700 2404 833 APPENDIX

1804 887 1892 939 AD

485 1017 1426 1181 POETAS
1582 1013 3206 1179 CHRISTIANOS

1338 1282 1802 1394 QUARTI
1832 1326 1835 1329 -
1875 1278 2349 1364 SZECULI.

1518 1574 2164 1650 ADMONITIO.

272 1735 339 1791 In
370 1736 468 1791 liae
493 1734 775 1807 appendice
798 1735 1127 1789 continentur
1157 1732 1373 1788 Ausonii
1409 1749 1588 1802 Opera.
1622 1731 1648 1787 ι
1659 1732 1783 1787 llum
1810 1748 1928 1787 vero
1957 1749 2048 1796 cur
2080 1749 2110 1786 a
2141 1735 2304 1804 poetis
2337 1731 2646 1811 Christianis
2678 1736 2765 1803 qui
2794 1734 2970 1789 eadem
3001 1741 3151 1789 letale
3178 1737 3490 1804 ﬂoruerunt,

192 1830 323 1881 cum
348 1831 457 1899 ipse
480 1825 683 1879 Christo
713 1841 895 1879 nomen
925 1824 1143 1891 dederit,
1176 1823 1564 1891 absciderimus,
1587 1825 1712 1877 satis
1741 1834 1808 1878 ea:
1835 1824 2123 1879 carminum
2152 1825 2265 1892 eius
2293 1824 2506 1880 lectione
2532 1838 2845 1897 compertum
2868 1827 2984 1893 erit,
3011 1842 3226 1896 quorum
3251 1830 3496 1897 pleraque

190 1938 228 1975 ιι
259 1920 559 1976 Christiana
588 1916 793 1980 indole,
842 1918 1091 1971 nonnulla
1126 1918 1283 1969 etiam
1313 1917 1377 1971 ab
1402 1918 1516 1990 ipso
1546 1918 1744 1989 pudore
1773 1917 1981 1989 longius
2008 1918 2270 1986 aberrant,
2313 1937 2481 1989 pauca
2510 1931 2709 1976 tantum
2741 1922 2844 1975 reri
2873 1921 2967 1975 Dei
3010 1921 3192 1976 no'nen
3222 1923 3495 1977 inducunt.

194 2014 468 2083 Quidquid
497 2013 648 2084 igitur
676 2012 822 2065 nobis
853 2012 1163 2066 obscenitate
1190 2010 1365 2080 aliqua
1391 2012 1623 2066 laborare
1648 2011 1813 2065 visum
1837 2020 2019 2077 est,-eo
2042 2012 2281 2067 libentius
2311 2014 2621 2083 reticuimus,
2653 2015 2790 2086 quod
2810 2016 2946 2079 nihil
2975 2016 3093 2071 inde
3125 2018 3224 2070 nisi
3253 2033 3496 2071 nauseam

190 2111 356 2163 lector
380 2108 601 2177 pudicus
627 2103 783 2159 simul
811 2114 856 2158 et
885 2105 1144 2159 litteratus
1172 2105 1431 2177 percipere
1459 2104 1730 2174 potuisset.
1760 2102 2013 2159 Cancrum
2040 2108 2178 2177 quod
2216 2109 2283 2162 ad
2314 2110 2657 2164 recensionem
2688 2093 3224 2185 nostramgeneratim
3251 2113 3494 2180 pertinet,

191 2207 331 2256 lianc
367 2217 474 2256 esse
510 2216 668 2271 quam
704 2198 927 2252 maxime
964 2198 1265 2267 Complelam
1298 2206 1344 2250 et
1375 2196 1611 2252 omnibus
1654 2198 1879 2253 numeris
1908 2198 2198 2254 absolutam
2228 2201 2291 2256 de
2332 2218 2471 2255 more
2509 2204 2801 2258 curavimus
2821 2248 2833 2272 ,
2864 2207 3019 2260 variis
3046 2208 3181 2261 inter
3207 2224 3261 2259 se
3291 2206 3495 2261 collatis

186 2293 524 2362 editionibus,
556 2295 760 2361 aliaque
787 2292 850 2346 ab
876 2293 984 2346 alia
1015 2308 1163 2362 Opem
1193 2294 1463 2349 muluatis.
1511 2274 1724 2345 Harum.
1747 2292 2007 2363 praecipue
2042 2294 2174 2349 duas
2213 2297 2608 2351 memorabimus
2640 2318 2659 2352 :
2690 2314 2847 2351 unam
2886 2314 3003 2368 qua:
3032 2300 3227 2371 prodiit
3252 2300 3494 2371 Lugduni

186 2404 332 2442 anno
360 2386 520 2455 1540,
550 2387 719 2453 in-8°,
743 2385 890 2456 apud
922 2384 1043 2441 Seb.
1074 2384 1400 2455 Gryphium;
1428 2384 1648 2439 alteram
1674 2394 1955 2441 exstantem
1983 2388 2036 2441 in
2076 2387 2387 2443 Collectione
2416 2389 2675 2444 ditissima
2716 2388 2937 2444 Pesauri
2972 2406 3096 2444 cusa
3121 2392 3279 2457 1766,
3316 2392 3490 2447 ὀνκ-4ο.

1018 2639 1128 2713 ΙΝ
1204 2638 1763 2715 AUSONIUM
1837 2638 2689 2714 PROLEGOMENA.

610 2888 662 2942 1.
699 2883 919 2940 Ausonii
946 2893 1070 2939 telas
1092 2893 1137 2939 el
1159 2882 1367 2950 religio.

1904 2907 2081 2963 minus
2102 2921 2165 2963 ac
2196 2907 2632 2963 Valentinianum
2658 2907 2882 2963 fratrem
2924 2909 2975 2963 in
3008 2908 3215 2981 litteris
3245 2908 3493 2966 inStitue«

1899 3010 2000 3070 rat,
2039 3000 2319 3071 promatus
2347 3000 2415 3055 ad
2445 3010 2797 3071 quaesturam,
2832 3001 3209 3071 praefecturam
3250 3003 3492 3075 prmtorii

1896 3103 1972 3159 et,
1996 3097 2063 3149 A.
2088 3095 2148 3150 C.
2177 3094 2306 3158 579,
2326 3093 2395 3149 ad
2424 3094 2788 3159 consulatum,
2812 3094 2947 3149 obiit
2977 3095 3279 3165 imperante
3302 3095 3486 3151 Hono-

272 3005 527 3061 Decimus
575 3004 798 3074 Magnus
838 3002 1115 3057 Ausonius
1173 3000 1253 3074 (a)
1321 3001 1740 3073 Burdegalensis
1771 3044 1788 3071 ,

195 3097 585 3171 grammaticus
605 3106 659 3152 et
689 3097 878 3152 rhetor
912 3094 1285 3163 doctissimus,
1322 3105 1480 3169 poeta
1509 3110 1642 3151 vero
1661 3109 1789 3150 sua-

3246 9 3593 23 —-—E

194 3194 283 3249 vis
334 3202 498 3263 atque
528 3191 865 3263 ingeniosus,
896 3188 1097 3245 Christi
1142 3186 1241 3261 (b)
1278 3189 1440 3243 etiam
1482 3188 1653 3244 sam-is
1692 3187 1792 3242 ad-

194 3287 396 3352 dictus,
430 3287 534 3343 etsi
559 3284 677 3357 ejns
710 3285 789 3340 rei
818 3300 941 3340 rara
980 3284 1168 3353 (certe
1206 3281 1428 3353 tamen)
1476 3283 1528 3338 in
1575 3282 1796 3353 scriptis

197 3379 314 3437 suis
337 3379 557 3451 reliquit
576 3378 823 3449 vestigia.
860 3377 942 3433 Ab
974 3377 1105 3449 imp.
1143 3375 1408 3433 Gratiano
1433 3417 1449 3445 ,
1499 3392 1661 3449 quem
1686 3390 1794 3431 non

274 3532 353 3604 (a)
378 3530 788 3604 Ausoniihujus
806 3540 968 3604 pater
992 3530 1167 3587 Julius
1196 3530 1467 3604 Ausonius
1490 3573 1504 3594 ,
1534 3530 1796 3604 vasaten-

200 3602 301 3665 sis,
333 3602 572 3660 Medicus
608 3603 874 3663 Valentini
904 3604 1156 3658 senioris.
1202 3602 1332 3672 Ejus
1358 3603 1531 3658 libros
1566 3602 1637 3658 de
1682 3617 1797 3657 me-

201 3675 385 3731 dicina
425 3685 687 3731 memorat
717 3674 1001 3729 Marcellus
1042 3673 1365 3746 Empiricos.
1410 3674 1608 3729 Fertur
1646 3684 1703 3729 et
1732 3672 1799 3727 il-

208 3748 315 3802 lius
338 3748 565 3814 dictum,
590 3746 792 3801 beatum
820 3762 929 3801 esse
960 3762 1061 3800 non
1090 3748 1181 3817 qui
1211 3745 1363 3817 habet
1384 3762 1500 3815 qua:
1520 3746 1683 3812 cupit,
1706 3747 1797 3799 sed

203 3820 296 3890 qui
327 3836 430 3873 non
460 3820 604 3885 cupit
632 3834 748 3887 qua:
769 3833 870 3871 non
892 3817 1067 3890 habet.
1102 3816 1797 3890 ’AddedJosepli._Scalige-

202 3887 325 3945 rum
360 3892 409 3944 in
440 3890 666 3945 Ansmiii
695 3890 824 3957 vita,
858 3898 911 3943 et
942 3889 1189 3943 Vossium
1239 3888 1379 3943 libro
1426 3887 1496 3944 de
1546 3888 1798 3943 Philoso-

202 3962 328 4031 phia
363 3977 485 4033 pag.
512 3962 634 4033 105,
660 3960 1143 4033 Quambonusvir
1190 3960 1365 4033 fuerit
1394 3962 1661 4015 Ausonius
1701 3960 1789 4015 ille

202 4030 382 4103 pater,
412 4030 564 4087 docet
599 4031 741 4087 illius
762 4030 1021 4100 Epieedio
1041 4031 1094 4103 in
1117 4046 1239 4088 eum
1268 4032 1494 4103 scripto,
1518 4043 1625 4102 quo
1652 4033 1793 4087 inter

201 4102 308 4159 alia
329 4112 555 4159 testatur
576 4104 997 4173 nonagenarium
1020 4102 1240 4159 obiisse.
1264 4102 1642 4173 Genealogiam
1665 4105 1795 4158 inte-

201 4190 355 4245 gram
386 4175 508 4230 vide
536 4172 902 4246 parentalibus
930 4175 1227 4246 subiectam
1253 4172 1503 4246 pag.rll5
1516 4172 1651 4229 edit.
1678 4174 1791 4230 Jac.

204 4244 391 4303 'l’ollii.
436 4244 589 4303 Alitis
628 4244 729 4300 fuit
764 4246 1032 4300 Ausonius
1053 4244 1337 4316 SOphiSlﬁ,
1359 4245 1429 4301 de
1450 4262 1555 4315 quo
1578 4246 1792 4301 Suidas.

278 4318 357 4391 (b)
386 4319 554 4374 Olaus
582 4316 895 4391 Borricliius
955 4317 1039 4391 vir
1072 4316 1283 4373 clariss.
1320 4318 1372 4372 in
1410 4318 1547 4391 libro
1574 4318 1798 4391 degl'oe-

206 4388 362 4456 tis‘p.
386 4393 486 4453 73,
516 4399 569 4445 et
595 4389 943 4445 doctissimus
971 4388 1181 4443 Caveus
1216 4398 1365 4457 parte
1395 4406 1430 4443 Il
1472 4388 1605 4443 Hist.
1648 4389 1792 4445 litte-

1900 3187 1981 3241 rio
2010 3195 2131 3255 post
2162 3182 2323 3270 A..C.
2354 3185 2479 3241 592.
2512 3186 2587 3241 De
2616 3185 2858 3242 Ausonio
2889 3186 3225 3242 consulenda
3252 3187 3370 3243 Vita
3404 3186 3489 3242 Fl.

1900 3277 2067 3335 Mallii
2097 3276 2370 3333 Theodori
2396 3278 2597 3349 scripta
2624 3278 2693 3333 ab
2720 3278 2949 3334 Alberto
2990 3272 3181 3334 Paulo'
3207 3280 3456 3336 Rubenio
3476 3323 3491 3347 ,

1897 3387 2062 3443 quam
2091 3370 2329 3443 vulgavit
2356 3369 2808 3442 vaiusUltraj.
2840 3369 3002 3438 1699,
3026 3371 3492 3429 in-l‘2.Vicarium

1906 3528 2029 3584 dem
2058 3529 2372 3602 episcopum
2424 3544 2640 3602 quoque
2690 3529 2963 3602 exstitisse
3012 3529 3491 3602 Burdegalensem,

1906 3610 2038 3655 tom.
2067 3601 2111 3665 ι,
2140 3599 2208 3655 de
2231 3599 2606 3672 Scriptoribus
2629 3614 2735 3655 non
2762 3601 3103 3668 Ecclesiast.,
3132 3599 3309 3672 p.37;
3330 3604 3490 3659 Chri-

1905 3673 2140 3745 stianum
2173 3686 2302 3745 vero
2328 3669 2497 3745 luisse
2527 3674 2849 3737 Ausonium,
2880 3672 3027 3745 utiad
3049 3669 3155 3727 alia
3170 3687 3486 3745 argumenta

1904 3758 1967 3801 ex
1999 3742 2166 3811 ipsius
2192 3743 2407 3811 scriptis
2440 3758 2723 3798 recurrere
2753 3758 2861 3798 non
2915 3744 2982 3798 sit
3032 3742 3259 3801 necesse
3282 3788 3297 3812 ,
3350 3748 3491 3801 idem

1906 3814 2166 3942 Paullinus
2193 3814 2501 3870 luculenter
2525 3822 2755 3870 testatur
2779 3814 2845 3870 ad
2868 3830 2991 3871 eum
3020 3817 3266 3873 scribens
3296 3819 3348 3873 in
3379 3822 3493 3874 lure

1906 3902 2001 3941 ver
2039 3900 2070 3939 a
2100 3929 2113 3942 .

1906 3900 2070 3942 verba
2100 3929 2113 3954 ,

1993 3989 2148 4053 Inque
2173 3995 2255 4039 tuo
2280 3995 2443 4039 tantus
2465 3990 2605 4039 nobis
2627 4001 2898 4039 consensus
2923 4001 3091 4053 amore
3116 3997 3214 4053 est,

1993 4052 2212 4111 Quantus
2232 4058 2282 4101 et
2306 4054 2354 4101 in
2379 4053 2569 4107 Christo
2592 4064 2814 4103 connexa
2830 4060 2999 4102 mente
3021 4052 3251 4104 colendo.

1900 4159 2125 4249 Rectius
2152 4161 2336 4249 itaque
2364 4162 2633 4249 fiyraldus
2657 4163 2977 4249 dialogo“),
3008 4164 3077 4249 de
3106 4164 3486 4249 PoetissCIiri-

1901 4236 2100 4288 stianus
2121 4236 2325 4304 quidem
2348 4236 2611 4288 Ausonius
2652 4236 2771 4305 fuit,
2811 4245 2866 4289 ut
2905 4253 2969 4289 ea:
3007 4239 3121 4308 ejus
3163 4238 3389 4295 versibus
3442 4250 3490 4291 et

1902 4306 2019 4378 item
2050 4303 2265 4359 Paulini
2294 4307 2405 4376 ejus
2435 4306 2677 4378 discipuli
2695 4306 2853 4377 facile
2877 4308 3191 4377 colligimus,
3226 4310 3313 4362 sed
3334 4320 3491 4378 pelu-

1902 4315 2019 4358 item
2050 4315 2263 4359 Paulini
2294 4315 2405 4376 ejus
2435 4315 2677 4377 discipuli
2695 4315 2853 4377 facile
2877 4315 3191 4377 colligimus,
3226 4315 3313 4362 sed
3334 4320 3490 4378 pelu-

1906 4376 2097 4429 lantior
2117 4385 2284 4429 tamen
2316 4386 2376 4451 et
2390 4376 2632 4451 lascivior
2662 4378 2905 4451 (respicit
2942 4378 3211 4449 Gyraldus
3240 4389 3352 4435 tum
3374 4384 3490 4451 epi-

208 4448 367 4520 rari'a:
398 4448 653 4531 scriptor.
680 4459 889 4531 Ecclus.
916 4476 1039 4529 pag.
1068 4460 1193 4525 100,
1216 4448 1643 4531 Cbristoplmrns
1669 4462 1794 4516 item

1904 4456 2196 4531 grammati:
2225 4450 2470 4531 quamam
2506 4448 2703 4504 lasciva
2727 4459 2783 4531 et
2808 4448 3247 4519 llammisjudice
3268 4448 3485 4508 Caesare

209 4530 523 4592 llendreicli
550 4535 599 4586 in
648 4530 926 4600 pandectis
963 4530 1457 4602 Brandenbnrgicis
1506 4538 1635 4585 tom.
1688 4533 1793 4602 lp.

207 4609 333 4672 560,
365 4622 472 4661 non
495 4604 745 4659 dubitant
770 4601 1066 4673 Ausonium
1091 4604 1353 4672 religione
1375 4602 1648 4657 ethnicum
1676 4601 1799 4673 pre-

210 4679 500 4733 nuntiare:
530 4676 660 4746 quin
687 4674 769 4727 vir
796 4672 1020 4746 insignis
1046 4674 1643 4746 doctrinzeLndovicus
1687 4676 1799 4729 An-

208 4752 394 4806 tonius
422 4745 743 4803 Muratorius
766 4754 895 4799 tom.
928 4745 945 4799 l
978 4746 1288 4799 Anccdoton
1316 4745 1449 4799 Bibl.
1488 4746 1800 4800 Ambrosia—

215 4839 297 4876 nzn
328 4838 383 4892 p.
422 4819 546 4883 114,
580 4819 653 4892 ait
685 4816 959 4892 neminem
990 4818 1278 4892 dubitare,
1308 4817 1800 4892 t|tt_0t_i_a_l’cli_giOItc

210 4887 522 4947 Christiana
569 4889 781 4944 alienus
812 4888 1086 4943 Ausonius
1128 4887 1309 4943 fuerit.
1359 4888 1579 4943 Addidit
1623 4889 1803 4943 Borri.

211 4966 388 5026 chius,
440 4962 607 5017 etiam
663 4968 1033 5031 proptereaa
1080 4959 1274 5031 Pontio
1344 4960 1570 5031 Paulino
1625 4963 1803 5015 mico

212 5035 507 5090 identidem
534 5029 904 5102 obiurgatum.
943 5030 1169 5101 Et-pag.
1198 5030 1267 5084 ’74
1300 5050 1312 5085 :
1345 5029 1607 5085 Paulinus
1646 5032 1802 5086 disci-

1906 4518 2184 4592 Scaligero
2198 4518 2478 4592 expianda
2506 4563 2519 4586 ,
2568 4529 2682 4575 tum
2714 4521 3007 4575 obscenum
3038 4518 3325 4579 centonem
3356 4542 3492 4592 nup-

1909 4589 2087 4664 tialem
2117 4589 2651 4664 Valentinianoimp.
2683 4605 2928 4664 rogante,
2959 4594 3049 4662 qui
3079 4594 3291 4663 nuptias
3323 4589 3483 4651 simili

1909 4661 2027 4737 lusu
2056 4660 2443 4737 descripserat,
2470 4662 2539 4717 ab
2567 4660 2810 4719 Ausonio
2838 4660 3225 4737 compositum)
3255 4684 3410 4737 quant
3432 4680 3487 4721 ut

1908 4730 2393 4807 ῥιιεῃΟΙιτὶεΑΙὶωιοελ
2411 4738 2671 4789 numerari
2700 4737 2909 4807 dignus.
2954 4730 3225 4805 Joscphns
3267 4730 3486 4807 quorum

1908 4804 2149 4878 Scaliger
2192 4804 2490 4878 Ausonium
2536 4809 2667 4861 serio
2707 4806 3055 4878 Christianum
3092 4804 3259 4878 fuisse
3288 4804 3492 4863 scribit

1912 4875 2005 4947 lib.
2040 4890 2099 4941 ιι,
2132 4893 2183 4931 c.
2217 4877 2284 4931 52
2308 4919 2321 4939 ,
2368 4881 2569 4931 Auson.
2612 4880 2733 4932 lect.
2789 4878 2941 4932 Adde
3002 4875 3489 4947 liis’TbeOpbitum

1908 4946 2260 5019 Raynandnm
2296 4950 2348 5001 in
2388 4948 2716 5017 lloplntlicca
2754 4960 2939 5003 contra
2992 4949 3157 5002 ietnin
3204 4946 3490 5005 calumnia‘

1908 5018 2037 5072 tont.
2065 5018 2181 5082 XII,
2215 5035 2265 5089 p.
2294 5020 2418 5087 420,
2446 5031 2501 5073 et
2538 5019 2683 5073 Bmlii
2708 5020 3088 5073 dictionarinm
3122 5020 3255 5075 edit.
3299 5021 3355 5074 2.
3383 5025 3492 5075 (lb-

211 5089 367 5177 ρηιη,
400 5089 785 5177 Αησοῄξῖφῆηι
828 5089 1144 5156 εοιεοαιύἴ
1166 5113 1529 5177 "metum-em
1553 5144 1568 5169 ν
1606 5103 1702 5177 -εεά
1744 5114 1801 5157 αι
1901 5089 2136 5177 iurgatrit
2170 5090 2917 5177 verovAusoniiunIPanli-nus.
2944 5102 3147 5177 nonnnt
3177 5106 3426 5177 aversum
3459 5111 3490 5148 tt

212 5173 447 5232 aversum
477 5194 509 5230 a
529 5173 825 5245 Christiana
850 5174 1099 5245 religione
1136 5173 1353 5228 subinde
1386 5174 1704 5245 increpabat.
1734 5180 1807 5230 At

213 5252 357 5304 enim
382 5248 550 5303 dubio
582 5245 768 5313 procul
800 5243 1005 5299 fallitur
1034 5245 1118 5299 vir
1148 5246 1342 5299 doetus
1374 5259 1476 5298 una
1495 5243 1630 5299 cum
1659 5245 1802 5300 Vos-

214 5326 319 5384 sin,
351 5322 442 5389 qui
473 5336 526 5390 p.
560 5319 629 5373 55
644 5316 810 5390 Poet.
840 5316 999 5390 latin.
1027 5315 1095 5370 de
1113 5315 1427 5390 _Ausonio_:
1465 5314 1668 5390 Poeta,
1723 5318 1804 5372 in-

214 5384 488 5464 quiin-fuit-
516 5388 754 5464 gentilis,
782 5387 1211 5464 quemadmodum
1251 5402 1315 5464 ea:
1347 5384 1579 5464 __P_aulino
1615 5386 1797 5464 liquet.

222 5456 447 5517 Videtur
474 5456 637 5515 etiam
670 5474 765 5527 pro
794 5459 1011 5512 etlinico
1040 5456 1237 5514 habere
1268 5458 1526 5514 Bailletns
1556 5460 1607 5514 in
1646 5456 1797 5515 Iudi-

217 5537 317 5590 ciis
344 5536 413 5589 de
434 5532 635 5595 Poetis,
662 5540 773 5582 tum
808 5528 1083 5598 Philippus
1110 5531 1338 5586 Brietius
1362 5539 1699 5599 syntagmate
1730 5534 1798 5588 de

222 5606 402 5659 Poetis
435 5604 657 5659 Latinis.
692 5614 811 5668 qute
838 5602 1105 5653 sententia
1140 5617 1245 5655 non
1287 5602 1468 5657 minus
1498 5617 1527 5657 a
1574 5605 1799 5660 veritate

221 5688 299 5731 est
333 5676 577 5751 repulsa;
603 5670 932 5751 quamqnod
977 5669 1188 5751 Gaddio
1233 5688 1549 5751 persuasum
1603 5672 1798 5745 prope-

225 5743 444 5805 modum
474 5762 504 5801 a
536 5743 833 5801 Tritltemio
860 5756 983 5800 esse
1006 5744 1186 5811 video,
1221 5755 1433 5814 poetam
1468 5743 1616 5803 hunc
1636 5743 1799 5819 eum-

1908 5162 2207 5214 Christiana
2244 5162 2521 5230 religione,
2552 5161 2644 5215 sed
2673 5163 2812 5230 quod
2860 5162 2954 5216 ille
2997 5161 3311 5231 religiosqu
3355 5165 3495 5219 Pan-

1909 5232 1999 5287 lini
2029 5246 2305 5305 secessum
2332 5232 2503 5305 palam
2528 5232 2877 5305 improbaret.
2900 5232 3176 5288 Fortassis
3194 5236 3336 5288 male
3360 5236 3496 5305 quo;

1908 5319 2013 5373 que
2043 5302 2247 5377 ferebat
2274 5303 2540 5377 Paulinus,
2581 5302 2632 5356 in
2666 5306 2891 5358 Ausonii
2931 5306 3273 5377 carminibus
3312 5302 3494 5377 legere

1908 5388 1967 5450 se
1991 5376 2240 5450 quietiam
2263 5376 2580 5450 ξᾷνικοὶςςερογ
2608 5376 2832 5450 scripta,
2856 5378 3015 5446 quale
3037 5386 3121 5433 est
3149 5376 3278 5432 illud
3310 5376 3431 5447 cap.
3470 5395 3486 5434 ι

1911 5445 1964 5499 in
1991 5445 2395 5500 l’rolessoribus
2424 5444 2912 5515 Bu'rdegalensibus
2948 5467 2958 5499 :

1996 5568 2225 5635 Et_t_i_une,
2243 5570 2348 5635 sive
2374 5567 2553 5635 aliquid
2580 5576 2685 5635 post
2718 5567 2811 5635 lata
2839 5579 3062 5620 extrema
3087 5574 3325 5635 supersit,

2060 5631 2195 5694 Vivis
2219 5631 2396 5694 adhuc,
2416 5632 2507 5680 sevi
2532 5633 2660 5693 quod
2688 5634 2835 5694 periit
2855 5635 3147 5685 meminens.

2000 5693 2112 5759 Siv_e
2138 5692 2253 5759 nillil
2273 5692 2520 5759 superest,
2548 5707 2639 5743 nec
2662 5692 2848 5759 habent
2870 5694 3013 5757 longa
3036 5705 3080 5746 ot
3094 5700 3135 5749 ia
3155 5710 3351 5759 sensus,

2062 5756 2135 5806 'l‘u
2156 5756 2244 5805 tibi
2272 5757 2455 5818 vixisti,
2477 5770 2562 5808 nos
2587 5765 2669 5807 tua
2694 5756 2815 5807 fama
2835 5756 3001 5823 juvat.
