  <div class='ocr_page' id='page_1' title='image "/cluster/home/n/w/nwhite01/storage/ocr_20150623/18-19/uva.x000826554/1205.png"; bbox 0 0 3920 6358; ppageno 0'>
   <div class='ocr_carea' id='block_1_1' title="bbox 384 193 3685 257">
    <p class='ocr_par' dir='ltr' id='par_1_1' title="bbox 384 193 3685 257">
     <span class='ocr_line' id='line_1_1' title="bbox 384 193 3685 257; baseline -0.002 -5"><span class='ocrx_word' id='word_1_1' title='bbox 384 195 489 253; x_wconf 71' lang='grc'><strong>827</strong></span> <span class='ocrx_word' id='word_1_2' title='bbox 1787 199 1967 257; x_wconf 82' lang='lat' dir='ltr'><strong>DECII</strong></span> <span class='ocrx_word' id='word_1_3' title='bbox 2008 198 2281 257; x_wconf 74' lang='lat' dir='ltr'><strong>AUSONII</strong></span> <span class='ocrx_word' id='word_1_4' title='bbox 3580 193 3685 248; x_wconf 64' lang='lat'><strong>8:8</strong></span> 
     </span>
    </p>
   </div>
   <div class='ocr_carea' id='block_1_2' title="bbox 455 310 3368 380">
    <p class='ocr_par' dir='ltr' id='par_1_2' title="bbox 455 310 3368 380">
     <span class='ocr_line' id='line_1_2' title="bbox 455 310 3368 380; baseline -0.001 -14"><span class='ocrx_word' id='word_1_5' title='bbox 455 313 566 370; x_wconf 85' lang='lat' dir='ltr'><strong>Nec</strong></span> <span class='ocrx_word' id='word_1_6' title='bbox 591 315 725 370; x_wconf 90' lang='lat' dir='ltr'><strong>satis</strong></span> <span class='ocrx_word' id='word_1_7' title='bbox 750 316 817 369; x_wconf 89' lang='lat' dir='ltr'><strong>ad</strong></span> <span class='ocrx_word' id='word_1_8' title='bbox 851 323 1086 369; x_wconf 92' lang='lat' dir='ltr'><strong>mortem</strong></span> <span class='ocrx_word' id='word_1_9' title='bbox 1113 312 1352 367; x_wconf 77' lang='lat' dir='ltr'><strong>credidit</strong></span> <span class='ocrx_word' id='word_1_10' title='bbox 1376 327 1501 368; x_wconf 91' lang='lat' dir='ltr'><strong>esse</strong></span> <span class='ocrx_word' id='word_1_11' title='bbox 1521 312 1733 368; x_wconf 91' lang='lat' dir='ltr'><strong>datum.</strong></span> <span class='ocrx_word' id='word_1_12' title='bbox 2000 316 2047 374; x_wconf 79' lang='grc' dir='ltr'><strong>Α</strong></span> <span class='ocrx_word' id='word_1_13' title='bbox 2149 312 2356 380; x_wconf 88' lang='lat' dir='ltr'><strong>Conjux</strong></span> <span class='ocrx_word' id='word_1_14' title='bbox 2391 312 2444 365; x_wconf 93' lang='lat' dir='ltr'><strong>in</strong></span> <span class='ocrx_word' id='word_1_15' title='bbox 2495 318 2688 365; x_wconf 90' lang='lat' dir='ltr'><strong>nostro</strong></span> <span class='ocrx_word' id='word_1_16' title='bbox 2719 311 2960 365; x_wconf 82' lang='lat' dir='ltr'><strong>carmine</strong></span> <span class='ocrx_word' id='word_1_17' title='bbox 2985 325 3110 365; x_wconf 92' lang='lat' dir='ltr'><strong>cum</strong></span> <span class='ocrx_word' id='word_1_18' title='bbox 3138 310 3368 379; x_wconf 84' lang='lat' dir='ltr'><strong>legeret,</strong></span> 
     </span>
    </p>
   </div>
   <div class='ocr_carea' id='block_1_3' title="bbox 381 402 3421 482">
    <p class='ocr_par' dir='ltr' id='par_1_3' title="bbox 381 402 3421 482">
     <span class='ocr_line' id='line_1_3' title="bbox 381 402 3421 482; baseline -0.003 -18"><span class='ocrx_word' id='word_1_19' title='bbox 381 409 824 482; x_wconf 73' lang='lat' dir='ltr'><strong>Miscuitargenti</strong></span> <span class='ocrx_word' id='word_1_20' title='bbox 858 411 1077 465; x_wconf 86' lang='lat' dir='ltr'><strong>lethalia</strong></span> <span class='ocrx_word' id='word_1_21' title='bbox 1101 410 1346 481; x_wconf 90' lang='lat' dir='ltr'><strong>pondera</strong></span> <span class='ocrx_word' id='word_1_22' title='bbox 1379 409 1518 469; x_wconf 84' lang='lat' dir='ltr'><strong>vivi;</strong></span> <span class='ocrx_word' id='word_1_23' title='bbox 2085 405 2295 460; x_wconf 85' lang='lat' dir='ltr'><strong>Ludere</strong></span> <span class='ocrx_word' id='word_1_24' title='bbox 2321 419 2409 458; x_wconf 91' lang='lat' dir='ltr'><strong>me</strong></span> <span class='ocrx_word' id='word_1_25' title='bbox 2438 404 2598 470; x_wconf 83' lang='lat' dir='ltr'><strong>dixit,</strong></span> <span class='ocrx_word' id='word_1_26' title='bbox 2637 405 2876 474; x_wconf 86' lang='lat' dir='ltr'><strong>falsoque</strong></span> <span class='ocrx_word' id='word_1_27' title='bbox 2907 404 2959 457; x_wconf 88' lang='lat' dir='ltr'><strong>itt</strong></span> <span class='ocrx_word' id='word_1_28' title='bbox 2991 417 3174 457; x_wconf 88' lang='lat' dir='ltr'><strong>amore</strong></span> <span class='ocrx_word' id='word_1_29' title='bbox 3199 402 3373 471; x_wconf 91' lang='lat' dir='ltr'><strong>joeari</strong></span> <span class='ocrx_word' id='word_1_30' title='bbox 3408 419 3421 454; x_wconf 92' lang='lat'>:</span> 
     </span>
    </p>
   </div>
   <div class='ocr_carea' id='block_1_4' title="bbox 455 496 3342 578">
    <p class='ocr_par' dir='ltr' id='par_1_4' title="bbox 455 496 3342 578">
     <span class='ocr_line' id='line_1_4' title="bbox 455 496 3342 578; baseline -0.005 -15"><span class='ocrx_word' id='word_1_31' title='bbox 455 508 688 578; x_wconf 67' lang='lat' dir='ltr'><strong>(Ingeret</strong></span> <span class='ocrx_word' id='word_1_32' title='bbox 721 518 779 561; x_wconf 92' lang='lat' dir='ltr'><strong>ut</strong></span> <span class='ocrx_word' id='word_1_33' title='bbox 807 507 1049 562; x_wconf 85' lang='lat' dir='ltr'><strong>celerem</strong></span> <span class='ocrx_word' id='word_1_34' title='bbox 1086 507 1167 559; x_wconf 86' lang='lat' dir='ltr'><strong>vis</strong></span> <span class='ocrx_word' id='word_1_35' title='bbox 1189 507 1465 576; x_wconf 79' lang='lat' dir='ltr'><strong>geminata</strong></span> <span class='ocrx_word' id='word_1_36' title='bbox 1499 519 1710 560; x_wconf 89' lang='lat' dir='ltr'><strong>necem.</strong></span> <span class='ocrx_word' id='word_1_37' title='bbox 1767 505 1770 508; x_wconf 85' lang='grc'><em>’</em></span> <span class='ocrx_word' id='word_1_38' title='bbox 2156 500 2324 554; x_wconf 83' lang='lat' dir='ltr'><strong>Tanta</strong></span> <span class='ocrx_word' id='word_1_39' title='bbox 2353 496 2428 552; x_wconf 87' lang='lat' dir='ltr'><strong>illi</strong></span> <span class='ocrx_word' id='word_1_40' title='bbox 2456 509 2638 553; x_wconf 88' lang='lat' dir='ltr'><strong>nostra</strong></span> <span class='ocrx_word' id='word_1_41' title='bbox 2670 507 2756 552; x_wconf 70' lang='lat' dir='ltr'><strong>est</strong></span> <span class='ocrx_word' id='word_1_42' title='bbox 2784 499 2853 552; x_wconf 92' lang='lat' dir='ltr'><strong>de</strong></span> <span class='ocrx_word' id='word_1_43' title='bbox 2881 496 3154 566; x_wconf 92' lang='lat' dir='ltr'><strong>probitate</strong></span> <span class='ocrx_word' id='word_1_44' title='bbox 3184 496 3342 550; x_wconf 85' lang='lat' dir='ltr'><strong>ﬁdes.</strong></span> 
     </span>
    </p>
   </div>
   <div class='ocr_carea' id='block_1_5' title="bbox 387 590 3240 670">
    <p class='ocr_par' dir='ltr' id='par_1_5' title="bbox 387 590 3240 670">
     <span class='ocr_line' id='line_1_5' title="bbox 387 590 3240 670; baseline -0.001 -16"><span class='ocrx_word' id='word_1_45' title='bbox 387 601 599 655; x_wconf 88' lang='lat' dir='ltr'><strong>Dividat</strong></span> <span class='ocrx_word' id='word_1_46' title='bbox 624 602 737 655; x_wconf 73' lang='lat' dir='ltr'><strong>lure</strong></span> <span class='ocrx_word' id='word_1_47' title='bbox 768 601 813 655; x_wconf 88' lang='lat' dir='ltr'><strong>si</strong></span> <span class='ocrx_word' id='word_1_48' title='bbox 845 601 990 670; x_wconf 89' lang='lat' dir='ltr'><strong>quis,</strong></span> <span class='ocrx_word' id='word_1_49' title='bbox 1025 598 1229 654; x_wconf 88' lang='lat' dir='ltr'><strong>faciunt</strong></span> <span class='ocrx_word' id='word_1_50' title='bbox 1255 598 1496 656; x_wconf 88' lang='lat' dir='ltr'><strong>discreta</strong></span> <span class='ocrx_word' id='word_1_51' title='bbox 1539 590 1834 654; x_wconf 78' lang='lat' dir='ltr'><strong>venenum.</strong></span> <span class='ocrx_word' id='word_1_52' title='bbox 2277 593 2281 597; x_wconf 81' lang='grc'><strong>’</strong></span> <span class='ocrx_word' id='word_1_53' title='bbox 2513 611 2672 667; x_wconf 54' lang='lat' dir='ltr'><strong>xv&quot;,</strong></span> <span class='ocrx_word' id='word_1_54' title='bbox 2704 611 2786 664; x_wconf 69' lang='grc' dir='ltr'><strong>Αιι</strong></span> <span class='ocrx_word' id='word_1_55' title='bbox 2830 627 3046 666; x_wconf 58' lang='lat' dir='ltr'><strong>uxorem</strong></span> <span class='ocrx_word' id='word_1_56' title='bbox 3073 627 3240 664; x_wconf 61' lang='lat' dir='ltr'><strong>suam,</strong></span> 
     </span>
    </p>
   </div>
   <div class='ocr_carea' id='block_1_6' title="bbox 452 691 1512 759">
    <p class='ocr_par' dir='ltr' id='par_1_6' title="bbox 452 691 1512 759">
     <span class='ocr_line' id='line_1_6' title="bbox 452 691 1512 759; baseline -0.001 -13"><span class='ocrx_word' id='word_1_57' title='bbox 452 691 964 747; x_wconf 79' lang='lat' dir='ltr'><strong>Antidouunsumet</strong></span> <span class='ocrx_word' id='word_1_58' title='bbox 986 693 1078 759; x_wconf 86' lang='lat' dir='ltr'><strong>qui</strong></span> <span class='ocrx_word' id='word_1_59' title='bbox 1105 691 1313 746; x_wconf 87' lang='lat' dir='ltr'><strong>sociata</strong></span> <span class='ocrx_word' id='word_1_60' title='bbox 1343 691 1512 746; x_wconf 89' lang='lat' dir='ltr'><strong>bibet.</strong></span> 
     </span>
    </p>
   </div>
   <div class='ocr_carea' id='block_1_7' title="bbox 384 783 1693 855">
    <p class='ocr_par' dir='ltr' id='par_1_7' title="bbox 384 783 1693 855">
     <span class='ocr_line' id='line_1_7' title="bbox 384 783 1693 855; baseline -0.001 -19"><span class='ocrx_word' id='word_1_61' title='bbox 384 783 531 854; x_wconf 88' lang='lat' dir='ltr'><strong>Ergo</strong></span> <span class='ocrx_word' id='word_1_62' title='bbox 554 784 700 839; x_wconf 87' lang='lat' dir='ltr'><strong>inter</strong></span> <span class='ocrx_word' id='word_1_63' title='bbox 730 799 854 839; x_wconf 88' lang='lat' dir='ltr'><strong>sese</strong></span> <span class='ocrx_word' id='word_1_64' title='bbox 883 783 1009 837; x_wconf 90' lang='lat' dir='ltr'><strong>dum</strong></span> <span class='ocrx_word' id='word_1_65' title='bbox 1040 785 1200 838; x_wconf 81' lang='lat' dir='ltr'><strong>noxia</strong></span> <span class='ocrx_word' id='word_1_66' title='bbox 1229 783 1424 855; x_wconf 89' lang='lat' dir='ltr'><strong>pocula</strong></span> <span class='ocrx_word' id='word_1_67' title='bbox 1455 791 1693 851; x_wconf 88' lang='lat' dir='ltr'><strong>certant,</strong></span> 
     </span>
    </p>
   </div>
   <div class='ocr_carea' id='block_1_8' title="bbox 449 871 1404 931">
    <p class='ocr_par' dir='ltr' id='par_1_8' title="bbox 449 871 1404 931">
     <span class='ocr_line' id='line_1_8' title="bbox 449 871 1404 931; baseline 0.001 -3"><span class='ocrx_word' id='word_1_68' title='bbox 449 871 625 929; x_wconf 77' lang='lat' dir='ltr'><strong>Cessit</strong></span> <span class='ocrx_word' id='word_1_69' title='bbox 663 874 882 930; x_wconf 89' lang='lat' dir='ltr'><strong>lethalis</strong></span> <span class='ocrx_word' id='word_1_70' title='bbox 911 891 1051 930; x_wconf 82' lang='lat' dir='ltr'><strong>noxa</strong></span> <span class='ocrx_word' id='word_1_71' title='bbox 1083 874 1404 931; x_wconf 65' lang='lat' dir='ltr'><strong>salutiferae.</strong></span> 
     </span>
    </p>
   </div>
   <div class='ocr_carea' id='block_1_9' title="bbox 375 968 1630 1039">
    <p class='ocr_par' dir='ltr' id='par_1_9' title="bbox 375 968 1630 1039">
     <span class='ocr_line' id='line_1_9' title="bbox 375 968 1630 1039; baseline -0.001 -17"><span class='ocrx_word' id='word_1_72' title='bbox 375 968 633 1022; x_wconf 88' lang='lat' dir='ltr'><strong>Protinus</strong></span> <span class='ocrx_word' id='word_1_73' title='bbox 664 978 722 1024; x_wconf 89' lang='lat' dir='ltr'><strong>et</strong></span> <span class='ocrx_word' id='word_1_74' title='bbox 750 984 952 1025; x_wconf 88' lang='lat' dir='ltr'><strong>vacuos</strong></span> <span class='ocrx_word' id='word_1_75' title='bbox 973 970 1081 1024; x_wconf 93' lang='lat' dir='ltr'><strong>alvi</strong></span> <span class='ocrx_word' id='word_1_76' title='bbox 1101 971 1324 1039; x_wconf 84' lang='lat' dir='ltr'><strong>petiere</strong></span> <span class='ocrx_word' id='word_1_77' title='bbox 1357 983 1630 1035; x_wconf 72' lang='lat' dir='ltr'><strong>recessus,</strong></span> 
     </span>
    </p>
   </div>
   <div class='ocr_carea' id='block_1_10' title="bbox 444 1061 1544 1135">
    <p class='ocr_par' dir='ltr' id='par_1_10' title="bbox 444 1061 1544 1135">
     <span class='ocr_line' id='line_1_10' title="bbox 444 1061 1544 1135; baseline 0 -19"><span class='ocrx_word' id='word_1_78' title='bbox 444 1061 671 1118; x_wconf 81' lang='lat' dir='ltr'><strong>Lubrica</strong></span> <span class='ocrx_word' id='word_1_79' title='bbox 706 1064 938 1135; x_wconf 89' lang='lat' dir='ltr'><strong>dejectis</strong></span> <span class='ocrx_word' id='word_1_80' title='bbox 969 1080 1076 1134; x_wconf 90' lang='lat' dir='ltr'><strong>qua</strong></span> <span class='ocrx_word' id='word_1_81' title='bbox 1113 1063 1199 1118; x_wconf 86' lang='lat' dir='ltr'><strong>via</strong></span> <span class='ocrx_word' id='word_1_82' title='bbox 1232 1073 1359 1118; x_wconf 89' lang='lat' dir='ltr'><strong>nota</strong></span> <span class='ocrx_word' id='word_1_83' title='bbox 1387 1063 1544 1118; x_wconf 88' lang='lat' dir='ltr'><strong>cibis.</strong></span> 
     </span>
    </p>
   </div>
   <div class='ocr_carea' id='block_1_11' title="bbox 318 1153 1792 1228">
    <p class='ocr_par' dir='ltr' id='par_1_11' title="bbox 318 1153 1792 1228">
     <span class='ocr_line' id='line_1_11' title="bbox 318 1153 1792 1228; baseline 0.001 -17"><span class='ocrx_word' id='word_1_84' title='bbox 318 1153 324 1160; x_wconf 85' lang='grc'><em>’</em></span> <span class='ocrx_word' id='word_1_85' title='bbox 372 1157 542 1224; x_wconf 87' lang='lat' dir='ltr'><strong>Quam</strong></span> <span class='ocrx_word' id='word_1_86' title='bbox 575 1159 659 1228; x_wconf 89' lang='lat' dir='ltr'><strong>pia</strong></span> <span class='ocrx_word' id='word_1_87' title='bbox 683 1173 812 1214; x_wconf 88' lang='lat' dir='ltr'><strong>cura</strong></span> <span class='ocrx_word' id='word_1_88' title='bbox 835 1159 1032 1214; x_wconf 88' lang='lat' dir='ltr'><strong>deum!</strong></span> <span class='ocrx_word' id='word_1_89' title='bbox 1061 1158 1287 1227; x_wconf 78' lang='lat' dir='ltr'><strong>prodest</strong></span> <span class='ocrx_word' id='word_1_90' title='bbox 1327 1158 1608 1212; x_wconf 87' lang='lat' dir='ltr'><strong>crudelior</strong></span> <span class='ocrx_word' id='word_1_91' title='bbox 1635 1174 1792 1214; x_wconf 75' lang='lat' dir='ltr'><strong>uxor.</strong></span> 
     </span>
    </p>
   </div>
   <div class='ocr_carea' id='block_1_12' title="bbox 366 1252 1771 1325">
    <p class='ocr_par' dir='ltr' id='par_1_12' title="bbox 366 1252 1771 1325">
     <span class='ocr_line' id='line_1_12' title="bbox 366 1252 1771 1325; baseline 0.004 -21"><span class='ocrx_word' id='word_1_92' title='bbox 366 1260 374 1268; x_wconf 86' lang='lat'><strong><em>‘</em></strong></span> <span class='ocrx_word' id='word_1_93' title='bbox 454 1253 514 1306; x_wconf 77' lang='lat' dir='ltr'><strong>Et</strong></span> <span class='ocrx_word' id='word_1_94' title='bbox 549 1268 672 1308; x_wconf 90' lang='lat' dir='ltr'><strong>cum</strong></span> <span class='ocrx_word' id='word_1_95' title='bbox 699 1253 807 1309; x_wconf 89' lang='lat' dir='ltr'><strong>fata</strong></span> <span class='ocrx_word' id='word_1_96' title='bbox 832 1254 1043 1319; x_wconf 85' lang='lat' dir='ltr'><strong>volunt,</strong></span> <span class='ocrx_word' id='word_1_97' title='bbox 1078 1252 1207 1308; x_wconf 92' lang='lat' dir='ltr'><strong>bina</strong></span> <span class='ocrx_word' id='word_1_98' title='bbox 1239 1269 1446 1309; x_wconf 87' lang='lat' dir='ltr'><strong>venena</strong></span> <span class='ocrx_word' id='word_1_99' title='bbox 1472 1253 1683 1325; x_wconf 89' lang='lat' dir='ltr'><strong>juvant.</strong></span> <span class='ocrx_word' id='word_1_100' title='bbox 1766 1281 1771 1286; x_wconf 51' lang='grc'><em>’</em></span> 
     </span>
    </p>
   </div>
   <div class='ocr_carea' id='block_1_13' title="bbox 2087 728 3398 798">
    <p class='ocr_par' dir='ltr' id='par_1_13' title="bbox 2087 728 3398 798">
     <span class='ocr_line' id='line_1_13' title="bbox 2087 728 3398 798; baseline -0.006 -8"><span class='ocrx_word' id='word_1_101' title='bbox 2087 733 2255 798; x_wconf 88' lang='lat' dir='ltr'><strong>Uxor,</strong></span> <span class='ocrx_word' id='word_1_102' title='bbox 2290 731 2561 794; x_wconf 89' lang='lat' dir='ltr'><strong>vivamus,</strong></span> <span class='ocrx_word' id='word_1_103' title='bbox 2591 728 2738 798; x_wconf 90' lang='lat' dir='ltr'><strong>quod</strong></span> <span class='ocrx_word' id='word_1_104' title='bbox 2761 728 3010 793; x_wconf 73' lang='lat' dir='ltr'><strong>viximus;</strong></span> <span class='ocrx_word' id='word_1_105' title='bbox 3039 738 3089 783; x_wconf 91' lang='lat' dir='ltr'><strong>et</strong></span> <span class='ocrx_word' id='word_1_106' title='bbox 3117 736 3398 783; x_wconf 90' lang='lat' dir='ltr'><strong>teneamus</strong></span> 
     </span>
    </p>
   </div>
   <div class='ocr_carea' id='block_1_14' title="bbox 2153 821 3466 894">
    <p class='ocr_par' dir='ltr' id='par_1_14' title="bbox 2153 821 3466 894">
     <span class='ocr_line' id='line_1_14' title="bbox 2153 821 3466 894; baseline -0.006 -14"><span class='ocrx_word' id='word_1_107' title='bbox 2153 825 2377 880; x_wconf 90' lang='lat' dir='ltr'><strong>Nomina</strong></span> <span class='ocrx_word' id='word_1_108' title='bbox 2399 839 2518 894; x_wconf 68' lang='lat' dir='ltr'><strong>quae</strong></span> <span class='ocrx_word' id='word_1_109' title='bbox 2550 821 2726 892; x_wconf 88' lang='lat' dir='ltr'><strong>pritno</strong></span> <span class='ocrx_word' id='word_1_110' title='bbox 2757 821 3091 892; x_wconf 88' lang='lat' dir='ltr'><strong>sumpsimus</strong></span> <span class='ocrx_word' id='word_1_111' title='bbox 3117 822 3171 874; x_wconf 93' lang='lat' dir='ltr'><strong>in</strong></span> <span class='ocrx_word' id='word_1_112' title='bbox 3197 821 3466 884; x_wconf 82' lang='lat' dir='ltr'><strong>thalamo,</strong></span> 
     </span>
    </p>
   </div>
   <div class='ocr_carea' id='block_1_15' title="bbox 2082 914 3415 979">
    <p class='ocr_par' dir='ltr' id='par_1_15' title="bbox 2082 914 3415 979">
     <span class='ocr_line' id='line_1_15' title="bbox 2082 914 3415 979; baseline -0.005 -6"><span class='ocrx_word' id='word_1_113' title='bbox 2082 918 2195 974; x_wconf 89' lang='lat' dir='ltr'><strong>Nec</strong></span> <span class='ocrx_word' id='word_1_114' title='bbox 2222 914 2363 972; x_wconf 84' lang='lat' dir='ltr'><strong>ferat</strong></span> <span class='ocrx_word' id='word_1_115' title='bbox 2393 917 2498 971; x_wconf 88' lang='lat' dir='ltr'><strong>ulla</strong></span> <span class='ocrx_word' id='word_1_116' title='bbox 2519 915 2656 979; x_wconf 90' lang='lat' dir='ltr'><strong>dies,</strong></span> <span class='ocrx_word' id='word_1_117' title='bbox 2687 924 2743 969; x_wconf 83' lang='grc' dir='ltr'>ιιι</span> <span class='ocrx_word' id='word_1_118' title='bbox 2766 924 3169 970; x_wconf 83' lang='lat' dir='ltr'><strong>commutamur</strong></span> <span class='ocrx_word' id='word_1_119' title='bbox 3189 915 3240 967; x_wconf 94' lang='lat' dir='ltr'><strong>in</strong></span> <span class='ocrx_word' id='word_1_120' title='bbox 3268 929 3415 974; x_wconf 80' lang='lat' dir='ltr'><strong>aevo:</strong></span> 
     </span>
    </p>
   </div>
   <div class='ocr_carea' id='block_1_16' title="bbox 2151 1005 3393 1078">
    <p class='ocr_par' dir='ltr' id='par_1_16' title="bbox 2151 1005 3393 1078">
     <span class='ocr_line' id='line_1_16' title="bbox 2151 1005 3393 1078; baseline -0.005 -15"><span class='ocrx_word' id='word_1_121' title='bbox 2151 1007 2292 1077; x_wconf 88' lang='lat' dir='ltr'><strong>Quin</strong></span> <span class='ocrx_word' id='word_1_122' title='bbox 2323 1006 2418 1063; x_wconf 90' lang='lat' dir='ltr'><strong>tibi</strong></span> <span class='ocrx_word' id='word_1_123' title='bbox 2447 1007 2812 1078; x_wconf 89' lang='lat' dir='ltr'><strong>simjnvenis,</strong></span> <span class='ocrx_word' id='word_1_124' title='bbox 2846 1015 3010 1077; x_wconf 91' lang='lat' dir='ltr'><strong>tuque</strong></span> <span class='ocrx_word' id='word_1_125' title='bbox 3043 1005 3218 1075; x_wconf 88' lang='lat' dir='ltr'><strong>puella</strong></span> <span class='ocrx_word' id='word_1_126' title='bbox 3241 1007 3393 1060; x_wconf 82' lang='lat' dir='ltr'><strong>milii.</strong></span> 
     </span>
    </p>
   </div>
   <div class='ocr_carea' id='block_1_17' title="bbox 2081 1099 3606 1172">
    <p class='ocr_par' dir='ltr' id='par_1_17' title="bbox 2081 1099 3606 1172">
     <span class='ocr_line' id='line_1_17' title="bbox 2081 1099 3606 1172; baseline -0.005 -12"><span class='ocrx_word' id='word_1_127' title='bbox 2081 1104 2308 1160; x_wconf 82' lang='lat' dir='ltr'><strong>Nestore</strong></span> <span class='ocrx_word' id='word_1_128' title='bbox 2337 1102 2439 1156; x_wconf 91' lang='lat' dir='ltr'><strong>sim</strong></span> <span class='ocrx_word' id='word_1_129' title='bbox 2469 1102 2719 1172; x_wconf 85' lang='lat' dir='ltr'><strong>quamvis</strong></span> <span class='ocrx_word' id='word_1_130' title='bbox 2753 1099 3086 1172; x_wconf 69' lang='lat' dir='ltr'><strong>provectior,</strong></span> <span class='ocrx_word' id='word_1_131' title='bbox 3113 1100 3412 1170; x_wconf 81' lang='lat' dir='ltr'><strong>:emulaque</strong></span> <span class='ocrx_word' id='word_1_132' title='bbox 3443 1101 3606 1155; x_wconf 88' lang='lat' dir='ltr'><strong>annis</strong></span> 
     </span>
    </p>
   </div>
   <div class='ocr_carea' id='block_1_18' title="bbox 2155 1192 3379 1265">
    <p class='ocr_par' dir='ltr' id='par_1_18' title="bbox 2155 1192 3379 1265">
     <span class='ocr_line' id='line_1_18' title="bbox 2155 1192 3379 1265; baseline -0.003 -14"><span class='ocrx_word' id='word_1_133' title='bbox 2155 1198 2352 1252; x_wconf 87' lang='lat' dir='ltr'><strong>Vincas</strong></span> <span class='ocrx_word' id='word_1_134' title='bbox 2374 1197 2671 1250; x_wconf 70' lang='lat' dir='ltr'><strong>Cumanam</strong></span> <span class='ocrx_word' id='word_1_135' title='bbox 2697 1207 2751 1250; x_wconf 91' lang='lat' dir='ltr'><strong>tu</strong></span> <span class='ocrx_word' id='word_1_136' title='bbox 2778 1210 2994 1265; x_wconf 90' lang='lat' dir='ltr'><strong>qttoque</strong></span> <span class='ocrx_word' id='word_1_137' title='bbox 3024 1192 3340 1264; x_wconf 77' lang='lat' dir='ltr'><strong>Deiphobon‘</strong></span> <span class='ocrx_word' id='word_1_138' title='bbox 3365 1211 3379 1260; x_wconf 88' lang='lat'><strong>;</strong></span> 
     </span>
    </p>
   </div>
   <div class='ocr_carea' id='block_1_19' title="bbox 899 1289 3344 1364">
    <p class='ocr_par' dir='ltr' id='par_1_19' title="bbox 899 1289 3344 1364">
     <span class='ocr_line' id='line_1_19' title="bbox 899 1289 3344 1364; baseline -0.002 -17"><span class='ocrx_word' id='word_1_139' title='bbox 899 1289 1043 1364; x_wconf 53' lang='grc' dir='ltr'>ξ¹“¹“’</span> <span class='ocrx_word' id='word_1_140' title='bbox 1081 1289 1207 1308; x_wconf 71' lang='grc'><strong><em>⁵³⁸⁸⁸⁸⁵</em></strong></span> <span class='ocrx_word' id='word_1_141' title='bbox 1245 1289 1446 1309; x_wconf 74' lang='lat'><strong>&quot;’&quot;”&#39;“</strong></span> <span class='ocrx_word' id='word_1_142' title='bbox 2078 1291 2191 1347; x_wconf 85' lang='lat' dir='ltr'><strong>Nos</strong></span> <span class='ocrx_word' id='word_1_143' title='bbox 2226 1291 2540 1360; x_wconf 81' lang='lat' dir='ltr'><strong>ignoremus</strong></span> <span class='ocrx_word' id='word_1_144' title='bbox 2567 1289 2693 1357; x_wconf 91' lang='lat' dir='ltr'><strong>quid</strong></span> <span class='ocrx_word' id='word_1_145' title='bbox 2722 1289 2795 1342; x_wconf 91' lang='lat' dir='ltr'><strong>sit</strong></span> <span class='ocrx_word' id='word_1_146' title='bbox 2823 1297 3030 1342; x_wconf 89' lang='lat' dir='ltr'><strong>matura</strong></span> <span class='ocrx_word' id='word_1_147' title='bbox 3064 1296 3344 1343; x_wconf 83' lang='lat' dir='ltr'><strong>senectus.</strong></span> 
     </span>
    </p>
   </div>
   <div class='ocr_carea' id='block_1_20' title="bbox 844 1367 1792 1447">
    <p class='ocr_par' dir='ltr' id='par_1_20' title="bbox 844 1367 1508 1440">
     <span class='ocr_line' id='line_1_20' title="bbox 844 1367 1508 1440; baseline -0.005 -17"><span class='ocrx_word' id='word_1_148' title='bbox 844 1367 940 1422; x_wconf 87' lang='lat' dir='ltr'><strong>XI.</strong></span> <span class='ocrx_word' id='word_1_149' title='bbox 973 1367 1114 1423; x_wconf 79' lang='lat' dir='ltr'><strong>Echo</strong></span> <span class='ocrx_word' id='word_1_150' title='bbox 1146 1367 1215 1420; x_wconf 80' lang='lat' dir='ltr'><strong>ad</strong></span> <span class='ocrx_word' id='word_1_151' title='bbox 1237 1370 1508 1440; x_wconf 78' lang='lat' dir='ltr'><strong>pictorem.</strong></span> 
     </span>
    </p>
   </div>
   <div class='ocr_carea' id='block_1_21' title="bbox 2079 1367 3418 1447">
    <p class='ocr_par' dir='ltr' id='par_1_21' title="bbox 2149 1379 3418 1447">
     <span class='ocr_line' id='line_1_21' title="bbox 2149 1379 3418 1447; baseline -0.006 -7"><span class='ocrx_word' id='word_1_152' title='bbox 2149 1383 2306 1440; x_wconf 90' lang='lat' dir='ltr'><strong>Scire</strong></span> <span class='ocrx_word' id='word_1_153' title='bbox 2333 1381 2441 1438; x_wconf 67' lang='lat' dir='ltr'><strong>aevi</strong></span> <span class='ocrx_word' id='word_1_154' title='bbox 2463 1381 2753 1447; x_wconf 89' lang='lat' dir='ltr'><strong>incertum,</strong></span> <span class='ocrx_word' id='word_1_155' title='bbox 2781 1396 2886 1434; x_wconf 93' lang='lat' dir='ltr'><strong>non</strong></span> <span class='ocrx_word' id='word_1_156' title='bbox 2925 1396 3214 1435; x_wconf 87' lang='lat' dir='ltr'><strong>numerare</strong></span> <span class='ocrx_word' id='word_1_157' title='bbox 3239 1379 3418 1435; x_wconf 88' lang='lat' dir='ltr'><strong>decet.</strong></span> 
     </span>
    </p>
   </div>
   <div class='ocr_carea' id='block_1_22' title="bbox 383 1479 3386 1553">
    <p class='ocr_par' dir='ltr' id='par_1_22' title="bbox 383 1479 3386 1553">
     <span class='ocr_line' id='line_1_22' title="bbox 383 1479 3386 1553; baseline 0.004 -20"><span class='ocrx_word' id='word_1_158' title='bbox 383 1479 557 1548; x_wconf 82' lang='lat' dir='ltr'><strong>Vane,</strong></span> <span class='ocrx_word' id='word_1_159' title='bbox 592 1480 720 1550; x_wconf 91' lang='lat' dir='ltr'><strong>quid</strong></span> <span class='ocrx_word' id='word_1_160' title='bbox 745 1481 970 1536; x_wconf 82' lang='lat' dir='ltr'><strong>aﬂ&#39;eetas</strong></span> <span class='ocrx_word' id='word_1_161' title='bbox 999 1481 1192 1536; x_wconf 87' lang='lat' dir='ltr'><strong>faciem</strong></span> <span class='ocrx_word' id='word_1_162' title='bbox 1233 1481 1364 1536; x_wconf 85' lang='lat' dir='ltr'><strong>mihi</strong></span> <span class='ocrx_word' id='word_1_163' title='bbox 1394 1497 1622 1552; x_wconf 87' lang='lat' dir='ltr'><strong>ponere,</strong></span> <span class='ocrx_word' id='word_1_164' title='bbox 1659 1484 1857 1553; x_wconf 80' lang='lat' dir='ltr'><strong>pictor,</strong></span> <span class='ocrx_word' id='word_1_165' title='bbox 2369 1496 2558 1553; x_wconf 71' lang='lat' dir='ltr'><strong>xvm,</strong></span> <span class='ocrx_word' id='word_1_166' title='bbox 2590 1495 2656 1551; x_wconf 68' lang='lat' dir='ltr'><strong>In</strong></span> <span class='ocrx_word' id='word_1_167' title='bbox 2684 1495 2896 1550; x_wconf 73' lang='grc' dir='ltr'><strong>Μετοεη</strong></span> <span class='ocrx_word' id='word_1_168' title='bbox 2924 1512 3082 1549; x_wconf 71' lang='lat' dir='ltr'><strong>unum</strong></span> <span class='ocrx_word' id='word_1_169' title='bbox 3108 1497 3386 1551; x_wconf 76' lang='lat' dir='ltr'><strong>ebriosum.</strong></span> 
     </span>
    </p>
   </div>
   <div class='ocr_carea' id='block_1_23' title="bbox 456 1576 1591 1655">
    <p class='ocr_par' dir='ltr' id='par_1_23' title="bbox 456 1576 1591 1655">
     <span class='ocr_line' id='line_1_23' title="bbox 456 1576 1591 1655; baseline 0.001 -26"><span class='ocrx_word' id='word_1_170' title='bbox 456 1576 805 1647; x_wconf 75' lang='lat' dir='ltr'><strong>Ignotumque</strong></span> <span class='ocrx_word' id='word_1_171' title='bbox 827 1577 1002 1632; x_wconf 88' lang='lat' dir='ltr'><strong>oculis</strong></span> <span class='ocrx_word' id='word_1_172' title='bbox 1033 1577 1534 1633; x_wconf 83' lang='lat' dir='ltr'><strong>sollicitaredeam?</strong></span> <span class='ocrx_word' id='word_1_173' title='bbox 1583 1648 1591 1655; x_wconf 26' lang='grc' dir='ltr'>ι</span> 
     </span>
    </p>
   </div>
   <div class='ocr_carea' id='block_1_24' title="bbox 374 1669 1583 1738">
    <p class='ocr_par' dir='ltr' id='par_1_24' title="bbox 374 1669 1583 1738">
     <span class='ocr_line' id='line_1_24' title="bbox 374 1669 1583 1738; baseline 0.002 -16"><span class='ocrx_word' id='word_1_174' title='bbox 374 1669 537 1723; x_wconf 79' lang='lat' dir='ltr'><strong>Aeris</strong></span> <span class='ocrx_word' id='word_1_175' title='bbox 561 1681 614 1724; x_wconf 89' lang='lat' dir='ltr'><strong>et</strong></span> <span class='ocrx_word' id='word_1_176' title='bbox 639 1669 836 1738; x_wconf 70' lang='lat' dir='ltr'><strong>lingua:</strong></span> <span class='ocrx_word' id='word_1_177' title='bbox 878 1686 995 1724; x_wconf 93' lang='lat' dir='ltr'><strong>sum</strong></span> <span class='ocrx_word' id='word_1_178' title='bbox 1028 1671 1159 1734; x_wconf 82' lang='lat' dir='ltr'><strong>lilia,</strong></span> <span class='ocrx_word' id='word_1_179' title='bbox 1195 1681 1373 1724; x_wconf 86' lang='lat' dir='ltr'><strong>mater</strong></span> <span class='ocrx_word' id='word_1_180' title='bbox 1404 1671 1583 1725; x_wconf 91' lang='lat' dir='ltr'><strong>inanis</strong></span> 
     </span>
    </p>
   </div>
   <div class='ocr_carea' id='block_1_25' title="bbox 445 1761 1576 1834">
    <p class='ocr_par' dir='ltr' id='par_1_25' title="bbox 445 1761 1576 1834">
     <span class='ocr_line' id='line_1_25' title="bbox 445 1761 1576 1834; baseline 0.003 -20"><span class='ocrx_word' id='word_1_181' title='bbox 445 1761 655 1827; x_wconf 90' lang='lat' dir='ltr'><strong>lndicii,</strong></span> <span class='ocrx_word' id='word_1_182' title='bbox 688 1778 876 1818; x_wconf 90' lang='lat' dir='ltr'><strong>vocem</strong></span> <span class='ocrx_word' id='word_1_183' title='bbox 895 1779 1019 1833; x_wconf 73' lang='lat' dir='ltr'><strong>quae</strong></span> <span class='ocrx_word' id='word_1_184' title='bbox 1050 1765 1171 1818; x_wconf 92' lang='lat' dir='ltr'><strong>sine</strong></span> <span class='ocrx_word' id='word_1_185' title='bbox 1203 1774 1388 1819; x_wconf 88' lang='lat' dir='ltr'><strong>mente</strong></span> <span class='ocrx_word' id='word_1_186' title='bbox 1420 1779 1576 1834; x_wconf 88' lang='lat' dir='ltr'><strong>gero.</strong></span> 
     </span>
    </p>
   </div>
   <div class='ocr_carea' id='block_1_26' title="bbox 369 1854 1678 1925">
    <p class='ocr_par' dir='ltr' id='par_1_26' title="bbox 369 1854 1678 1925">
     <span class='ocr_line' id='line_1_26' title="bbox 369 1854 1678 1925; baseline 0.004 -18"><span class='ocrx_word' id='word_1_187' title='bbox 369 1854 659 1909; x_wconf 84' lang='lat' dir='ltr'><strong>Extremus</strong></span> <span class='ocrx_word' id='word_1_188' title='bbox 692 1865 954 1925; x_wconf 90' lang='lat' dir='ltr'><strong>pereunte</strong></span> <span class='ocrx_word' id='word_1_189' title='bbox 985 1855 1179 1910; x_wconf 91' lang='lat' dir='ltr'><strong>modos</strong></span> <span class='ocrx_word' id='word_1_190' title='bbox 1201 1872 1228 1908; x_wconf 87' lang='lat' dir='ltr'><strong>a</strong></span> <span class='ocrx_word' id='word_1_191' title='bbox 1255 1855 1362 1911; x_wconf 86' lang='lat' dir='ltr'><strong>fine</strong></span> <span class='ocrx_word' id='word_1_192' title='bbox 1387 1857 1678 1924; x_wconf 87' lang='lat' dir='ltr'><strong>reducens,</strong></span> 
     </span>
    </p>
   </div>
   <div class='ocr_carea' id='block_1_27' title="bbox 452 1952 1553 2032">
    <p class='ocr_par' dir='ltr' id='par_1_27' title="bbox 452 1952 1553 2032">
     <span class='ocr_line' id='line_1_27' title="bbox 452 1952 1553 2032; baseline 0.003 -26"><span class='ocrx_word' id='word_1_193' title='bbox 452 1952 755 2007; x_wconf 81' lang='lat' dir='ltr'><strong>Ludiﬁeata</strong></span> <span class='ocrx_word' id='word_1_194' title='bbox 777 1968 977 2024; x_wconf 88' lang='lat' dir='ltr'><strong>sequor</strong></span> <span class='ocrx_word' id='word_1_195' title='bbox 999 1954 1162 2032; x_wconf 85' lang='lat' dir='ltr'><strong>verba</strong></span> <span class='ocrx_word' id='word_1_196' title='bbox 1187 1955 1366 2010; x_wconf 89' lang='lat' dir='ltr'><strong>aliena</strong></span> <span class='ocrx_word' id='word_1_197' title='bbox 1393 1955 1553 2010; x_wconf 86' lang='lat' dir='ltr'><strong>meis.</strong></span> 
     </span>
    </p>
   </div>
   <div class='ocr_carea' id='block_1_28' title="bbox 369 2041 1721 2117">
    <p class='ocr_par' dir='ltr' id='par_1_28' title="bbox 369 2041 1721 2117">
     <span class='ocr_line' id='line_1_28' title="bbox 369 2041 1721 2117; baseline 0.001 -18"><span class='ocrx_word' id='word_1_198' title='bbox 369 2044 608 2102; x_wconf 84' lang='lat' dir='ltr'><strong>Auribus</strong></span> <span class='ocrx_word' id='word_1_199' title='bbox 633 2048 684 2102; x_wconf 90' lang='lat' dir='ltr'><strong>in</strong></span> <span class='ocrx_word' id='word_1_200' title='bbox 707 2048 907 2103; x_wconf 84' lang='lat' dir='ltr'><strong>vestris</strong></span> <span class='ocrx_word' id='word_1_201' title='bbox 937 2045 1126 2102; x_wconf 90' lang='lat' dir='ltr'><strong>babito</strong></span> <span class='ocrx_word' id='word_1_202' title='bbox 1149 2048 1497 2117; x_wconf 84' lang='lat' dir='ltr'><strong>penetrabilis</strong></span> <span class='ocrx_word' id='word_1_203' title='bbox 1534 2041 1685 2104; x_wconf 81' lang='lat' dir='ltr'><strong>Eclio</strong></span> <span class='ocrx_word' id='word_1_204' title='bbox 1710 2067 1721 2100; x_wconf 91' lang='lat'>:</span> 
     </span>
    </p>
   </div>
   <div class='ocr_carea' id='block_1_29' title="bbox 443 2137 1679 2210">
    <p class='ocr_par' dir='ltr' id='par_1_29' title="bbox 443 2137 1679 2210">
     <span class='ocr_line' id='line_1_29' title="bbox 443 2137 1679 2210; baseline -0.001 -17"><span class='ocrx_word' id='word_1_205' title='bbox 443 2139 508 2193; x_wconf 87' lang='lat' dir='ltr'><strong>Et</strong></span> <span class='ocrx_word' id='word_1_206' title='bbox 539 2137 586 2192; x_wconf 90' lang='lat' dir='ltr'><strong>si</strong></span> <span class='ocrx_word' id='word_1_207' title='bbox 616 2139 695 2192; x_wconf 92' lang='lat' dir='ltr'><strong>vis</strong></span> <span class='ocrx_word' id='word_1_208' title='bbox 727 2140 959 2194; x_wconf 86' lang='lat' dir='ltr'><strong>similem</strong></span> <span class='ocrx_word' id='word_1_209' title='bbox 984 2140 1228 2210; x_wconf 78' lang='lat' dir='ltr'><strong>pingere,</strong></span> <span class='ocrx_word' id='word_1_210' title='bbox 1268 2140 1426 2210; x_wconf 84' lang='lat' dir='ltr'><strong>pinge</strong></span> <span class='ocrx_word' id='word_1_211' title='bbox 1464 2155 1679 2195; x_wconf 91' lang='lat' dir='ltr'><strong>sonum.</strong></span> 
     </span>
    </p>
   </div>
   <div class='ocr_carea' id='block_1_30' title="bbox 2077 1611 3512 1688">
    <p class='ocr_par' dir='ltr' id='par_1_30' title="bbox 2077 1611 3512 1688">
     <span class='ocr_line' id='line_1_30' title="bbox 2077 1611 3512 1688; baseline -0.003 -17"><span class='ocrx_word' id='word_1_212' title='bbox 2077 1617 2178 1684; x_wconf 89' lang='lat' dir='ltr'><strong>Qui</strong></span> <span class='ocrx_word' id='word_1_213' title='bbox 2207 1614 2441 1688; x_wconf 85' lang='lat' dir='ltr'><strong>primus,</strong></span> <span class='ocrx_word' id='word_1_214' title='bbox 2467 1612 2728 1681; x_wconf 82' lang='lat' dir='ltr'><strong>MEROE,</strong></span> <span class='ocrx_word' id='word_1_215' title='bbox 2769 1627 2966 1667; x_wconf 87' lang='lat' dir='ltr'><strong>nomen</strong></span> <span class='ocrx_word' id='word_1_216' title='bbox 2991 1612 3089 1667; x_wconf 88' lang='lat' dir='ltr'><strong>tibi</strong></span> <span class='ocrx_word' id='word_1_217' title='bbox 3117 1611 3387 1679; x_wconf 87' lang='lat' dir='ltr'><strong>condidit,</strong></span> <span class='ocrx_word' id='word_1_218' title='bbox 3422 1612 3512 1666; x_wconf 85' lang='lat' dir='ltr'><strong>ille</strong></span> 
     </span>
    </p>
   </div>
   <div class='ocr_carea' id='block_1_31' title="bbox 2004 1706 3257 1777">
    <p class='ocr_par' dir='ltr' id='par_1_31' title="bbox 2004 1706 3257 1777">
     <span class='ocr_line' id='line_1_31' title="bbox 2004 1706 3257 1777; baseline -0.004 -11"><span class='ocrx_word' id='word_1_219' title='bbox 2004 1711 2050 1772; x_wconf 80' lang='grc' dir='ltr'><strong><em>Β</em></strong></span> <span class='ocrx_word' id='word_1_220' title='bbox 2149 1709 2404 1766; x_wconf 78' lang='lat' dir='ltr'><strong>Thesidze</strong></span> <span class='ocrx_word' id='word_1_221' title='bbox 2435 1722 2635 1763; x_wconf 91' lang='lat' dir='ltr'><strong>nomen</strong></span> <span class='ocrx_word' id='word_1_222' title='bbox 2662 1706 2911 1762; x_wconf 79' lang='lat' dir='ltr'><strong>condidit</strong></span> <span class='ocrx_word' id='word_1_223' title='bbox 2936 1707 3257 1777; x_wconf 84' lang='lat' dir='ltr'><strong>Hippolyto.</strong></span> 
     </span>
    </p>
   </div>
   <div class='ocr_carea' id='block_1_32' title="bbox 2077 1799 3494 1870">
    <p class='ocr_par' dir='ltr' id='par_1_32' title="bbox 2077 1799 3494 1870">
     <span class='ocr_line' id='line_1_32' title="bbox 2077 1799 3494 1870; baseline -0.004 -11"><span class='ocrx_word' id='word_1_224' title='bbox 2077 1803 2209 1859; x_wconf 81' lang='lat' dir='ltr'><strong>Nam</strong></span> <span class='ocrx_word' id='word_1_225' title='bbox 2235 1802 2484 1857; x_wconf 88' lang='lat' dir='ltr'><strong>divinare</strong></span> <span class='ocrx_word' id='word_1_226' title='bbox 2508 1811 2614 1868; x_wconf 90' lang='lat' dir='ltr'><strong>est,</strong></span> <span class='ocrx_word' id='word_1_227' title='bbox 2644 1815 2841 1855; x_wconf 89' lang='lat' dir='ltr'><strong>nomen</strong></span> <span class='ocrx_word' id='word_1_228' title='bbox 2869 1815 3221 1870; x_wconf 87' lang='lat' dir='ltr'><strong>compencre,</strong></span> <span class='ocrx_word' id='word_1_229' title='bbox 3248 1799 3390 1870; x_wconf 91' lang='lat' dir='ltr'><strong>quod</strong></span> <span class='ocrx_word' id='word_1_230' title='bbox 3421 1800 3494 1854; x_wconf 90' lang='lat' dir='ltr'><strong>sit</strong></span> 
     </span>
    </p>
   </div>
   <div class='ocr_carea' id='block_1_33' title="bbox 2151 1893 3314 1960">
    <p class='ocr_par' dir='ltr' id='par_1_33' title="bbox 2151 1893 3314 1960">
     <span class='ocr_line' id='line_1_33' title="bbox 2151 1893 3314 1960; baseline -0.004 -9"><span class='ocrx_word' id='word_1_231' title='bbox 2151 1895 2430 1960; x_wconf 62' lang='lat' dir='ltr'><strong>Fortuna},</strong></span> <span class='ocrx_word' id='word_1_232' title='bbox 2463 1908 2698 1959; x_wconf 85' lang='lat' dir='ltr'><strong>morum,</strong></span> <span class='ocrx_word' id='word_1_233' title='bbox 2726 1893 2813 1948; x_wconf 88' lang='lat' dir='ltr'><strong>vel</strong></span> <span class='ocrx_word' id='word_1_234' title='bbox 2842 1896 2998 1948; x_wconf 83' lang='lat' dir='ltr'><strong>necis</strong></span> <span class='ocrx_word' id='word_1_235' title='bbox 3028 1893 3314 1948; x_wconf 88' lang='lat' dir='ltr'><strong>indicium.</strong></span> 
     </span>
    </p>
   </div>
   <div class='ocr_carea' id='block_1_34' title="bbox 2080 1985 3306 2054">
    <p class='ocr_par' dir='ltr' id='par_1_34' title="bbox 2080 1985 3306 2054">
     <span class='ocr_line' id='line_1_34' title="bbox 2080 1985 3306 2054; baseline -0.006 -10"><span class='ocrx_word' id='word_1_236' title='bbox 2080 1987 2394 2054; x_wconf 86' lang='lat' dir='ltr'><strong>Protesilae,</strong></span> <span class='ocrx_word' id='word_1_237' title='bbox 2423 1986 2516 2040; x_wconf 91' lang='lat' dir='ltr'><strong>tibi</strong></span> <span class='ocrx_word' id='word_1_238' title='bbox 2536 2000 2733 2039; x_wconf 92' lang='lat' dir='ltr'><strong>nomen</strong></span> <span class='ocrx_word' id='word_1_239' title='bbox 2760 1985 2841 2040; x_wconf 86' lang='lat' dir='ltr'><strong>sic</strong></span> <span class='ocrx_word' id='word_1_240' title='bbox 2862 1985 2969 2039; x_wconf 84' lang='lat' dir='ltr'><strong>fata</strong></span> <span class='ocrx_word' id='word_1_241' title='bbox 2996 1986 3267 2041; x_wconf 88' lang='lat' dir='ltr'><strong>dederunt</strong></span> <span class='ocrx_word' id='word_1_242' title='bbox 3294 2003 3306 2037; x_wconf 90' lang='lat'>:</span> 
     </span>
    </p>
   </div>
   <div class='ocr_carea' id='block_1_35' title="bbox 2154 2079 3386 2150">
    <p class='ocr_par' dir='ltr' id='par_1_35' title="bbox 2154 2079 3386 2150">
     <span class='ocr_line' id='line_1_35' title="bbox 2154 2079 3386 2150; baseline -0.001 -13"><span class='ocrx_word' id='word_1_243' title='bbox 2154 2081 2381 2137; x_wconf 80' lang='lat' dir='ltr'><strong>Victima</strong></span> <span class='ocrx_word' id='word_1_244' title='bbox 2410 2080 2555 2150; x_wconf 91' lang='lat' dir='ltr'><strong>quod</strong></span> <span class='ocrx_word' id='word_1_245' title='bbox 2587 2079 2764 2148; x_wconf 75' lang='lat' dir='ltr'><strong>Trojze.</strong></span> <span class='ocrx_word' id='word_1_246' title='bbox 2790 2081 2961 2148; x_wconf 91' lang='lat' dir='ltr'><strong>prima</strong></span> <span class='ocrx_word' id='word_1_247' title='bbox 2995 2080 3212 2135; x_wconf 90' lang='lat' dir='ltr'><strong>futurus</strong></span> <span class='ocrx_word' id='word_1_248' title='bbox 3241 2097 3386 2136; x_wconf 89' lang='lat' dir='ltr'><strong>eras.</strong></span> 
     </span>
    </p>
   </div>
   <div class='ocr_carea' id='block_1_36' title="bbox 2078 2157 3619 2245">
    <p class='ocr_par' dir='ltr' id='par_1_36' title="bbox 2078 2157 3619 2245">
     <span class='ocr_line' id='line_1_36' title="bbox 2078 2157 3619 2245; baseline -0.001 -13"><span class='ocrx_word' id='word_1_249' title='bbox 2078 2157 2298 2232; x_wconf 84' lang='lat' dir='ltr'><strong>Idmona</strong></span> <span class='ocrx_word' id='word_1_250' title='bbox 2331 2174 2473 2244; x_wconf 86' lang='lat' dir='ltr'><strong>quod</strong></span> <span class='ocrx_word' id='word_1_251' title='bbox 2503 2174 2704 2238; x_wconf 83' lang='lat' dir='ltr'><strong>vatem,</strong></span> <span class='ocrx_word' id='word_1_252' title='bbox 2726 2173 2996 2228; x_wconf 91' lang='lat' dir='ltr'><strong>medicum</strong></span> <span class='ocrx_word' id='word_1_253' title='bbox 3022 2174 3164 2242; x_wconf 90' lang='lat' dir='ltr'><strong>quod</strong></span> <span class='ocrx_word' id='word_1_254' title='bbox 3195 2174 3378 2245; x_wconf 88' lang='lat' dir='ltr'><strong>Iapida</strong></span> <span class='ocrx_word' id='word_1_255' title='bbox 3404 2177 3619 2243; x_wconf 88' lang='lat' dir='ltr'><strong>dicunt,</strong></span> 
     </span>
    </p>
   </div>
   <div class='ocr_carea' id='block_1_37' title="bbox 474 2251 1792 2336">
    <p class='ocr_par' dir='ltr' id='par_1_37' title="bbox 474 2251 1792 2326">
     <span class='ocr_line' id='line_1_37' title="bbox 474 2251 1792 2326; baseline 0.001 -19"><span class='ocrx_word' id='word_1_256' title='bbox 474 2251 592 2326; x_wconf 82' lang='lat' dir='ltr'><strong>XII.</strong></span> <span class='ocrx_word' id='word_1_257' title='bbox 626 2251 694 2307; x_wconf 84' lang='lat' dir='ltr'><strong>In</strong></span> <span class='ocrx_word' id='word_1_258' title='bbox 722 2254 1066 2307; x_wconf 74' lang='lat' dir='ltr'><strong>simulacrum</strong></span> <span class='ocrx_word' id='word_1_259' title='bbox 1086 2252 1390 2307; x_wconf 78' lang='lat' dir='ltr'><strong>Occasionis</strong></span> <span class='ocrx_word' id='word_1_260' title='bbox 1412 2253 1476 2306; x_wconf 64' lang='lat' dir='ltr'><strong>&#39;et</strong></span> <span class='ocrx_word' id='word_1_261' title='bbox 1509 2252 1792 2309; x_wconf 67' lang='lat' dir='ltr'><strong>Pwnitenti</strong></span> 
     </span>
    </p>
   </div>
   <div class='ocr_carea' id='block_1_38' title="bbox 2079 2251 3256 2336">
    <p class='ocr_par' dir='ltr' id='par_1_38' title="bbox 2153 2267 3256 2336">
     <span class='ocr_line' id='line_1_38' title="bbox 2153 2267 3256 2336; baseline -0.002 -12"><span class='ocrx_word' id='word_1_262' title='bbox 2153 2267 2450 2324; x_wconf 88' lang='lat' dir='ltr'><strong>Diseeudas</strong></span> <span class='ocrx_word' id='word_1_263' title='bbox 2476 2277 2625 2322; x_wconf 86' lang='lat' dir='ltr'><strong>artes</strong></span> <span class='ocrx_word' id='word_1_264' title='bbox 2650 2267 2869 2320; x_wconf 89' lang='lat' dir='ltr'><strong>nomina</strong></span> <span class='ocrx_word' id='word_1_265' title='bbox 2903 2270 3256 2336; x_wconf 62' lang='lat' dir='ltr'><strong>praeveniunt.</strong></span> 
     </span>
    </p>
   </div>
   <div class='ocr_carea' id='block_1_39' title="bbox 369 2360 3387 2440">
    <p class='ocr_par' dir='ltr' id='par_1_39' title="bbox 369 2360 3387 2440">
     <span class='ocr_line' id='line_1_39' title="bbox 369 2360 3387 2440; baseline -0.001 -18"><span class='ocrx_word' id='word_1_266' title='bbox 369 2368 539 2438; x_wconf 81' lang='lat' dir='ltr'><strong>Cujus</strong></span> <span class='ocrx_word' id='word_1_267' title='bbox 568 2369 738 2438; x_wconf 87' lang='lat' dir='ltr'><strong>opus?</strong></span> <span class='ocrx_word' id='word_1_268' title='bbox 779 2366 1007 2434; x_wconf 52' lang='lat' dir='ltr'><strong>Phidian</strong></span> <span class='ocrx_word' id='word_1_269' title='bbox 1040 2369 1133 2438; x_wconf 90' lang='lat' dir='ltr'><strong>qui</strong></span> <span class='ocrx_word' id='word_1_270' title='bbox 1162 2369 1376 2438; x_wconf 84' lang='lat' dir='ltr'><strong>signum</strong></span> <span class='ocrx_word' id='word_1_271' title='bbox 1411 2369 1691 2438; x_wconf 84' lang='lat' dir='ltr'><strong>Pallados,</strong></span> <span class='ocrx_word' id='word_1_272' title='bbox 1712 2369 1832 2440; x_wconf 89' lang='lat' dir='ltr'><strong>ejus</strong></span> <span class='ocrx_word' id='word_1_273' title='bbox 2080 2364 2146 2418; x_wconf 83' lang='lat' dir='ltr'><strong>Et</strong></span> <span class='ocrx_word' id='word_1_274' title='bbox 2173 2371 2228 2417; x_wconf 90' lang='lat' dir='ltr'><strong>tu</strong></span> <span class='ocrx_word' id='word_1_275' title='bbox 2250 2361 2351 2428; x_wconf 85' lang='lat' dir='ltr'><strong>sic,</strong></span> <span class='ocrx_word' id='word_1_276' title='bbox 2386 2362 2572 2416; x_wconf 85' lang='lat' dir='ltr'><strong>Meroe</strong></span> <span class='ocrx_word' id='word_1_277' title='bbox 2598 2380 2609 2413; x_wconf 91' lang='lat'><strong>:</strong></span> <span class='ocrx_word' id='word_1_278' title='bbox 2635 2377 2742 2415; x_wconf 91' lang='lat' dir='ltr'><strong>non</strong></span> <span class='ocrx_word' id='word_1_279' title='bbox 2769 2360 2910 2431; x_wconf 91' lang='lat' dir='ltr'><strong>quod</strong></span> <span class='ocrx_word' id='word_1_280' title='bbox 2934 2363 3011 2416; x_wconf 93' lang='lat' dir='ltr'><strong>sis</strong></span> <span class='ocrx_word' id='word_1_281' title='bbox 3033 2371 3151 2417; x_wconf 86' lang='lat' dir='ltr'><strong>atra</strong></span> <span class='ocrx_word' id='word_1_282' title='bbox 3177 2364 3387 2430; x_wconf 89' lang='lat' dir='ltr'><strong>colore,</strong></span> 
     </span>
    </p>
   </div>
   <div class='ocr_carea' id='block_1_40' title="bbox 443 2453 3189 2532">
    <p class='ocr_par' dir='ltr' id='par_1_40' title="bbox 443 2453 3189 2532">
     <span class='ocr_line' id='line_1_40' title="bbox 443 2453 3189 2532; baseline -0.001 -17"><span class='ocrx_word' id='word_1_283' title='bbox 443 2462 655 2531; x_wconf 87' lang='lat' dir='ltr'><strong>Quique</strong></span> <span class='ocrx_word' id='word_1_284' title='bbox 681 2461 872 2517; x_wconf 68' lang='lat' dir='ltr'><strong>iovem</strong></span> <span class='ocrx_word' id='word_1_285' title='bbox 909 2460 1063 2529; x_wconf 79' lang='lat' dir='ltr'><strong>fecit,</strong></span> <span class='ocrx_word' id='word_1_286' title='bbox 1095 2461 1253 2515; x_wconf 85' lang='lat' dir='ltr'><strong>tertia</strong></span> <span class='ocrx_word' id='word_1_287' title='bbox 1290 2462 1465 2532; x_wconf 89' lang='lat' dir='ltr'><strong>palma</strong></span> <span class='ocrx_word' id='word_1_288' title='bbox 1488 2478 1590 2532; x_wconf 90' lang='lat' dir='ltr'><strong>ego</strong></span> <span class='ocrx_word' id='word_1_289' title='bbox 1613 2479 1755 2517; x_wconf 84' lang='lat' dir='ltr'><strong>sum.</strong></span> <span class='ocrx_word' id='word_1_290' title='bbox 2155 2456 2222 2511; x_wconf 87' lang='lat' dir='ltr'><strong>Ut</strong></span> <span class='ocrx_word' id='word_1_291' title='bbox 2251 2471 2372 2524; x_wconf 73' lang='lat' dir='ltr'><strong>qua:</strong></span> <span class='ocrx_word' id='word_1_292' title='bbox 2402 2453 2602 2509; x_wconf 61' lang='lat' dir='ltr'><strong>Niliaca</strong></span> <span class='ocrx_word' id='word_1_293' title='bbox 2628 2455 2871 2509; x_wconf 84' lang='lat' dir='ltr'><strong>nascitur</strong></span> <span class='ocrx_word' id='word_1_294' title='bbox 2899 2458 2952 2509; x_wconf 91' lang='lat' dir='ltr'><strong>in</strong></span> <span class='ocrx_word' id='word_1_295' title='bbox 2980 2455 3189 2522; x_wconf 79' lang='lat' dir='ltr'><strong>Meroe;</strong></span> 
     </span>
    </p>
   </div>
   <div class='ocr_carea' id='block_1_41' title="bbox 373 2547 3360 2624">
    <p class='ocr_par' dir='ltr' id='par_1_41' title="bbox 373 2547 3360 2624">
     <span class='ocr_line' id='line_1_41' title="bbox 373 2547 3360 2624; baseline -0.002 -15"><span class='ocrx_word' id='word_1_296' title='bbox 373 2553 504 2609; x_wconf 91' lang='lat' dir='ltr'><strong>Sum</strong></span> <span class='ocrx_word' id='word_1_297' title='bbox 536 2555 635 2610; x_wconf 88' lang='lat' dir='ltr'><strong>dea</strong></span> <span class='ocrx_word' id='word_1_298' title='bbox 660 2569 781 2623; x_wconf 69' lang='lat' dir='ltr'><strong>qua:</strong></span> <span class='ocrx_word' id='word_1_299' title='bbox 812 2571 955 2620; x_wconf 87' lang='lat' dir='ltr'><strong>rara,</strong></span> <span class='ocrx_word' id='word_1_300' title='bbox 986 2564 1042 2609; x_wconf 91' lang='lat' dir='ltr'><strong>et</strong></span> <span class='ocrx_word' id='word_1_301' title='bbox 1071 2555 1257 2624; x_wconf 83' lang='lat' dir='ltr'><strong>paucis</strong></span> <span class='ocrx_word' id='word_1_302' title='bbox 1286 2554 1581 2612; x_wconf 82' lang='lat' dir='ltr'><strong>OCCASIO</strong></span> <span class='ocrx_word' id='word_1_303' title='bbox 1607 2566 1758 2612; x_wconf 75' lang='lat' dir='ltr'><strong>nota.</strong></span> <span class='ocrx_word' id='word_1_304' title='bbox 2084 2548 2321 2604; x_wconf 86' lang='lat' dir='ltr'><strong>Infusum</strong></span> <span class='ocrx_word' id='word_1_305' title='bbox 2345 2547 2440 2602; x_wconf 89' lang='lat' dir='ltr'><strong>sed</strong></span> <span class='ocrx_word' id='word_1_306' title='bbox 2463 2548 2606 2617; x_wconf 87' lang='lat' dir='ltr'><strong>quod</strong></span> <span class='ocrx_word' id='word_1_307' title='bbox 2637 2549 2820 2601; x_wconf 91' lang='lat' dir='ltr'><strong>vinum</strong></span> <span class='ocrx_word' id='word_1_308' title='bbox 2855 2563 2963 2601; x_wconf 91' lang='lat' dir='ltr'><strong>non</strong></span> <span class='ocrx_word' id='word_1_309' title='bbox 2990 2547 3156 2601; x_wconf 80' lang='lat' dir='ltr'><strong>diluis</strong></span> <span class='ocrx_word' id='word_1_310' title='bbox 3179 2551 3360 2617; x_wconf 86' lang='lat' dir='ltr'><strong>undis,</strong></span> 
     </span>
    </p>
   </div>
   <div class='ocr_carea' id='block_1_42' title="bbox 441 2639 3456 2719">
    <p class='ocr_par' dir='ltr' id='par_1_42' title="bbox 441 2639 3456 2719">
     <span class='ocr_line' id='line_1_42' title="bbox 441 2639 3456 2719; baseline -0.002 -17"><span class='ocrx_word' id='word_1_311' title='bbox 441 2646 579 2713; x_wconf 83' lang='lat' dir='ltr'><strong>Quid</strong></span> <span class='ocrx_word' id='word_1_312' title='bbox 609 2647 803 2700; x_wconf 65' lang='lat' dir='ltr'><strong>rotula:</strong></span> <span class='ocrx_word' id='word_1_313' title='bbox 829 2645 1074 2700; x_wconf 81' lang='lat' dir='ltr'><strong>insistis?</strong></span> <span class='ocrx_word' id='word_1_314' title='bbox 1101 2647 1262 2702; x_wconf 88' lang='lat' dir='ltr'><strong>Stare</strong></span> <span class='ocrx_word' id='word_1_315' title='bbox 1285 2649 1406 2701; x_wconf 88' lang='lat' dir='ltr'><strong>loco</strong></span> <span class='ocrx_word' id='word_1_316' title='bbox 1430 2663 1665 2719; x_wconf 82' lang='lat' dir='ltr'><strong>nequeo.</strong></span> <span class='ocrx_word' id='word_1_317' title='bbox 2111 2687 2116 2692; x_wconf 93' lang='lat'><strong>.</strong></span> <span class='ocrx_word' id='word_1_318' title='bbox 2152 2641 2348 2695; x_wconf 85' lang='lat' dir='ltr'><strong>Potare</strong></span> <span class='ocrx_word' id='word_1_319' title='bbox 2375 2639 2685 2694; x_wconf 78' lang='lat' dir='ltr'><strong>immixtum</strong></span> <span class='ocrx_word' id='word_1_320' title='bbox 2707 2650 2862 2694; x_wconf 88' lang='lat' dir='ltr'><strong>sueta</strong></span> <span class='ocrx_word' id='word_1_321' title='bbox 2882 2656 3203 2711; x_wconf 87' lang='lat' dir='ltr'><strong>merumque</strong></span> <span class='ocrx_word' id='word_1_322' title='bbox 3226 2657 3456 2697; x_wconf 89' lang='lat' dir='ltr'><strong>mermn.</strong></span> 
     </span>
    </p>
   </div>
   <div class='ocr_carea' id='block_1_43' title="bbox 372 2737 3242 2812">
    <p class='ocr_par' dir='ltr' id='par_1_43' title="bbox 372 2737 3242 2812">
     <span class='ocr_line' id='line_1_43' title="bbox 372 2737 3242 2812; baseline 0.006 -23"><span class='ocrx_word' id='word_1_323' title='bbox 372 2739 510 2805; x_wconf 85' lang='lat' dir='ltr'><strong>Quid</strong></span> <span class='ocrx_word' id='word_1_324' title='bbox 540 2738 735 2792; x_wconf 87' lang='lat' dir='ltr'><strong>talaria</strong></span> <span class='ocrx_word' id='word_1_325' title='bbox 769 2738 979 2793; x_wconf 80' lang='lat' dir='ltr'><strong>babes?</strong></span> <span class='ocrx_word' id='word_1_326' title='bbox 1009 2737 1259 2793; x_wconf 81' lang='lat' dir='ltr'><strong>Volueris</strong></span> <span class='ocrx_word' id='word_1_327' title='bbox 1281 2754 1424 2793; x_wconf 88' lang='lat' dir='ltr'><strong>sum.</strong></span> <span class='ocrx_word' id='word_1_328' title='bbox 1452 2739 1753 2798; x_wconf 84' lang='lat' dir='ltr'><strong>Mercurius</strong></span> <span class='ocrx_word' id='word_1_329' title='bbox 1782 2759 1904 2812; x_wconf 68' lang='lat' dir='ltr'><strong>qua:</strong></span> <span class='ocrx_word' id='word_1_330' title='bbox 2524 2751 2667 2807; x_wconf 84' lang='lat' dir='ltr'><strong>XIX.</strong></span> <span class='ocrx_word' id='word_1_331' title='bbox 2715 2752 2952 2807; x_wconf 76' lang='lat' dir='ltr'><strong>Nemesis</strong></span> <span class='ocrx_word' id='word_1_332' title='bbox 2981 2770 3009 2806; x_wconf 92' lang='lat' dir='ltr'><strong>e</strong></span> <span class='ocrx_word' id='word_1_333' title='bbox 3037 2751 3242 2807; x_wconf 75' lang='lat' dir='ltr'><strong>Crwco.</strong></span> 
     </span>
    </p>
   </div>
   <div class='ocr_carea' id='block_1_44' title="bbox 443 2832 1648 2902">
    <p class='ocr_par' dir='ltr' id='par_1_44' title="bbox 443 2832 1648 2902">
     <span class='ocr_line' id='line_1_44' title="bbox 443 2832 1648 2902; baseline 0.002 -16"><span class='ocrx_word' id='word_1_334' title='bbox 443 2832 746 2902; x_wconf 83' lang='lat' dir='ltr'><strong>Fortunare</strong></span> <span class='ocrx_word' id='word_1_335' title='bbox 775 2833 934 2901; x_wconf 86' lang='lat' dir='ltr'><strong>solet,</strong></span> <span class='ocrx_word' id='word_1_336' title='bbox 978 2832 1138 2887; x_wconf 90' lang='lat' dir='ltr'><strong>tardo</strong></span> <span class='ocrx_word' id='word_1_337' title='bbox 1165 2848 1287 2902; x_wconf 89' lang='lat' dir='ltr'><strong>ego,</strong></span> <span class='ocrx_word' id='word_1_338' title='bbox 1324 2848 1450 2888; x_wconf 92' lang='lat' dir='ltr'><strong>cum</strong></span> <span class='ocrx_word' id='word_1_339' title='bbox 1479 2834 1648 2888; x_wconf 81' lang='lat' dir='ltr'><strong>\‘olui‘.</strong></span> 
     </span>
    </p>
   </div>
   <div class='ocr_carea' id='block_1_45' title="bbox 366 2925 1804 2996">
    <p class='ocr_par' dir='ltr' id='par_1_45' title="bbox 366 2925 1804 2996">
     <span class='ocr_line' id='line_1_45' title="bbox 366 2925 1804 2996; baseline 0.003 -18"><span class='ocrx_word' id='word_1_340' title='bbox 366 2925 532 2979; x_wconf 87' lang='lat' dir='ltr'><strong>Crine</strong></span> <span class='ocrx_word' id='word_1_341' title='bbox 557 2927 692 2996; x_wconf 85' lang='lat' dir='ltr'><strong>tegis</strong></span> <span class='ocrx_word' id='word_1_342' title='bbox 719 2926 934 2980; x_wconf 81' lang='lat' dir='ltr'><strong>faciem.</strong></span> <span class='ocrx_word' id='word_1_343' title='bbox 964 2925 1237 2994; x_wconf 83' lang='lat' dir='ltr'><strong>Cognosei</strong></span> <span class='ocrx_word' id='word_1_344' title='bbox 1269 2926 1429 2985; x_wconf 86' lang='lat' dir='ltr'><strong>nolo;</strong></span> <span class='ocrx_word' id='word_1_345' title='bbox 1464 2927 1561 2982; x_wconf 90' lang='lat' dir='ltr'><strong>sed</strong></span> <span class='ocrx_word' id='word_1_346' title='bbox 1587 2927 1724 2983; x_wconf 87' lang='lat' dir='ltr'><strong>bens</strong></span> <span class='ocrx_word' id='word_1_347' title='bbox 1749 2936 1804 2982; x_wconf 89' lang='lat' dir='ltr'><strong>tu</strong></span> 
     </span>
    </p>
   </div>
   <div class='ocr_carea' id='block_1_46' title="bbox 442 3018 1535 3088">
    <p class='ocr_par' dir='ltr' id='par_1_46' title="bbox 442 3018 1535 3088">
     <span class='ocr_line' id='line_1_46' title="bbox 442 3018 1535 3088; baseline 0 -16"><span class='ocrx_word' id='word_1_348' title='bbox 442 3018 674 3087; x_wconf 81' lang='lat' dir='ltr'><strong>Oecip&#39;iti</strong></span> <span class='ocrx_word' id='word_1_349' title='bbox 709 3019 866 3074; x_wconf 78' lang='lat' dir='ltr'><strong>calvo</strong></span> <span class='ocrx_word' id='word_1_350' title='bbox 888 3035 969 3074; x_wconf 90' lang='lat' dir='ltr'><strong>es.</strong></span> <span class='ocrx_word' id='word_1_351' title='bbox 987 3019 1065 3073; x_wconf 87' lang='lat' dir='ltr'><strong>Ne</strong></span> <span class='ocrx_word' id='word_1_352' title='bbox 1089 3028 1281 3074; x_wconf 87' lang='lat' dir='ltr'><strong>tenear</strong></span> <span class='ocrx_word' id='word_1_353' title='bbox 1305 3019 1535 3088; x_wconf 80' lang='lat' dir='ltr'><strong>fugiens.</strong></span> 
     </span>
    </p>
   </div>
   <div class='ocr_carea' id='block_1_47' title="bbox 371 3105 2052 3188">
    <p class='ocr_par' dir='ltr' id='par_1_47' title="bbox 371 3105 2052 3188">
     <span class='ocr_line' id='line_1_47' title="bbox 371 3105 2052 3188; baseline 0.002 -24"><span class='ocrx_word' id='word_1_354' title='bbox 371 3112 506 3177; x_wconf 75' lang='lat' dir='ltr'><strong>ane</strong></span> <span class='ocrx_word' id='word_1_355' title='bbox 533 3113 626 3167; x_wconf 90' lang='lat' dir='ltr'><strong>tibi</strong></span> <span class='ocrx_word' id='word_1_356' title='bbox 658 3115 845 3181; x_wconf 86' lang='lat' dir='ltr'><strong>juncta</strong></span> <span class='ocrx_word' id='word_1_357' title='bbox 878 3115 1101 3168; x_wconf 82' lang='lat' dir='ltr'><strong>comes?</strong></span> <span class='ocrx_word' id='word_1_358' title='bbox 1134 3113 1285 3168; x_wconf 84' lang='lat' dir='ltr'><strong>Dicat</strong></span> <span class='ocrx_word' id='word_1_359' title='bbox 1307 3112 1424 3168; x_wconf 88' lang='lat' dir='ltr'><strong>tibi.</strong></span> <span class='ocrx_word' id='word_1_360' title='bbox 1447 3114 1541 3169; x_wconf 87' lang='lat' dir='ltr'><strong>Die</strong></span> <span class='ocrx_word' id='word_1_361' title='bbox 1572 3130 1851 3188; x_wconf 64' lang='lat' dir='ltr'><strong>rogoqua&#39;.</strong></span> <span class='ocrx_word' id='word_1_362' title='bbox 1875 3117 1971 3171; x_wconf 86' lang='lat' dir='ltr'><strong>sis.</strong></span> <span class='ocrx_word' id='word_1_363' title='bbox 2004 3105 2052 3168; x_wconf 89' lang='lat' dir='ltr'><strong><em>C</em></strong></span> 
     </span>
    </p>
   </div>
   <div class='ocr_carea' id='block_1_48' title="bbox 445 3207 1754 3277">
    <p class='ocr_par' dir='ltr' id='par_1_48' title="bbox 445 3207 1754 3277">
     <span class='ocr_line' id='line_1_48' title="bbox 445 3207 1754 3277; baseline 0.002 -18"><span class='ocrx_word' id='word_1_364' title='bbox 445 3207 575 3260; x_wconf 88' lang='lat' dir='ltr'><strong>Sum</strong></span> <span class='ocrx_word' id='word_1_365' title='bbox 607 3207 709 3261; x_wconf 89' lang='lat' dir='ltr'><strong>dea</strong></span> <span class='ocrx_word' id='word_1_366' title='bbox 748 3208 834 3261; x_wconf 92' lang='lat' dir='ltr'><strong>cui</strong></span> <span class='ocrx_word' id='word_1_367' title='bbox 863 3222 1062 3262; x_wconf 90' lang='lat' dir='ltr'><strong>nomen</strong></span> <span class='ocrx_word' id='word_1_368' title='bbox 1097 3221 1198 3261; x_wconf 90' lang='lat' dir='ltr'><strong>nec</strong></span> <span class='ocrx_word' id='word_1_369' title='bbox 1217 3207 1412 3262; x_wconf 73' lang='lat' dir='ltr'><strong>Cicero</strong></span> <span class='ocrx_word' id='word_1_370' title='bbox 1442 3208 1557 3277; x_wconf 88' lang='lat' dir='ltr'><strong>ipse</strong></span> <span class='ocrx_word' id='word_1_371' title='bbox 1583 3208 1754 3263; x_wconf 90' lang='lat' dir='ltr'><strong>dedit.</strong></span> 
     </span>
    </p>
   </div>
   <div class='ocr_carea' id='block_1_49' title="bbox 370 3296 1768 3371">
    <p class='ocr_par' dir='ltr' id='par_1_49' title="bbox 370 3296 1768 3371">
     <span class='ocr_line' id='line_1_49' title="bbox 370 3296 1768 3371; baseline 0.003 -19"><span class='ocrx_word' id='word_1_372' title='bbox 370 3298 500 3352; x_wconf 88' lang='lat' dir='ltr'><strong>Sum</strong></span> <span class='ocrx_word' id='word_1_373' title='bbox 528 3300 628 3354; x_wconf 88' lang='lat' dir='ltr'><strong>dea</strong></span> <span class='ocrx_word' id='word_1_374' title='bbox 653 3317 774 3368; x_wconf 73' lang='lat' dir='ltr'><strong>quae</strong></span> <span class='ocrx_word' id='word_1_375' title='bbox 801 3300 927 3354; x_wconf 69' lang='lat' dir='ltr'><strong>facti</strong></span> <span class='ocrx_word' id='word_1_376' title='bbox 958 3314 1066 3354; x_wconf 92' lang='lat' dir='ltr'><strong>non</strong></span> <span class='ocrx_word' id='word_1_377' title='bbox 1095 3296 1334 3370; x_wconf 85' lang='lat' dir='ltr'><strong>factique</strong></span> <span class='ocrx_word' id='word_1_378' title='bbox 1363 3300 1522 3370; x_wconf 78' lang='lat' dir='ltr'><strong>exigo</strong></span> <span class='ocrx_word' id='word_1_379' title='bbox 1556 3316 1768 3371; x_wconf 76' lang='lat' dir='ltr'><strong>pcenas;</strong></span> 
     </span>
    </p>
   </div>
   <div class='ocr_carea' id='block_1_50' title="bbox 2080 2866 3566 2938">
    <p class='ocr_par' dir='ltr' id='par_1_50' title="bbox 2080 2866 3566 2938">
     <span class='ocr_line' id='line_1_50' title="bbox 2080 2866 3566 2938; baseline 0.001 -17"><span class='ocrx_word' id='word_1_380' title='bbox 2080 2866 2164 2921; x_wconf 81' lang='lat' dir='ltr'><strong>Me</strong></span> <span class='ocrx_word' id='word_1_381' title='bbox 2191 2866 2425 2938; x_wconf 85' lang='lat' dir='ltr'><strong>lapidem</strong></span> <span class='ocrx_word' id='word_1_382' title='bbox 2455 2867 2727 2938; x_wconf 90' lang='lat' dir='ltr'><strong>quondam</strong></span> <span class='ocrx_word' id='word_1_383' title='bbox 2755 2867 2938 2921; x_wconf 66' lang='lat' dir='ltr'><strong>Persa:</strong></span> <span class='ocrx_word' id='word_1_384' title='bbox 2963 2867 3260 2934; x_wconf 86' lang='lat' dir='ltr'><strong>advexere,</strong></span> <span class='ocrx_word' id='word_1_385' title='bbox 3305 2877 3566 2936; x_wconf 72' lang='lat' dir='ltr'><strong>tropazmo</strong></span> 
     </span>
    </p>
   </div>
   <div class='ocr_carea' id='block_1_51' title="bbox 2154 2957 3459 3030">
    <p class='ocr_par' dir='ltr' id='par_1_51' title="bbox 2154 2957 3459 3030">
     <span class='ocr_line' id='line_1_51' title="bbox 2154 2957 3459 3030; baseline -0.006 -10"><span class='ocrx_word' id='word_1_386' title='bbox 2154 2962 2228 3020; x_wconf 87' lang='lat' dir='ltr'><strong>Ut</strong></span> <span class='ocrx_word' id='word_1_387' title='bbox 2256 2962 2441 3018; x_wconf 77' lang='lat' dir='ltr'><strong>fierem</strong></span> <span class='ocrx_word' id='word_1_388' title='bbox 2475 2960 2650 3029; x_wconf 87' lang='lat' dir='ltr'><strong>bello;</strong></span> <span class='ocrx_word' id='word_1_389' title='bbox 2681 2975 2823 3014; x_wconf 89' lang='lat' dir='ltr'><strong>nunc</strong></span> <span class='ocrx_word' id='word_1_390' title='bbox 2851 2974 2954 3030; x_wconf 92' lang='lat' dir='ltr'><strong>ego</strong></span> <span class='ocrx_word' id='word_1_391' title='bbox 2980 2975 3098 3013; x_wconf 70' lang='lat' dir='ltr'><strong>sum</strong></span> <span class='ocrx_word' id='word_1_392' title='bbox 3139 2957 3459 3015; x_wconf 78' lang='lat' dir='ltr'><strong>NEMESIS.</strong></span> 
     </span>
    </p>
   </div>
   <div class='ocr_carea' id='block_1_52' title="bbox 2085 3053 3389 3122">
    <p class='ocr_par' dir='ltr' id='par_1_52' title="bbox 2085 3053 3389 3122">
     <span class='ocr_line' id='line_1_52' title="bbox 2085 3053 3389 3122; baseline -0.006 -9"><span class='ocrx_word' id='word_1_393' title='bbox 2085 3061 2153 3113; x_wconf 79' lang='lat' dir='ltr'><strong>At</strong></span> <span class='ocrx_word' id='word_1_394' title='bbox 2177 3058 2315 3112; x_wconf 88' lang='lat' dir='ltr'><strong>sicut</strong></span> <span class='ocrx_word' id='word_1_395' title='bbox 2345 3054 2550 3110; x_wconf 75' lang='lat' dir='ltr'><strong>Grmcis</strong></span> <span class='ocrx_word' id='word_1_396' title='bbox 2576 3053 2877 3108; x_wconf 88' lang='lat' dir='ltr'><strong>victoribus</strong></span> <span class='ocrx_word' id='word_1_397' title='bbox 2908 3054 3064 3106; x_wconf 85' lang='lat' dir='ltr'><strong>adsto</strong></span> <span class='ocrx_word' id='word_1_398' title='bbox 3097 3060 3389 3122; x_wconf 73' lang='lat' dir='ltr'><strong>trepazum,</strong></span> 
     </span>
    </p>
   </div>
   <div class='ocr_carea' id='block_1_53' title="bbox 2154 3145 3311 3214">
    <p class='ocr_par' dir='ltr' id='par_1_53' title="bbox 2154 3145 3311 3214">
     <span class='ocr_line' id='line_1_53' title="bbox 2154 3145 3311 3214; baseline -0.005 -11"><span class='ocrx_word' id='word_1_399' title='bbox 2154 3149 2330 3203; x_wconf 90' lang='lat' dir='ltr'><strong>Punio</strong></span> <span class='ocrx_word' id='word_1_400' title='bbox 2359 3148 2439 3201; x_wconf 89' lang='lat' dir='ltr'><strong>sic</strong></span> <span class='ocrx_word' id='word_1_401' title='bbox 2463 3147 2655 3200; x_wconf 86' lang='lat' dir='ltr'><strong>Persas</strong></span> <span class='ocrx_word' id='word_1_402' title='bbox 2688 3147 3008 3214; x_wconf 85' lang='lat' dir='ltr'><strong>vaniloquos</strong></span> <span class='ocrx_word' id='word_1_403' title='bbox 3044 3145 3311 3199; x_wconf 81' lang='lat' dir='ltr'><strong>Nemesis.</strong></span> 
     </span>
    </p>
   </div>
   <div class='ocr_carea' id='block_1_54' title="bbox 2359 3257 3419 3330">
    <p class='ocr_par' dir='ltr' id='par_1_54' title="bbox 2359 3257 3419 3330">
     <span class='ocr_line' id='line_1_54' title="bbox 2359 3257 3419 3330; baseline -0.004 -14"><span class='ocrx_word' id='word_1_404' title='bbox 2359 3261 2475 3316; x_wconf 82' lang='lat' dir='ltr'><strong>XX.</strong></span> <span class='ocrx_word' id='word_1_405' title='bbox 2512 3258 2589 3312; x_wconf 86' lang='lat' dir='ltr'><strong>De</strong></span> <span class='ocrx_word' id='word_1_406' title='bbox 2615 3261 2860 3313; x_wconf 84' lang='lat' dir='ltr'><strong>varietate</strong></span> <span class='ocrx_word' id='word_1_407' title='bbox 2882 3261 3129 3330; x_wconf 74' lang='lat' dir='ltr'><strong>fortnam,</strong></span> <span class='ocrx_word' id='word_1_408' title='bbox 3161 3276 3188 3312; x_wconf 78' lang='grc' dir='ltr'><strong><em>ι’</em></strong></span> <span class='ocrx_word' id='word_1_409' title='bbox 3214 3257 3419 3314; x_wconf 72' lang='lat' dir='ltr'><strong>Ct‘trco.</strong></span> 
     </span>
    </p>
   </div>
   <div class='ocr_carea' id='block_1_55' title="bbox 447 3373 1792 3462">
    <p class='ocr_par' dir='ltr' id='par_1_55' title="bbox 447 3391 1792 3462">
     <span class='ocr_line' id='line_1_55' title="bbox 447 3391 1792 3462; baseline 0.003 -16"><span class='ocrx_word' id='word_1_410' title='bbox 447 3392 653 3461; x_wconf 88' lang='lat' dir='ltr'><strong>Nempe</strong></span> <span class='ocrx_word' id='word_1_411' title='bbox 685 3401 742 3446; x_wconf 90' lang='lat' dir='ltr'><strong>ttt</strong></span> <span class='ocrx_word' id='word_1_412' title='bbox 775 3393 1064 3462; x_wconf 68' lang='lat' dir='ltr'><strong>paeniteat,</strong></span> <span class='ocrx_word' id='word_1_413' title='bbox 1101 3393 1182 3446; x_wconf 88' lang='lat' dir='ltr'><strong>sic</strong></span> <span class='ocrx_word' id='word_1_414' title='bbox 1207 3391 1577 3460; x_wconf 62' lang='lat' dir='ltr'><strong>METANGEA</strong></span> <span class='ocrx_word' id='word_1_415' title='bbox 1609 3411 1792 3450; x_wconf 81' lang='lat' dir='ltr'><strong>vocor.</strong></span> 
     </span>
    </p>
   </div>
   <div class='ocr_carea' id='block_1_56' title="bbox 2079 3373 3425 3462">
    <p class='ocr_par' dir='ltr' id='par_1_56' title="bbox 2079 3373 3425 3443">
     <span class='ocr_line' id='line_1_56' title="bbox 2079 3373 3425 3443; baseline -0.005 -11"><span class='ocrx_word' id='word_1_416' title='bbox 2079 3377 2362 3432; x_wconf 59' lang='lat' dir='ltr'><strong>Thesauro</strong></span> <span class='ocrx_word' id='word_1_417' title='bbox 2395 3376 2642 3441; x_wconf 88' lang='lat' dir='ltr'><strong>invento,</strong></span> <span class='ocrx_word' id='word_1_418' title='bbox 2675 3375 2766 3443; x_wconf 91' lang='lat' dir='ltr'><strong>qui</strong></span> <span class='ocrx_word' id='word_1_419' title='bbox 2799 3374 2987 3428; x_wconf 88' lang='lat' dir='ltr'><strong>limina</strong></span> <span class='ocrx_word' id='word_1_420' title='bbox 3017 3375 3210 3428; x_wconf 89' lang='lat' dir='ltr'><strong>mortis</strong></span> <span class='ocrx_word' id='word_1_421' title='bbox 3232 3373 3425 3438; x_wconf 57' lang='lat' dir='ltr'><strong>inibat,</strong></span> 
     </span>
    </p>
   </div>
   <div class='ocr_carea' id='block_1_57' title="bbox 375 3468 1792 3557">
    <p class='ocr_par' dir='ltr' id='par_1_57' title="bbox 375 3485 1792 3555">
     <span class='ocr_line' id='line_1_57' title="bbox 375 3485 1792 3555; baseline 0.001 -15"><span class='ocrx_word' id='word_1_422' title='bbox 375 3487 454 3540; x_wconf 89' lang='lat' dir='ltr'><strong>Tn</strong></span> <span class='ocrx_word' id='word_1_423' title='bbox 488 3487 647 3540; x_wconf 90' lang='lat' dir='ltr'><strong>modo</strong></span> <span class='ocrx_word' id='word_1_424' title='bbox 675 3486 760 3539; x_wconf 89' lang='lat' dir='ltr'><strong>die</strong></span> <span class='ocrx_word' id='word_1_425' title='bbox 782 3485 909 3552; x_wconf 87' lang='lat' dir='ltr'><strong>qttid</strong></span> <span class='ocrx_word' id='word_1_426' title='bbox 939 3497 1066 3555; x_wconf 83' lang='lat' dir='ltr'><strong>agat</strong></span> <span class='ocrx_word' id='word_1_427' title='bbox 1091 3486 1305 3540; x_wconf 85' lang='lat' dir='ltr'><strong>tecum?</strong></span> <span class='ocrx_word' id='word_1_428' title='bbox 1333 3485 1389 3542; x_wconf 91' lang='lat' dir='ltr'><strong>Si</strong></span> <span class='ocrx_word' id='word_1_429' title='bbox 1417 3488 1636 3555; x_wconf 88' lang='lat' dir='ltr'><strong>quando</strong></span> <span class='ocrx_word' id='word_1_430' title='bbox 1664 3489 1792 3541; x_wconf 82' lang='lat' dir='ltr'><strong>vola</strong></span> 
     </span>
    </p>
   </div>
   <div class='ocr_carea' id='block_1_58' title="bbox 2079 3468 3394 3557">
    <p class='ocr_par' dir='ltr' id='par_1_58' title="bbox 2152 3468 3394 3538">
     <span class='ocr_line' id='line_1_58' title="bbox 2152 3468 3394 3538; baseline -0.003 -15"><span class='ocrx_word' id='word_1_431' title='bbox 2152 3469 2337 3538; x_wconf 84' lang='lat' dir='ltr'><strong>Liquit</strong></span> <span class='ocrx_word' id='word_1_432' title='bbox 2361 3483 2529 3521; x_wconf 81' lang='lat' dir='ltr'><strong>ovans</strong></span> <span class='ocrx_word' id='word_1_433' title='bbox 2552 3468 2808 3536; x_wconf 87' lang='lat' dir='ltr'><strong>laqueum</strong></span> <span class='ocrx_word' id='word_1_434' title='bbox 2835 3482 2941 3534; x_wconf 78' lang='lat' dir='ltr'><strong>quo</strong></span> <span class='ocrx_word' id='word_1_435' title='bbox 2967 3470 3237 3537; x_wconf 83' lang='lat' dir='ltr'><strong>periturus</strong></span> <span class='ocrx_word' id='word_1_436' title='bbox 3255 3479 3394 3521; x_wconf 68' lang='lat' dir='ltr'><strong>erat.</strong></span> 
     </span>
    </p>
   </div>
   <div class='ocr_carea' id='block_1_59' title="bbox 451 3559 3665 3649">
    <p class='ocr_par' dir='ltr' id='par_1_59' title="bbox 451 3559 3665 3649">
     <span class='ocr_line' id='line_1_59' title="bbox 451 3559 3665 3649; baseline -0.002 -18"><span class='ocrx_word' id='word_1_437' title='bbox 451 3576 575 3633; x_wconf 67' lang='lat' dir='ltr'><strong>llaec</strong></span> <span class='ocrx_word' id='word_1_438' title='bbox 607 3587 809 3639; x_wconf 86' lang='lat' dir='ltr'><strong>manet,</strong></span> <span class='ocrx_word' id='word_1_439' title='bbox 840 3578 979 3632; x_wconf 86' lang='lat' dir='ltr'><strong>banc</strong></span> <span class='ocrx_word' id='word_1_440' title='bbox 1002 3579 1238 3632; x_wconf 82' lang='lat' dir='ltr'><strong>retinent</strong></span> <span class='ocrx_word' id='word_1_441' title='bbox 1260 3593 1400 3646; x_wconf 90' lang='lat' dir='ltr'><strong>quos</strong></span> <span class='ocrx_word' id='word_1_442' title='bbox 1423 3594 1528 3648; x_wconf 88' lang='lat' dir='ltr'><strong>ego</strong></span> <span class='ocrx_word' id='word_1_443' title='bbox 1558 3583 1826 3649; x_wconf 83' lang='lat' dir='ltr'><strong>pra-terii.</strong></span> <span class='ocrx_word' id='word_1_444' title='bbox 1881 3571 1883 3574; x_wconf 9' lang='lat' dir='ltr'><strong>i</strong></span> <span class='ocrx_word' id='word_1_445' title='bbox 2079 3563 2289 3641; x_wconf 51' lang='lat' dir='ltr'><strong>ANP“;</strong></span> <span class='ocrx_word' id='word_1_446' title='bbox 2310 3563 2456 3633; x_wconf 75' lang='grc' dir='ltr'><strong>(ιυοά</strong></span> <span class='ocrx_word' id='word_1_447' title='bbox 2485 3570 2648 3616; x_wconf 55' lang='lat' dir='ltr'><strong>lem“</strong></span> <span class='ocrx_word' id='word_1_448' title='bbox 2669 3559 2975 3627; x_wconf 63' lang='lat' dir='ltr'><strong>al&#39;dide&#39;al»</strong></span> <span class='ocrx_word' id='word_1_449' title='bbox 3009 3576 3121 3615; x_wconf 77' lang='lat' dir='ltr'><strong>n0&quot;</strong></span> <span class='ocrx_word' id='word_1_450' title='bbox 3173 3563 3420 3630; x_wconf 67' lang='lat' dir='ltr'><strong>rePPerit</strong></span> <span class='ocrx_word' id='word_1_451' title='bbox 3458 3577 3665 3626; x_wconf 68' lang='lat' dir='ltr'><strong>30mm.</strong></span> 
     </span>
    </p>
   </div>
   <div class='ocr_carea' id='block_1_60' title="bbox 371 3654 1792 3743">
    <p class='ocr_par' dir='ltr' id='par_1_60' title="bbox 371 3669 1792 3739">
     <span class='ocr_line' id='line_1_60' title="bbox 371 3669 1792 3739; baseline 0.003 -15"><span class='ocrx_word' id='word_1_452' title='bbox 371 3670 448 3725; x_wconf 88' lang='lat' dir='ltr'><strong>Tu</strong></span> <span class='ocrx_word' id='word_1_453' title='bbox 480 3687 718 3739; x_wconf 89' lang='lat' dir='ltr'><strong>quoque,</strong></span> <span class='ocrx_word' id='word_1_454' title='bbox 743 3670 870 3724; x_wconf 89' lang='lat' dir='ltr'><strong>dum</strong></span> <span class='ocrx_word' id='word_1_455' title='bbox 902 3670 1130 3739; x_wconf 80' lang='lat' dir='ltr'><strong>rogitas,</strong></span> <span class='ocrx_word' id='word_1_456' title='bbox 1157 3669 1288 3724; x_wconf 88' lang='lat' dir='ltr'><strong>duttt</strong></span> <span class='ocrx_word' id='word_1_457' title='bbox 1315 3673 1690 3739; x_wconf 85' lang='lat' dir='ltr'><strong>percontando</strong></span> <span class='ocrx_word' id='word_1_458' title='bbox 1717 3689 1792 3728; x_wconf 84' lang='grc' dir='ltr'><strong>ιη(</strong></span> 
     </span>
    </p>
   </div>
   <div class='ocr_carea' id='block_1_61' title="bbox 2079 3654 3406 3743">
    <p class='ocr_par' dir='ltr' id='par_1_61' title="bbox 2149 3654 3406 3727">
     <span class='ocr_line' id='line_1_61' title="bbox 2149 3654 3406 3727; baseline -0.002 -16"><span class='ocrx_word' id='word_1_459' title='bbox 2149 3657 2324 3724; x_wconf 84' lang='lat' dir='ltr'><strong>Quem</strong></span> <span class='ocrx_word' id='word_1_460' title='bbox 2350 3656 2601 3726; x_wconf 87' lang='lat' dir='ltr'><strong>laqueum</strong></span> <span class='ocrx_word' id='word_1_461' title='bbox 2633 3654 2864 3723; x_wconf 77' lang='lat' dir='ltr'><strong>invenit,</strong></span> <span class='ocrx_word' id='word_1_462' title='bbox 2893 3655 3104 3723; x_wconf 81' lang='lat' dir='ltr'><strong>nexuit,</strong></span> <span class='ocrx_word' id='word_1_463' title='bbox 3139 3668 3192 3710; x_wconf 87' lang='lat' dir='ltr'><strong>et</strong></span> <span class='ocrx_word' id='word_1_464' title='bbox 3225 3655 3406 3727; x_wconf 85' lang='lat' dir='ltr'><strong>periit.</strong></span> 
     </span>
    </p>
   </div>
   <div class='ocr_carea' id='block_1_62' title="bbox 446 3761 3148 3832">
    <p class='ocr_par' dir='ltr' id='par_1_62' title="bbox 446 3761 3148 3832">
     <span class='ocr_line' id='line_1_62' title="bbox 446 3761 3148 3832; baseline 0.005 -16"><span class='ocrx_word' id='word_1_465' title='bbox 446 3761 695 3832; x_wconf 87' lang='lat' dir='ltr'><strong>Elapsam</strong></span> <span class='ocrx_word' id='word_1_466' title='bbox 722 3763 870 3817; x_wconf 91' lang='lat' dir='ltr'><strong>dices</strong></span> <span class='ocrx_word' id='word_1_467' title='bbox 892 3763 985 3817; x_wconf 89' lang='lat' dir='ltr'><strong>&#39;mc</strong></span> <span class='ocrx_word' id='word_1_468' title='bbox 1009 3765 1103 3817; x_wconf 93' lang='lat' dir='ltr'><strong>tibi</strong></span> <span class='ocrx_word' id='word_1_469' title='bbox 1128 3765 1197 3818; x_wconf 91' lang='lat' dir='ltr'><strong>de</strong></span> <span class='ocrx_word' id='word_1_470' title='bbox 1224 3766 1500 3820; x_wconf 86' lang='lat' dir='ltr'><strong>manibus.</strong></span> <span class='ocrx_word' id='word_1_471' title='bbox 2616 3773 2759 3829; x_wconf 86' lang='lat' dir='ltr'><strong>XXI.</strong></span> <span class='ocrx_word' id='word_1_472' title='bbox 2793 3773 2943 3829; x_wconf 83' lang='lat' dir='ltr'><strong>Idem</strong></span> <span class='ocrx_word' id='word_1_473' title='bbox 2973 3775 3148 3829; x_wconf 86' lang='lat' dir='ltr'><strong>aliter.</strong></span> 
     </span>
    </p>
   </div>
   <div class='ocr_carea' id='block_1_63' title="bbox 629 3877 1792 3965">
    <p class='ocr_par' dir='ltr' id='par_1_63' title="bbox 629 3877 1720 3949">
     <span class='ocr_line' id='line_1_63' title="bbox 629 3877 1720 3949; baseline 0.002 -17"><span class='ocrx_word' id='word_1_474' title='bbox 629 3877 765 3932; x_wconf 88' lang='lat' dir='ltr'><strong>XIII.</strong></span> <span class='ocrx_word' id='word_1_475' title='bbox 802 3879 882 3932; x_wconf 86' lang='lat' dir='ltr'><strong>De</strong></span> <span class='ocrx_word' id='word_1_476' title='bbox 902 3879 1078 3949; x_wconf 89' lang='lat' dir='ltr'><strong>lepore</strong></span> <span class='ocrx_word' id='word_1_477' title='bbox 1100 3887 1252 3949; x_wconf 84' lang='lat' dir='ltr'><strong>capto</strong></span> <span class='ocrx_word' id='word_1_478' title='bbox 1282 3896 1313 3932; x_wconf 90' lang='lat' dir='ltr'><strong>a</strong></span> <span class='ocrx_word' id='word_1_479' title='bbox 1334 3894 1462 3933; x_wconf 84' lang='lat' dir='ltr'><strong>cane</strong></span> <span class='ocrx_word' id='word_1_480' title='bbox 1492 3881 1720 3936; x_wconf 80' lang='lat' dir='ltr'><strong>marino.</strong></span> 
     </span>
    </p>
   </div>
   <div class='ocr_carea' id='block_1_64' title="bbox 2079 3877 3425 3965">
    <p class='ocr_par' dir='ltr' id='par_1_64' title="bbox 2079 3894 3425 3965">
     <span class='ocr_line' id='line_1_64' title="bbox 2079 3894 3425 3965; baseline -0.001 -15"><span class='ocrx_word' id='word_1_481' title='bbox 2079 3898 2179 3964; x_wconf 92' lang='lat' dir='ltr'><strong>Qui</strong></span> <span class='ocrx_word' id='word_1_482' title='bbox 2209 3895 2463 3965; x_wconf 88' lang='lat' dir='ltr'><strong>laqueum</strong></span> <span class='ocrx_word' id='word_1_483' title='bbox 2493 3895 2634 3949; x_wconf 90' lang='lat' dir='ltr'><strong>collo</strong></span> <span class='ocrx_word' id='word_1_484' title='bbox 2652 3894 2922 3958; x_wconf 86' lang='lat' dir='ltr'><strong>nectebat,</strong></span> <span class='ocrx_word' id='word_1_485' title='bbox 2946 3894 3190 3963; x_wconf 87' lang='lat' dir='ltr'><strong>repperit</strong></span> <span class='ocrx_word' id='word_1_486' title='bbox 3210 3909 3425 3959; x_wconf 90' lang='lat' dir='ltr'><strong>anrutn,</strong></span> 
     </span>
    </p>
   </div>
   <div class='ocr_carea' id='block_1_65' title="bbox 315 3988 3259 4063">
    <p class='ocr_par' dir='ltr' id='par_1_65' title="bbox 315 3988 3259 4063">
     <span class='ocr_line' id='line_1_65' title="bbox 315 3988 3259 4063; baseline -0.003 -16"><span class='ocrx_word' id='word_1_487' title='bbox 315 4035 321 4041; x_wconf 91' lang='lat'><strong>.</strong></span> <span class='ocrx_word' id='word_1_488' title='bbox 374 3992 640 4047; x_wconf 84' lang='lat' dir='ltr'><strong>Trinacrii</strong></span> <span class='ocrx_word' id='word_1_489' title='bbox 675 3993 949 4063; x_wconf 90' lang='lat' dir='ltr'><strong>quondam</strong></span> <span class='ocrx_word' id='word_1_490' title='bbox 990 4005 1304 4050; x_wconf 88' lang='lat' dir='ltr'><strong>currentem</strong></span> <span class='ocrx_word' id='word_1_491' title='bbox 1336 3994 1390 4049; x_wconf 90' lang='lat' dir='ltr'><strong>in</strong></span> <span class='ocrx_word' id='word_1_492' title='bbox 1438 3995 1640 4050; x_wconf 91' lang='lat' dir='ltr'><strong>littoris</strong></span> <span class='ocrx_word' id='word_1_493' title='bbox 1662 4010 1760 4050; x_wconf 83' lang='lat' dir='ltr'><strong>ora</strong></span> <span class='ocrx_word' id='word_1_494' title='bbox 2150 3988 2529 4058; x_wconf 81' lang='lat' dir='ltr'><strong>Thcsatlrique</strong></span> <span class='ocrx_word' id='word_1_495' title='bbox 2560 3988 2679 4041; x_wconf 82' lang='lat' dir='ltr'><strong>loco</strong></span> <span class='ocrx_word' id='word_1_496' title='bbox 2708 3988 2959 4057; x_wconf 81' lang='lat' dir='ltr'><strong>deposuit</strong></span> <span class='ocrx_word' id='word_1_497' title='bbox 2983 3989 3259 4056; x_wconf 89' lang='lat' dir='ltr'><strong>laqueum.</strong></span> 
     </span>
    </p>
   </div>
   <div class='ocr_carea' id='block_1_66' title="bbox 446 4079 3598 4158">
    <p class='ocr_par' dir='ltr' id='par_1_66' title="bbox 446 4079 3598 4158">
     <span class='ocr_line' id='line_1_66' title="bbox 446 4079 3598 4158; baseline -0.001 -22"><span class='ocrx_word' id='word_1_498' title='bbox 446 4089 584 4142; x_wconf 84' lang='lat' dir='ltr'><strong>Ante</strong></span> <span class='ocrx_word' id='word_1_499' title='bbox 616 4103 782 4142; x_wconf 72' lang='lat' dir='ltr'><strong>canes</strong></span> <span class='ocrx_word' id='word_1_500' title='bbox 810 4088 1050 4156; x_wconf 82' lang='lat' dir='ltr'><strong>leporem</strong></span> <span class='ocrx_word' id='word_1_501' title='bbox 1080 4087 1352 4143; x_wconf 60' lang='lat' dir='ltr'><strong>caeruleus</strong></span> <span class='ocrx_word' id='word_1_502' title='bbox 1373 4090 1577 4158; x_wconf 79' lang='lat' dir='ltr'><strong>rapuit.</strong></span> <span class='ocrx_word' id='word_1_503' title='bbox 2079 4081 2264 4150; x_wconf 85' lang='lat' dir='ltr'><strong>Atqui</strong></span> <span class='ocrx_word' id='word_1_504' title='bbox 2290 4079 2636 4144; x_wconf 82' lang='lat' dir='ltr'><strong>condiderat,</strong></span> <span class='ocrx_word' id='word_1_505' title='bbox 2657 4090 2944 4148; x_wconf 84' lang='lat' dir='ltr'><strong>postquam</strong></span> <span class='ocrx_word' id='word_1_506' title='bbox 2975 4097 3081 4132; x_wconf 86' lang='lat' dir='ltr'><strong>uult</strong></span> <span class='ocrx_word' id='word_1_507' title='bbox 3113 4082 3360 4148; x_wconf 80' lang='lat' dir='ltr'><strong>repperit</strong></span> <span class='ocrx_word' id='word_1_508' title='bbox 3385 4095 3598 4142; x_wconf 83' lang='lat' dir='ltr'><strong>aurum,</strong></span> 
     </span>
    </p>
   </div>
   <div class='ocr_carea' id='block_1_67' title="bbox 376 4162 3265 4252">
    <p class='ocr_par' dir='ltr' id='par_1_67' title="bbox 376 4162 3265 4252">
     <span class='ocr_line' id='line_1_67' title="bbox 376 4162 3265 4252; baseline -0.003 -19"><span class='ocrx_word' id='word_1_509' title='bbox 376 4179 445 4233; x_wconf 82' lang='lat' dir='ltr'><strong>At</strong></span> <span class='ocrx_word' id='word_1_510' title='bbox 464 4180 615 4252; x_wconf 79' lang='lat' dir='ltr'><strong>lepus</strong></span> <span class='ocrx_word' id='word_1_511' title='bbox 647 4200 657 4233; x_wconf 92' lang='lat'><strong>:</strong></span> <span class='ocrx_word' id='word_1_512' title='bbox 697 4181 751 4235; x_wconf 94' lang='lat' dir='ltr'><strong>In</strong></span> <span class='ocrx_word' id='word_1_513' title='bbox 777 4196 861 4234; x_wconf 92' lang='lat' dir='ltr'><strong>me</strong></span> <span class='ocrx_word' id='word_1_514' title='bbox 893 4162 1075 4234; x_wconf 85' lang='lat' dir='ltr'><strong>omnis</strong></span> <span class='ocrx_word' id='word_1_515' title='bbox 1098 4189 1263 4238; x_wconf 77' lang='lat' dir='ltr'><strong>terra:</strong></span> <span class='ocrx_word' id='word_1_516' title='bbox 1286 4181 1575 4252; x_wconf 78' lang='lat' dir='ltr'><strong>pelagique</strong></span> <span class='ocrx_word' id='word_1_517' title='bbox 1610 4183 1800 4252; x_wconf 86' lang='lat' dir='ltr'><strong>rapina</strong></span> <span class='ocrx_word' id='word_1_518' title='bbox 1829 4192 1937 4248; x_wconf 89' lang='lat' dir='ltr'><strong>est,</strong></span> <span class='ocrx_word' id='word_1_519' title='bbox 2153 4177 2372 4243; x_wconf 79' lang='lat' dir='ltr'><strong>Aplavit</strong></span> <span class='ocrx_word' id='word_1_520' title='bbox 2395 4174 2540 4228; x_wconf 87' lang='lat' dir='ltr'><strong>collo</strong></span> <span class='ocrx_word' id='word_1_521' title='bbox 2563 4174 2725 4243; x_wconf 78' lang='lat' dir='ltr'><strong>quem</strong></span> <span class='ocrx_word' id='word_1_522' title='bbox 2755 4174 2962 4243; x_wconf 88' lang='lat' dir='ltr'><strong>reperit</strong></span> <span class='ocrx_word' id='word_1_523' title='bbox 2990 4176 3265 4243; x_wconf 89' lang='lat' dir='ltr'><strong>laqueum.</strong></span> 
     </span>
    </p>
   </div>
   <div class='ocr_carea' id='block_1_68' title="bbox 449 4263 1792 4358">
    <p class='ocr_par' dir='ltr' id='par_1_68' title="bbox 449 4273 1577 4343">
     <span class='ocr_line' id='line_1_68' title="bbox 449 4273 1577 4343; baseline 0.001 -15"><span class='ocrx_word' id='word_1_524' title='bbox 449 4275 697 4329; x_wconf 85' lang='lat' dir='ltr'><strong>Forsitan</strong></span> <span class='ocrx_word' id='word_1_525' title='bbox 722 4286 773 4330; x_wconf 92' lang='lat' dir='ltr'><strong>et</strong></span> <span class='ocrx_word' id='word_1_526' title='bbox 803 4273 951 4343; x_wconf 71' lang='lat' dir='ltr'><strong>cmli,</strong></span> <span class='ocrx_word' id='word_1_527' title='bbox 977 4275 1023 4328; x_wconf 81' lang='lat' dir='ltr'><strong>si</strong></span> <span class='ocrx_word' id='word_1_528' title='bbox 1050 4275 1202 4330; x_wconf 89' lang='lat' dir='ltr'><strong>cauis</strong></span> <span class='ocrx_word' id='word_1_529' title='bbox 1226 4285 1375 4330; x_wconf 86' lang='lat' dir='ltr'><strong>astra</strong></span> <span class='ocrx_word' id='word_1_530' title='bbox 1402 4283 1577 4331; x_wconf 84' lang='lat' dir='ltr'><strong>tenet.</strong></span> 
     </span>
    </p>
   </div>
   <div class='ocr_carea' id='block_1_69' title="bbox 2079 4263 3423 4358">
    <p class='ocr_par' dir='ltr' id='par_1_69' title="bbox 2335 4263 3423 4358">
     <span class='ocr_line' id='line_1_69' title="bbox 2335 4263 3423 4358; baseline -0.002 -15"><span class='ocrx_word' id='word_1_531' title='bbox 2335 4288 2500 4344; x_wconf 78' lang='lat' dir='ltr'><strong>XXII.</strong></span> <span class='ocrx_word' id='word_1_532' title='bbox 2536 4287 2615 4343; x_wconf 82' lang='lat' dir='ltr'><strong>De</strong></span> <span class='ocrx_word' id='word_1_533' title='bbox 2635 4286 2967 4358; x_wconf 70' lang='lat' dir='ltr'><strong>Thrasybulo</strong></span> <span class='ocrx_word' id='word_1_534' title='bbox 2995 4263 3423 4345; x_wconf 72' lang='lat' dir='ltr'><strong>Lacedwmonio.</strong></span> 
     </span>
    </p>
   </div>
   <div class='ocr_carea' id='block_1_70' title="bbox 382 4373 1792 4479">
    <p class='ocr_par' dir='ltr' id='par_1_70' title="bbox 382 4385 1792 4462">
     <span class='ocr_line' id='line_1_70' title="bbox 382 4385 1792 4462; baseline 0.003 -22"><span class='ocrx_word' id='word_1_535' title='bbox 382 4385 521 4440; x_wconf 85' lang='lat' dir='ltr'><strong>XIV.</strong></span> <span class='ocrx_word' id='word_1_536' title='bbox 553 4386 629 4439; x_wconf 85' lang='lat' dir='ltr'><strong>De</strong></span> <span class='ocrx_word' id='word_1_537' title='bbox 655 4385 1173 4457; x_wconf 79' lang='lat' dir='ltr'><strong>Pergamoscriptore</strong></span> <span class='ocrx_word' id='word_1_538' title='bbox 1195 4390 1540 4462; x_wconf 76' lang='lat' dir='ltr'><strong>fugitivo,qui</strong></span> <span class='ocrx_word' id='word_1_539' title='bbox 1569 4401 1754 4462; x_wconf 84' lang='lat' dir='ltr'><strong>captus</strong></span> <span class='ocrx_word' id='word_1_540' title='bbox 1782 4400 1792 4462; x_wconf 70' lang='grc' dir='ltr'><strong><em>ι</em></strong></span> 
     </span>
    </p>
   </div>
   <div class='ocr_carea' id='block_1_71' title="bbox 2079 4373 3555 4479">
    <p class='ocr_par' dir='ltr' id='par_1_71' title="bbox 2090 4404 3531 4479">
     <span class='ocr_line' id='line_1_71' title="bbox 2090 4404 3531 4479; baseline -0.006 -15"><span class='ocrx_word' id='word_1_541' title='bbox 2090 4408 2306 4479; x_wconf 80' lang='lat' dir='ltr'><strong>Exeipis</strong></span> <span class='ocrx_word' id='word_1_542' title='bbox 2331 4407 2562 4462; x_wconf 83' lang='lat' dir='ltr'><strong>adverso</strong></span> <span class='ocrx_word' id='word_1_543' title='bbox 2592 4405 2736 4475; x_wconf 89' lang='lat' dir='ltr'><strong>quod</strong></span> <span class='ocrx_word' id='word_1_544' title='bbox 2770 4417 2989 4475; x_wconf 88' lang='lat' dir='ltr'><strong>pectore</strong></span> <span class='ocrx_word' id='word_1_545' title='bbox 3029 4404 3257 4458; x_wconf 84' lang='lat' dir='ltr'><strong>vulnera</strong></span> <span class='ocrx_word' id='word_1_546' title='bbox 3285 4414 3531 4473; x_wconf 88' lang='lat' dir='ltr'><strong>septem;</strong></span> 
     </span>
    </p>
   </div>
   <div class='ocr_carea' id='block_1_72' title="bbox 377 4497 3495 4578">
    <p class='ocr_par' dir='ltr' id='par_1_72' title="bbox 377 4497 3495 4578">
     <span class='ocr_line' id='line_1_72' title="bbox 377 4497 3495 4578; baseline -0.002 -20"><span class='ocrx_word' id='word_1_547' title='bbox 377 4503 510 4558; x_wconf 84' lang='lat' dir='ltr'><strong>Tam</strong></span> <span class='ocrx_word' id='word_1_548' title='bbox 534 4506 719 4573; x_wconf 88' lang='lat' dir='ltr'><strong>segnis</strong></span> <span class='ocrx_word' id='word_1_549' title='bbox 746 4505 979 4574; x_wconf 83' lang='lat' dir='ltr'><strong>scriptor</strong></span> <span class='ocrx_word' id='word_1_550' title='bbox 1006 4521 1168 4575; x_wconf 89' lang='lat' dir='ltr'><strong>quam</strong></span> <span class='ocrx_word' id='word_1_551' title='bbox 1191 4506 1399 4574; x_wconf 89' lang='lat' dir='ltr'><strong>lentus,</strong></span> <span class='ocrx_word' id='word_1_552' title='bbox 1431 4507 1726 4578; x_wconf 85' lang='lat' dir='ltr'><strong>Pergame,</strong></span> <span class='ocrx_word' id='word_1_553' title='bbox 1749 4525 1969 4576; x_wconf 85' lang='lat' dir='ltr'><strong>cursor,</strong></span> <span class='ocrx_word' id='word_1_554' title='bbox 2005 4499 2054 4559; x_wconf 90' lang='lat' dir='ltr'><strong>D</strong></span> <span class='ocrx_word' id='word_1_555' title='bbox 2152 4503 2314 4557; x_wconf 83' lang='lat' dir='ltr'><strong>Arma</strong></span> <span class='ocrx_word' id='word_1_556' title='bbox 2345 4499 2735 4570; x_wconf 81' lang='lat' dir='ltr'><strong>supervelteris</strong></span> <span class='ocrx_word' id='word_1_557' title='bbox 2763 4499 2933 4569; x_wconf 91' lang='lat' dir='ltr'><strong>quod,</strong></span> <span class='ocrx_word' id='word_1_558' title='bbox 2962 4497 3327 4569; x_wconf 75' lang='lat' dir='ltr'><strong>Thrasybule,</strong></span> <span class='ocrx_word' id='word_1_559' title='bbox 3361 4510 3449 4552; x_wconf 89' lang='lat' dir='ltr'><strong>tua</strong></span> <span class='ocrx_word' id='word_1_560' title='bbox 3482 4516 3495 4550; x_wconf 86' lang='lat'><strong>:</strong></span> 
     </span>
    </p>
   </div>
   <div class='ocr_carea' id='block_1_73' title="bbox 447 4591 3489 4665">
    <p class='ocr_par' dir='ltr' id='par_1_73' title="bbox 447 4591 3489 4665">
     <span class='ocr_line' id='line_1_73' title="bbox 447 4591 3489 4665; baseline 0 -18"><span class='ocrx_word' id='word_1_561' title='bbox 447 4594 674 4665; x_wconf 88' lang='lat' dir='ltr'><strong>Fugisti,</strong></span> <span class='ocrx_word' id='word_1_562' title='bbox 701 4605 757 4649; x_wconf 91' lang='lat' dir='ltr'><strong>et</strong></span> <span class='ocrx_word' id='word_1_563' title='bbox 789 4597 962 4664; x_wconf 91' lang='lat' dir='ltr'><strong>primo</strong></span> <span class='ocrx_word' id='word_1_564' title='bbox 986 4609 1180 4665; x_wconf 87' lang='lat' dir='ltr'><strong>captus</strong></span> <span class='ocrx_word' id='word_1_565' title='bbox 1200 4613 1259 4652; x_wconf 86' lang='lat' dir='ltr'><strong>es</strong></span> <span class='ocrx_word' id='word_1_566' title='bbox 1287 4597 1339 4652; x_wconf 92' lang='lat' dir='ltr'><strong>in</strong></span> <span class='ocrx_word' id='word_1_567' title='bbox 1371 4600 1572 4653; x_wconf 88' lang='lat' dir='ltr'><strong>stadio.</strong></span> <span class='ocrx_word' id='word_1_568' title='bbox 2081 4596 2195 4652; x_wconf 90' lang='lat' dir='ltr'><strong>Non</strong></span> <span class='ocrx_word' id='word_1_569' title='bbox 2221 4597 2378 4649; x_wconf 89' lang='lat' dir='ltr'><strong>dolor</strong></span> <span class='ocrx_word' id='word_1_570' title='bbox 2406 4596 2495 4648; x_wconf 87' lang='lat' dir='ltr'><strong>ltic</strong></span> <span class='ocrx_word' id='word_1_571' title='bbox 2517 4597 2709 4664; x_wconf 89' lang='lat' dir='ltr'><strong>patris,</strong></span> <span class='ocrx_word' id='word_1_572' title='bbox 2739 4591 2944 4647; x_wconf 77' lang='lat' dir='ltr'><strong>Pnatne</strong></span> <span class='ocrx_word' id='word_1_573' title='bbox 2968 4593 3062 4648; x_wconf 92' lang='lat' dir='ltr'><strong>sed</strong></span> <span class='ocrx_word' id='word_1_574' title='bbox 3087 4593 3261 4662; x_wconf 87' lang='lat' dir='ltr'><strong>gloria</strong></span> <span class='ocrx_word' id='word_1_575' title='bbox 3297 4593 3489 4663; x_wconf 83' lang='lat' dir='ltr'><strong>major.</strong></span> 
     </span>
    </p>
   </div>
   <div class='ocr_carea' id='block_1_74' title="bbox 381 4689 3323 4762">
    <p class='ocr_par' dir='ltr' id='par_1_74' title="bbox 381 4689 3323 4762">
     <span class='ocr_line' id='line_1_74' title="bbox 381 4689 3323 4762; baseline 0.001 -19"><span class='ocrx_word' id='word_1_576' title='bbox 381 4689 521 4756; x_wconf 84' lang='lat' dir='ltr'><strong>Ergo</strong></span> <span class='ocrx_word' id='word_1_577' title='bbox 551 4696 705 4742; x_wconf 87' lang='lat' dir='ltr'><strong>notas</strong></span> <span class='ocrx_word' id='word_1_578' title='bbox 733 4690 938 4759; x_wconf 91' lang='lat' dir='ltr'><strong>scripto</strong></span> <span class='ocrx_word' id='word_1_579' title='bbox 969 4689 1237 4760; x_wconf 84' lang='lat' dir='ltr'><strong>tolerasti,</strong></span> <span class='ocrx_word' id='word_1_580' title='bbox 1275 4691 1555 4762; x_wconf 85' lang='lat' dir='ltr'><strong>Pergame,</strong></span> <span class='ocrx_word' id='word_1_581' title='bbox 1589 4695 1762 4762; x_wconf 82' lang='lat' dir='ltr'><strong>vultu,</strong></span> <span class='ocrx_word' id='word_1_582' title='bbox 2153 4693 2351 4747; x_wconf 76' lang='lat' dir='ltr'><strong>llarum</strong></span> <span class='ocrx_word' id='word_1_583' title='bbox 2384 4704 2492 4747; x_wconf 90' lang='lat' dir='ltr'><strong>tam</strong></span> <span class='ocrx_word' id='word_1_584' title='bbox 2525 4691 2756 4761; x_wconf 89' lang='lat' dir='ltr'><strong>pulchro</strong></span> <span class='ocrx_word' id='word_1_585' title='bbox 2789 4690 2983 4745; x_wconf 87' lang='lat' dir='ltr'><strong>funere</strong></span> <span class='ocrx_word' id='word_1_586' title='bbox 3011 4706 3175 4760; x_wconf 89' lang='lat' dir='ltr'><strong>posse</strong></span> <span class='ocrx_word' id='word_1_587' title='bbox 3198 4691 3323 4745; x_wconf 84' lang='lat' dir='ltr'><strong>Irui.</strong></span> 
     </span>
    </p>
   </div>
   <div class='ocr_carea' id='block_1_75' title="bbox 450 4783 3468 4857">
    <p class='ocr_par' dir='ltr' id='par_1_75' title="bbox 450 4783 3468 4857">
     <span class='ocr_line' id='line_1_75' title="bbox 450 4783 3468 4857; baseline 0.001 -19"><span class='ocrx_word' id='word_1_588' title='bbox 450 4783 520 4838; x_wconf 89' lang='lat' dir='ltr'><strong>Et</strong></span> <span class='ocrx_word' id='word_1_589' title='bbox 547 4800 678 4855; x_wconf 90' lang='lat' dir='ltr'><strong>quas</strong></span> <span class='ocrx_word' id='word_1_590' title='bbox 705 4785 952 4855; x_wconf 87' lang='lat' dir='ltr'><strong>neglexit</strong></span> <span class='ocrx_word' id='word_1_591' title='bbox 973 4784 1223 4850; x_wconf 79' lang='lat' dir='ltr'><strong>dextera,</strong></span> <span class='ocrx_word' id='word_1_592' title='bbox 1247 4784 1400 4840; x_wconf 90' lang='lat' dir='ltr'><strong>frons</strong></span> <span class='ocrx_word' id='word_1_593' title='bbox 1427 4791 1654 4856; x_wconf 85' lang='lat' dir='ltr'><strong>patitur.</strong></span> <span class='ocrx_word' id='word_1_594' title='bbox 2079 4787 2250 4856; x_wconf 85' lang='lat' dir='ltr'><strong>Quem</strong></span> <span class='ocrx_word' id='word_1_595' title='bbox 2286 4797 2571 4857; x_wconf 84' lang='lat' dir='ltr'><strong>postquam</strong></span> <span class='ocrx_word' id='word_1_596' title='bbox 2591 4794 2785 4840; x_wconf 77' lang='lat' dir='ltr'><strong>mtesto</strong></span> <span class='ocrx_word' id='word_1_597' title='bbox 2814 4786 2949 4839; x_wconf 86' lang='lat' dir='ltr'><strong>socii</strong></span> <span class='ocrx_word' id='word_1_598' title='bbox 2981 4801 3215 4854; x_wconf 85' lang='lat' dir='ltr'><strong>posuere</strong></span> <span class='ocrx_word' id='word_1_599' title='bbox 3246 4787 3468 4849; x_wconf 77' lang='lat' dir='ltr'><strong>feretro,</strong></span> 
     </span>
    </p>
   </div>
   <div class='ocr_carea' id='block_1_76' title="bbox 781 4879 3290 4973">
    <p class='ocr_par' dir='ltr' id='par_1_76' title="bbox 781 4879 3290 4973">
     <span class='ocr_line' id='line_1_76' title="bbox 781 4879 3290 4973; baseline 0 -38"><span class='ocrx_word' id='word_1_600' title='bbox 781 4901 895 4956; x_wconf 51' lang='lat' dir='ltr'><strong>xv.</strong></span> <span class='ocrx_word' id='word_1_601' title='bbox 921 4899 990 4955; x_wconf 80' lang='grc' dir='ltr'><strong>ιη</strong></span> <span class='ocrx_word' id='word_1_602' title='bbox 1008 4901 1248 4955; x_wconf 59' lang='lat' dir='ltr'><strong>eumdem</strong></span> <span class='ocrx_word' id='word_1_603' title='bbox 1272 4899 1606 4973; x_wconf 45' lang='lat' dir='ltr'><strong>pagamum.</strong></span> <span class='ocrx_word' id='word_1_604' title='bbox 2154 4883 2196 4935; x_wconf 82' lang='grc' dir='ltr'><strong>Τ</strong></span> <span class='ocrx_word' id='word_1_605' title='bbox 2199 4883 2300 4935; x_wconf 89' lang='lat' dir='ltr'><strong>alia</strong></span> <span class='ocrx_word' id='word_1_606' title='bbox 2334 4880 2711 4950; x_wconf 85' lang='lat' dir='ltr'><strong>magnanimus</strong></span> <span class='ocrx_word' id='word_1_607' title='bbox 2739 4879 2912 4936; x_wconf 89' lang='lat' dir='ltr'><strong>edidit</strong></span> <span class='ocrx_word' id='word_1_608' title='bbox 2935 4895 3058 4937; x_wconf 62' lang='grc' dir='ltr'><strong>οτμτι</strong></span> <span class='ocrx_word' id='word_1_609' title='bbox 3086 4891 3246 4951; x_wconf 88' lang='lat' dir='ltr'><strong>pater</strong></span> <span class='ocrx_word' id='word_1_610' title='bbox 3276 4899 3290 4935; x_wconf 91' lang='lat'>:</span> 
     </span>
    </p>
   </div>
   <div class='ocr_carea' id='block_1_77' title="bbox 2085 4973 3460 5044">
    <p class='ocr_par' dir='ltr' id='par_1_77' title="bbox 2085 4973 3460 5044">
     <span class='ocr_line' id='line_1_77' title="bbox 2085 4973 3460 5044; baseline 0 -16"><span class='ocrx_word' id='word_1_611' title='bbox 2085 4975 2238 5030; x_wconf 84' lang='lat' dir='ltr'><strong>Flete</strong></span> <span class='ocrx_word' id='word_1_612' title='bbox 2266 4976 2426 5037; x_wconf 89' lang='lat' dir='ltr'><strong>alios,</strong></span> <span class='ocrx_word' id='word_1_613' title='bbox 2479 4987 2638 5028; x_wconf 75' lang='lat' dir='ltr'><strong>natus</strong></span> <span class='ocrx_word' id='word_1_614' title='bbox 2663 4973 2918 5044; x_wconf 86' lang='lat' dir='ltr'><strong>Iacrymis</strong></span> <span class='ocrx_word' id='word_1_615' title='bbox 2943 4989 3046 5028; x_wconf 89' lang='lat' dir='ltr'><strong>non</strong></span> <span class='ocrx_word' id='word_1_616' title='bbox 3080 4974 3281 5044; x_wconf 88' lang='lat' dir='ltr'><strong>indiget</strong></span> <span class='ocrx_word' id='word_1_617' title='bbox 3317 4974 3460 5042; x_wconf 69' lang='lat' dir='ltr'><strong>ullis,</strong></span> 
     </span>
    </p>
   </div>
   <div class='ocr_carea' id='block_1_78' title="bbox 379 5017 3235 5123">
    <p class='ocr_par' dir='ltr' id='par_1_78' title="bbox 379 5017 3235 5123">
     <span class='ocr_line' id='line_1_78' title="bbox 379 5017 3235 5123; baseline 0.001 -47"><span class='ocrx_word' id='word_1_618' title='bbox 379 5021 665 5090; x_wconf 85' lang='lat' dir='ltr'><strong>Pergame,</strong></span> <span class='ocrx_word' id='word_1_619' title='bbox 701 5033 808 5072; x_wconf 90' lang='lat' dir='ltr'><strong>non</strong></span> <span class='ocrx_word' id='word_1_620' title='bbox 832 5027 984 5073; x_wconf 89' lang='lat' dir='ltr'><strong>recte</strong></span> <span class='ocrx_word' id='word_1_621' title='bbox 1008 5017 1228 5087; x_wconf 83' lang='lat' dir='ltr'><strong>punitus</strong></span> <span class='ocrx_word' id='word_1_622' title='bbox 1255 5035 1269 5070; x_wconf 93' lang='lat'><strong>:</strong></span> <span class='ocrx_word' id='word_1_623' title='bbox 1302 5017 1479 5073; x_wconf 85' lang='lat' dir='ltr'><strong>fronte</strong></span> <span class='ocrx_word' id='word_1_624' title='bbox 1505 5019 1698 5074; x_wconf 88' lang='lat' dir='ltr'><strong>subisti</strong></span> <span class='ocrx_word' id='word_1_625' title='bbox 1893 5027 1897 5031; x_wconf 82' lang='lat'><em>&#39;</em></span> <span class='ocrx_word' id='word_1_626' title='bbox 2085 5017 2107 5028; x_wconf 78' lang='grc'><strong><em>⁵</em></strong></span> <span class='ocrx_word' id='word_1_627' title='bbox 2451 5017 2762 5123; x_wconf 28' lang='lat' dir='ltr'><strong>Qui&quot;;</strong></span> 
     </span>
    </p>
   </div>
   <div class='ocr_carea' id='block_1_79' title="bbox 2372 5102 3258 5134">
    <p class='ocr_par' dir='ltr' id='par_1_79' title="bbox 2372 5102 3258 5134">
     <span class='ocr_line' id='line_1_79' title="bbox 2372 5102 3258 5134; baseline 0.001 -14"><span class='ocrx_word' id='word_1_628' title='bbox 2372 5102 2421 5133; x_wconf 72' lang='grc' dir='ltr'>δ’</span> <span class='ocrx_word' id='word_1_629' title='bbox 2451 5102 2504 5122; x_wconf 72' lang='grc' dir='ltr'><strong>υι</strong></span> <span class='ocrx_word' id='word_1_630' title='bbox 2530 5102 2672 5134; x_wconf 69' lang='grc' dir='ltr'><strong>ιιιιιδ,</strong></span> <span class='ocrx_word' id='word_1_631' title='bbox 2705 5102 2759 5123; x_wconf 74' lang='grc' dir='ltr'><strong>υι</strong></span> <span class='ocrx_word' id='word_1_632' title='bbox 2785 5102 2999 5122; x_wconf 60' lang='grc' dir='ltr'><strong>Ιλυυιυα</strong></span> <span class='ocrx_word' id='word_1_633' title='bbox 3021 5102 3258 5122; x_wconf 62' lang='grc' dir='ltr'>ιιιυιιιιιδ.</span> 
     </span>
    </p>
   </div>
   <div class='ocr_carea' id='block_1_80' title="bbox 453 5112 1690 5183">
    <p class='ocr_par' dir='ltr' id='par_1_80' title="bbox 453 5112 1690 5183">
     <span class='ocr_line' id='line_1_80' title="bbox 453 5112 1690 5183; baseline -0.003 -15"><span class='ocrx_word' id='word_1_634' title='bbox 453 5112 790 5183; x_wconf 89' lang='lat' dir='ltr'><strong>Supplicium</strong></span> <span class='ocrx_word' id='word_1_635' title='bbox 821 5112 980 5166; x_wconf 63' lang='lat' dir='ltr'><strong>lentae</strong></span> <span class='ocrx_word' id='word_1_636' title='bbox 1007 5113 1153 5183; x_wconf 89' lang='lat' dir='ltr'><strong>quod</strong></span> <span class='ocrx_word' id='word_1_637' title='bbox 1177 5127 1433 5168; x_wconf 83' lang='lat' dir='ltr'><strong>meruere</strong></span> <span class='ocrx_word' id='word_1_638' title='bbox 1475 5127 1690 5165; x_wconf 84' lang='lat' dir='ltr'><strong>manus.</strong></span> 
     </span>
    </p>
   </div>
   <div class='ocr_carea' id='block_1_81' title="bbox 383 5182 3258 5276">
    <p class='ocr_par' dir='ltr' id='par_1_81' title="bbox 383 5182 3258 5276">
     <span class='ocr_line' id='line_1_81' title="bbox 383 5182 3258 5276; baseline -0.001 -14"><span class='ocrx_word' id='word_1_639' title='bbox 383 5207 452 5262; x_wconf 85' lang='lat' dir='ltr'><strong>At</strong></span> <span class='ocrx_word' id='word_1_640' title='bbox 483 5182 676 5276; x_wconf 68' lang='lat' dir='ltr'><strong>tu,qui</strong></span> <span class='ocrx_word' id='word_1_641' title='bbox 706 5205 978 5270; x_wconf 87' lang='lat' dir='ltr'><strong>dominus,</strong></span> <span class='ocrx_word' id='word_1_642' title='bbox 1011 5182 1289 5273; x_wconf 83' lang='lat' dir='ltr'><strong>peccantia</strong></span> <span class='ocrx_word' id='word_1_643' title='bbox 1333 5206 1579 5260; x_wconf 90' lang='lat' dir='ltr'><strong>membra</strong></span> <span class='ocrx_word' id='word_1_644' title='bbox 1611 5221 1828 5261; x_wconf 88' lang='lat' dir='ltr'><strong>coerce.</strong></span> <span class='ocrx_word' id='word_1_645' title='bbox 2508 5182 2696 5238; x_wconf 69' lang='lat' dir='ltr'><strong>xxm-</strong></span> <span class='ocrx_word' id='word_1_646' title='bbox 2724 5183 2798 5237; x_wconf 67' lang='lat' dir='ltr'><strong>De</strong></span> <span class='ocrx_word' id='word_1_647' title='bbox 2822 5183 3044 5239; x_wconf 64' lang='grc' dir='ltr'><strong>ιαταῖηη</strong></span> <span class='ocrx_word' id='word_1_648' title='bbox 3072 5195 3258 5240; x_wconf 59' lang='lat' dir='ltr'><strong>&quot;WW-</strong></span> 
     </span>
    </p>
   </div>
   <div class='ocr_carea' id='block_1_82' title="bbox 456 5297 3277 5374">
    <p class='ocr_par' dir='ltr' id='par_1_82' title="bbox 456 5297 3277 5374">
     <span class='ocr_line' id='line_1_82' title="bbox 456 5297 3277 5374; baseline 0.001 -21"><span class='ocrx_word' id='word_1_649' title='bbox 456 5299 719 5368; x_wconf 61' lang='lat' dir='ltr'><strong>Injustum</strong></span> <span class='ocrx_word' id='word_1_650' title='bbox 756 5298 918 5351; x_wconf 78' lang='lat' dir='ltr'><strong>falsos</strong></span> <span class='ocrx_word' id='word_1_651' title='bbox 944 5297 1260 5352; x_wconf 82' lang='lat' dir='ltr'><strong>excruciare</strong></span> <span class='ocrx_word' id='word_1_652' title='bbox 1285 5313 1432 5352; x_wconf 90' lang='lat' dir='ltr'><strong>reos.</strong></span> <span class='ocrx_word' id='word_1_653' title='bbox 2087 5301 2256 5354; x_wconf 82' lang='lat' dir='ltr'><strong>Mater</strong></span> <span class='ocrx_word' id='word_1_654' title='bbox 2279 5301 2502 5356; x_wconf 68' lang='lat' dir='ltr'><strong>Laca&#39;na</strong></span> <span class='ocrx_word' id='word_1_655' title='bbox 2531 5304 2722 5374; x_wconf 89' lang='lat' dir='ltr'><strong>clypeo</strong></span> <span class='ocrx_word' id='word_1_656' title='bbox 2751 5303 3046 5358; x_wconf 79' lang='lat' dir='ltr'><strong>obarmatis</strong></span> <span class='ocrx_word' id='word_1_657' title='bbox 3086 5305 3277 5368; x_wconf 85' lang='lat' dir='ltr'><strong>filium,</strong></span> 
     </span>
    </p>
   </div>
   <div class='ocr_carea' id='block_1_83' title="bbox 381 5390 3171 5464">
    <p class='ocr_par' dir='ltr' id='par_1_83' title="bbox 381 5390 3171 5464">
     <span class='ocr_line' id='line_1_83' title="bbox 381 5390 3171 5464; baseline 0.001 -19"><span class='ocrx_word' id='word_1_658' title='bbox 381 5392 487 5445; x_wconf 83' lang='lat' dir='ltr'><strong>Ant</strong></span> <span class='ocrx_word' id='word_1_659' title='bbox 511 5390 752 5444; x_wconf 74' lang='lat' dir='ltr'><strong>inseribe</strong></span> <span class='ocrx_word' id='word_1_660' title='bbox 786 5391 965 5456; x_wconf 90' lang='lat' dir='ltr'><strong>istam,</strong></span> <span class='ocrx_word' id='word_1_661' title='bbox 995 5405 1116 5460; x_wconf 61' lang='lat' dir='ltr'><strong>quin</strong></span> <span class='ocrx_word' id='word_1_662' title='bbox 1140 5405 1246 5444; x_wconf 90' lang='lat' dir='ltr'><strong>non</strong></span> <span class='ocrx_word' id='word_1_663' title='bbox 1273 5392 1388 5444; x_wconf 91' lang='lat' dir='ltr'><strong>vult</strong></span> <span class='ocrx_word' id='word_1_664' title='bbox 1415 5391 1680 5456; x_wconf 84' lang='lat' dir='ltr'><strong>scribere,</strong></span> <span class='ocrx_word' id='word_1_665' title='bbox 1705 5392 1976 5458; x_wconf 86' lang='lat' dir='ltr'><strong>dextram,</strong></span> <span class='ocrx_word' id='word_1_666' title='bbox 2155 5392 2287 5447; x_wconf 87' lang='lat' dir='ltr'><strong>Cum</strong></span> <span class='ocrx_word' id='word_1_667' title='bbox 2320 5395 2445 5461; x_wconf 89' lang='lat' dir='ltr'><strong>hoc,</strong></span> <span class='ocrx_word' id='word_1_668' title='bbox 2477 5397 2668 5464; x_wconf 90' lang='lat' dir='ltr'><strong>inquit,</strong></span> <span class='ocrx_word' id='word_1_669' title='bbox 2692 5407 2782 5448; x_wconf 91' lang='lat' dir='ltr'><strong>aut</strong></span> <span class='ocrx_word' id='word_1_670' title='bbox 2818 5395 2872 5449; x_wconf 90' lang='lat' dir='ltr'><strong>in</strong></span> <span class='ocrx_word' id='word_1_671' title='bbox 2903 5395 3004 5450; x_wconf 84' lang='lat' dir='ltr'><strong>Itoc</strong></span> <span class='ocrx_word' id='word_1_672' title='bbox 3037 5396 3171 5451; x_wconf 91' lang='lat' dir='ltr'><strong>redi.</strong></span> 
     </span>
    </p>
   </div>
   <div class='ocr_carea' id='block_1_84' title="bbox 452 5484 3316 5582">
    <p class='ocr_par' dir='ltr' id='par_1_84' title="bbox 452 5484 3316 5582">
     <span class='ocr_line' id='line_1_84' title="bbox 452 5484 3316 5582; baseline 0.001 -41"><span class='ocrx_word' id='word_1_673' title='bbox 452 5488 557 5542; x_wconf 84' lang='lat' dir='ltr'><strong>Aut</strong></span> <span class='ocrx_word' id='word_1_674' title='bbox 588 5484 846 5557; x_wconf 88' lang='lat' dir='ltr'><strong>profugos</strong></span> <span class='ocrx_word' id='word_1_675' title='bbox 873 5484 998 5540; x_wconf 85' lang='lat' dir='ltr'><strong>ferri</strong></span> <span class='ocrx_word' id='word_1_676' title='bbox 1032 5484 1274 5554; x_wconf 89' lang='lat' dir='ltr'><strong>pondere</strong></span> <span class='ocrx_word' id='word_1_677' title='bbox 1297 5495 1453 5539; x_wconf 90' lang='lat' dir='ltr'><strong>necte</strong></span> <span class='ocrx_word' id='word_1_678' title='bbox 1477 5485 1667 5555; x_wconf 88' lang='lat' dir='ltr'><strong>pedes.</strong></span> <span class='ocrx_word' id='word_1_679' title='bbox 2478 5508 2668 5564; x_wconf 49' lang='grc' dir='ltr'><strong>χχιγ,</strong></span> <span class='ocrx_word' id='word_1_680' title='bbox 2692 5509 2761 5562; x_wconf 71' lang='grc' dir='ltr'><strong>ιη</strong></span> <span class='ocrx_word' id='word_1_681' title='bbox 2787 5509 2992 5563; x_wconf 60' lang='lat' dir='ltr'><strong>dim-(em</strong></span> <span class='ocrx_word' id='word_1_682' title='bbox 3019 5511 3316 5582; x_wconf 41' lang='lat' dir='ltr'><strong>quemdam.</strong></span> 
     </span>
    </p>
   </div>
   <div class='ocr_carea' id='block_1_85' title="bbox 872 5598 3357 5696">
    <p class='ocr_par' dir='ltr' id='par_1_85' title="bbox 872 5598 3357 5696">
     <span class='ocr_line' id='line_1_85' title="bbox 872 5598 3357 5696; baseline 0.001 -19"><span class='ocrx_word' id='word_1_683' title='bbox 872 5598 1013 5655; x_wconf 58' lang='lat' dir='ltr'><strong>xw-</strong></span> <span class='ocrx_word' id='word_1_684' title='bbox 1049 5599 1122 5654; x_wconf 65' lang='grc' dir='ltr'><em>ηε</em></span> <span class='ocrx_word' id='word_1_685' title='bbox 1149 5617 1201 5654; x_wconf 75' lang='grc'><strong>³⁸</strong></span> <span class='ocrx_word' id='word_1_686' title='bbox 1223 5608 1267 5654; x_wconf 72' lang='grc'><strong>⁸⁸</strong></span> <span class='ocrx_word' id='word_1_687' title='bbox 1304 5616 1484 5654; x_wconf 59' lang='grc' dir='ltr'><strong>³³³⁵0τά</strong></span> <span class='ocrx_word' id='word_1_688' title='bbox 2086 5622 2316 5689; x_wconf 86' lang='lat' dir='ltr'><strong>Quidam</strong></span> <span class='ocrx_word' id='word_1_689' title='bbox 2339 5627 2605 5694; x_wconf 87' lang='lat' dir='ltr'><strong>superbus</strong></span> <span class='ocrx_word' id='word_1_690' title='bbox 2633 5627 2825 5696; x_wconf 92' lang='lat' dir='ltr'><strong>opibus</strong></span> <span class='ocrx_word' id='word_1_691' title='bbox 2854 5635 2908 5681; x_wconf 89' lang='lat' dir='ltr'><strong>et</strong></span> <span class='ocrx_word' id='word_1_692' title='bbox 2936 5626 3076 5680; x_wconf 81' lang='lat' dir='ltr'><strong>fastu</strong></span> <span class='ocrx_word' id='word_1_693' title='bbox 3117 5637 3357 5690; x_wconf 89' lang='lat' dir='ltr'><strong>tumens,</strong></span> 
     </span>
    </p>
   </div>
   <div class='ocr_carea' id='block_1_86' title="bbox 392 5715 2970 5790">
    <p class='ocr_par' dir='ltr' id='par_1_86' title="bbox 392 5715 2970 5790">
     <span class='ocr_line' id='line_1_86' title="bbox 392 5715 2970 5790; baseline 0.002 -22"><span class='ocrx_word' id='word_1_694' title='bbox 392 5716 583 5777; x_wconf 79' lang='lat' dir='ltr'><strong>Laidas</strong></span> <span class='ocrx_word' id='word_1_695' title='bbox 612 5727 665 5772; x_wconf 89' lang='lat' dir='ltr'><strong>et</strong></span> <span class='ocrx_word' id='word_1_696' title='bbox 691 5715 968 5788; x_wconf 73' lang='lat' dir='ltr'><strong>Glyceras,</strong></span> <span class='ocrx_word' id='word_1_697' title='bbox 1010 5718 1224 5773; x_wconf 58' lang='lat' dir='ltr'><strong>laseiva&#39;.</strong></span> <span class='ocrx_word' id='word_1_698' title='bbox 1255 5718 1477 5775; x_wconf 87' lang='lat' dir='ltr'><strong>nomina</strong></span> <span class='ocrx_word' id='word_1_699' title='bbox 1512 5718 1692 5780; x_wconf 45' lang='lat' dir='ltr'><strong>famae,</strong></span> <span class='ocrx_word' id='word_1_700' title='bbox 1870 5730 1875 5734; x_wconf 83' lang='lat'>&#39;</span> <span class='ocrx_word' id='word_1_701' title='bbox 2168 5716 2514 5790; x_wconf 81' lang='lat' dir='ltr'><strong>Tantumque</strong></span> <span class='ocrx_word' id='word_1_702' title='bbox 2538 5720 2722 5776; x_wconf 89' lang='lat' dir='ltr'><strong>verbis</strong></span> <span class='ocrx_word' id='word_1_703' title='bbox 2753 5720 2970 5782; x_wconf 81' lang='lat' dir='ltr'><strong>nobilis,</strong></span> 
     </span>
    </p>
   </div>
  </div>
