3920 6366
246 152 354 207 829
1637 159 2157 222 IEPIGRMIMA'M.
3436 174 3541 229 850

243 272 467 339 Spernit
499 274 729 345 vigentis
757 273 900 328 clara
925 274 1070 330 saecli
1096 275 1333 342 nomina,

316 370 547 439 Antiqua
585 379 812 440 captans
845 379 1149 438 stemmata,

236 461 487 527 Martem,
524 462 882 535 Remumque,
910 474 964 519 et
990 468 1339 522 conditorem
1380 468 1691 530 Romulum.

291 555 523 611 Primos
553 568 809 626 parentes
857 576 1200 629 nuucupans.

233 647 344 703 Ilus
374 650 464 705 ille
492 650 687 707 Serum
717 661 867 708 veste
891 656 1112 708 contexi
1139 656 1322 722 jubet;

1937 674 2173 730 XXXIII.
2212 677 2285 733 De
2310 680 2521 734 nomine
2549 680 2827 752 cujusdam
2860 681 3044 750 Lucii,
3077 656 3279 757 sculpta
3305 689 3357 741 in
3386 707 3527 744 mar-

306 740 413 795 Ilus
443 742 599 798 czrlat
621 754 846 813 argento
876 748 1047 815 gravi,
2641 769 2803 808 more.

223 830 386 887 Curis
408 832 633 889 inurens
649 836 937 904 jauuarum
972 840 1153 893 limina
1175 883 1187 904 ,

300 925 367 981 Et
395 927 652 982 atriorum
691 940 960 1000 pegmata.

220 1019 403 1074 (.Iredo
432 1021 577 1090 quod
609 1023 683 1077 illi
717 1039 816 1078 nec
840 1034 996 1093 pater
1022 1034 1207 1081 certus
1239 1028 1360 1091 fuit.

295 1113 362 1167 Et
384 1127 556 1168 mater
581 1123 665 1170 est
694 1132 819 1173 vere
844 1118 991 1188 lupa.

1867 278 1919 335 Α
1948 278 2113 347 Hujus
2145 282 2194 336 in
2225 282 2459 337 arbitrio
2487 291 2601 351 est,
2634 297 2729 340 seu
2754 294 2806 341 te
2828 288 3191 355 juvenescere
3219 290 3404 356 cedro,

2012 372 2115 428 Seu
2136 374 2323 444 jubeat
2352 376 2503 430 duris
2535 378 2808 432 vermibus
2833 394 2959 437 esse
2982 381 3185 436 cilmm.

1940 464 2073 519 lluic
2100 483 2219 538 ego.
2250 468 2391 540 quod
2424 468 2579 523 nobis
2610 481 2861 540 superest
2893 472 3147 542 ignobilis
3173 476 3279 538 oti,

2009 560 2215 631 Deputo
2251 582 2264 618 :
2298 566 2416 619 sive
2447 562 2622 634 legat,
2653 581 2773 634 qu:e
2801 566 2968 631 dabo,
3001 568 3115 624 sive
3146 580 3310 659 tegat.

1929 860 2123 919 Lucius
2150 881 2253 920 una
2282 866 2532 933 quidem,
2558 870 2793 938 geminis
2824 871 2918 925 sed
2950 872 3133 926 dissita
3167 878 3380 944 punctis

1999 956 2197 1012 Littera
2230 977 2243 1012 :
2280 956 2591 1026 prmuumeu
2620 961 2697 1016 sic
2728 959 2769 1017 L
2797 973 2922 1018 nota
2953 964 3066 1021 sola
3099 966 3244 1024 facit.

1924 1046 2051 1103 Post
2077 1049 2126 1103 Μ
2152 1051 2378 1105 incisum
2411 1059 2495 1105 est
2523 1069 2537 1104 :
2570 1063 2700 1121 puto
2727 1054 2806 1110 sic
2836 1055 2882 1109 Μ
2916 1073 3021 1111 non
3055 1068 3163 1113 tota
3192 1061 3426 1120 videtur.

1994 1139 2237 1198 Dissiluit
2265 1145 2385 1198 saxi
2418 1143 2684 1214 fragmine
2715 1147 2875 1202 laesus
2906 1166 3064 1219 apex.

1920 1231 2029 1287 Nec
2057 1235 2376 1306 quisquam,
2410 1236 2633 1301 Marius,
2664 1254 2758 1294 seu
2790 1240 3041 1307 Marcius,
3072 1260 3213 1300 anne
3244 1248 3484 1303 Metellus

1988 1326 2089 1381 llic
2109 1327 2283 1396 jaceat
2305 1370 2322 1397 ,
2353 1332 2518 1385 certis
2548 1334 2766 1387 noverit
2796 1335 3031 1391 indiciis.

1914 1418 2203 1477 Truncatis
2233 1424 2491 1479 convulsa
2518 1424 2703 1493 jacent
2727 1428 2995 1484 elementa
3029 1430 3234 1502 figuris,

1984 1516 2172 1569 Omnia
2205 1518 2447 1574 confusis
2480 1521 2735 1585 interiere
2766 1526 2926 1579 notis.

1912 1606 2168 1664 Miremur
2199 1611 2423 1678 periisse
2454 1612 2737 1671 homines?
2766 1632 3114 1678 monumenta
3138 1623 3426 1694 fatiscunt,

1979 1700 2125 1757 Mors
2150 1703 2311 1757 etiam
2343 1707 2509 1771 saxis,
2545 1710 2960 1782 nominibusque
2991 1719 3162 1775 venit.

2268 1894 2271 1897 ν
2312 1818 2553 1875 XXXIV.
2587 1821 2667 1876 De
2692 1824 2887 1903 Sabina
2919 1846 3099 1887 uxore.

1900 1928 2028 1985 Sive
2054 1931 2252 2001 probas
2279 1933 2447 2005 Tyrio
2478 1945 2682 1993 textam
2713 1940 3055 2012 subtegmine
3083 1958 3289 2003 vestem
3316 1968 3328 2005 ε

1968 2022 2075 2077 Seu
2108 2025 2287 2093 placet
2313 2027 2556 2099 inscripti
2589 2033 2946 2088 commoditas
2974 2038 3115 2092 tituli
3144 2056 3158 2092 :

1899 2115 2070 2184 Ipsius
2100 2116 2464 2175 huc.domin:c
2494 2122 2784 2179 concinnat
2818 2134 3109 2199 utrumque
3140 2143 3419 2201 venustas,

1967 2208 2074 2265 Has
2100 2212 2345 2279 geminas
2370 2225 2519 2269 artes
2542 2231 2649 2270 una
2680 2218 2881 2274 Sabina
2916 2223 3064 2278 colit.

410 1226 579 1281 XXV.
611 1230 961 1301 Antisthenes,
990 1232 1219 1305 Cynicus
1250 1239 1618 1309 philosophus.

216 1340 477 1397 Inventor
503 1344 713 1412 primus
742 1344 971 1418 Cynices
999 1366 1120 1420 ego.
1146 1353 1276 1421 Qua:
1309 1358 1449 1413 ratio
1480 1359 1706 1415 istltzcc?

284 1435 509 1491 Alcides
534 1438 706 1493 multo
729 1438 931 1495 dicitur
956 1458 1077 1500 esse
1107 1449 1287 1516 prior;

207 1526 404 1582 Alcida
437 1518 707 1597 quondam
732 1530 935 1588 fueram
962 1526 1184 1594 doctore
1211 1540 1503 1607 secundus,

281 1622 435 1676 Nunc
460 1637 562 1693 ego
589 1638 711 1679 sum
740 1624 977 1698 Cynices
1003 1632 1229 1700 primus,
1265 1645 1317 1690 et
1345 1628 1435 1691 ille
1469 1635 1621 1695 deus.

796 1740 985 1798 XXVI.
1020 1744 1188 1802 Idem.

201 1849 515 1921 Discipulm~
539 1856 669 1909 nulli
694 1858 913 1926 melior,
940 1846 1197 1918 tneliorve
1226 1866 1508 1936 magister,

272 1946 359 2006 Εἰς
383 1947 569 2019 ἀρετὴν
594 1950 807 2030 σγνέϐη,
829 1956 911 2008 καὶ
938 1962 1141 2015 κυνικὴν
1174 1964 1373 2030 σοφίην.

194 2035 398 2093 Dicere
425 2056 514 2093 me
538 2057 723 2097 verum
757 2048 926 2113 novit,
951 2050 1041 2119 qui
1076 2053 1227 2107 novit
1249 2064 1561 2127 utrumque,

266 2135 355 2185 lati
378 2136 486 2189 θεὸν
514 2133 785 2205 Ἀλκείδην,
810 2144 895 2196 καὶ
924 2144 1053 2198 κύνα
1080 2140 1327 2220 Διογέιην.

682 2250 899 2309 XXVII.
938 2254 1129 2311 Libero
1159 2263 1319 2327 patri.

184 2360 445 2431 Αἰγύπτου
592 2359 795 2438 Ὀσιρις
823 2367 942 2437 ἐγὼ,
968 2379 1151 2426 Μυσῶν
1178 2372 1232 2428 δὲ
1259 2378 1507 2446 Φανάκης,

257 2454 465 2527 Βάκχος
492 2458 565 2511 ἐνὶ
593 2462 818 2528 ζωοῖσιν,
851 2460 923 2517 ἐνὶ
947 2467 1197 2537 φθιμένοις
1215 2468 1497 2538 Ἀϊδωνεὺς,

178 2560 489 2627 Πυρογενὴς,
521 2554 749 2633 δίκερως,
774 2562 1115 2625 Τιτωολέτης
1141 2567 1437 2631 Διόνυσσος.

181 2667 421 2751 XXVIII.
458 2670 802 2751 Myobarbuiu
827 2674 1001 2751 Liberi
1030 2683 1194 2749 patris
1223 2682 1372 2751 signo
1399 2701 1687 2741 marmoreo
1723 2689 1778 2743 in

244 2741 371 2795 villa
397 2754 576 2796 nostra
609 2748 836 2798 omnium
859 2741 1069 2801 deorum
1106 2741 1412 2821 argumenta
1443 2759 1699 2813 habentis.

459 2841 664 2929 Ogygia
692 2875 776 2914 me
805 2860 1080 2917 Bacchum
1116 2876 1299 2931 vocat;

452 2948 632 3004 Osirin
664 2950 935 3023 Egyptus
961 2966 1142 3025 putat;

462 3043 595 3116 Mysi
630 3045 915 3104 Phanacen
949 3054 1264 3121 nominant;

463 3140 737 3210 Dionysou
768 3141 882 3197 Indi
918 3147 1263 3215 existimant;

2299 2325 2517 2406 XXXV.
2553 2329 2631 2385 De
2661 2334 2843 2387 eadem
2873 2335 3093 2394 Sabina.

1890 2438 2103 2495 Laudet
2130 2442 2511 2502 Achaemenias
2537 2446 2778 2506 Orientis
2803 2446 2972 2522 gloria
3004 2456 3139 2512 telas
3163 2476 3177 2513 :

1959 2536 2120 2590 Molle
2149 2552 2338 2592 aurum
2365 2539 2545 2609 pallis,
2577 2542 2808 2613 Gra’cia,
2844 2555 2967 2602 texe
2994 2551 3122 2605 tuis.

1884 2627 1999 2683 Non
2029 2630 2216 2684 minus
2238 2632 2533 2687 Ausoniam
2561 2635 2803 2691 celebret
2830 2638 2956 2692 dum
2988 2641 3128 2696 fama
3162 2644 3452 2715 Sabinam,

1954 2722 2269 2778 Parcentem
2302 2725 2512 2795 magnis
2536 2729 2862 2795 sumptibus,
2886 2741 3009 2788 arte
3034 2739 3242 2803 parem.

2265 2834 2512 2897 XXXVI.
2550 2838 2625 2894 De
2655 2842 2832 2897 eadem
2860 2845 3083 2902 Sabina.

1876 2949 2020 3004 Licia
2051 2952 2139 3019 qui
2172 2960 2363 3007 texunt
2393 2964 2445 3007 et
2477 2955 2714 3031 carmina
2742 2973 2756 3022 ;
2790 2960 3031 3015 carmina
3060 2962 3247 3031 Musis,

1795 3054 1843 3117 ρ
1947 3043 2090 3098 Licia
2118 3046 2503 3109 comrihuuut,
2536 3056 2682 3102 easta
2716 3048 2951 3106 Minerva
2975 3095 2988 3116 ,
3024 3055 3141 3110 tibi.

1869 3138 1967 3190 ASt
1994 3151 2093 3207 rgo
2122 3152 2234 3190 rem
2265 3138 2465 3192 sociam
2498 3154 2603 3193 non
2637 3139 2966 3210 dissocialm,
2999 3146 3198 3205 Sabina
3226 3170 3237 3204 :

452 3231 692 3288 Romam,
716 3250 866 3292 sacra
898 3238 1153 3296 Liberum
1179 3260 1193 3308 ;
1250 3214 1255 3215 ί
1702 3222 1708 3228 ’
1938 3214 2201 3313 Versibus
2230 3230 2478 3299 inscripsi
2508 3248 2627 3301 quae
2655 3249 2770 3288 mea
2801 3245 2946 3291 texta
2980 3240 3139 3295 meis.

451 3327 678 3411 Arabica
706 3345 839 3401 gens
868 3332 1189 3401 Adoneum;

2013 3342 2281 3399 XXXVII.
2317 3346 2393 3400 De
2421 3344 2637 3402 Chresto
2665 3361 2719 3423 et
2746 3352 3016 3425 Acindyno
3043 3362 3313 3428 fratribus.

449 3419 786 3477 Lueaniacus
808 3424 1129 3482 Pantheum.

1858 3460 2121 3536 Χρηστὸς,
2144 3458 2446 3527 ’Δκίνδννος,
2479 3466 2608 3519 εἰσὶν
2632 3464 2879 3540 ἀδελφεοὶ,
2912 3473 3092 3550 οἰκτρά
3124 3474 3179 3531 δὲ
3204 3480 3380 3546 τέκνα,

1927 3552 2166 3605 Moribus
2194 3554 2357 3606 ambo
2387 3556 2565 3620 malis,
2598 3560 2813 3612 nomina
2852 3562 2982 3616 falsa
3014 3580 3231 3634 gerunt.

1854 3644 1970 3700 Οὐδ’
1994 3643 2140 3707 οὗτος
2169 3648 2407 3723 χρηστὸς
2424 3690 2438 3713 ,
2469 3648 2577 3704 οὐδ’
2606 3646 2759 3713 οὗτος
2783 3655 3045 3719 ἀκίνδυνός
3073 3661 3230 3717 ἐστιν,

1924 3736 2037 3793 Una
2068 3748 2244 3808 potest
2274 3742 2465 3797 ambos
2496 3743 2671 3799 littera
2701 3748 2995 3819 corrigere.

1846 3829 1987 3885 Λῖκεν
2010 3834 2247 3908 Χρηστὸς
2274 3834 2381 3907 ἕλῃ,
2410 3834 2691 3899 ’Δκίνδυνος
2713 3837 2825 3914 ἆλφ’
2848 3845 3115 3922 ἀπολέσσῃ
3142 3868 3153 3901 :

1916 3924 2155 3988 Κίνδυνος
2183 3927 2269 3982 hic
2299 3927 2425 3993 ﬁet;
2457 3928 2621 3986 frater
2645 3928 2948 4007 ’Ἃχρηστος
2979 3942 3102 3995 erit.

2320 4039 2605 4097 XXXVIII.
2636 4042 2717 4099 Dc
2744 4047 2950 4103 iisdem.

1837 4151 2091 4208 Germani
2123 4154 2319 4209 fratres
2344 4168 2501 4223 sunt,
2532 4158 2821 4226 Chrestos,
2856 4164 3169 4238 Acindynos
3198 4171 3360 4239 alter,

1835 4243 2051 4301 Falsum
2085 4262 2280 4302 nomen
2313 4250 2554 4319 utrique;
2584 4251 2681 4306 sed
2713 4262 2770 4307 ut
2799 4269 2987 4311 verum
3020 4260 3090 4313 sit
3121 4256 3357 4333 utrique,

1832 4339 2004 4409 Alpha
2033 4356 2189 4395 suum
2219 4340 2453 4397 Chresto
2475 4343 2565 4396 det
2590 4346 2905 4417 Acindynus
2926 4392 2941 4416 ,
2976 4350 3093 4419 ipse
3117 4352 3237 4409 sine
3265 4357 3427 4427 alpha

1682 4448 1684 4451 ν
1752 4446 1807 4507 ι)
1902 4430 2252 4498 Permaneat,
2282 4449 2469 4489 verum
2501 4452 2699 4493 nomen
2732 4444 2961 4511 uterque
2991 4429 3172 4516 geret.

2017 4550 2261 4607 XXXIX.
2302 4555 2383 4607 Ad
2411 4553 2781 4611 Philomnsum
2810 4556 3240 4619 Grantmaticum.

1826 4646 2032 4716 Emptis
2060 4647 2203 4717 quod
2240 4648 2394 4703 libris
2421 4649 2514 4704 tibi
2545 4651 2871 4708 bibliotheca
2905 4657 3106 4713 referta
3133 4670 3245 4727 est;

1894 4741 2115 4795 Ductum
2136 4783 2150 4804 ,
2182 4750 2237 4798 et
2260 4747 2673 4813 grammaticum
2707 4757 2778 4815 Ie,
2808 4748 3142 4816 Philomuse,
3179 4758 3377 4824 putas?

1819 4839 1931 4894 Iloc
1957 4856 2154 4909 genere
2185 4855 2237 4896 ct
2266 4844 2532 4911 chordas,
2562 4857 2617 4901 et
2648 4847 2851 4917 plectra
2883 4862 2936 4905 et
2966 4852 3175 4907 barbita
3207 4853 3406 4910 conde.

1880 4935 2069 4992 Omnia
2101 4951 2393 5006 mercatus,
2422 4956 2543 4995 eras
2571 4942 2900 5005 citharoedus
2926 4944 3055 4999 eris.

464 3535 658 3590 XXIX.
685 3535 752 3591 In
776 3537 1102 3611 Corydonem
1129 3562 1497 3605 marmoreum.

150 3650 270 3715 Αἴξ,
315 3654 569 3729 χὶμαρος,
591 3658 753 3729 πήρη,
786 3663 992 3727 ποιμήν,
1021 3655 1346 3735 ῥαϐδοῦχος,
1380 3667 1537 3730 ἐλαίη,

149 3740 235 3804 Εἷς
264 3746 400 3806 λίθος
424 3747 478 3798 ἐκ
505 3747 709 3801 πάντων
736 3749 869 3811 λιτὸς
900 3752 995 3825 ἐγὼ
1019 3754 1269 3829 Κορύδων.

472 3860 641 3917 XXX.
696 3862 761 3918 In
787 3865 1121 3921 simulacrum
1153 3869 1418 3941 Sappltus.

140 3980 343 4036 Lesbia
376 3981 565 4037 Pieriis
588 3985 807 4057 Sappho
836 4004 994 4044 soror
1031 3992 1214 4047 addita
1257 3995 1446 4063 Musis,

212 4076 327 4147 Εὶμ’
348 4078 495 4137 ἐνάτη
525 4088 777 4154 Λυρικῶν,
806 4081 1047 4139 Ἀονίδων
1073 4084 1286 4145 δεκάτη.

608 4192 801 4249 XXXI.
838 4196 961 4251 Dea:
1000 4197 1231 4256 Veneris.

128 4306 265 4357 Orta
289 4304 429 4375 salo,
454 4320 704 4378 suscepta
744 4312 884 4373 solo,
921 4323 1074 4383 patre
1096 4316 1238 4371 edita
1276 4320 1436 4386 caelo,

117 4460 121 4462 γ
203 4396 513 4452 Ᾰίηεοάυηι
540 4402 778 4470 genitrix
800 4443 815 4466 ,
850 4403 935 4459 hic
965 4404 1153 4462 habito
1174 4410 1316 4465 alma
1345 4410 1545 4468 Venus.

348 4512 567 4568 XXXII.
598 4515 679 4569 Ad
709 4516 940 4573 libellum
978 4539 1129 4576 suum
1159 4525 1225 4579 de
1256 4526 1506 4586 Proculo.

119 4604 175 4659 Si
208 4606 405 4671 tineas,
430 4608 743 4679 cariemque
773 4613 879 4681 pati
911 4623 982 4679 te,
1013 4617 1223 4688 charta,
1251 4636 1479 4682 necesse
1504 4635 1610 4695 est,

192 4698 379 4769 Incipe
410 4702 696 4756 versiculis
714 4708 1028 4773 auteperire
1060 4711 1218 4766 meis.

115 4788 283 4856 Malo,
320 4792 517 4860 inquis,
548 4793 729 4850 tineis.
763 4797 940 4867 Sapis,
969 4816 1279 4862 mrumuose
1308 4806 1533 4877 Libelle,

186 4884 439 4954 Perfuugi
474 4889 642 4940 mavis
674 4892 762 4959 qui
794 4891 995 4949 leviore
1026 4897 1185 4953 malo.

111 4978 210 5031 Ast
240 4993 341 5046 ego
370 4978 649 5036 damnosa:
682 4984 805 5037 uolo
836 4987 943 5040 otia
978 4989 1206 5057 perdere
1236 4993 1421 5061 Musae,

178 5072 456 5127 Iacturam
490 5079 665 5130 somni
699 5094 818 5148 quae
846 5079 1018 5149 parit,
1050 5094 1209 5155 atque
1241 5086 1366 5142 olei.

110 5160 305 5218 Utilius
333 5165 569 5221 dormire
601 5169 727 5236 fuit,
757 5188 915 5241 quam
946 5176 1173 5243 perdere
1198 5193 1477 5249 somnum,

174 5256 353 5325 Atque
382 5261 582 5314 oleum.
617 5262 759 5318 Bene
791 5266 889 5319 ais.
922 5267 1092 5323 Causa
1123 5271 1215 5325 sed
1250 5272 1349 5326 ista
1382 5274 1508 5329 mihi
1542 5286 1653 5345 est;

104 5344 309 5401 Ira~cor
338 5351 569 5406 l'roeulo
595 5370 608 5405 :
638 5356 791 5424 cujus
819 5358 1063 5414 facundia
1100 5370 1243 5418 tanta
1272 5374 1380 5431 est,

167 5442 413 5505 Quantus
441 5447 643 5523 honor.
663 5449 891 5520 Seripsit
922 5455 1147 5522 plurima
1166 5498 1180 5523 ,
1210 5473 1331 5527 qum
1355 5460 1591 5518 cohibet.

99 5533 250 5589 Ilunc
277 5536 470 5591 studeo
501 5540 682 5596 ulcisci
713 5563 726 5598 :
768 5555 820 5599 et
850 5558 1093 5619 prompta
1124 5562 1206 5605 est
1236 5551 1346 5606 haec
1376 5554 1505 5608 ultio
1534 5559 1639 5613 vati
1668 5578 1680 5613 :

161 5634 261 5711 Qui
295 5649 391 5693 sua
422 5652 527 5692 non
556 5639 667 5699 edit
697 5649 937 5703 carmina
959 5694 971 5711 ,
1010 5662 1191 5705 noStra
1224 5652 1382 5721 legat.

1808 5052 1919 5110 XL.
1962 5052 2028 5123 In
2060 5065 2290 5109 statuam
2329 5057 2487 5124 Ruﬁ,
2534 5058 2755 5113 rhetoris
2794 5061 3047 5126 semiviri,
3082 5070 3129 5115 et
3158 5062 3397 5131 elinguis.

1805 5172 2056 5228 lthetoris
2083 5173 2198 5229 haec
2218 5173 2337 5229 Rufi
2368 5184 2544 5230 statua
2573 5187 2674 5234 est.
2706 5176 2789 5231 Nil
2820 5179 3017 5232 verius.
3050 5178 3165 5246 Ipsa
3190 5191 3293 5235 est.

1872 5268 1986 5336 IpSa
2015 5267 2153 5322 adeo
2185 5252 2419 5337 linguam
2455 5285 2560 5323 non
2595 5271 2790 5337 habet,
2816 5275 2871 5327 et
2900 5272 3209 5326 cerebrum.

1799 5360 1867 5417 Et
1897 5363 2064 5430 riget,
2095 5370 2148 5416 et
2178 5363 2341 5416 surda
2369 5372 2481 5423 est.
2514 5372 2565 5417 et
2598 5379 2704 5419 non
2736 5364 2897 5419 videt.
2931 5366 3122 5419 Omnia
3156 5367 3297 5421 Ruli.

1866 5454 2044 5510 Unum
2074 5455 2336 5512 dissimile
2366 5469 2470 5512 est.
2506 5459 2719 5513 Mullior
2752 5457 2841 5513 ille
2871 5457 2991 5516 fuit.

1792 5566 1929 5623 XLI.
1974 5566 2037 5620 In
2069 5568 2299 5632 tabulam
2320 5611 2335 5636 ,
2376 5570 2462 5623 ubi
2486 5581 2593 5623 erat
2620 5566 2757 5641 picta
2789 5572 2957 5641 imago
2986 5574 3109 5642 Ruﬁ
3138 5577 3378 5633 rhetoris.

1792 5660 2071 5735 Eliuguem
2104 5661 2223 5738 quis
2254 5671 2304 5715 te
2333 5661 2559 5726 dicentis
2594 5661 2823 5732 imagine
2854 5664 3064 5737 pinxit?
