3886 6334
459 212 558 275 831
1849 206 2031 265 DECII

2174 205 2352 262 sonu
3650 207 3721 264 3-,.

534 337 628 392 Dic
653 334 818 402 mihi,
844 332 1000 389 Rufe.
1031 331 1222 385 Taces.
1254 325 1336 382 Nil
1370 324 1464 381 tibi
1496 333 1602 380 tam
1633 323 1811 380 simile
1840 337 1948 380 ρει.
2085 325 2139 385 Λ
2235 322 2445 377 Taurus
2471 335 2685 377 amans.
2719 321 2912 377 Pastor
2939 334 3061 376 cum
3092 335 3258 391 grege
3288 321 3466 376 mittet
3496 335 3666 392 agens.

922 445 1080 504 XLII.
1113 443 1190 499 De
1216 443 1393 498 eadem
1417 441 1611 498 tabula.

465 568 629 629 ILEC
653 567 770 624 Ruﬁ
803 564 979 620 tabula
1008 571 1112 619 est.
1142 561 1228 618 Nil
1256 562 1456 618 verius.
1484 560 1604 632 Ipse
1634 558 1722 614 ubi
1750 557 1957 613 Rufus?

535 666 589 721 In
616 660 894 720 cathedra.
926 657 1068 727 Quid
1096 657 1246 728 agit?
1277 657 1417 721 lIoc,
1448 654 1590 728 quod
1621 663 1676 711 et
1706 653 2000 724 intabula.

914 773 1101 832 XLIII.
1138 774 1216 830 De
1243 775 1417 831 eadem
1449 773 1612 846 Rufo.

467 892 840 956 REMINISCO
869 889 1042 946 Rufus
1072 889 1210 945 dixit
1240 889 1295 944 in
1327 903 1485 943 versu
1515 901 1653 942 suo:

464 991 600 1048 COR
630 1003 760 1060 ergo
791 1001 1006 1054 versus,
1035 986 1142 1041 imo
1172 982 1343 1040 Rufus
1374 997 1486 1039 non
1511 981 1693 1038 habet.

1069 1100 1257 1158 XLIV.
1290 1099 1459 1156 Idem.

467 1227 570 1296 Qui
601 1222 970 1283 REMINISCO
999 1230 1156 1293 putat
1182 1236 1242 1276 se
1267 1219 1448 1275 dicere
1471 1233 1630 1288 posse
1659 1216 1880 1272 Latine:

472 1325 602 1394 llic,
648 1322 740 1379 ubi
789 1319 879 1377 C0
915 1321 1178 1391 scriptum
1227 1327 1342 1383 est,
1397 1314 1603 1385 legeret
1647 1311 1818 1379 COR,
1875 1311 1919 1366 si
1978 1324 2074 1367 cor

1723 1408 1962 1464 haberet.

2496 435 2629 493 LIV.
2665 438 2742 493 De
2769 440 2951 493 cadent
2983 437 3220 509 Myronis
3250 437 3460 491 bucula.

2167 556 2335 614 ὦνερ
2364 557 2625 627 mugitum
2651 565 2867 628 poterat
2895 557 3026 613 dare
3054 571 3214 612 vacca
3245 556 3481 629 Myronis
3506 573 3521 611 :

2224 649 2350 707 'Sed
2379 649 2532 705 timet
2560 649 2782 706 artiﬁcis
2808 648 3060 706 deterere
3084 649 3380 720 ingenium.

2171 743 2400 814 Fingere
2425 757 2549 797 nam
2579 740 2810 797 similem
2841 743 2999 808 vivae,
3029 758 3191 814 quam
3223 743 3429 808 vivere,
3463 739 3578 812 plus
3604 751 3692 808 est;

2241 835 2349 892 Nec
2370 844 2496 891 sunt
2518 834 2656 890 facta
2684 834 2770 890 dei
2802 835 2938 890 mira
2958 876 2972 899 ,
3003 835 3099 891 sed
3123 834 3374 892 artiﬁcis.

2599 948 2709 1004 LV.
2741 947 2942 1003 Eadem
2970 949 3158 1004 bucula
3184 949 3246 1003 de
3267 965 3342 1004 se.

2174 1066 2339 1122 IErea
2368 1065 2466 1121 bos
2493 1074 2751 1121 steteram
2776 1107 2792 1131 ,
2823 1071 3060 1120 mactata
3084 1073 3168 1120 cst
3195 1077 3357 1119 vacca
3385 1061 3646 1127 Minervae,

2247 1159 2351 1217 Sed
2375 1160 2472 1216 dea
2504 1158 2792 1231 proﬁatam
2822 1158 3097 1213 transtulit
3126 1156 3236 1212 huc
3265 1155 3520 1210 animam.

2176 1253 2239 1308 Et
2268 1251 2431 1307 modo
2459 1267 2579 1307 sum
2607 1249 2808 1323 duplex
2841 1269 2852 1303 :
2886 1265 3010 1322 pars
3037 1265 3180 1305 area
3199 1291 3214 1316 ,
3252 1263 3379 1318 pars
3405 1245 3643 1302 animata.

2247 1345 2375 1402 Ilaec
2403 1360 2594 1400 manus
2625 1344 2848 1400 artiﬁcis
2876 1343 3094 1411 dicitur,
3129 1344 3222 1398 illa
3250 1342 3396 1399 Dem.

945 1510 1106 1568 XLV.
1141 1510 1219 1565 De
1243 1510 1423 1564 eodem
1447 1507 1605 1577 Rufa.
1723 1459 1876 1464 ww"
2503 1459 2640 1516 LVI.
2673 1459 2754 1515 De
2781 1462 2962 1517 eadem
2992 1459 3232 1532 Myronis
3258 1459 3463 1516 bucula.

476 1631 649 1689 Rufus
675 1637 898 1686 vocatus
928 1626 1117 1682 rhetor
1145 1624 1277 1680 olim
1307 1622 1373 1678 ad
1401 1621 1637 1691 nuptias,

538 1721 758 1779 Celebri
789 1721 872 1793 (ut
902 1718 981 1790 ﬁt)
1015 1716 1288 1780 convivio.
2105 1716 2154 1778 B

476 1815 860 1873 Grammaticas
888 1821 945 1867 ut
972 1811 1106 1867 artis
1131 1827 1190 1868 se
1221 1811 1455 1882 peritum
1487 1805 1838 1874 ostenderet,

551 1908 680 1964 Htec
702 1913 823 1964 vota
847 1905 986 1962 dixit
1011 1903 1215 1975 nuptiis
1238 1919 1255 1960 :

481 2003 552 2060 Et
573 2000 892 2066 masculini,
927 2010 982 2055 et
1013 1996 1255 2054 feminini
1283 1995 1509 2068 gignite,

555 2093 890 2164 Generisque
917 2091 1097 2146 neutri
1131 2089 1291 2145 ﬁlios.

870 2204 1056 2262 XLVI.
1087 2204 1267 2276 Imago
1299 2203 1420 2273 Ruﬁ
1449 2201 1690 2258 rhetoris.

484 2322 625 2381 ORE
652 2320 900 2394 pulchro,
935 2328 992 2376 et
1010 2334 1107 2374 ore
1129 2325 1301 2373 muto.
1331 2315 1483 2372 Scire
1512 2315 1595 2370 vis
1618 2327 1738 2384 qua:
1760 2311 1899 2368 sim?
1927 2309 2084 2367 Volo.

559 2415 744 2486 Imago
772 2412 896 2468 RuIl
928 2410 1166 2469 rhetoris
1193 2409 1469 2476 Pictavici.
1665 2475 1668 2479 ,

490 2509 708 2564 Diceret
729 2506 826 2562 sed
850 2507 988 2576 ipse,
1017 2491 1212 2560 vellem
1231 2549 1247 2573 ,
1273 2502 1480 2558 Rhetor
1507 2489 1611 2558 hoc
1631 2500 1724 2556 mi.
1752 2500 1868 2556 Non
1891 2507 2086 2571 potest.

557 2599 707 2655 Cor?
735 2599 855 2669 Ipse
886 2599 1078 2653 rhetor
1103 2607 1186 2650 est
1215 2595 1396 2664 imago
1425 2593 1693 2663 imaginis.
1761 2596 1764 2599 '

823 2709 1031 2766 XLVII.
1071 2708 1145 2762 De
1171 2708 1353 2761 eadem
1384 2707 1509 2777 Ruﬁ
1540 2713 1734 2760 statua.

489 2828 747 2886 Rbctoris
776 2827 895 2882 lucc
921 2823 1043 2909 Ruﬁ
1070 2831 1246 2879 statua
1281 2812 1384 2877 est.
1419 2819 1476 2876 Si
1508 2833 1700 2889 saxea,
1730 2817 1876 2873 Ruﬁ.

558 2923 670 2979 Cur
698 2921 752 2977 id
778 2919 890 2976 ais?
919 2933 1138 2988 semper
1163 2930 1363 2972 saxeus
1391 2914 1507 2984 ipse
1529 2912 1650 2968 fuit.

705 3033 938 3092 XLVIII.
968 3031 1048 3088 Dc
1073 3031 1302 3104 Diogene
1325 3028 1518 3100 Cynico
1543 3026 1876 3099 philosopho.

489 3152 628 3210 Pera
651 3193 665 3219 ,
710 3149 931 3222 polenta
953 3191 966 3216 ,
1003 3147 1214 3215 tribon,
1250 3144 1497 3212 baculus,
1525 3141 1790 3215 scyphus,
1824 3147 1973 3194 arcta
2004 3153 2095 3195 su-

1721 3232 1914 3304 pellex

567 3337 672 3393 Ista
697 3336 796 3391 fuit
825 3333 1012 3407 Cynici
1038 3351 1051 3387 :
1079 3329 1174 3387 sed
1209 3338 1358 3401 putat
1389 3328 1530 3384 hanc
1560 3327 1808 3382 nimiam.

497 3431 743 3501 Namque
768 3431 915 3486 cavis
945 3425 1196 3482 manibus
1224 3438 1458 3480 cernens
1481 3433 1670 3494 potare
1699 3419 1990 3475 bubulcum
2008 3463 2023 3490 ,

571 3523 700 3593 Cur,
731 3521 960 3594 scypbe,
995 3530 1068 3586 te,
1101 3518 1275 3586 dixit,
1308 3527 1458 3588 gesto
1488 3514 1921 3588 supervacuum?

749 3631 939 3690 XLIX.
976 3630 1051 3687 De
1080 3630 1279 3698 Crurso,
1311 3625 1359 3685 et
1384 3629 1559 3684 eodem
1586 3625 1840 3700 Diogene.

2177 1577 2415 1634 Necdum
2445 1576 2653 1634 caduco
2683 1577 2820 1644 Sole,
2851 1577 2964 1645 jam
2994 1574 3098 1631 sub
3123 1589 3374 1646 vespere,

2181 1676 2378 1745 Ageret
2405 1673 2669 1742 juvencas
2696 1688 2818 1728 cum
2851 1672 3069 1728 demum
3097 1681 3281 1742 pastor
3308 1684 3454 1736 suas,

2181 1768 2347 1826 Suam
2375 1767 2708 1838 relinquens,
2741 1781 2829 1822 me
2859 1765 3132 1832 minabat,
3165 1773 3222 1820 nt
3250 1779 3420 1819 suam.

2627 1879 2788 1936 LVII.
2822 1879 2904 1936 De
2923 1880 3098 1936 eadem
3123 1880 3334 1933 bucula.

2181 1996 2357 2054 Unam
2380 1996 2670 2065 juvencant
2701 2005 2890 2066 pastor
2916 1993 3058 2049 forte
3086 1994 3364 2060 amiserat,

2255 2087 2665 2157 Numerumque
2689 2085 2871 2156 jussus
2900 2084 3155 2152 reddere,

2185 2182 2271 2238 Me
2301 2181 2538 2237 defuisse
2566 2180 3023 2260 conquerebatur,
3053 2177 3207 2250 sequi

2262 2278 2395 2346 Qum
2430 2276 2726 2332 noluissem
2756 2285 3005 2332 caeteras.

2557 2385 2736 2446 LVIII.
2773 2389 2905 2458 Quae
2933 2404 3114 2444 sexum
3145 2387 3414 2442 mutarint.

2192 2505 2506 2563 Vallebana:
2541 2505 2705 2576 (nova
2733 2517 2841 2571 res,
2865 2512 2918 2559 et
2946 2503 3037 2557 vix
3060 2501 3332 2559 credenda
3361 2498 3559 2572 poetis:

2266 2598 2374 2655 Sed
2405 2612 2527 2668 quae
2554 2597 2622 2653 de
2650 2611 2777 2652 vera
2808 2595 3080 2667 promitur
3106 2593 3358 2663 historia)

2196 2691 2510 2748 chineam
2538 2691 2590 2746 in
2621 2690 2859 2761 speciem
2889 2687 3164 2744 convertit
3194 2683 3467 2741 masculus
3494 2682 3592 2738 ales
3617 2699 3628 2736 :

2271 2783 2522 2854 Pavaque
2547 2783 2616 2838 de
2643 2796 2782 2852 pavo
2811 2781 3058 2837 constitit
3081 2788 3208 2835 ante
3237 2778 3447 2833 oculos.

2193 2877 2386 2932 Cuncti
2418 2875 2758 2932 admirantur
2789 2883 3090 2929 monstrum
3119 2891 3130 2925 :
3165 2871 3262 2928 sed
3287 2870 3499 2926 mollior
3523 2881 3636 2936 agna

2268 2970 2494 3026 Adstitit
2520 2969 2576 3025 in
2604 2979 2851 3034 tenerum
2877 2967 2944 3023 de
2970 2981 3133 3038 grege
3163 2980 3319 3021 versa
3349 2978 3560 3018 marem.

2121 3101 2168 3165 ρ
2196 3063 2336 3133 Quid
2366 3063 2546 3119 stolidi
2575 3045 2642 3117 ad
2671 3061 2905 3133 Speciem
2934 3069 3076 3116 notae
3108 3059 3363 3115 novitatis
3392 3052 3608 3111 hebetis?

2268 3157 2353 3211 An
2382 3170 2481 3212 vos
2511 3154 2742 3210 Nasonis
2773 3153 3012 3209 carmina
3040 3168 3146 3206 non
3175 3150 3391 3228 legitis?

2198 3249 2421 3307 Cmnida
2448 3249 2720 3306 convertit
2751 3249 2934 3318 proles
2959 3235 3212 3302 Saturnia
3245 3247 3491 3301 Consus:

2271 3342 2652 3413 Atnbigquue
2681 3339 2778 3396 fuit
2799 3339 3320 3411 corpore-Tiresias.

2204 3435 2351 3491 Vidit
2375 3435 2693 3491 semivirum
2727 3433 2849 3489 fons
2871 3433 3136 3490 Salmacis
3163 3429 3662 3502 Ilermaphroditum.

2273 3527 2421 3584 Vidit
2448 3527 2739 3583 nubentem
2772 3526 2980 3582 Plinius
3012 3526 3422 3596 Audrogynum.

2200 3621 2310 3678 Nec
2333 3623 2466 3678 satis
2489 3622 2770 3693 antiquum
2791 3663 2808 3689 ,
2841 3620 2987 3691 quod
3018 3620 3292 3689 Campana
3321 3617 3375 3673 in
3399 3617 3671 3672 Benevento

2276 3714 2427 3769 Unus
2454 3713 2788 3784 epheborum
2814 3713 2972 3782 virgo
2995 3719 3222 3782 repente
3251 3710 3371 3766 fuit.

2203 3806 2338 3862 Nolo
2369 3815 2548 3861 tamen
2580 3806 2782 3862 veteris
2805 3805 3132 3861 documenta
3161 3819 3440 3860 arcessere
3471 3801 3622 3856 famae.

2280 3902 2420 3958 Ecce
2446 3917 2546 3974 ego
2575 3917 2697 3959 sum
2727 3901 2902 3957 factus
2930 3900 3124 3957 femina
3159 3901 3226 3955 de
3255 3915 3439 3970 puero.

2377 4018 2514 4074 LIX.
2547 4019 2627 4073 De
2655 4017 2888 4086 Achilla,
2915 4019 3004 4091 qui
3036 4015 3286 4071 dissecuit
3324 4012 3596 4070 calvariam.

499 3751 744 3822 Elﬁgiem
764 3791 779 3815 ,
814 3762 912 3803 rex
939 3745 1148 3810 Crtese,
1182 3755 1328 3799 tuam
1351 3785 1366 3811 ,
1395 3742 1664 3798 ditissime
1695 3755 1882 3811 regum
1904 3782 1921 3808 ,

570 3845 717 3901 Vidit
744 3841 889 3914 apud
923 3855 1111 3897 manes
1140 3838 1414 3910 Diogenes
1444 3835 1705 3908 Cynicus.

500 3939 761 3997 Constitit
790 3946 957 4008 utque
986 3933 1210 4008 procul,
1236 3933 1402 3988 solito
1428 3932 1634 4001 majore
1660 3928 1924 3984 cachinno

570 4031 905 4098 Concussus,
935 4028 1076 4085 dixit
1101 4045 1116 4082 :
1144 4027 1282 4095 Quid
1313 4027 1406 4082 tibi
1434 4024 1638 4080 divitia:

496 4128 651 4184 Nune
678 4134 945 4196 prosunt,
970 4138 1160 4196 regum
1188 4140 1280 4178 rex
1315 4137 1346 4176 o
1377 4122 1664 4186 ditissime,
1693 4134 1814 4174 cum
1842 4119 1916 4174 sis
2207 4139 2434 4208 Abiecla
2459 4137 2514 4192 ίη
2539 4135 2712 4192 πίνης
2742 4134 3008 4191 inbumali
3036 4134 3224 4205 sub”
3252 4130 3463 4202 jacebal

569 4227 724 4284 Sim"
753 4240 857 4297 08°
882 4224 1052 4288 5°l“3-
1083 4239 1170 4278 me
1195 4237 1413 4294 (ιυθίιυθ
1445 4219 1765 4291 Pauperi“?
2280 4231 2447 4287 Testa
2474 4230 2734 4296 hominis,
2762 4228 2966 4284 nudum
2998 4228 3110 4298 jam
3142 4234 3267 4281 cute
3289 4223 3564 4280 calvitiunt.

499 4318 632 4375 Nam
653 4331 1012 4388 qutecumqne
1032 4315 1446 4381 habni,mecum
1469 4311 1621 4368 fero:
1657 4326 1782 4366 cum
1821 4307 1954 4364 nihil
1989 4308 2041 4379 ip

2210 4324 2504 4380 Fleverunt
2529 4323 2619 4377 alii
2650 4340 2660 4375 :
2693 4321 2824 4376 ﬁetu
2853 4335 2960 4375 non
2998 4323 3177 4375 motus
3209 4317 3475 4381 Achillas,

579 4413 656 4468 Ex
690 4411 855 4466 tantis
882 4418 1058 4464 tecum
1085 4451 1099 4476 ,
1130 4407 1340 4474 Crasse,
1377 4405 1522 4462 feras
1549 4407 1762 4476 opibus.

2281 4417 2507 4486 Insuper
2532 4427 2585 4471 et
2607 4415 2776 4470 silicis
2799 4414 3033 4468 verbere
3057 4412 3344 4466 dissecuit.

772 4524 833 4578 L.
871 4522 952 4576 Ad
981 4521 1254 4575 lla-datum
1281 4522 1342 4574 de
1370 4519 1558 4575 bucula
1596 4518 1851 4590 Myronis.
2135 4504 2189 4565 Ι)
2215 4509 2439 4566 Eminus
2469 4523 2600 4576 ergo
2627 4507 2734 4562 icto
2759 4504 2922 4561 rediit
2957 4505 3094 4574 lapis
3123 4503 3267 4557 ultor
3295 4501 3364 4556 ab
3391 4513 3543 4555 osse:

510 4641 753 4708 Dmdale,
785 4655 882 4694 cur
914 4651 1050 4692 vana
1079 4637 1358 4692 consumis
1383 4635 1437 4690 in
1463 4644 1580 4690 arte
1613 4632 1896 4689 laborem?
2211 4696 2262 4708 ω
2283 4598 2750 4708 A‘mlmsque‘sui
2787 4597 3020 4700 “om”?
3049 4595 3350 4708 θίξυιξξδξῑυθ
3380 4592 3523 4697 Peli“

1711 4686 1751 4689 ’“
2210 4696 2300 4752 Sic
2327 4696 2532 4749 utinam
2559 4701 2742 4748 certos
2760 4705 2952 4746 manus
2980 4690 3142 4759 impia
3163 4686 3363 4758 dirigat
3387 4688 3534 4750 ictus,

2300 4790 2318 4806 Α
2341 4805 2392 4806 re,
2411 4798 2424 4806 ι
2447 4804 2517 4806 κᾉς
2548 4803 2574 4806 Α
2611 4797 2661 4806 -.ι
2699 4785 2887 4806 f-_!,._n
2924 4795 2958 4806 ι-
2980 4783 3023 4806 1,,
3058 4793 3266 4806 _-.-_.-
3293 4797 3441 4806 -_____.

511 4783 799 4886 membr,”
831 4841 973 4882 “me
1004 4827 1048 4879 si
1075 4823 1153 4878 vis
1181 4822 1337 4889 dare,
1366 4821 1604 4885 Dmdale’
1634 4835 1836 4888 mecm,
2288 4790 2580 4845 Auctorem
2611 4797 2669 4841 ttt
2697 4785 2892 4840 feriant
2924 4783 3027 4839 tela
3058 4793 3269 4839 retorta
3291 4797 3465 4837 suum.

583 4923 716 4980 Viva
745 4922 838 4977 tibi
873 4918 1086 4990 species
1114 4931 1275 4971 vacca
1311 4915 1550 4988 Myronis
1572 4915 1696 4968 erit.
2324 4902 2436 4956 LX.
2475 4901 2549 4956 De
2575 4899 2770 4955 Alcone
2797 4900 3018 4968 medico,
3051 4908 3099 4954 et
3140 4897 3374 4952 Diodoro
3403 4891 3659 4962 Ιιιιηιφίτε.

1060 5034 1147 5092 LI.
1177 5033 1376 5090 Eadem
1400 5034 1467 5088 de
1495 5049 1570 5088 τε.
2217 5017 2515 5088 Languenti
2547 5016 2726 5072 Marco
2752 5015 2889 5071 dixit
2922 5014 3192 5070 Diodorus
3225 5013 3507 5083 haru-pcx,

509 5160 756 5223 Errasti,
788 5153 1080 5210 attendens
1111 5153 1231 5208 hcce
1257 5150 1347 5207 ilia
1382 5159 1606 5216 nostra,
1637 5147 1886 5219 juvcnce.
2216 5209 2248 5223 ἢ
2289 5113 2369 5223 {id
2393 5114 2555 5223 νίξῗίη
2585 5128 2688 5223 ¹¹ξ³ξ¹
2708 5110 2960 5223 In???“
2990 5124 3282 5223 ευβίξτθξξθ

586 5201 1771 5306 ἧςξηξςςξιζξζιξίξῇέξξίαζᾶεέξιῖέδέτίὺυς,
2216 5208 2320 5265 εδει
2345 5207 2584 5263 medicus
2613 5206 2753 5261 divis
2778 5208 3007 5276 fatisque
3030 5202 3310 5289 potentior
3340 5201 3497 5256 Alcon

1071 5295 1171 5368 f'"
1204 5295 1282 5299 “”’
1500 5295 1590 5298 ’““
1763 5295 1766 5296 ⁷
2293 5300 2506 5355 Falsum
2537 5298 2940 5354 convicitillico
2968 5295 3364 5366 haruspicium.

1136 5359 1244 5416 LII.
1278 5359 1497 5415 Eadem.
2227 5393 2610 5416 m__.-.--.:._---
2640 5406 2857 5416 .............
2887 5388 3080 5416 -.:.....-:
3131 5389 3182 5416 ..:
3217 5385 3364 5416 ...ιω

1144 5385 1514 5468 {J'L‘Wucmf
1600 5453 1614 5468 _
1677 5453 1689 5468 θ
1875 5447 2113 5468 ’.μ-,⁸
2227 5393 2614 5464 'I‘ractavitque
2640 5406 2859 5446 manum
2887 5385 3488 5456 victuri,nitctigissclo

513 5461 682 5518 Pasce
699 5474 889 5530 greges
901 5456 1089 5529 procul
1106 5457 1254 5524 hinc,
1271 5470 1359 5524 ne,
1377 5467 1582 5526 qumso,
1600 5451 2116 5522 bubulce,lllyronis
2297 5487 2442 5544 mica
2471 5451 2592 5543 M'm
2617 5471 2796 5541 Marco
2820 5499 2914 5539 su
2943 5451 3156 5556 periere
3177 5481 3316 5536 dies.

589 5554 704 5622 ίΕς,
739 5551 908 5608 veluti
938 5551 1176 5621 spirans,
1207 5564 1329 5604 cum
1359 5548 1534 5603 bubus
1561 5547 1828 5618 cxagites.

1126 5664 1257 5722 LIII.
1294 5665 1510 5721 Eadem.

519 5762 603 5818 Me
631 5761 830 5818 vitulus
863 5773 1119 5830 cernens,
1152 5759 1446 5832 immugiet.
1483 5758 1656 5815 lrruct
1687 5757 1739 5813 in
1771 5771 1856 5813 me

2427 5622 2564 5681 LXI.
2602 5624 2677 5679 De
2699 5623 2846 5695 signa
2873 5620 3040 5690 Iovis,
3072 5631 3120 5676 et
3155 5619 3357 5676 Alcone
3375 5613 3564 5672 medim.

2227 5748 2391 5805 Alcon
2425 5744 2682 5802 hesterno
2729 5742 2939 5814 signum
2972 5741 3120 5798 Iovis.
3153 5741 3347 5812 attigit.
3382 5713 3480 5803 Ille,
