3886 6338
219 211 322 271 835

291 327 552 394 Quamvis
581 339 942 394 marmoreus,
974 327 1080 380 vim
1115 325 1312 396 patitur
1344 326 1558 382 medici.

218 420 358 477 Ecce
386 423 548 479 hodie
569 425 755 495 jussus
786 423 1061 479 transferri
1092 440 1156 480 ex
1183 423 1296 478 ωας
1327 434 1535 480 vetusta

289 513 522 570 Ell‘ertur
553 534 566 569 :
592 517 839 588 quamvis
860 519 930 572 sit
961 517 1123 584 Deus,
1155 507 1321 586 atque
1359 515 1514 587 lapis.

583 633 741 690 LXII.
771 634 838 689 In
861 635 1156 690 Eunomnm
1177 634 1452 690 medicum.

216 744 586 818 Languentem
619 749 805 804 Caium
834 752 1153 806 moriturum
1182 749 1399 806 dixerat
1426 748 1555 804 olim

285 841 572 899 Eunomus
595 845 800 900 :evasit
822 845 916 901 fati
943 861 1070 916 ape,
1095 861 1202 900 non
1233 844 1456 901 medici.

141 946 148 951 '
216 934 389 993 Paulo
417 945 543 1008 post
568 937 744 1009 ipsum
772 939 938 1007 videt,
971 949 1064 994 aut
1093 939 1295 994 vidisse
1325 936 1533 1006 putavit.

289 1031 624 1100 Pallentem,
649 1043 702 1089 et
726 1033 890 1089 multa
923 1035 1112 1089 mortis
1143 1034 1195 1088 in
1230 1032 1427 1104 efﬁgie.

215 1125 349 1194 Quis
371 1126 474 1182 tu?
501 1127 684 1190 Caius,
710 1129 804 1182 ait.
845 1126 1109 1182 Vivisne?
1141 1125 1239 1182 IIic
1268 1125 1477 1181 abnuit.
1511 1123 1579 1179 At
1617 1123 1745 1196 quid

214 1231 218 1236 ‘
287 1219 443 1276 Nunc
473 1221 588 1291 agis
620 1220 749 1276 hic?
783 1219 948 1276 Missa
980 1220 1138 1286 Ditis,
1173 1221 1267 1289 ait,
1310 1220 1489 1275 venio.

219 1311 309 1382 Ut,
337 1313 464 1385 quia
491 1313 740 1369 notitiam
765 1327 1056 1384 rerumque
1090 1312 1479 1382 hominumque
1513 1320 1776 1378 tenerent,

285 1406 538 1464 Acciretn
569 1407 837 1464 medicos.
873 1406 1152 1462 Eunomus
1180 1396 1438 1476 obriguit.

214 1498 357 1557 'I'utn
405 1501 610 1557 Caius:
667 1499 883 1557 Metuas
934 1498 1090 1567 nihil,
1137 1498 1382 1554 Eunomo
1412 1514 1426 1564 ;
1459 1496 1580 1553 dico
1628 1511 1730 1566 ego
1764 1504 1820 1552 et

1578 1590 1816 1662 [Aotnncs,

289 1685 506 1743 Nullum
533 1687 624 1757 qui
652 1695 891 1756 saperet,
925 1685 1107 1742 dicere
1139 1696 1189 1741 te
1217 1684 1509 1740 medicum.

545 1798 726 1855 LXIII.
757 1799 824 1853 In
856 1800 1118 1854 hominem
1157 1799 1291 1853 vocis
1337 1798 1564 1852 absence.

221 1917 483 1975 Latratus
519 1918 848 1986 catulorum,
882 1916 1128 1973 hinnitus
1163 1917 1319 1987 lingis
1362 1931 1652 1987 equorum,

289 2011 771 2093 Caprigenumqu'e
804 2027 995 2081 pecus,
1043 2011 1421 2081 lanigerosque
1451 2025 1642 2080 greges

221 2105 415 2162 Balatu
436 2104 716 2162 adsimilas
742 2124 755 2162 :
780 2109 964 2161 asinos
991 2120 1204 2176 quoque
1239 2105 1438 2159 rudere
1467 2104 1640 2172 dicas,

292 2197 429 2254 Cum
458 2199 539 2256 vis
570 2199 892 2255 Arcadicum
926 2199 1150 2270 lingere,
1185 2198 1387 2265 Marce,
1419 2211 1602 2267 pecus.

223 2289 502 2348 Gallorum
536 2299 752 2358 cantus,
786 2301 842 2347 et
863 2301 1088 2346 ovantes
1115 2297 1332 2359 gutture
1363 2304 1579 2357 corvos,

295 2385 368 2441 Et
394 2385 662 2458 quidquid
693 2402 889 2442 vocum
922 2387 1098 2442 bellua
1127 2395 1184 2442 et
1207 2385 1320 2440 ales
1347 2385 1537 2440 habet.

221 2479 419 2537 Omnia
440 2494 565 2536 cum
595 2479 820 2536 simules
842 2480 916 2535 ita
945 2494 1096 2544 vere,
1131 2487 1188 2533 ut
1219 2478 1342 2534 licta
1374 2486 1637 2548 negentur
1664 2493 1676 2531 :

294 2573 414 2629 Non
440 2582 599 2644 potes
628 2572 879 2629 humanae
905 2573 1055 2628 vocis
1081 2571 1282 2627 habere
1315 2585 1536 2626 sonum.

403 2687 592 2743 LXIV.
620 2686 703 2743 Ea:
733 2687 938 2755 Gra‘co,
975 2689 1122 2764 ἀρχὴ
1148 2689 1205 2743 τὸ
1243 2689 1403 2759 ἥμισυ
1431 2687 1645 2748 παντὸς.

225 2802 431 2875 Incipe.
463 2802 760 2859 Dimidium
793 2802 922 2858 facti
942 2811 1050 2869 est,
1074 2805 1328 2873 cmpisse.
1362 2802 1612 2873 Supersit

295 2895 612 2951 Dimidium.
648 2895 883 2951 llursum
916 2894 1017 2949 hoc
1041 2893 1218 2961 incipe
1255 2911 1268 2946 ε
1305 2903 1357 2948 et
1389 2891 1623 2956 efﬁcies:

764 3009 924 3065 LXV.
960 3008 1044 3064 Ea:
1087 3008 1294 3064 Grtrco.

485 3137 541 3185 Ἀ
567 3129 728 3206 χάρις
757 3127 790 3183 ἆ
815 3125 1122 3205 βραδύπους
1150 3123 1350 3204 ἄχαρις
1382 3128 1562 3202 χάρις.
1657 3201 1660 3205 1

221 3221 449 3289 Gratia,
476 3219 780 3290 quat'tarda
823 3230 928 3288 est,
965 3220 1172 3291 ingrata
1202 3229 1308 3275 est.
1347 3218 1534 3274 Gratia
1566 3231 1798 3289 namque

303 3317 440 3373 Cum
469 3315 586 3373 lieri
615 3323 897 3388 properat,
934 3315 1107 3386 gratia
1139 3322 1290 3388 grata
1317 3313 1508 3385 magis.

839 3430 1026 3488 LXVI.
1049 3430 1076 3485 1
1085 3431 1222 3485 dent.

231 3555 285 3613 Si
313 3554 454 3610 bene
481 3550 610 3624 quid
633 3549 820 3638 facias,
851 3549 1020 3604 facias
1047 3548 1157 3604 cito
1190 3563 1204 3613 ;
1241 3561 1364 3601 nam
1386 3545 1496 3601 cito
1522 3544 1725 3601 factum

229 3647 459 3704 Gratum
492 3642 919 3713 eritzingratum
949 3639 1122 3713 gratia
1147 3637 1295 3696 tarda
1325 3639 1471 3694 facit.

476 3763 488 3807 Ι
563 3758 774 3817 LXVII.
804 3757 870 3816 In
896 3759 1216 3816 Saltatorem
1239 3757 1493 3827 ineptum.

233 3883 483 3956 Decepta:
512 3880 634 3937 felix
663 3895 823 3938 casus
844 3895 906 3936 se
933 3877 1158 3954 miscuit
1181 3876 1309 3932 arti.

305 3974 532 4043 Histria,
567 3971 785 4030 saltavit
807 3972 897 4042 qui
923 3971 1201 4041 Capanea,
1232 3965 1365 4024 ruit.

235 4068 405 4136 Idem,
439 4068 528 4139 qui
563 4066 769 4123 Nioben
795 4065 1022 4120 saltavit
1041 4076 1264 4130 saxeus,
1291 4071 1349 4120 ut
1367 4068 1480 4116 tum

307 4163 599 4231 Spectator
638 4175 822 4215 veram
852 4140 1149 4214 credideiit
1175 4153 1405 4210 Nioben.

243 4253 300 4311 In
332 4253 570 4320 Canace,
593 4252 740 4308 visus
773 4250 944 4306 multo
978 4249 1185 4306 felicior
1215 4247 1330 4318 ipsa
1361 4265 1372 4298 :

309 4345 467 4416 Quod
496 4361 604 4402 non
632 4345 720 4401 hic
745 4343 928 4416 gladio
954 4344 1166 4399 viscera
1202 4340 1482 4396 dissecuit.

747 4457 977 4514 LXVIII.
1030 4456 1108 4512 De
1140 4456 1339 4512 eodem.

243 4577 503 4648 Daphnen
521 4584 577 4634 et
601 4574 811 4633 Nioben
844 4574 1062 4629 saltavit
1083 4572 1274 4636 simius
1305 4571 1474 4636 idem,

315 4671 553 4744 Ligncus
582 4680 639 4725 ut
670 4667 917 4741 Daphne,
951 4682 1148 4725 saxeus
1173 4675 1231 4724 ut
1258 4665 1451 4723 Niobe.

707 4805 896 4864 LXIX.
938 4805 1184 4862 Dodralis
1211 4806 1372 4876 potio.

248 4923 426 4983 Dodra
455 4939 519 4982 ex
545 4923 815 4981 dodrante
843 4931 944 4981 est.
968 4923 1058 4980 Sic
1087 4921 1309 4994 collige:
1322 4920 1433 4992 jus,
1455 4912 1844 4992 aqua,vinuut,

319 5022 434 5090 Sal,
462 5021 666 5090 oleum,
696 5019 872 5092 panis,
909 5007 1045 5087 mel,
1093 5017 1268 5090 piper,
1297 5014 1486 5086 herba,
1516 5029 1739 5072 novem.

765 5233 772 5241 .
798 5150 961 5210 LXX.
993 5152 1066 5208 De
1095 5129 1290 5209 eadem.

253 5273 431 5332 Dodra
460 5287 649 5332 vocor.
674 5273 808 5341 Qua:
835 5271 1040 5327 causa?
1086 5268 1289 5326 Novem
1315 5267 1526 5340 species
1551 5280 1700 5338 gero.

1521 5360 1675 5435 [Quae
1689 5360 1851 5416 sunt?

248 5465 366 5536 Ius,
388 5480 525 5539 aqua
538 5510 552 5536 ,
569 5466 700 5530 mel,
716 5463 922 5530 vinum,
938 5452 1300 5532 panis,piper,
1323 5455 1487 5513 herba
1501 5499 1514 5524 ,
1530 5457 1733 5522 oleum,
1754 5453 1852 5511 sal.

561 5545 772 5614 LXXI.
797 5556 872 5612 De
886 5556 1068 5611 eadem
1095 5552 1264 5608 dodra
1291 5552 1515 5624 potione.

255 5675 422 5754 Δόδρα
445 5674 604 5736 πότος
634 5656 720 5729 nati
747 5670 962 5746 ἀριθμὸς
989 5668 1124 5741 ἔχω,
1152 5665 1284 5742 μέλι,
1310 5661 1455 5736 οἶνον,
1481 5664 1678 5734 ἔλαιον,

251 5767 455 5852 Ἄρτον,
489 5766 639 5835 ἅλας,
671 5764 904 5839 βοτάνην,
935 5763 1125 5837 ζωμὸν,
1149 5758 1309 5838 ὕδωρ,
1333 5760 1539 5834 πέπερι.

1601 206 2128 269 EPIGRAMMA'I‘A.

1841 332 1888 389 A
1988 377 1992 380 .

1856 3127 1903 3189 C

3405 221 3512 282 θδι

2224 328 2431 384 LXXII.
2470 331 2757 386 Pali-[mnu
2785 332 2868 388 dei
2892 347 3214 403 responsum.

1921 441 2320 514 DoctusIIylas
2343 440 2539 514 czeslu,
2561 447 2807 518 Phegeus
2833 457 2986 505 catus
3011 457 3129 505 arte
3158 447 3444 520 palaestra,

1993 533 2182 588 Clarus
2204 535 2536 606 Olympiacis
2560 550 2616 594 et
2643 539 2818 612 Lycus
2839 540 2894 597 in
2924 540 3139 608 stadiis,

1919 626 2003 682 An
2033 637 2258 697 possent
2301 644 2492 686 omnes
2520 642 2749 690 venturo
2775 635 2992 692 vincere
3030 650 3228 706 agone,

1995 720 2353 778 Hammonem
2384 721 2565 795 Libya:
2595 727 2918 784 consuluere
2945 728 3122 784 deum.

1920 814 2027 872 Sed
2057 815 2210 882 deus,
2244 829 2300 871 ut
2327 817 2581 887 sapiens:
2606 819 2823 876 dabitur
2850 822 3076 880 victoria
3105 824 3260 879 vobis

1997 908 2306 964 Iudubitata
2336 910 2576 982 quidem,
2614 911 2657 965 si
2688 913 2945 981 caveatis,
2991 915 3087 981 ait,

1922 1000 2002 1057 Ne
2026 1001 2146 1084 quis
2179 1003 2370 1074 llylam
2402 1014 2570 1059 cmstu
2591 1048 2604 1071 ,
2641 1021 2708 1060 ne
2737 1005 2856 1076 quis
2885 1009 3183 1066 certamine
3215 1009 3376 1066 lucta:

1994 1095 2232 1167 Phegea,
2259 1112 2326 1152 ne
2352 1112 2517 1154 cursu
2550 1108 2624 1167 te,
2658 1096 2827 1172 Lyce,
2857 1109 3159 1170 prietereat.

1924 1208 2157 1271 LXXIII.
2189 1207 2267 1265 De
2290 1210 2563 1279 Narcisso,
2589 1212 2675 1282 qui
2697 1213 2778 1282 sui
2800 1213 2962 1285 ipsius
2990 1230 3168 1272 amore
3190 1227 3370 1289 captus
3392 1230 3519 1276 erat.

1926 1323 1983 1380 Si
2008 1340 2242 1393 cuperes
2269 1326 2458 1392 alium,
2485 1341 2697 1396 posses,
2730 1325 3007 1393 Narcisse,
3052 1328 3229 1399 petiri.

1997 1418 2150 1474 Nunc
2180 1419 2272 1474 tibi
2303 1420 2504 1475 amoris
2527 1419 2865 1492 adest-copia
2893 1438 2904 1473 :
2931 1419 3138 1476 fructus
3164 1422 3342 1478 abest.

2437 1535 2670 1592 LXXIV.
2693 1534 2770 1590 De
2793 1537 2993 1592 eodem.

1923 1650 2062 1721 Quid
2092 1665 2196 1707 non
2229 1661 2298 1708 ex
2325 1632 2488 1721 hujus
2515 1649 2687 1705 forma
2730 1659 3006 1722 pateretur
3037 1658 3270 1715 amator,

1855 1734 1906 1795 B
2002 1746 2118 1816 Ipse
2146 1759 2297 1799 suam
2322 1745 2411 1815 qui
2440 1743 2520 1799 sic
2545 1743 2754 1814 deperit
2779 1743 3054 1814 effigiem?

1962 1861 2170 1918 LXXV.
2205 1859 2273 1915 In
2299 1859 2444 1915 Echo
2473 1858 2726 1915 dolentem
2748 1870 2958 1932 propter
2982 1870 3190 1914 mortem
3226 1856 3483 1914 Narcissi.

1927 1979 2320 2044 Comm‘oritur,
2351 1977 2626 2044 Narcisse,
2657 1977 2752 2033 tibi
2785 1975 3115 2033 resonabilis
3141 1975 3311 2045 Echo,

1997 2073 2158 2130 Vocis
2183 2072 2250 2127 ad
2279 2080 2560 2128 extremos
2594 2069 2902 2125 exanimata
2951 2068 3165 2124 modos.
3256 2071 3258 2073 ’

1929 2168 1994 2222 Ει
2018 2166 2295 2239 pereuntis
2326 2163 2507 2221 adhuc
2534 2164 2796 2236 gemitum
2825 2172 3073 2217 resecuta
3104 2159 3366 2232 querelis,

1998 2259 2197 2317 Ultima
2227 2273 2326 2314 nec
2349 2259 2515 2314 etiam
2545 2256 2710 2312 verba
2739 2253 3012 2327 I0quentis
3042 2263 3205 2310 amat.

2000 2393 2237 2451 LXXVI.
2264 2394 2344 2449 Ad
2366 2392 2662 2465 Apollinem
2678 2393 2741 2448 de
2768 2392 2990 2463 Daphne
3013 2392 3189 2462 puella
3217 2392 3465 2463 fugiente.

1931 2514 2079 2571 Pone
2100 2528 2310 2580 arcum,
2347 2513 2530 2577 Paean,
2557 2512 2876 2582 celeresque
2894 2510 3132 2566 reconde
3161 2510 3386 2581 sagittas
3418 2528 3432 2564 :

2005 2605 2123 2662 Non
2150 2615 2200 2661 te
2223 2605 2375 2674 virgo
2405 2602 2562 2675 l‘ugit,
2588 2602 2684 2659 sed
2712 2613 2798 2657 tua
2831 2602 2936 2658 tela
2964 2602 3136 2658 timet.
3334 2610 3338 2612 '

2039 2724 2299 2783 LXXVII.
2326 2726 2407 2779 Ad
2442 2726 2706 2790 corticem,
2742 2740 2843 2795 quo
2885 2722 3104 2796 Daphne
3135 2722 3424 2794 tegebatur.

1932 2842 2139 2909 Invide,
2170 2857 2268 2898 cur
2296 2855 2582 2912 properas,
2614 2848 2821 2908 cortex,
2851 2840 3068 2910 operire
3097 2823 3336 2911 puellam
3363 2840 3387 2893 ?

2005 2936 2219 2993 Laurea
2241 2935 2473 2992 debetur
2501 2933 2729 3003 Phoebo,
2764 2933 2809 2989 si
2839 2933 2994 3006 virgo
3033 2942 3284 3002 negatur.

2042 3075 2326 3134 LXXVIII.
2359 3073 2427 3129 In
2457 3075 2589 3129 duas
2617 3089 2819 3129 sorores
2861 3074 3182 3159 diversorum
3206 3087 3428 3127 morum.

1940 3195 2113 3260 Delia,
2143 3209 2242 3248 vos
2273 3193 2576 3248 miramur:
2614 3201 2666 3246 et
2702 3199 2787 3248 est
2811 3190 3080 3258 mirabile,
3114 3189 3258 3262 quod
3289 3197 3398 3244 tam

2009 3285 2310 3343 Dissimiles
2332 3286 2485 3351 estis,
2520 3293 2688 3356 tuque
2712 3298 2980 3354 sororque
3010 3293 3119 3338 tua.

1931 3379 2064 3436 Hac
2093 3379 2282 3436 habitu
2308 3386 2622 3444 casto,cum
2647 3391 2755 3433 non
2784 3378 3047 3443 sit,casta
3071 3375 3288 3432 videtur
3313 3392 3328 3441 ;

2008 3472 2088 3530 Tu
2120 3484 2322 3546 praeter
2351 3471 2559 3529 cultum
2589 3469 2662 3526 nil
2690 3467 2999 3527 meretricis
3027 3468 3220 3526 habes.

1940 3569 2077 3625 Cum
2126 3569 2262 3624 casti
2315 3581 2495 3624 mores
2534 3565 2629 3622 tibi
2658 3565 2790 3632 sint,
2825 3563 2951 3619 huic
2978 3563 3161 3620 cultus
3193 3563 3458 3620 honestus
3491 3578 3509 3624 ς

2009 3663 2088 3721 'I‘e
2116 3672 2295 3719 tamen
2325 3670 2380 3718 et
2407 3661 2588 3718 cultus
2627 3660 2872 3727 damnat,
2904 3667 2962 3715 et
3004 3667 3157 3714 actus
3182 3673 3322 3714 eam.

2201 3798 2442 3856 LXXIX.
2479 3796 2546 3852 In
2573 3767 2826 3853 Venerem
2852 3797 3265 3868 anadyomenen.

1944 3919 2225 3975 Emersam
2255 3915 2428 3988 pelagi
2461 3914 2993 3994 nupergenitalibus
3021 3911 3185 3969 undis

2012 4011 2223 4086 Cyprin
2255 4010 2462 4081 Apellei
2496 4023 2664 4066 cerne
2695 4007 2899 4063 laboris
2931 4021 3067 4079 opus
3101 4026 3132 4061 ε·

1946 4108 2016 4165 Ut
2051 4106 2339 4179 complexa
2371 4120 2533 4160 manu
2568 4104 2817 4160 madidos
2836 4103 2980 4159 .salis
3010 4116 3233 4174 sequere
3261 4100 3444 4158 crines

2017 4201 2327 4258 Ilumidulis
2356 4215 2578 4272 spumas
2608 4199 2829 4270 stringit
2871 4207 3098 4270 utraque
3133 4198 3326 4254 contis.

1942 4296 2060 4353 Iam
2102 4294 2199 4352 tibi
2233 4309 2362 4362 nos,
2399 4294 2589 4365 Cypri,
2623 4293 2765 4349 Juno
2795 4292 2969 4363 inquit
3003 4300 3061 4347 ct
3088 4290 3292 4346 innuba
3325 4286 3506 4345 Pallas
3529 4329 3546 4358 ,

2016 4388 2293 4457 Cedimus,
2323 4395 2379 4444 et
2402 4387 2591 4442 turma:
2621 4384 2842 4457 prmmia
2870 4383 3190 4440 deferimus.

1869 4505 1924 4566 Ῑ)
2309 4519 2525 4577 LXXX.
2550 4519 2616 4587 In
2644 4536 2865 4591 puerum
2886 4520 3192 4590 formosum.
3229 4497 3232 4504 ’

1953 4643 2088 4698 Dum
2136 4638 2350 4696 dubitat
2395 4647 2611 4705 natura,
2661 4651 2907 4702 marem,
2944 4633 3221 4691 faceretne
3264 4633 3500 4705 puellam
3537 4647 3555 4690 :

2026 4734 2221 4791 Factus
2251 4748 2372 4799 es,o
2399 4730 2651 4804 pulcher,
2689 4745 2828 4802 pene
2851 4728 3055 4801 puella,
3085 4743 3242 4800 puer.

2024 4845 2262 4907 LXXXI.
2289 4845 2365 4901 De
2387 4846 2613 4919 quodam
2646 4843 2810 4900 Silvio
2839 4841 3015 4910 Bono,
3045 4843 3136 4914 qui
3157 4850 3270 4896 erat
3309 4840 3476 4895 Brito.

1953 4966 2163 5025 Silvius
2193 4965 2288 5021 ille
2318 4963 2527 5029 Bonus,
2553 4962 2646 5034 qui
2666 4959 2906 5018 carmina
2937 4967 3122 5014 nostra
3157 4956 3404 5025 lacessit,

2025 5059 2219 5117 Nostra
2247 5057 2418 5130 magis
2447 5055 2642 5113 meruit
2662 5051 2890 5110 disticha
2921 5050 3076 5106 Brito
3104 5049 3310 5106 Bonus.

2458 5190 2719 5251 LXXXII.
2752 5189 2826 5244 De
2857 5188 3056 5245 eodem.

1954 5314 2155 5375 Silvius
2186 5313 2274 5370 hic
2304 5313 2484 5368 Bonus
2509 5316 2614 5365 est.
2651 5305 2786 5374 Quis
2820 5305 3024 5363 Silvius
3053 5303 3076 5359 ?
3105 5302 3212 5360 Iste
3237 5300 3554 5361 Britannus.

2034 5411 2142 5467 Aut
2170 5409 2313 5465 Brito
2345 5405 2433 5460 hic
2457 5417 2566 5459 non
2592 5411 2676 5458 est
2704 5399 2929 5468 Silvius,
2963 5406 3059 5456 aut
3095 5398 3272 5455 malus
3295 5407 3400 5468 est.

2466 5537 2753 5598 LXXXIII.
2785 5508 3096 5596 De'eodem.

1965 5662 2162 5723 Silvius
2191 5661 2293 5716 iste
2322 5658 2508 5737 Bonus
2540 5656 2734 5725 fertur,
2769 5655 3053 5727 ferturque
3083 5651 3379 5709 Britannus
3405 5667 3420 5706 :

2036 5752 2168 5823 Quis
2191 5749 2381 5810 credat
2407 5749 2586 5807 civem
2619 5748 2988 5822 degenerasse
3014 5745 3216 5804 bonum
3245 5745 3269 5799 ?
