3920 6336
470 389 576 445 85.,
1231 375 1238 381 ·
1322 339 1326 342 ”
1879 387 2010 445 occ

2147 381 2376 444 USONII
3667 386 3754 446 836

931 505 1218 563 LXXXIV.
1254 506 1330 561 De
1356 507 1552 562 eodem.
1626 547 1630 551 .
2103 517 2144 572 Α
2177 504 2530 557 Cunctantem
2562 502 2693 555 satis
2714 511 2797 556 cst
2825 519 2839 567 ;
2866 516 2988 556 nam
3017 503 3176 573 digna
3208 509 3294 559 est
3312 499 3584 575 Sanguine
3608 515 3756 561 mater

469 617 642 674 Nemo
669 619 844 676 bonus
871 610 1020 674 Brito
1042 631 1124 675 est
1144 638 1156 672 :
1175 621 1218 674 si
1248 620 1478 692 simplex
1511 621 1710 679 Silvius
1733 635 1852 698 esse

2251 597 2507 652 Natorum
2540 614 2552 659 ;
2586 605 2672 650 tua
2706 612 2810 652 non
2844 599 3086 662 dextera,
3119 596 3500 654 Timomache.

467 703 487 736 ⁵
541 713 791 786 Incipiat,
818 716 1048 786 simplex
1076 716 1292 799 desinat
1322 733 1445 774 esse
1474 717 1678 774 Bonus.
2703 710 2885 766 XCIII.
2921 710 2989 765 In
3014 715 3263 767 eamdem.

955 833 1220 889 LXXXV.
1256 834 1338 890 De
1367 837 1565 892 eodem.
1909 898 1912 900 γ
2176 827 2308 896 Quis
2334 837 2384 882 te
2414 826 2681 898 pictorum
2712 828 3004 892 simulavit,
3042 830 3273 900 pessima
3306 830 3553 895 Colchis,

471 940 673 998 Silvius
706 941 796 998 hic
835 943 1016 999 Bonus
1045 956 1145 999 est.
1180 947 1285 1007 Sed
1319 947 1475 1005 Brito
1517 956 1603 1004 est
1651 947 1854 1006 Silvius
1898 949 2012 1006 idet;

2245 923 2304 978 In
2336 932 2492 978 natos
2514 924 2743 979 crudum
2777 925 3000 980 volvere
3015 939 3208 1005 mente
3239 925 3396 982 nefas
3427 924 3450 978 ?

541 1033 855 1104 Simplicio,
880 1051 969 1090 res
997 1047 1106 1105 εει,
1139 1038 1371 1106 credite,
1396 1040 1546 1095 Βτίιο
1568 1041 1763 1097 malus.
2171 1016 2355 1088 Usque
2385 1016 2592 1073 adeone
2614 1019 2736 1073 sitis
2763 1033 3058 1089 puerorum
3089 1019 3309 1106 haurire
3339 1034 3590 1075 cruorem
3609 1062 3624 1087 ,

931 1103 1222 1212 LXXXVI.
1262 1158 1336 1213 De
1358 1103 1539 1214 ﬁdem
1633 1135 1636 1138 '
2243 1111 2310 1168 Ut
2334 1128 2404 1168 ne
2438 1113 2581 1183 picta
2608 1113 2828 1185 quidem
2859 1129 3086 1185 parcere
3111 1103 3265 1169 caede
3296 1114 3430 1170 velis
3463 1114 3487 1168 ?

2166 1205 2435 1262 Numnam
2463 1217 2517 1264 te
2545 1210 2724 1278 pellex
2755 1209 3002 1265 stimulat
3031 1209 3054 1263 ?
3082 1225 3285 1265 numne
3307 1208 3450 1266 alter
3476 1209 3653 1274 Iason,

459 1265 597 1321 Silvi
617 1311 632 1335 ,
663 1268 835 1338 Brito,
873 1271 1062 1328 Bonus
1091 1290 1106 1339 ;
1142 1277 1393 1343 quamvis
1417 1276 1582 1335 homo
1614 1279 1922 1336 non‘bonus
1942 1295 2064 1337 esse

2236 1301 2423 1357 Altera
2446 1302 2534 1358 vel
2556 1302 2786 1372 Glauce,
2819 1312 2948 1360 sunt
2980 1303 3076 1359 tibi
3104 1319 3269 1360 causa
3300 1304 3494 1359 necis?

531 1363 717 1421 Ferris
741 1385 753 1419 :
787 1381 888 1428 nec
914 1383 975 1424 se
999 1370 1118 1441 quit
1141 1370 1373 1442 jungere
1402 1372 1552 1429 Brito
1577 1373 1752 1433 Bono.

2164 1395 2306 1463 Quin
2333 1412 2402 1453 ne
2429 1398 2570 1468 picta
2601 1398 2824 1469 quidem
2869 1399 2945 1454 sis
2971 1398 3203 1454 barbara
3229 1399 3252 1453 ?
3282 1391 3517 1469 ttaque
3545 1397 3618 1457 tui
3655 1399 3744 1451 vim

865 1482 1177 1563 LXXXVII.
1207 1485 1276 1541 In
1304 1485 1627 1561 Furippum.

2236 1491 2376 1547 Cera
2409 1502 2572 1549 tenax
2603 1495 2705 1549 zeli
2739 1494 2980 1566 concipit
3001 1494 3368 1550 immodicam.

453 1592 590 1649 Pars
621 1603 674 1650 te
707 1594 1006 1667 Furippum
1040 1600 1266 1667 vocitat,
1299 1617 1426 1670 pars
1456 1619 1586 1658 vero
1617 1602 1912 1676 Furippum
1932 1650 1946 1674 ,

2159 1589 2348 1645 Laudo
2391 1591 2806 1648 'I‘imomachnm
2835 1634 2850 1660 ,
2884 1600 3117 1648 matrem
3160 1591 3302 1662 quod
3333 1591 3512 1662 pinxit
3547 1589 3599 1644 in
3629 1604 3744 1645 ense

530 1686 718 1743 Altera
752 1690 1091 1760 produccns,
1129 1694 1300 1749 altera
1328 1696 1656 1766 corripiens.

2228 1680 2610 1750 Cunctantem,
2645 1685 2816 1756 prolis
2847 1686 3114 1758 sanguine
3147 1701 3214 1756 ne
3244 1685 3506 1741 maculet.

457 1777 612 1849 Elige
651 1790 830 1836 utrum
865 1784 1020 1839 malis
1052 1803 1062 1837 :
1105 1796 1197 1840 aut
1226 1788 1421 1855 tende,
1465 1798 1558 1844 aut
1586 1789 1800 1867 corripe
1827 1807 2049 1849 nomen.

522 1871 821 1928 Conveniet
847 1875 1105 1944 quodvis,
1124 1877 1209 1931 fur
1242 1877 1463 1945 furiose,
1497 1881 1612 1936 tibi.

841 2013 1176 2072 LXXXVIII.
1216 2016 1432 2090 Epicuri
1452 2021 1670 2093 opinio.-

446 2126 602 2193 Quod
634 2137 718 2184 est
743 2129 982 2198 beatum,
1014 2142 1188 2188 morte
1208 2145 1263 2188 ct
1286 2145 1549 2192 aeternum
1577 2151 1788 2203 carens,

441 2219 553 2278 Nec
580 2223 684 2279 sibi
711 2226 849 2293 parit
881 2215 1180 2296 negotium,
1209 2243 1308 2287 nec
1325 2231 1502 2289 alteri.

818 2362 1124 2452 LXXXIX:
1149 2364 1224 2420 De
1239 2365 1450 2422 homine
1473 2368 1642 2440 pigro.

439 2476 618 2532 Sanus
651 2477 806 2548 piger
837 2469 1101 2536 lebriente
1125 2481 1296 2536 multo
1318 2493 1402 2538 est
1431 2482 1680 2553 nequior.

439 2568 600 2626 Potat
628 2570 877 2642 duplum,
912 2572 1188 2644 dapesque
1222 2574 1467 2645 duplices
1496 2575 1742 2634 devorat.

2518 1825 2698 1882 XCIV.
2722 1825 2803 1880 ‘ln
2833 1842 3026 1881 caecum
3053 1835 3099 1880 et
3125 1826 3394 1880 claudum.

2081 1911 2126 1979 Β
2156 1938 2402 1995 Insidens
2431 1955 2580 1995 casco
2612 1941 2860 2011 graditur
2881 1940 3021 2012 pede
3046 1941 3276 1997 claudus
3309 1951 3563 2011 utroque.

2224 2034 2346 2104 Quo
2373 2045 2524 2090 caret
2555 2035 2838 2101 alteruter,
2870 2035 3038 2090 sumit
3066 2036 3135 2089 ab
3166 2035 3452 2091 alterutro.

2151 2125 2345 2183 Caecus
2387 2143 2620 2198 namque
2645 2127 2810 2197 pedes
2833 2127 3028 2183 claudo
3054 2142 3412 2200 gteSsumque
3435 2127 3699 2184 ministrat
3725 2144 3734 2180 2

2226 2221 2289 2277 At
2315 2222 2548 2278 claudus
2577 2237 2726 2278 caeco
2757 2222 2958 2278 lutnina
2984 2239 3083 2294 pro
3108 2223 3355 2295 pedibus.

2762 2336 2921 2393 XCV.
2952 2336 3124 2394 Idem.

2149 2452 2185 2502 Α
2199 2449 2406 2503 mbulat
2435 2450 2682 2507 insidens
2709 2465 2875 2520 caeco,
2914 2451 3050 2520 pede
3073 2462 3265 2522 captus
3294 2461 3529 2522 utroque
3554 2471 3565 2504 :

2217 2543 2390 2612 Atque
2419 2541 2631 2598 alterna
2655 2543 2799 2597 subit
2828 2527 3006 2598 munia
3036 2542 3312 2600 debilitas.

2144 2632 2277 2688 Nam
2305 2648 2486 2690 crocus
2516 2635 2708 2692 claudo
2731 2636 2872 2707 pede
2899 2637 3213 2693 commodat
3243 2654 3255 2689 :
3283 2636 3374 2693 ille
3397 2637 3632 2694 vicissim

860 2711 972 2769 XC.
1008 2712 1075 2769 In
1099 2713 1269 2771 Didas
1291 2684 1597 2789 imaginem.
2144 2684 2161 2687 τ
2177 2684 2703 2784 ψᾖηῖιᾷνᾶνᾷίᾶξᾷ

430 2845 531 2946 Illo
557 2860 658 2946 ego
680 2862 799 2946 sum
831 2849 1157 2946 Didovultu,
1191 2869 1354 2946 quem
1378 2857 1674 2929 conspicis,
1702 2858 1927 2946 IIOSpes,

504 2937 818 2996 A'ssitnilata
853 2943 1028 2998 modis
1055 2945 1393 3017 pulchraque
1426 2949 1696 3013 miriﬁcis,

428 3030 576 3088 Talis
600 3047 750 3088 cram
786 3051 800 3088 :
835 3035 929 3090 sed
964 3051 1070 3092 non
1096 3077 1112 3104 ,
1138 3038 1290 3095 Maro
1325 3055 1486 3110 quam
1521 3042 1652 3097 mihi
1685 3044 1844 3098 finxit
1868 3087 1882 3111 ,
1913 3057 2034 3100 erat

1805 3137 1984 3210 [mens
2011 3156 2025 3192 :

2539 2872 2723 2928 XCVI.
2757 2873 2834 2928 De
2855 2873 3012 2929 divite
3031 2885 3077 2928 et
3110 2892 3355 2948 paupere.

2140 2986 2254 3043 Non
2283 2997 2365 3043 est
2392 2988 2548 3044 dives
2579 3004 2739 3060 opum
2767 2990 2921 3046 dives
2953 3008 2968 3046 :
3002 3005 3102 3046 nec
3134 3007 3336 3062 pauper
3359 2993 3626 3063 inopszptc

2206 3079 2398 3135 Infelix
2432 3099 2442 3134 :
2477 3081 2584 3136 alio
2616 3098 2716 3137 nec
2745 3082 2913 3152 magis
2943 3084 3085 3138 alter
3114 3095 3257 3155 eget.

2135 3173 2296 3229 Dives
2322 3186 2446 3244 eget
2470 3178 2724 3246 gemmis,
2757 3179 2962 3234 cereali
2993 3196 3220 3236 mnnerc
3251 3196 3485 3252 pauper.-

2202 3268 2309 3323 Sed
2341 3283 2466 3324 cum
2494 3279 2689 3340 egeant
2731 3269 2914 3338 ambo,
2950 3287 3155 3343 pauper
3182 3289 3348 3343 egens
3402 3276 3578 3330 minus
3623 3287 3717 3331 est.

2600 3406 2807 3465 XCVII.
2841 3408 2916 3463 De
2950 3408 3231 3480 Penelope.

2138 3519 2458 3576 lntcmerata
2489 3524 2691 3592 procis,
2724 3532 2779 3577 et
2813 3532 2889 3577 tot
2913 3532 3266 3594 scrvata‘per
3298 3540 3492 3593 annos,
3570 3572 3573 3573 ν

2241 3610 2451 3670 Oscula
2470 3616 2556 3670 vix
2586 3615 2686 3685 ipsi
2715 3617 2929 3686 cognita
2957 3615 3318 3674 Telemacho.

2137 3705 2274 3760 Ilinc
2304 3721 2424 3761 mea
2456 3707 2744 3778 virginitas
2776 3707 2989 3763 facibus
3021 3708 3116 3764 tibi
3140 3709 3275 3765 luxit
3306 3710 3498 3766 adultis
3531 3727 3543 3762 :

2203 3799 2354 3854 Arsit
2382 3810 2436 3854 et
2457 3801 2658 3856 invidia
2690 3803 2936 3873 principe
2960 3818 3120 3864 verus
3140 3818 3322 3859 arnor.

2128 3891 2285 3964 Saepe
2310 3909 2428 3965 ego.
2441 3895 2682 3951 mentitis
2711 3895 2907 3951 tremui
2930 3911 3064 3952 nova
3096 3895 3299 3953 femina
3331 3898 3538 3953 somnis
3563 3915 3572 3949 :

2199 3985 2485 4057 Lapsaque
2512 4003 2622 4044 non
2655 3991 2852 4044 merito
2880 3999 3001 4044 sunt
3035 3990 3168 4044 mihi
3192 3992 3358 4045 verba
3389 4007 3522 4046 sono
3550 4008 3564 4043 ε

2129 4076 2194 4131 Ει
2223 4088 2403 4133 tamen
2431 4082 2642 4150 ignotos
2672 4083 2818 4138 sensi
2849 4092 3167 4153 experrecta
3199 4083 3442 4152 dolores,

2197 4169 2486 4240 Strataque
2510 4175 2711 4228 tentavi
2742 4175 2884 4230 sicca
2908 4185 3142 4245 paventc
3169 4191 3353 4231 manu.

2123 4264 2256 4320 Nam
2289 4266 2386 4321 tibi
2413 4268 2718 4338 anhelanti,
2746 4282 3115 4340 supremaque
3138 4270 3274 4325 bella
3308 4270 3572 4333 mmettti,

2197 4360 2383 4416 Paruit
2407 4361 2697 4433 indulgens
2719 4373 2773 4418 et
2800 4361 2916 4419 sine
2941 4378 3075 4417 voce
3105 4362 3282 4430 dolor,

2129 4454 2299 4510 Dente
2330 4455 2467 4510 nihil
2494 4457 2702 4511 violare
2733 4460 2869 4524 iero,
2899 4456 3034 4512 nihil
3066 4458 3335 4526 unguibus
3363 4471 3510 4511 ausa:
3541 4474 3554 4510 :

2195 4547 2423 4603 Fwdcra
2455 4565 2578 4602 nam
2613 4550 2770 4604 tacita
2806 4565 2938 4619 pace
2967 4551 3173 4620 peregit
3197 4566 3373 4606 amor.

2125 4641 2365 4712 Denique
2395 4656 2502 4697 non
2533 4641 2708 4698 aviam
2736 4642 2964 4698 tremqu
2987 4643 3228 4699 clamore
3259 4645 3448 4700 vocavi
3483 4662 3500 4698 :

2039 4723 2090 4783 D
2187 4735 2298 4792 Nec
2325 4737 2472 4806 prior
2498 4736 2761 4808 obsequio
2786 4752 2940 4793 serva
2964 4739 3204 4793 cucurrit
3223 4753 3379 4794 anus.

2121 4829 2240 4900 Ipsa
2271 4830 2579 4887 verecundo
2613 4831 2762 4902 tetigi
2796 4831 3000 4904 pallore
3032 4831 3242 4906 puellas
3262 4871 3278 4900 ,

2193 4925 2505 4998 lmpositum
2536 4926 2708 4982 teneri
2731 4925 2871 4982 fassa
2902 4919 3130 4997 pudoris
3157 4940 3318 4997 opus.

2496 5060 2730 5117 XCVIII.
2755 5058 2822 5116 In
2845 5058 3274 5117 Grammaticum.

2120 5175 2268 5230 Felix
2297 5176 2681 5245 grammaticus
2700 5190 2817 5229 non
2844 5183 2928 5231 est
2970 5193 2981 5229 :
3009 5175 3105 5231 sed
3133 5191 3234 5231 nec
3279 5175 3380 5230 fuit
3410 5191 3657 5246 umquam
3684 5190 3698 5230 z

2187 5267 2296 5322 Nec
2335 5267 2618 5338 quisquam
2647 5277 2730 5322 est
2761 5266 2891 5322 felix
2919 5267 3141 5323 nomine
3171 5269 3578 5339 grammaticus.

2119 5359 2188 5414 At
2213 5359 2256 5414 si
2278 5358 2398 5428 quis
2425 5357 2557 5415 felix
2585 5368 2786 5429 praeter
2811 5359 2980 5415 fatum
3009 5361 3230 5417 exstitit
3255 5376 3508 5432 umquam
3539 5380 3552 5419 :

2187 5451 2236 5507 Is
2257 5452 2473 5509 demum
2505 5454 2742 5510 excessit
2774 5457 3162 5526 grammaticos
3189 5471 3450 5513 canones.

499 3219 618 3275 Vita
651 3237 754 3277 nec
780 3224 1001 3292 incestis
1031 3226 1151 3280 laeta
1181 3228 1550 3298 cupidinibus.

425 3312 672 3385 Namque
695 3333 796 3374 nec
826 3318 1035 3374 IEncas
1068 3321 1198 3376 vidit
1234 3338 1320 3378 me
1345 3323 1541 3381 Troius
1567 3344 1842 3400 umquam,
2055 3321 2099 3382 C

499 3409 609 3472 Nec
641 3411 864 3483 Libyam
900 3415 1128 3471 advenit
1153 3418 1421 3475 classibus
1441 3418 1643 3476 Iliacis.

427 3501 536 3559 Sed
568 3503 734 3559 furias
759 3506 972 3578 rugiens
1001 3519 1344 3581 atque-arma
1379 3515 1624 3584 procacis
1656 3516 1848 3585 Iarbae,
1889 3576 1892 3579 λ

499 3593 744 3665 Servavi,
781 3600 975 3669 fateor,
1006 3612 1185 3673 morte
1217 3591 1560 3677 pudicitiam,
1889 3600 1904 3608 ’

427 3685 658 3743 Pectore
695 3681 1011 3748 transfixo:
1040 3705 1224 3750 castus
1250 3697 1393 3766 quod
1409 3701 1654 3768 perculit
1678 3701 1844 3768 ensis,

462 3785 469 3789 '
498 3777 614 3835 Non
642 3779 811 3849 furor,
839 3792 932 3837 aut
953 3783 1088 3841 Iteso
1113 3786 1315 3843 crudus
1342 3779 1529 3854 arnore
1558 3773 1738 3848 dolor.

423 3871 517 3928 Sic
538 3873 802 3929 cecidisse
827 3874 980 3945 juvat
1005 3891 1019 3929 :
1041 3877 1147 3931 vixi
1180 3877 1300 3933 sine
1329 3880 1562 3937 vulnere
1592 3881 1770 3937 famzc.

495 3965 614 4021 Ulta
646 3960 860 4035 virum,
883 3970 1076 4039 positis
1104 3972 1396 4038 iuuenibus,
1431 3976 1658 4045 oppetit.

420 4059 632 4127 Invida,
666 4078 767 4117 cur
798 4063 850 4120 in
881 4079 966 4124 me
997 4065 1310 4133 stimulasti,
1341 4068 1513 4138 Musa,
1547 4070 1845 4140 Maronem,

495 4153 754 4224 Fingerct
785 4165 843 4209 ut
872 4165 1072 4212 nostra:
1095 4157 1294 4214 damna
1327 4160 1605 4231 pudicitiae
1637 4163 1660 4216 Ἰ

419 4246 530 4303 Vos
561 4248 734 4318 magis
767 4247 1070 4317 historicis,
1105 4237 1359 4319 lectores,
1391 4255 1600 4310 credite
1631 4256 1700 4314 de
1729 4273 1838 4324 me,

487 4340 660 4417 Quam
690 4343 780 4413 qui
813 4341 955 4398 furta
979 4345 1144 4402 deum
1175 4348 1608 4420 cancubitusquc
1632 4360 1836 4412 canunt
1898 4398 1900 4402 _

416 4432 676 4510 Falsidici
704 4445 853 4492 vates
889 4453 906 4490 :
939 4447 1214 4497 temerant
1243 4441 1332 4511 qui
1358 4443 1603 4499 carmine
1626 4458 1858 4515 verum:

489 4530 859 4602 IIumanisquc
880 4531 1013 4588 deos
1034 4535 1346 4591 assimilant
1375 4537 1545 4594 vitiis.

414 4666 550 4724 XCI.
601 4668 668 4722 In
719 4667 1034 4726 Faustulum
1077 4682 1294 4730 statura:
1341 4677 1508 4733 brevis
1552 4643 1724 4734 Anicii
1768 4680 2009 4738 Probini.

407 4799 707 4858 'Faustulus
757 4804 998 4862 insidens
1055 4809 1295 4866 formicae
1320 4853 1336 4879 ,
1375 4825 1432 4869 ut
1464 4833 1656 4889 magno
1690 4820 2005 4893 elephanto,

491 4895 724 4963 Decidit,
758 4907 813 4954 ct
845 4907 1005 4955 teme
1033 4911 1179 4972 terga
1210 4906 1403 4974 supina
1443 4908 1611 4966 dedit.

414 4992 646 5062 Moxque
670 4992 811 5063 idem
837 4994 903 5052 ad
930 5005 1162 5053 mortem
1187 4989 1273 5053 est
1299 5001 1586 5061 mucltatus
1611 5010 1852 5086 Calcibus
1866 5013 2004 5084 ejus,

484 5085 739 5143 Perditus
772 5100 824 5154 ut
857 5099 1040 5158 posset
1071 5091 1155 5145 vix
1188 5093 1422 5150 retinere
1457 5097 1713 5155 animam.

411 5179 514 5236 Vix
549 5190 726 5238 tamen
765 5196 848 5241 est
881 5183 1025 5242 fatus
1061 5205 1070 5238 :
1106 5185 1247 5255 Quid
1277 5189 1419 5244 rides
1449 5233 1461 5256 ,
1509 5193 1756 5264 improbe
1802 5198 1966 5256 Livor
1991 5242 2004 5268 ,

485 5275 640 5343 Quod
668 5277 842 5334 cecidi
869 5279 1112 5336 ?cccidit
1142 5299 1250 5336 non
1281 5284 1441 5339 aliter
1469 5285 1736 5344 Phaeton.

781 5400 935 5458 XCII.
970 5402 1035 5458 In
1067 5403 1283 5462 Medww
1304 5409 1611 5480 imaginem.

393 5492 666 5558 Nemeam
704 5496 866 5552 vellet
888 5512 1015 5553 cum
1056 5498 1278 5571 pingere
1302 5501 1640 5560 Timomaclti
1670 5522 1860 5576 mens,

487 5588 810 5657 \‘olvcntcm
835 5589 889 5644 in
916 5602 1072 5646 natos
1099 5593 1326 5649 crudum
1357 5597 1539 5651 animo
1565 5600 1791 5666 facinus,

409 5680 705 5740 Imrnanem
737 5684 992 5760 exhausit
1022 5704 1201 5744 rerum
1233 5689 1282 5744 in
1315 5690 1528 5748 diversa
1559 5694 1828 5761 laborem,
2119 5701 2285 5756 Arma
2313 5705 2599 5774 virumque
2629 5702 2853 5772 docens,
2885 5713 3046 5776 atque
3072 5720 3222 5761 arma
3256 5706 3539 5777 virumque
3561 5706 3695 5777 peri-

483 5777 738 5848 Fingeret
769 5778 1020 5834 affectum
1053 5781 1244 5837 matris
1272 5792 1331 5837 ut
1359 5785 1695 5857 ambiguum.
2629 5795 2637 5806 '
3589 5799 3691 5872 [tus

413 5870 492 5928 Ira
525 5875 717 5932 subest
747 5875 1025 5948 lacrymis,
1055 5878 1333 5935 miseratio
1363 5896 1473 5936 non
1498 5894 1652 5941 caret
1682 5883 1784 5940 ira.
2182 5884 2298 5941 Non
2325 5885 2463 5944 duxi
2490 5904 2735 5955 ux0rem,
2769 5891 2866 5947 sed
2899 5892 3069 5964 magis
3090 5908 3242 5948 arma
3271 5893 3514 5948 domum.

483 5964 818 6023 Alterutrum
851 5966 1056 6036 videas,
1090 5978 1148 6024 ut
1168 5967 1238 6026 sit
1266 5969 1318 6026 in
1341 5970 1627 6031 alterutro.
2110 5976 2350 6052 Namque
2369 5981 2485 6041 dies
2511 5992 2675 6055 tctus,
2707 5993 2956 6058 totasque
2975 6001 3043 6043 ex
3073 5972 3274 6045 ordine
3299 5996 3492 6044 noctes

2265 5586 2450 5643 XCIX.
2483 5587 2558 5644 De
2582 5589 2810 5658 infausto
2837 5591 3172 5645 matrimonio
3204 5579 3558 5648 Grammatici.

3871 545 3881 694 ἔ
