3920 6354
178 263 381 328 ,857

349 385 561 444 Litibus
593 408 865 466 oppugnat
897 416 1115 473 meque,
1149 423 1439 480 meumque
1475 415 1642 469 lar-tn
1681 438 1691 470 :

271 479 456 551 Atque
476 497 529 540 ut
554 497 833 560 perpetuis
859 499 1044 570 dotata
1078 518 1106 556 a
1130 503 1300 561 Marte
1329 512 1547 579 duellis,

249 571 258 598 τ
347 578 509 633 Arma
542 583 594 635 in
624 603 708 640 me
740 592 900 654 tollit,
937 611 1036 650 nec
1059 596 1222 652 datur
1256 601 1366 657 ulla
1388 607 1560 673 quies.

268 661 502 739 Jamque
535 683 851 748 repugnanti
879 685 1073 741 dedam
1100 705 1218 756 me;
1253 701 1309 746 ut
1335 661 1573 767 denique
1599 703 1798 757 victum

339 757 529 833 .lurget
561 767 631 823 ob
655 770 757 827 hoc
780 776 980 847 solum,
1012 779 1193 851 jurgia
1221 785 1366 854 quod
1399 757 1628 864 fugiam.

668 889 730 943 C.
765 891 840 946 De
862 894 1075 951 Auxilio
1107 896 1484 960 Grammatico.

262 990 562 1055 Emendata
591 1015 788 1083 potest
814 1027 1065 1081 quaenam
1087 1032 1188 1072 vox
1223 1035 1346 1076 esse
1378 1007 1653 1096 magistri,

333 1087 545 1148 Nomen
571 1098 660 1167 qui
691 1103 970 1172 proprium
1004 1123 1128 1162 cum
1156 1110 1291 1165 vitio
1315 1113 1594 1184 loquitur?

261 1179 539 1242 Auxilium
565 1199 616 1245 te
637 1205 835 1264 nempe
858 1212 1043 1268 vocas,
1072 1202 1263 1260 inscite
1291 1209 1571 1280 magister,

334 1272 410 1329 Da
436 1288 648 1337 rectum
674 1299 896 1344 casum:
919 1289 1034 1360 jam
1062 1293 1385 1354 Solicismus
1406 1303 1537 1358 eris.

682 1400 766 1456 CI.
795 1402 872 1457 De
897 1405 1152 1484 fratribus
1184 1411 1460 1477 Thebanis.

252 1503 366 1564 Nec
390 1509 597 1588 Stygiis
622 1517 758 1576 lucis
789 1521 981 1581 ineunt
1007 1543 1108 1585 sua
1138 1511 1343 1590 foedera
1374 1537 1574 1598 fratres

325 1603 808 1685 (Edipodionidte,
834 1618 904 1676 de
925 1622 1127 1681 misero
1151 1629 1219 1684 ab
1251 1631 1458 1688 miseri.

248 1692 498 1768 Namque
525 1705 688 1761 etiam
720 1723 787 1764 ex
819 1726 928 1768 uno
957 1728 1242 1788 surgentes
1266 1737 1464 1796 aggere
1493 1729 1729 1788 ﬂamma:

320 1788 381 1844 In
405 1791 624 1851 diversa
655 1801 740 1856 sui
764 1802 1042 1864 dissiliunt
1070 1812 1295 1880 cineris.

246 1881 508 1944 Infandos
531 1891 796 1959 juvenes!
830 1913 967 1970 quos
999 1920 1099 1960 nec
1123 1908 1395 1968 discordia
1418 1931 1604 1974 cassos

296 1976 488 2044 .Luce,
519 1999 620 2039 nec
646 1987 700 2042 in
720 2003 894 2048 semet
924 1995 1122 2067 linquit
1142 2011 1299 2059 atrox
1323 2007 1558 2066 animus.

245 2068 427 2138 Atque
454 2074 658 2133 utinam
688 2090 744 2137 et
773 2082 988 2143 Thebas
1015 2091 1257 2161 quissent
1281 2103 1536 2168 partirier
1565 2107 1733 2179 ipsas,

317 2162 632 2238 Regnorum
661 2185 715 2231 et
743 2191 938 2250 metas,
969 2193 1026 2240 ut
1051 2189 1299 2250 cinerum
1326 2197 1589 2258 nebulas!

595 2289 704 2348 Cll.
732 2295 811 2350 De
837 2298 1060 2372 ingratis
1086 2323 1149 2362 ea:
1174 2307 1492 2372 Menandro.

236 2390 328 2448 Nil
360 2395 579 2457 homine
612 2412 754 2464 terra
785 2413 944 2484 pejus
971 2416 1188 2490 ingrato
1207 2437 1375 2483 creat.

240 2484 487 2559 Vicinus,
521 2495 739 2571 hospes,
772 2518 954 2576 notus,
982 2512 1224 2585 ignotus,
1249 2521 1444 2592 cliens,

235 2579 306 2634 Et
335 2583 384 2637 si
410 2601 519 2657 qua
547 2606 755 2661 genera
779 2598 980 2658 civium
1012 2619 1140 2664 sunt
1169 2611 1219 2666 id
1252 2629 1445 2688 genus,

235 2671 296 2728 Si
328 2679 459 2746 quid
484 2688 688 2752 petenti
718 2706 998 2763 promptus
1037 2703 1161 2770 opis
1192 2671 1503 2781 imvpertitis,

236 2763 309 2821 Ut
328 2769 650 2850 misereare,
668 2784 846 2853 gratia
869 2799 1109 2848 actutum
1133 2800 1247 2866 peri
1257 2763 1296 2854 ι..

716 2896 846 2952 CIII.
879 2899 959 2956 De
989 2902 1353 2972 Demosthene.

230 2994 459 3058 Discere
480 3006 524 3060 si
552 3011 727 3079 cupis,
755 3030 782 3066 a
811 3014 990 3074 doctis
1021 3038 1182 3092 quam
1207 3030 1374 3084 multa
1407 3032 1612 3092 licebit.

227 3089 364 3158 Quae
387 3098 556 3164 nosti,
581 3105 895 3164 meditando
925 3113 1058 3168 velis
1085 3116 1393 3179 inolescere
1423 3129 1610 3183 menti.

226 3183 364 3252 Quae
391 3189 628 3249 didicisu
653 3196 947 3271 hauddum,
983 3206 1244 3268 discendo
1276 3231 1559 3278 assumere
1607 3226 1822 3288 tendas.

628 3313 760 3369 CIV.
792 3317 867 3377 De
893 3322 1122 3390 fortunae
1151 3331 1420 3387 varietate.

224 3413 472 3476 Fortuna
496 3438 791 3496 numquam
816 3432 964 3490 sistit
990 3436 1040 3491 in
1075 3441 1267 3498 eodem
1296 3454 1461 3504 statu.

222 3511 458 3583 Semper
481 3533 729 3577 movetur
763 3542 777 3578 :
813 3530 1006 3596 variat,
1040 3543 1095 3589 et
1124 3548 1298 3595 mutat
1322 3543 1504 3612 vices,

219 3604 293 3660 Et
315 3622 525 3666 summa
555 3614 608 3671 in
641 3617 807 3682 imum
840 3627 1022 3694 vertit,
1049 3644 1112 3684 ac
1136 3648 1292 3690 versa
1323 3639 1505 3711 erigit.

775 3734 886 3791 CV.
922 3737 989 3795 In
1013 3741 1258 3802 Stellam.

219 3832 392 3892 Stella
422 3841 575 3907 prius
602 3849 816 3916 superis
840 3851 1106 3926 lulgebas,
1146 3861 1344 3920 lucifer
1372 3885 1386 3921 :
1420 3878 1474 3924 at
1499 3888 1644 3930 nunc

289 3927 627 4008 Exstinctos,
658 3944 826 3998 cassis
859 3945 1063 4006 lumine
1091 3968 1286 4024 vesper
1315 3961 1444 4016 eris.

699 4057 833 4117 CVI.
871 4063 954 4119 Ea:
983 4067 1297 4129 Menandro.

206 4159 288 4217 Re
308 4162 513 4235 fruere,
546 4179 603 4226 ut
632 4184 790 4232 natus
823 4183 1099 4254 mortalis;
1130 4189 1298 4262 dilige
1325 4195 1422 4252 sed
1450 4214 1588 4268 rem,

205 4255 508 4337 Tamquam
539 4265 895 4339 immortalis,
930 4291 1051 4334 sors
1075 4295 1155 4336 est
1192 4283 1244 4340 in
1279 4297 1515 4361 utroque
1543 4299 1801 4365 verenda.

371 4395 530 4453 CVII.
557 4402 640 4456 Ad
661 4411 922 4464 notarium
946 4414 1261 4476 velocissime
1293 4425 1654 4498 excipientem.

493 4516 653 4587 Puer,
681 4532 932 4581 notarum
968 4542 1270 4602 prurpetum

486 4609 672 4666 Solers
699 4616 971 4688 minister,
1001 4624 1219 4683 advola.

483 4700 736 4772 Bipatcns
765 4713 999 4781 pugillar
1022 4721 1238 4788 expedi,

479 4792 578 4849 Cui
602 4799 769 4856 multa
795 4802 939 4861 fandi
964 4811 1142 4881 c'opia,

475 4885 696 4946 Punctis
725 4908 941 4962 peracta
962 4902 1211 4974 singulis,

425 4965 430 4968 ’
482 4979 549 5034 Ut
574 4999 675 5038 una
708 5001 811 5042 vos
842 4991 1167 5051 absolvitur.

477 5066 680 5127 Evolvo
706 5075 874 5133 libros
900 5082 1123 5153 uberes,

476 5161 753 5236 lnstarque
779 5169 962 5226 densa:
993 5178 1280 5244 grandinis

473 5253 745 5317 Torrente
776 5261 956 5333 lingua
992 5278 1302 5343 perstrepo.

467 5348 584 5408 Tibi
619 5371 718 5411 nec
755 5374 918 5415 aures
945 5362 1245 5439 ambigunt,

461 5444 572 5502 Nec
610 5463 912 5523 occupatur
937 5460 1152 5529 pagina.

461 5538 529 5595 Et
559 5553 698 5598 mota
734 5562 894 5617 parce
922 5550 1147 5609 dextera

1621 319 1635 336 κ
1667 301 2198 368 EPICllAMMATA.

3478 344 3579 400 ssa‘

1908 443 1953 497 Α
2271 433 2426 488 Volat
2457 453 2550 504 μοι·
2582 459 2608 488 ;ι
2632 459 2767 507 quor
2794 459 3039 499 cereum.

2266 525 2398 581 Cmn
2429 531 2664 587 maxime
2689 551 2830 591 nunc
2863 539 3158 609 proloquor

2267 617 2764 694 Circumloquentis
2788 621 3014 699 ambitu,

2262 710 2342 764 Tu
2375 728 2534 769 sensa
2565 721 2734 774 nostri
2764 726 3001 791 pectoris

2269 804 2336 861 Ut
2366 806 2512 863 dicta
2532 810 2646 879 jam
2675 817 2818 871 ceris
2853 829 3026 876 tenes.

2268 896 2485 953 Sentire
2515 911 2620 956 tam
2651 907 2807 962 velox
2841 913 2970 965 tnihi

2271 989 2478 1047 Vellem
2508 994 2750 1055 dedisset
2772 1018 2926 1059 mens
2954 1023 3095 1075 mea,

2256 1085 2427 1152 Quam
2464 1093 2719 1162 prmpetis
2747 1095 2958 1154 dextra:
2988 1102 3108 1172 luga

2256 1177 2333 1232 Tu
2364 1196 2450 1235 me
2481 1185 2798 1254 loquentem
2834 1197 3126 1271 praevenis.

2249 1272 2404 1341 Quis,
2428 1293 2636 1347 qumso,
2667 1286 2788 1352 quis
2812 1301 2900 1340 me
2935 1289 3170 1356 prodidit
3188 1295 3209 1346 ’ἒ

2257 1363 2388 1432 Quis
2419 1367 2520 1424 ista
2547 1372 2661 1441 jam
2689 1375 2829 1431 dixit
2859 1380 2976 1446 tibi,

2250 1457 2382 1525 Qum
2413 1464 2714 1533 cogitabam
2743 1469 2974 1528 dicere?

2252 1550 2383 1618 Qua:
2416 1554 2556 1610 furta
2589 1560 2756 1616 corde
2785 1563 2837 1618 in
2872 1565 3067 1623 intimo

2257 1641 2493 1701 Exercet
2515 1649 2628 1706 ales
2650 1652 2916 1712 dextera?

2244 1735 2346 1804 Qui
2369 1741 2506 1797 ordo
2533 1761 2715 1803 rerum
2746 1760 2852 1805 tam
2887 1771 3079 1824 novus,

1883 1839 1930 1908 Β
2174 1817 2179 1821 ’
2249 1833 2443 1893 Veniat
2474 1841 2528 1895 in
2558 1861 2717 1902 aures
2741 1858 2798 1903 ut
2829 1859 2968 1921 tuas,

2243 1925 2400 1995 Quod
2429 1932 2609 2005 lingua
2641 1941 2878 1999 nondum
2937 1948 3273 2007 absolverit?
3314 1988 3329 1998 -

2247 2020 2500 2081 Doctrina
2529 2045 2636 2084 non
2668 2032 2784 2090 haec
2808 2043 3089 2107 praestitit:

2238 2112 2348 2188 Nec
2383 2118 2486 2172 ulla
2517 2131 2624 2177 tam
2657 2126 2820 2182 velox
2851 2146 3046 2188 manus

2232 2187 2574 2280 Celeripedis
2597 2223 2928 2288 compendii.

2231 2297 2436 2356 Natura
2462 2320 2661 2362 munus
2686 2310 2792 2368 hoc
2818 2315 2934 2384 tibi,

2241 2391 2491 2465 Deusque
2516 2399 2718 2459 donum
2754 2409 3011 2466 tradidit:

2234 2486 2366 2554 Qua)
2393 2491 2673 2564 loquerer,
2700 2507 2759 2554 ut
2788 2502 2957 2560 scires
2984 2510 3162 2576 prius:

2233 2581 2490 2657 Idemque
2511 2589 2704 2658 velles,
2718 2597 2879 2671 iquud
2910 2600 3054 2657 volo.

2155 2693 2338 2754 CVIII.
2371 2701 2642 2761 Ausonius
2670 2707 2929 2784 Hesperio
2950 2705 3070 2785 ﬁlio~
3092 2691 3332 2780 salutem.

1845 2876 1852 2883 _
1939 2807 2131 2880 Ignota
2154 2821 2380 2871 teternze
2405 2834 2474 2876 ne
2500 2821 2614 2877 sint
2640 2825 2738 2881 tibi
2774 2837 3014 2900 tempora
3045 2833 3257 2906 Romen,

2013 2903 2274 2978 Regibus,
2307 2921 2360 2966 et
2383 2922 2596 2983 patrum
2626 2918 2789 2976 ducta
2818 2925 2923 2980 sub
2955 2927 3218 2999 imperiis,

1937 2996 2146 3069 Digessi
2178 3000 2394 3071 Fastos,
2422 3017 2478 3062 et
2509 3011 2729 3068 nomina
2763 3000 3004 3088 perpetis
3033 2996 3137 3077 arvi
3165 3041 3177 3076 :

2006 3093 2206 3164 Sparsa
2225 3097 2410 3167 jacent
2433 3102 2644 3161 Latiam
2679 3109 2722 3163 si
2756 3126 2861 3182 qua
2894 3129 2990 3184 per
3014 3116 3322 3180 historiam.

1934 3186 2016 3243 Sit
2040 3197 2161 3244 tuus
2183 3183 2278 3248 hic
2297 3193 2530 3270 fructus.
2561 3199 2813 3271 vigilatas
2841 3208 3028 3286 accipe
3061 3225 3269 3270 noctes.

2008 3280 2335 3354 Obsequitur
2357 3289 2542 3346 studio
2574 3305 2759 3350 nostra
2787 3281 3153 3359 lucerna-tuo.
3385 3381 3388 3384 ῃ

1935 3370 2015 3426 Tu
2046 3389 2262 3446 quoque
2290 3389 2553 3438 venturos
2582 3400 2680 3456 per
2706 3387 2923 3461 longum
2957 3409 3185 3453 consere
3205 3397 3393 3458 Ianos.

2007 3464 2076 3546 Ut
2105 3485 2224 3526 mea
2258 3478 2535 3545 congessit
2563 3482 2756 3553 pagina
2783 3490 3111 3559 prteteritos.
3213 3488 3220 3494 ’

1930 3543 2254 3634 Exemplum
2281 3543 2395 3637 jam
2431 3543 2605 3641 patris
2632 3543 2835 3634 babes:
2868 3595 2926 3638 ut
2967 3587 3218 3655 protinus
3247 3602 3298 3646 et
3321 3601 3372 3648 te

1999 3653 2271 3729 Aggregct
2302 3663 2562 3723 Ausoniis
2603 3686 2845 3742 purpura
2879 3653 3218 3739 consulibus.

1923 3770 2060 3828 CIX.
2075 3773 2394 3848 Supputatio
2413 3784 2478 3837 ab
2498 3786 2620 3840 urbe
2630 3789 2841 3846 condita
2859 3794 2911 3847 in
2926 3799 3257 3853 consulatum
3273 3812 3525 3862 nostrum.

1923 3882 2090 3940 Annis
2123 3888 2384 3947 undecies
2406 3908 2625 3953 centum
2649 3902 2920 3976 conjunge
2947 3918 3269 3979 quaternos,

1919 3975 2186 4037 Undecies
2214 4000 2492 4059 unumque
2518 4007 2682 4062 super
2709 3975 2987 4055 trieterida
3018 4015 3179 4060 necte
3208 4024 3221 4061 :

1916 4067 2042 4127 Haec
2065 4073 2167 4128 erit
2195 4084 2416 4134 κριοί-ηαξ
2439 4085 2610 4140 series
2628 4086 2696 4141 ab
2722 4091 2934 4161 origine
2951 4092 3159 4152 Roma).

2304 4190 2416 4246 CX.
2444 4193 2524 4251 De
2547 4199 2725 4254 eodem
2746 4201 2817 4254 ad
2847 4203 3158 4264 Proculum.

1911 4300 2073 4358 Urbis
2104 4305 2173 4360 ab
2202 4301 2424 4365 internae
2454 4311 2744 4372 deductam
2770 4334 2896 4391 rege
2924 4321 3155 4390 Quirino

1980 4396 2260 4454 Annorum
2288 4402 2486 4459 seriem
2511 4421 2657 4474 cum,
2685 4408 2938 4476 Procule.
2973 4417 3239 4487 accipies:

1907 4487 2055 4545 Mille
2081 4506 2255 4548 annos
2273 4507 2621 4570 centumque,
2652 4511 2708 4557 et
2728 4504 2808 4559 bis
2831 4505 3054 4564 ﬂuxisse
3085 4527 3333 4570 novenos

1977 4581 2228 4641 Consulis
2257 4588 2484 4644 Ausonii
2513 4607 2712 4649 nomen
2742 4595 2985 4670 adusque
3010 4601 3181 4674 leges.

1899 4671 2037 4729 Fors
2061 4675 2190 4744 erit,
2213 4687 2274 4734 ut
2295 4679 2524 4737 lustrum
2551 4699 2674 4741 cum
2699 4703 2760 4744 se
2785 4694 3148 4754 cumulaverit
3178 4699 3317 4766 istis,

1969 4765 2285 4826 Confectam
2315 4772 2583 4831 Proculus
2610 4779 2792 4851 signet
2815 4783 3218 4857 Olympiadem.

2179 4884 2317 4942 CXI.
2367 4886 2434 4943 In
2457 4891 2561 4959 ﬁne
2591 4895 2823 4964 ejusdem
2851 4898 2968 4953 libri
2996 4903 3182 4974 additi.

1891 4995 2168 5053 Hactenus
2193 5002 2424 5072 ascripsi
2443 5003 2660 5062 Fastos.
2692 5009 2750 5066 Si
2774 5026 2893 5068 sors
2919 5015 3083 5088 volet,
3114 5018 3249 5086 ultra

1961 5090 2247 5162 Adjiciam.
2283 5096 2339 5151 Si
2373 5113 2504 5169 non,
2535 5103 2625 5172 qui
2658 5103 2814 5176 legis,
2842 5107 3090 5178 adjicies.

1883 5183 2035 5241 Scire
2065 5188 2240 5258 cupis,
2269 5191 2358 5260 qui
2385 5191 2486 5248 sim
2511 5193 2534 5247 ?
2558 5197 2774 5256 titulum
2805 5202 2894 5270 qui
2928 5216 3156 5272 quartus
3187 5205 3254 5263 ab
3277 5208 3382 5263 imo
3411 5221 3493 5267 est

1953 5278 2175 5346 Quaere;
2208 5281 2356 5354 leges
2385 5301 2583 5343 nomen
2612 5289 2862 5350 Consulis
2886 5295 3137 5356 Ausonii.

1950 5391 2120 5450 Non.
2166 5393 2234 5451 In
2265 5397 2411 5455 hisce
2449 5408 2724 5474 postremis
2761 5419 2982 5474 quatuor
3027 5414 3485 5486 epigrammatibus

1877 5484 2220 5543 animadverti
2247 5500 2410 5559 potest
2441 5508 2702 5556 auctorem
2739 5501 2997 5571 fastorum
3018 5525 3050 5560 a
3070 5526 3122 5563 se
3159 5510 3483 5582 digestarum

1877 5579 2190 5636 meminisse.
2217 5582 2371 5652 Quod
2395 5597 2572 5645 autem
2599 5597 2907 5665 opusculum
2938 5597 3260 5668 deperditum
3289 5614 3382 5676 est.

1369 5803 2244 5853 ἢ
