3920 6322
1842 151 2026 214 pecu
2066 145 2340 210 ausouu
2601 109 2604 111 λ
3652 96 3754 166 tuo

451 193 554 252 859
1522 178 1525 181 ’

1080 352 1083 353 θ
1693 376 2416 469 EPHEMERIS,
3118 365 3121 368 ·

2009 543 2061 582 ιι)
2085 539 2183 580 EST

1399 667 1659 765 'l‘O'l‘l
1685 665 1814 738 US
1850 760 1851 763 η
1904 657 2132 732 Ι)ΙΕΙ
2207 638 2810 726 NEGOTIUM.

458 892 613 947 Mane
633 886 743 957 jam
774 881 978 937 clarum
1007 883 1217 933 reserat
1242 874 1554 938 fenestras;

458 982 579 1038 lam
609 975 800 1045 strepit
822 973 965 1028 nidis
996 970 1194 1040 vigilax
1228 965 1488 1022 hirundo.

457 1075 537 1132 Tu
563 1072 714 1130 velut
742 1070 998 1139 primam,
1033 1063 1378 1133 mediamque
1401 1068 1637 1123 noctem,

673 1162 964 1225 Parmeno,
998 1158 1226 1213 dormis.

463 1256 749 1333 Dormiunt
772 1253 936 1325 glires
970 1243 1206 1304 hiemem
1233 1248 1551 1315 perennem;

462 1350 566 1409 Sed
590 1349 711 1406 cibo
743 1353 988 1417 parcunt.
1018 1342 1138 1398 Tibi
1167 1355 1327 1394 causa
1358 1333 1556 1398 somni,

463 1445 626 1504 Multa
650 1442 793 1514 quod
826 1448 1011 1512 potas,
1048 1434 1324 1503 nimiaque
1355 1427 1532 1485 tendis

687 1536 827 1593 Mole
859 1532 1131 1603 saginam.

466 1633 597 1690 Inde
627 1645 728 1686 nec
755 1627 930 1683 flexas
962 1637 1136 1679 sonus
1169 1620 1332 1672 intrat
1363 1629 1558 1668 aures:

471 1726 538 1780 Et
567 1724 746 1779 locum
770 1716 969 1773 mentis
999 1727 1170 1782 sopor.
1194 1709 1334 1763 altus
1367 1710 1543 1774 urget,

465 1817 577 1876 Nec
605 1810 944 1880 coruscantis
975 1805 1164 1862 oculos
1194 1802 1473 1856 lacessunt

683 1905 921 1976 Fulgura
942 1900 1104 1956 lucis.

471 2004 721 2060 Annuam
745 1993 1016 2069 quondam
1043 1987 1231 2061 juveni
1257 1985 1522 2056 quietem“,

473 2095 660 2152 Noctis
691 2101 747 2148 et
771 2089 910 2144 lucis
940 2083 1152 2140 vicibus
1182 2084 1518 2143 manentem,

477 2187 699 2246 Fabulae
729 2185 958 2254 lingunt,
990 2177 1077 2233 cui
1109 2175 1260 2230 Luna
1283 2183 1506 2227 somnos

692 2273 1055 2353 Continuarit.

480 2378 681 2447 Surge,
712 2379 962 2442 nugator,
993 2359 1282 2421 lacerande
1304 2355 1494 2428 virgis.

480 2470 654 2539 Surge
680 2484 692 2520 :
720 2479 788 2520 ne
814 2463 1007 2532 longus
1037 2455 1136 2512 tibi
1165 2466 1414 2515 somnus,
1443 2443 1589 2503 unde

482 2535 811 2622 Non-times,
840 2553 1018 2609 detur.
1047 2549 1198 2618 Rape
1228 2542 1470 2600 membra
1499 2535 1670 2601 molli,

701 2649 992 2710 Parmeno,
1031 2642 1193 2696 lecto.

486 2747 621 2802 Fors
644 2752 693 2800 et
729 2742 848 2798 inec
875 2751 1128 2794 somnum
1154 2731 1249 2787 tibi
1280 2727 1552 2785 cantilena

485 2837 760 2911 Sapphico
789 2831 984 2890 suadet
1005 2826 1282 2885 modulata
1306 2835 1486 2878 versu.

494 2929 706 2991 Lesbia:
729 2927 938 2998 depelle
972 2923 1190 2979 modum
1223 2916 1444 2990 quietis,

704 3024 844 3082 Acer
869 3020 1072 3077 lambe.

1055 3129 1187 3185 Item
1218 3122 1543 3182 Parerbnsis.

787 3250 951 3315 Puer,
980 3245 1087 3312 eia,
1123 3256 1284 3312 surge
1308 3259 1318 3292 :
1345 3247 1400 3293 et
1420 3236 1658 3301 calceos,

792 3345 858 3399 Et
883 3343 1106 3397 linteam
1135 3336 1204 3392 da
1234 3332 1543 3388 sindonem.

796 3436 894 3499 Da,
923 3427 1190 3503 quidquid
1223 3434 1332 3493 est,
1363 3419 1608 3484 amictui,

794 3526 947 3596 Quod
970 3525 1080 3596 jam
1113 3519 1340 3592 parasti,
1367 3525 1425 3571 ut
1459 3513 1738 3584 prodeam.

791 3621 867 3676 Da
895 3631 1022 3675 rore
1050 3615 1271 3670 fontano
1293 3610 1508 3665 abluam

795 3715 1003 3778 Manus,
1032 3719 1088 3766 et
1117 3724 1201 3773 os,
1231 3714 1283 3761 ct
1314 3702 1536 3759 hunina.

793 3809 1110 3875 Pateatque,
1144 3801 1249 3864 fac,
1278 3795 1601 3858 Sacr-arium,

798 3899 958 3958 Nullo
989 3904 1177 3969 paratu
1204 3889 1574 3948 extrinsecus.

799 3996 892 4051 Pia
919 3990 1105 4055 verba,
1140 3996 1262 4043 vota
1293 3981 1534 4047 innoxia,

798 4089 896 4146 Rei
923 4086 1121 4143 divinte
1145 4081 1302 4152 copia
1331 4087 1433 4136 est.

807 4181 917 4238 Nec
953 4179 1076 4233 thus
1102 4170 1457 4231 cremandum
1490 4163 1732 4238 postulo,

803 4276 914 4331 Nec
938 4273 1049 4329 liba
1076 4267 1244 4326 crusti
1275 4263 1488 4320 mcllei:

813 4365 1182 4434 Foculumque
1209 4358 1320 4415 vivi
1343 4353 1567 4426 cespitis

807 4459 977 4515 Vanis
1007 4457 1258 4525 relinquo
1290 4450 1574 4507 altaribus.

817 4556 960 4611 Deus
981 4548 1283 4622 prccandus
1305 4555 1390 4603 est
1419 4542 1573 4608 mihi,

820 4650 898 4702 Ac
917 4641 1089 4700 Filius
1116 4638 1313 4695 summi
1339 4636 1433 4692 Dei

814 4738 1065 4808 Maiestas
1095 4729 1428 4794 uniusmodi,

816 4831 1031 4888 Soeiata
1061 4840 1222 4882 sacro
1249 4820 1476 4893 Spiritu.

815 4926 883 4982 Et
896 4938 1030 4981 ecce
1053 4920 1163 4992 jam
1188 4924 1312 4972 vota
1336 4911 1552 4969 ordior:

815 5017 886 5073 Et
911 5011 1169 5086 cogitatio
1204 5005 1455 5066 Numinis

817 5107 1172 5167 Prtesentiam
1202 5098 1370 5158 sentit
1401 5110 1622 5168 pavens.
1684 5159 1686 5161 g

815 5203 1053 5260 Pavetne
1082 5196 1375 5271 quidquam
1409 5205 1568 5262 spes,
1600 5185 1771 5244 ﬁdes?

1220 5311 1425 5368 Oratio.

538 5440 920 5513 Omnipotens,
958 5433 1073 5490 'olo
1099 5427 1298 5486 mentis
1323 5425 1455 5482 mihi
1476 5422 1693 5495 cognite
1723 5418 1890 5484 cultu,

540 5539 790 5612 lgnorate
812 5529 994 5598 malis,
1024 5538 1078 5584 et
1109 5525 1242 5582 nulli
1273 5525 1454 5594 ignote
1481 5520 1716 5591 piorum,

546 5630 844 5701 Principio,
870 5633 1229 5691 extremoque
1250 5630 1471 5673 carens:
1496 5613 1768 5683 antiquior
1798 5608 1936 5673 iero,

546 5727 699 5798 Quod
727 5699 828 5782 fuit
851 5765 864 5792 ,
894 5728 988 5776 aut
1019 5717 1236 5775 veniet:
1271 5710 1426 5783 cujus
1445 5710 1782 5777 formamque
1811 5699 2139 5770 modumque

1878 791 2325 816 Μ

2088 864 2136 922 Δ
2166 857 2276 914 Nec
2306 865 2458 910 mens
2484 841 2769 915 complecti
2803 833 3022 907 poterit,
3053 843 3152 885 nec
3182 826 3366 894 lingua
3392 816 3623 891 profari:

2131 974 2138 980 ·
2165 952 2404 1008 Cernere
2425 955 2586 1014 quem
2615 913 2768 994 solus
2789 939 3089 996 coramque
3121 917 3313 974 audire
3335 913 3645 983 jubentcm,

2165 1043 2272 1099 Fas
2295 1006 2475 1105 habet,
2502 1040 2558 1089 et
2585 1025 2817 1102 patriam
2841 1023 3068 1094 propter
3096 1011 3390 1070 considere
3417 1006 3697 1061 dextram:

2166 1137 2290 1209 Ipse
2316 1121 2504 1206 opifex
2535 1141 2748 1189 rerum,
2781 1119 2946 1178 rebus
2971 1128 3134 1172 causa
3160 1111 3276 1181 ipsa
3301 1099 3583 1164 creandis,

2169 1197 2290 1301 Ipse
2320 1197 2417 1284 Dei
2441 1221 2707 1284 Verbum,
2730 1213 2971 1272 Verbum
2994 1208 3164 1273 Deus,
3192 1197 3520 1273 anticipator

2172 1318 2381 1386 Mundi,
2428 1330 2590 1386 quem
2624 1312 2866 1364 facturus
2892 1311 3010 1358 erat
3042 1317 3054 1352 :
3083 1301 3380 1369 generatus
3411 1286 3467 1342 in
3497 1282 3591 1338 illo

2170 1379 2467 1482 Tempore,
2495 1420 2604 1477 quo
2629 1412 2846 1470 tempus
2874 1391 3113 1451 nondum
3137 1385 3271 1442 fuit:
3302 1379 3485 1436 editus
3507 1381 3654 1441 ante,

2171 1507 2343 1576 Quam
2365 1503 2550 1574 jubar,
2577 1507 2631 1554 et
2650 1494 2848 1551 rutilus
2875 1489 3078 1546 cmlum
3109 1483 3401 1539 illustraret
3435 1474 3606 1529 Eous:

2171 1599 2290 1668 Quo
2313 1597 2432 1652 sine
2463 1593 2535 1648 nil
2574 1599 2785 1646 actum:
2812 1599 2910 1656 per
2935 1594 3100 1653 quem
3131 1578 3270 1629 facta
3302 1568 3518 1626 omnia:
3552 1561 3709 1632 cujus

2173 1693 2228 1749 In
2253 1690 2392 1748 cado
2414 1688 2642 1744 solium:
2672 1681 2758 1739 cui
2779 1677 2992 1736 subdita
3025 1683 3166 1736 terra
3185 1663 3420 1731 sedenti,

2175 1785 2437 1849 Etmare,
2475 1790 2527 1836 et
2551 1778 2798 1834 obscurae
2823 1771 2990 1829 chaos
3015 1761 3389 1836 insuperabile
3430 1754 3638 1813 nouis:

2176 1876 2470 1948 lrrcquies,
2500 1881 2696 1929 cuneta
2722 1869 2840 1940 ipse
2868 1870 3116 1928 movens,
3149 1861 3431 1926 vegetatur
3459 1851 3694 1905 iuerlum
3717 1858 3732 1875 ο

2178 1974 2293 2030 Non
2319 1940 2505 2042 genito
2533 1966 2783 2038 genitore
2805 1962 2970 2026 Deus,
3004 1954 3094 2027 qui
3129 1949 3321 2007 fraude
3348 1940 3575 2016 superbi

2179 2040 2439 2124 Offensus
2467 2058 2675 2131 populi,
2701 2062 2894 2128 gentes
2915 2054 2967 2107 in
2992 2059 3156 2119 "regna
3187 2040 3424 2107 vocavit,

2183 2152 2688 2230 Stirpisadoptivze
2717 2146 2944 2204 meliore
2970 2153 3211 2213 propage
3242 2131 3534 2191 colendus:

2113 2249 2161 2309 B
2186 2254 2426 2311 Cernere
2448 2263 2606 2321 quem
2642 2242 2796 2299 licuit
2824 2237 3075 2311 proavis:
3103 2247 3208 2304 quo
3237 2226 3465 2285 numine
3493 2223 3636 2290 viso,

2179 2350 2256 2405 "Et
2279 2357 2490 2420 patrem
2517 2340 2718 2397 vidisse
2735 2337 2919 2391 datum
2945 2350 2958 2386 :
2987 2326 3237 2403 contagia
3263 2330 3449 2377 nostra

2187 2417 2291 2511 Qui
2317 2440 2467 2502 tulit:
2503 2429 2558 2493 et
2589 2433 2690 2490 diri
2724 2442 2921 2502 passus
2947 2420 3181 2480 ludibria
3215 2417 3384 2480 Iethi,

2193 2538 2327 2596 Esse
2357 2535 2460 2590 iter
2487 2541 2711 2588 aatcrna:
2735 2524 2922 2581 docuit
2953 2515 3252 2575 remeabile
3281 2511 3435 2565 vitze:

2196 2631 2305 2686 Nec
2335 2628 2509 2684 solam
2539 2635 2790 2680 remeare
2813 2617 3072 2678 animam,
3101 2608 3199 2666 sed
3231 2617 3466 2675 corpore
3493 2608 3609 2656 toto

2194 2723 2462 2782 leestes
2489 2719 2693 2773 intrare
2715 2713 2920 2784 plagas,
2957 2715 3012 2763 et
3038 2705 3203 2760 inane
3225 2695 3462 2770 sepulcri

2196 2821 2468 2874 Arcanum
2497 2808 2679 2865 vacuis
2704 2804 3026 2870 adopertam
3077 2795 3324 2864 linquere
3364 2784 3548 2843 terris.

2269 2909 2405 2964 Nate
2436 2903 2612 2975 patris
2641 2892 2862 2960 summi,
2888 2899 3190 2956 nostroque
3214 2879 3463 2939 salutifer
3495 2889 3633 2942 aevo,

2203 3002 2445 3056 Virtutes
2473 2992 2677 3068 patrias
2702 2988 2918 3062 genitor
2939 2981 3024 3038 cui
3046 2975 3270 3036 tradidit
3301 2985 3516 3035 omnes,

2202 3096 2283 3153 Nil
2311 3109 2377 3151 ex
2419 3067 2620 3147 invidia
2654 3085 2916 3154 retinens,
2946 3076 3249 3149 plenusque
3282 3067 3557 3126 datorum,

2410 3183 2553 3239 viam
2572 3176 2850 3252 precibus,
2867 3147 3174 3242 patriasque
3191 3162 3307 3218 hzec
3330 3156 3514 3229 perfer
3536 3153 3604 3209 ad
3626 3147 3790 3207 aures.

2281 3281 2381 3344 Da,
2405 3277 2590 3340 Pater,
2614 3269 2868 3326 invictam
2889 3268 3077 3319 contra
3101 3257 3283 3327 omnia
3298 3248 3529 3308 crimina
3548 3253 3793 3312 mentem,

2214 3372 2613 3443 Vipereumque
2640 3359 2792 3417 nefas
2823 3351 3058 3411 nocituri
3085 3356 3272 3404 averte
3302 3339 3522 3398 veneni.

2210 3431 2296 3523 Sil
2322 3463 2475 3528 satis,
2506 3431 2783 3526 antiquam
2817 3460 3045 3518 serpens
3073 3441 3218 3514 quod
3251 3434 3492 3508 perdidit
3513 3431 3702 3495 Evam,

2215 3562 2618 3628 Deceptumque
2645 3547 2892 3619 adjunxit
2920 3541 3092 3597 Adam
3116 3556 3128 3590 :
3158 3549 3260 3592 nos
3286 3545 3410 3588 sera
3438 3534 3694 3597 nepotum

2136 3645 2181 3707 C
2215 3621 2460 3717 Semina,
2495 3621 2752 3701 veridicis
2780 3647 2910 3694 mtas
2938 3631 3195 3703 praedicta
3229 3621 3535 3696 prophetis,

2216 3709 2459 3801 llilemns
2489 3739 2746 3809 laqueos,
2775 3744 2910 3802 quos
2939 3722 3158 3782 lethifer
3187 3717 3437 3789 implicat
3466 3709 3675 3783 anguis.

2213 3835 2398 3894 Pande
2421 3834 2590 3895 viam,
2624 3841 2745 3900 quae
2775 3838 2862 3880 me
2885 3828 3010 3893 post
3028 3813 3246 3870 vincula
3267 3805 3518 3878 corporis
3547 3798 3675 3872 :rgri

2216 3934 2270 3987 In
2295 3929 2529 3987 sublime
2561 3926 2726 3978 ferat:
2762 3918 2878 3989 puri
2895 3928 2997 3985 qua
3028 3912 3201 3966 lactea
3223 3902 3348 3989 (teli

2215 4022 2418 4081 Semita
2443 4025 2692 4074 ventosa:
2716 4019 2940 4080 superat
2965 4018 3100 4075 vaga
3124 3987 3310 4056 nubila
3336 3993 3525 4050 Luuze.

2215 4119 2336 4187 Qua
2359 4126 2614 4187 proceres
2644 4105 2832 4162 abiere
2855 4100 2952 4172 pii,
2984 4108 3198 4169 quaque
3221 4091 3433 4158 integer
3454 4084 3585 4140 olim

2220 4182 2433 4282 lia'ptus
2455 4201 2778 4278 quadriiugo
2809 4198 3059 4268 penetrat
3079 4201 3244 4256 super
3268 4182 3474 4238 aethera
3505 4188 3664 4232 curru

2222 4301 2431 4368 llelias,
2463 4307 2514 4354 et
2546 4293 2724 4351 solido
2745 4267 2869 4346 cum
2897 4296 3127 4354 corpore
3159 4275 3397 4350 prrevius
3424 4267 3630 4326 Euoch.

2226 4398 2323 4463 Da,
2349 4394 2533 4458 Pater,
2565 4383 2751 4443 :eterni
2787 4388 3061 4452 speratam
3093 4369 3314 4429 luminis
3338 4380 3560 4421 auram:

2225 4491 2282 4548 Si
2316 4484 2523 4558 lapides
2541 4495 2646 4537 non
2673 4479 2801 4550 juro
2825 4475 2977 4540 deos,
3013 4477 3288 4536 unumque
3313 4456 3541 4516 verendi

2226 4577 2544 4650 Suspiciens
2568 4573 2737 4627 altare
2759 4564 2923 4629 sacri,
2957 4559 3214 4618 libamina
3237 4555 3362 4609 vita:

2230 4645 2560 4730 Intemerata
2589 4665 2733 4720 fero:
2777 4661 2820 4715 si
2853 4670 2905 4713 te
2928 4652 3278 4725 Dominique,
3312 4645 3542 4714 Deique.

2233 4764 2493 4836 Unigenze
2521 4766 2798 4829 cognosco
2828 4751 3069 4811 Patrem,
3096 4743 3436 4811 missumque
3459 4733 3690 4798 Duobus,

2232 4831 2524 4928 Qui'super
2555 4863 2839 4924 mquoreas
2871 4837 3394 4911 volitabatSpiritus
3422 4831 3608 4889 nudas.

2236 4953 2332 5017 Da,
2364 4947 2610 5013 Genitor,
2644 4942 2882 5006 veniam,
2906 4935 3252 5003 cruciataque
3280 4939 3507 5000 pectora
3535 4933 3686 4994 purga
3717 4932 3731 4969 :

2160 5032 2210 5093 D
2234 5042 2293 5099 Si
2319 5015 2379 5095 te
2403 5053 2510 5094 non
2538 5032 2806 5107 pecudum
2836 5028 3010 5093 fibris,
3039 5040 3146 5082 non
3175 5017 3444 5093 sanguine
3475 5015 3589 5071 fuso

2234 5134 2436 5203 Quer
2466 5148 2479 5185 :
2513 5143 2615 5186 nec
2647 5125 2864 5182 areanis
2893 5135 3092 5178 numen
3121 5115 3373 5186 conjecto
3408 5109 3510 5167 sub
3537 5104 3668 5164 extis
3698 5117 3709 5153 ε

2235 5229 2293 5287 Si
2322 5227 2533 5284 scelere
2555 5221 2825 5288 abstineo,
2857 5215 3035 5274 errori
3063 5210 3337 5270 obnoxius
3369 5226 3381 5261 :
3411 5214 3472 5262 et
3499 5202 3544 5258 si

2236 5324 2375 5396 Opto
2403 5319 2598 5392 magis,
2626 5330 2789 5387 quam
2818 5311 2950 5380 fido,
2977 5310 3153 5366 bonus
3179 5315 3463 5378 purusque
3487 5290 3707 5369 probari.

2237 5415 2557 5482 Confessam
2583 5410 2808 5482 dignare
2835 5407 3072 5461 animam
3107 5420 3121 5457 :
3151 5401 3195 5456 si
3228 5394 3479 5454 membra
3505 5386 3686 5446 caduca

2244 5510 2538 5574 Exsecror,
2571 5512 2627 5561 et
2653 5502 2876 5558 tacitum
2914 5501 2958 5552 si
2992 5495 3259 5568 paenitet:
3293 5489 3511 5558 altaque
3536 5488 3712 5536 sensus

2246 5602 2506 5661 Formido
2534 5598 2836 5662 excruciat,
2873 5599 3254 5659 tormentaque
3280 5598 3399 5640 sera
3431 5576 3684 5650 gehennae

2249 5694 2544 5766 Anticipat,
2579 5691 2896 5764 patiturque
2925 5697 3058 5742 suos
3086 5667 3247 5739 mens
3269 5671 3457 5733 saucia
3488 5675 3676 5728 manes.
