  <div class='ocr_page' id='page_1' title='image "/cluster/home/n/w/nwhite01/storage/ocr_20150623/18-19/uva.x000826554/1212.png"; bbox 0 0 3886 6358; ppageno 0'>
   <div class='ocr_carea' id='block_1_1' title="bbox 174 336 1229 413">
    <p class='ocr_par' dir='ltr' id='par_1_1' title="bbox 174 336 1229 413">
     <span class='ocr_line' id='line_1_1' title="bbox 174 336 1229 413; baseline -0.002 -24"><span class='ocrx_word' id='word_1_1' title='bbox 174 336 271 389; x_wconf 69' lang='lat' dir='ltr'><strong>8H</strong></span> <span class='ocrx_word' id='word_1_2' title='bbox 1226 412 1229 413; x_wconf 12' lang='grc' dir='ltr'><em>ν</em></span> 
     </span>
    </p>
   </div>
   <div class='ocr_carea' id='block_1_2' title="bbox 174 427 1585 513">
    <p class='ocr_par' dir='ltr' id='par_1_2' title="bbox 174 427 1585 513">
     <span class='ocr_line' id='line_1_2' title="bbox 174 427 1585 513; baseline -0.005 -14"><span class='ocrx_word' id='word_1_3' title='bbox 174 448 273 513; x_wconf 84' lang='lat' dir='ltr'><strong>Da,</strong></span> <span class='ocrx_word' id='word_1_4' title='bbox 307 447 485 511; x_wconf 84' lang='lat' dir='ltr'><strong>Pater,</strong></span> <span class='ocrx_word' id='word_1_5' title='bbox 520 446 635 502; x_wconf 80' lang='lat' dir='ltr'><strong>haec</strong></span> <span class='ocrx_word' id='word_1_6' title='bbox 665 427 851 501; x_wconf 85' lang='lat' dir='ltr'><strong>nostro</strong></span> <span class='ocrx_word' id='word_1_7' title='bbox 883 445 1005 500; x_wconf 83' lang='lat' dir='ltr'><strong>ﬁeri</strong></span> <span class='ocrx_word' id='word_1_8' title='bbox 1034 451 1152 497; x_wconf 86' lang='lat' dir='ltr'><strong>rata</strong></span> <span class='ocrx_word' id='word_1_9' title='bbox 1181 451 1303 496; x_wconf 87' lang='lat' dir='ltr'><strong>vota</strong></span> <span class='ocrx_word' id='word_1_10' title='bbox 1343 448 1585 510; x_wconf 88' lang='lat' dir='ltr'><strong>precatu.</strong></span> 
     </span>
    </p>
   </div>
   <div class='ocr_carea' id='block_1_3' title="bbox 171 533 1692 607">
    <p class='ocr_par' dir='ltr' id='par_1_3' title="bbox 171 533 1692 607">
     <span class='ocr_line' id='line_1_3' title="bbox 171 533 1692 607; baseline -0.005 -16"><span class='ocrx_word' id='word_1_11' title='bbox 171 536 259 591; x_wconf 99' lang='lat' dir='ltr'><strong>Nil</strong></span> <span class='ocrx_word' id='word_1_12' title='bbox 283 544 545 600; x_wconf 84' lang='lat' dir='ltr'><strong>metuam,</strong></span> <span class='ocrx_word' id='word_1_13' title='bbox 577 539 899 607; x_wconf 90' lang='lat' dir='ltr'><strong>cupiamque</strong></span> <span class='ocrx_word' id='word_1_14' title='bbox 930 535 1080 599; x_wconf 88' lang='lat' dir='ltr'><strong>nihil,</strong></span> <span class='ocrx_word' id='word_1_15' title='bbox 1116 535 1247 588; x_wconf 86' lang='lat' dir='ltr'><strong>satis</strong></span> <span class='ocrx_word' id='word_1_16' title='bbox 1274 533 1376 586; x_wconf 79' lang='lat' dir='ltr'><strong>hoc</strong></span> <span class='ocrx_word' id='word_1_17' title='bbox 1403 545 1522 585; x_wconf 84' lang='lat' dir='ltr'><strong>rear</strong></span> <span class='ocrx_word' id='word_1_18' title='bbox 1553 543 1692 593; x_wconf 90' lang='lat' dir='ltr'><strong>csse,</strong></span> 
     </span>
    </p>
   </div>
   <div class='ocr_carea' id='block_1_4' title="bbox 170 624 1695 698">
    <p class='ocr_par' dir='ltr' id='par_1_4' title="bbox 170 624 1695 698">
     <span class='ocr_line' id='line_1_4' title="bbox 170 624 1695 698; baseline -0.002 -16"><span class='ocrx_word' id='word_1_19' title='bbox 170 630 326 696; x_wconf 84' lang='lat' dir='ltr'><strong>Quod</strong></span> <span class='ocrx_word' id='word_1_20' title='bbox 353 631 485 686; x_wconf 85' lang='lat' dir='ltr'><strong>satis</strong></span> <span class='ocrx_word' id='word_1_21' title='bbox 510 640 611 686; x_wconf 89' lang='lat' dir='ltr'><strong>est.</strong></span> <span class='ocrx_word' id='word_1_22' title='bbox 645 631 732 685; x_wconf 90' lang='lat' dir='ltr'><strong>Nil</strong></span> <span class='ocrx_word' id='word_1_23' title='bbox 762 640 915 698; x_wconf 87' lang='lat' dir='ltr'><strong>turpe</strong></span> <span class='ocrx_word' id='word_1_24' title='bbox 943 629 1125 693; x_wconf 80' lang='lat' dir='ltr'><strong>velim,</strong></span> <span class='ocrx_word' id='word_1_25' title='bbox 1157 644 1253 682; x_wconf 90' lang='lat' dir='ltr'><strong>nec</strong></span> <span class='ocrx_word' id='word_1_26' title='bbox 1275 642 1438 682; x_wconf 80' lang='lat' dir='ltr'><strong>causa</strong></span> <span class='ocrx_word' id='word_1_27' title='bbox 1472 624 1695 695; x_wconf 90' lang='lat' dir='ltr'><strong>pudoris</strong></span> 
     </span>
    </p>
   </div>
   <div class='ocr_carea' id='block_1_5' title="bbox 1550 319 2008 381">
    <p class='ocr_par' dir='ltr' id='par_1_5' title="bbox 1550 319 2008 381">
     <span class='ocr_line' id='line_1_5' title="bbox 1550 319 2008 381; baseline -0.013 -1"><span class='ocrx_word' id='word_1_28' title='bbox 1550 319 1986 381; x_wconf 76' lang='lat' dir='ltr'><strong>PARENTALIA</strong></span> <span class='ocrx_word' id='word_1_29' title='bbox 1996 357 2008 374; x_wconf 86' lang='lat'><strong>.</strong></span> 
     </span>
    </p>
   </div>
   <div class='ocr_carea' id='block_1_6' title="bbox 1770 427 3307 510">
    <p class='ocr_par' dir='ltr' id='par_1_6' title="bbox 1770 427 3307 510">
     <span class='ocr_line' id='line_1_6' title="bbox 1770 427 3307 510; baseline -0.006 -21"><span class='ocrx_word' id='word_1_30' title='bbox 1770 452 1821 510; x_wconf 75' lang='grc' dir='ltr'><strong>Δ</strong></span> <span class='ocrx_word' id='word_1_31' title='bbox 1916 433 2011 489; x_wconf 91' lang='lat' dir='ltr'><strong>Sol</strong></span> <span class='ocrx_word' id='word_1_32' title='bbox 2040 432 2179 487; x_wconf 89' lang='lat' dir='ltr'><strong>calet</strong></span> <span class='ocrx_word' id='word_1_33' title='bbox 2204 447 2217 484; x_wconf 91' lang='lat'><strong>:</strong></span> <span class='ocrx_word' id='word_1_34' title='bbox 2248 430 2314 485; x_wconf 85' lang='lat' dir='ltr'><strong>ad</strong></span> <span class='ocrx_word' id='word_1_35' title='bbox 2344 430 2585 499; x_wconf 80' lang='lat' dir='ltr'><strong>quintam</strong></span> <span class='ocrx_word' id='word_1_36' title='bbox 2615 428 2850 484; x_wconf 81' lang='lat' dir='ltr'><strong>ﬂeetilur</strong></span> <span class='ocrx_word' id='word_1_37' title='bbox 2879 427 3065 485; x_wconf 86' lang='lat' dir='ltr'><strong>umbra</strong></span> <span class='ocrx_word' id='word_1_38' title='bbox 3105 434 3307 482; x_wconf 87' lang='lat' dir='ltr'><strong>notam.</strong></span> 
     </span>
    </p>
   </div>
   <div class='ocr_carea' id='block_1_7' title="bbox 1843 520 3119 594">
    <p class='ocr_par' dir='ltr' id='par_1_7' title="bbox 1843 520 3119 594">
     <span class='ocr_line' id='line_1_7' title="bbox 1843 520 3119 594; baseline -0.007 -14"><span class='ocrx_word' id='word_1_39' title='bbox 1843 525 1924 580; x_wconf 85' lang='lat' dir='ltr'><strong>An</strong></span> <span class='ocrx_word' id='word_1_40' title='bbox 1950 533 2137 594; x_wconf 87' lang='lat' dir='ltr'><strong>vegeto</strong></span> <span class='ocrx_word' id='word_1_41' title='bbox 2161 522 2411 577; x_wconf 77' lang='lat' dir='ltr'><strong>madeant</strong></span> <span class='ocrx_word' id='word_1_42' title='bbox 2440 521 2652 575; x_wconf 90' lang='lat' dir='ltr'><strong>condita</strong></span> <span class='ocrx_word' id='word_1_43' title='bbox 2686 520 2905 575; x_wconf 63' lang='lat' dir='ltr'><strong>obsonia</strong></span> <span class='ocrx_word' id='word_1_44' title='bbox 2934 530 3119 589; x_wconf 86' lang='lat' dir='ltr'><strong>gustu,</strong></span> 
     </span>
    </p>
   </div>
   <div class='ocr_carea' id='block_1_8' title="bbox 3309 316 3413 376">
    <p class='ocr_par' dir='ltr' id='par_1_8' title="bbox 3309 316 3413 376">
     <span class='ocr_line' id='line_1_8' title="bbox 3309 316 3413 376; baseline -0.048 -1"><span class='ocrx_word' id='word_1_45' title='bbox 3309 316 3413 376; x_wconf 71' lang='lat'><strong>852</strong></span> 
     </span>
    </p>
   </div>
   <div class='ocr_carea' id='block_1_9' title="bbox 1916 600 3266 687">
    <p class='ocr_par' dir='ltr' id='par_1_9' title="bbox 1916 600 3266 687">
     <span class='ocr_line' id='line_1_9' title="bbox 1916 600 3266 687; baseline -0.005 -18"><span class='ocrx_word' id='word_1_46' title='bbox 1916 614 2149 687; x_wconf 84' lang='lat' dir='ltr'><strong>(Fallere</strong></span> <span class='ocrx_word' id='word_1_47' title='bbox 2172 629 2403 683; x_wconf 81' lang='lat' dir='ltr'><strong>namque</strong></span> <span class='ocrx_word' id='word_1_48' title='bbox 2434 614 2659 682; x_wconf 84' lang='lat' dir='ltr'><strong>Solent),</strong></span> <span class='ocrx_word' id='word_1_49' title='bbox 2687 611 3023 682; x_wconf 78' lang='lat' dir='ltr'><strong>experiundo</strong></span> <span class='ocrx_word' id='word_1_50' title='bbox 3053 612 3235 680; x_wconf 85' lang='lat' dir='ltr'><strong>proba.</strong></span> <span class='ocrx_word' id='word_1_51' title='bbox 3264 600 3266 602; x_wconf 53' lang='grc'>’</span> 
     </span>
    </p>
   </div>
   <div class='ocr_carea' id='block_1_10' title="bbox 173 704 3156 794">
    <p class='ocr_par' dir='ltr' id='par_1_10' title="bbox 173 704 3156 794">
     <span class='ocr_line' id='line_1_10' title="bbox 173 704 3156 794; baseline -0.003 -15"><span class='ocrx_word' id='word_1_52' title='bbox 173 724 288 779; x_wconf 87' lang='lat' dir='ltr'><strong>Sim</strong></span> <span class='ocrx_word' id='word_1_53' title='bbox 319 725 471 781; x_wconf 90' lang='lat' dir='ltr'><strong>mihi.</strong></span> <span class='ocrx_word' id='word_1_54' title='bbox 493 725 612 780; x_wconf 89' lang='lat' dir='ltr'><strong>Non</strong></span> <span class='ocrx_word' id='word_1_55' title='bbox 641 724 829 779; x_wconf 80' lang='lat' dir='ltr'><strong>faciam</strong></span> <span class='ocrx_word' id='word_1_56' title='bbox 852 723 1123 794; x_wconf 81' lang='lat' dir='ltr'><strong>cuiquam,</strong></span> <span class='ocrx_word' id='word_1_57' title='bbox 1147 738 1266 791; x_wconf 74' lang='lat' dir='ltr'><strong>qua:</strong></span> <span class='ocrx_word' id='word_1_58' title='bbox 1290 730 1531 791; x_wconf 91' lang='lat' dir='ltr'><strong>tempore</strong></span> <span class='ocrx_word' id='word_1_59' title='bbox 1551 718 1741 774; x_wconf 86' lang='lat' dir='ltr'><strong>eodem</strong></span> <span class='ocrx_word' id='word_1_60' title='bbox 1843 707 2081 763; x_wconf 71' lang='grc' dir='ltr'><strong>Οοηευιθ</strong></span> <span class='ocrx_word' id='word_1_61' title='bbox 2107 706 2377 761; x_wconf 63' lang='lat' dir='ltr'><strong>ferventes</strong></span> <span class='ocrx_word' id='word_1_62' title='bbox 2409 706 2601 774; x_wconf 77' lang='lat' dir='ltr'><strong>palmis</strong></span> <span class='ocrx_word' id='word_1_63' title='bbox 2628 705 2971 760; x_wconf 65' lang='lat' dir='ltr'><strong>VO&#39;VCMHNS</strong></span> <span class='ocrx_word' id='word_1_64' title='bbox 3000 704 3156 769; x_wconf 73' lang='grc'><strong>011³5.</strong></span> 
     </span>
    </p>
   </div>
   <div class='ocr_carea' id='block_1_11' title="bbox 173 811 1503 876">
    <p class='ocr_par' dir='ltr' id='par_1_11' title="bbox 173 811 1503 876">
     <span class='ocr_line' id='line_1_11' title="bbox 173 811 1503 876; baseline -0.003 -9"><span class='ocrx_word' id='word_1_65' title='bbox 173 812 382 870; x_wconf 82' lang='lat' dir='ltr'><strong>Nollem</strong></span> <span class='ocrx_word' id='word_1_66' title='bbox 414 815 551 870; x_wconf 83' lang='lat' dir='ltr'><strong>facta</strong></span> <span class='ocrx_word' id='word_1_67' title='bbox 582 814 733 867; x_wconf 88' lang='lat' dir='ltr'><strong>mihi.</strong></span> <span class='ocrx_word' id='word_1_68' title='bbox 760 812 871 868; x_wconf 88' lang='lat' dir='ltr'><strong>Nec</strong></span> <span class='ocrx_word' id='word_1_69' title='bbox 900 828 1031 867; x_wconf 91' lang='lat' dir='ltr'><strong>vero</strong></span> <span class='ocrx_word' id='word_1_70' title='bbox 1064 812 1292 867; x_wconf 91' lang='lat' dir='ltr'><strong>crimine</strong></span> <span class='ocrx_word' id='word_1_71' title='bbox 1320 811 1503 876; x_wconf 56' lang='lat' dir='ltr'><strong>laedar,</strong></span> 
     </span>
    </p>
   </div>
   <div class='ocr_carea' id='block_1_12' title="bbox 175 900 1499 961">
    <p class='ocr_par' dir='ltr' id='par_1_12' title="bbox 175 900 1499 961">
     <span class='ocr_line' id='line_1_12' title="bbox 175 900 1499 961; baseline -0.002 -4"><span class='ocrx_word' id='word_1_72' title='bbox 175 904 286 961; x_wconf 87' lang='lat' dir='ltr'><strong>Nec</strong></span> <span class='ocrx_word' id='word_1_73' title='bbox 314 907 553 960; x_wconf 90' lang='lat' dir='ltr'><strong>maculer</strong></span> <span class='ocrx_word' id='word_1_74' title='bbox 578 904 764 959; x_wconf 88' lang='lat' dir='ltr'><strong>dubio.</strong></span> <span class='ocrx_word' id='word_1_75' title='bbox 795 904 1024 959; x_wconf 85' lang='lat' dir='ltr'><strong>Paulum</strong></span> <span class='ocrx_word' id='word_1_76' title='bbox 1050 903 1252 958; x_wconf 78' lang='lat' dir='ltr'><strong>distare</strong></span> <span class='ocrx_word' id='word_1_77' title='bbox 1280 900 1499 957; x_wconf 89' lang='lat' dir='ltr'><strong>videtur</strong></span> 
     </span>
    </p>
   </div>
   <div class='ocr_carea' id='block_1_13' title="bbox 175 992 1550 1066">
    <p class='ocr_par' dir='ltr' id='par_1_13' title="bbox 175 992 1550 1066">
     <span class='ocr_line' id='line_1_13' title="bbox 175 992 1550 1066; baseline -0.004 -15"><span class='ocrx_word' id='word_1_78' title='bbox 175 996 497 1066; x_wconf 73' lang='lat' dir='ltr'><strong>Suspectus,</strong></span> <span class='ocrx_word' id='word_1_79' title='bbox 526 1010 759 1065; x_wconf 83' lang='lat' dir='ltr'><strong>vereque</strong></span> <span class='ocrx_word' id='word_1_80' title='bbox 785 1010 933 1051; x_wconf 91' lang='lat' dir='ltr'><strong>reus.</strong></span> <span class='ocrx_word' id='word_1_81' title='bbox 968 993 1102 1050; x_wconf 76' lang='lat' dir='ltr'><strong>Male</strong></span> <span class='ocrx_word' id='word_1_82' title='bbox 1131 1005 1295 1063; x_wconf 78' lang='lat' dir='ltr'><strong>posse</strong></span> <span class='ocrx_word' id='word_1_83' title='bbox 1323 992 1550 1047; x_wconf 87' lang='lat' dir='ltr'><strong>facultas</strong></span> 
     </span>
    </p>
   </div>
   <div class='ocr_carea' id='block_1_14' title="bbox 174 1085 1743 1157">
    <p class='ocr_par' dir='ltr' id='par_1_14' title="bbox 174 1085 1743 1157">
     <span class='ocr_line' id='line_1_14' title="bbox 174 1085 1743 1157; baseline -0.003 -16"><span class='ocrx_word' id='word_1_84' title='bbox 174 1087 339 1141; x_wconf 85' lang='lat' dir='ltr'><strong>Nulla</strong></span> <span class='ocrx_word' id='word_1_85' title='bbox 381 1088 453 1143; x_wconf 88' lang='lat' dir='ltr'><strong>sit</strong></span> <span class='ocrx_word' id='word_1_86' title='bbox 481 1103 497 1141; x_wconf 91' lang='lat'>:</span> <span class='ocrx_word' id='word_1_87' title='bbox 529 1095 585 1141; x_wconf 89' lang='lat' dir='ltr'><strong>at</strong></span> <span class='ocrx_word' id='word_1_88' title='bbox 626 1088 765 1143; x_wconf 85' lang='lat' dir='ltr'><strong>bene</strong></span> <span class='ocrx_word' id='word_1_89' title='bbox 793 1102 950 1157; x_wconf 82' lang='lat' dir='ltr'><strong>posse</strong></span> <span class='ocrx_word' id='word_1_90' title='bbox 992 1088 1135 1141; x_wconf 91' lang='lat' dir='ltr'><strong>adsit</strong></span> <span class='ocrx_word' id='word_1_91' title='bbox 1165 1085 1450 1155; x_wconf 89' lang='lat' dir='ltr'><strong>tranquilla</strong></span> <span class='ocrx_word' id='word_1_92' title='bbox 1482 1092 1743 1155; x_wconf 83' lang='lat' dir='ltr'><strong>potestas.</strong></span> 
     </span>
    </p>
   </div>
   <div class='ocr_carea' id='block_1_15' title="bbox 172 1175 1693 1247">
    <p class='ocr_par' dir='ltr' id='par_1_15' title="bbox 172 1175 1693 1247">
     <span class='ocr_line' id='line_1_15' title="bbox 172 1175 1693 1247; baseline -0.003 -15"><span class='ocrx_word' id='word_1_93' title='bbox 172 1176 290 1232; x_wconf 90' lang='lat' dir='ltr'><strong>Sim</strong></span> <span class='ocrx_word' id='word_1_94' title='bbox 322 1178 469 1233; x_wconf 84' lang='lat' dir='ltr'><strong>tenui</strong></span> <span class='ocrx_word' id='word_1_95' title='bbox 499 1178 667 1245; x_wconf 90' lang='lat' dir='ltr'><strong>victu,</strong></span> <span class='ocrx_word' id='word_1_96' title='bbox 698 1188 859 1247; x_wconf 90' lang='lat' dir='ltr'><strong>atque</strong></span> <span class='ocrx_word' id='word_1_97' title='bbox 889 1178 1093 1232; x_wconf 85' lang='lat' dir='ltr'><strong>habitu.</strong></span> <span class='ocrx_word' id='word_1_98' title='bbox 1123 1178 1234 1233; x_wconf 88' lang='lat' dir='ltr'><strong>Sim</strong></span> <span class='ocrx_word' id='word_1_99' title='bbox 1260 1180 1456 1235; x_wconf 88' lang='lat' dir='ltr'><strong>charus</strong></span> <span class='ocrx_word' id='word_1_100' title='bbox 1482 1175 1693 1230; x_wconf 82' lang='lat' dir='ltr'><strong>amicis.</strong></span> 
     </span>
    </p>
   </div>
   <div class='ocr_carea' id='block_1_16' title="bbox 178 1269 1618 1341">
    <p class='ocr_par' dir='ltr' id='par_1_16' title="bbox 178 1269 1618 1341">
     <span class='ocr_line' id='line_1_16' title="bbox 178 1269 1618 1341; baseline 0 -18"><span class='ocrx_word' id='word_1_101' title='bbox 178 1269 251 1323; x_wconf 87' lang='lat' dir='ltr'><strong>Et</strong></span> <span class='ocrx_word' id='word_1_102' title='bbox 278 1285 492 1340; x_wconf 87' lang='lat' dir='ltr'><strong>semper</strong></span> <span class='ocrx_word' id='word_1_103' title='bbox 510 1272 741 1341; x_wconf 76' lang='lat' dir='ltr'><strong>genitor,</strong></span> <span class='ocrx_word' id='word_1_104' title='bbox 771 1270 889 1325; x_wconf 89' lang='lat' dir='ltr'><strong>sine</strong></span> <span class='ocrx_word' id='word_1_105' title='bbox 915 1271 1140 1326; x_wconf 90' lang='lat' dir='ltr'><strong>vulnere</strong></span> <span class='ocrx_word' id='word_1_106' title='bbox 1167 1270 1403 1325; x_wconf 89' lang='lat' dir='ltr'><strong>nominis</strong></span> <span class='ocrx_word' id='word_1_107' title='bbox 1435 1269 1618 1339; x_wconf 82' lang='lat' dir='ltr'><strong>hujus,</strong></span> 
     </span>
    </p>
   </div>
   <div class='ocr_carea' id='block_1_17' title="bbox 128 1349 1644 1435">
    <p class='ocr_par' dir='ltr' id='par_1_17' title="bbox 128 1349 1644 1435">
     <span class='ocr_line' id='line_1_17' title="bbox 128 1349 1644 1435; baseline -0.002 -16"><span class='ocrx_word' id='word_1_108' title='bbox 128 1372 131 1379; x_wconf 82' lang='lat'><em>‘</em></span> <span class='ocrx_word' id='word_1_109' title='bbox 175 1363 297 1419; x_wconf 86' lang='lat' dir='ltr'><strong>Non</strong></span> <span class='ocrx_word' id='word_1_110' title='bbox 328 1349 508 1420; x_wconf 84' lang='lat' dir='ltr'><strong>animo</strong></span> <span class='ocrx_word' id='word_1_111' title='bbox 536 1365 770 1431; x_wconf 82' lang='lat' dir='ltr'><strong>doleam,</strong></span> <span class='ocrx_word' id='word_1_112' title='bbox 796 1380 899 1421; x_wconf 88' lang='lat' dir='ltr'><strong>non</strong></span> <span class='ocrx_word' id='word_1_113' title='bbox 926 1379 1151 1435; x_wconf 91' lang='lat' dir='ltr'><strong>corpore</strong></span> <span class='ocrx_word' id='word_1_114' title='bbox 1183 1381 1196 1417; x_wconf 88' lang='lat'><strong>:</strong></span> <span class='ocrx_word' id='word_1_115' title='bbox 1226 1373 1420 1417; x_wconf 89' lang='lat' dir='ltr'><strong>cuncta</strong></span> <span class='ocrx_word' id='word_1_116' title='bbox 1445 1362 1644 1431; x_wconf 85' lang='lat' dir='ltr'><strong>quietis</strong></span> 
     </span>
    </p>
   </div>
   <div class='ocr_carea' id='block_1_18' title="bbox 179 1440 1557 1526">
    <p class='ocr_par' dir='ltr' id='par_1_18' title="bbox 179 1440 1557 1526">
     <span class='ocr_line' id='line_1_18' title="bbox 179 1440 1557 1526; baseline -0.003 -15"><span class='ocrx_word' id='word_1_117' title='bbox 179 1456 496 1526; x_wconf 83' lang='lat' dir='ltr'><strong>Fungautur</strong></span> <span class='ocrx_word' id='word_1_118' title='bbox 524 1440 767 1511; x_wconf 87' lang='lat' dir='ltr'><strong>membra</strong></span> <span class='ocrx_word' id='word_1_119' title='bbox 794 1456 987 1511; x_wconf 87' lang='lat' dir='ltr'><strong>officiis</strong></span> <span class='ocrx_word' id='word_1_120' title='bbox 1021 1473 1035 1508; x_wconf 90' lang='lat'><strong>:</strong></span> <span class='ocrx_word' id='word_1_121' title='bbox 1064 1470 1164 1510; x_wconf 92' lang='lat' dir='ltr'><strong>nec</strong></span> <span class='ocrx_word' id='word_1_122' title='bbox 1193 1455 1408 1510; x_wconf 89' lang='lat' dir='ltr'><strong>saucius</strong></span> <span class='ocrx_word' id='word_1_123' title='bbox 1433 1454 1557 1507; x_wconf 93' lang='lat' dir='ltr'><strong>ullis</strong></span> 
     </span>
    </p>
   </div>
   <div class='ocr_carea' id='block_1_19' title="bbox 181 1544 1510 1617">
    <p class='ocr_par' dir='ltr' id='par_1_19' title="bbox 181 1544 1510 1617">
     <span class='ocr_line' id='line_1_19' title="bbox 181 1544 1510 1617; baseline -0.005 -14"><span class='ocrx_word' id='word_1_124' title='bbox 181 1546 432 1603; x_wconf 77' lang='lat' dir='ltr'><strong>Partibus</strong></span> <span class='ocrx_word' id='word_1_125' title='bbox 452 1546 712 1603; x_wconf 88' lang='lat' dir='ltr'><strong>amissum</strong></span> <span class='ocrx_word' id='word_1_126' title='bbox 742 1547 1032 1617; x_wconf 86' lang='lat' dir='ltr'><strong>quidquam</strong></span> <span class='ocrx_word' id='word_1_127' title='bbox 1059 1544 1336 1600; x_wconf 85' lang='lat' dir='ltr'><strong>desideret</strong></span> <span class='ocrx_word' id='word_1_128' title='bbox 1360 1558 1510 1598; x_wconf 85' lang='lat' dir='ltr'><strong>usus.</strong></span> 
     </span>
    </p>
   </div>
   <div class='ocr_carea' id='block_1_20' title="bbox 124 1637 1472 1709">
    <p class='ocr_par' dir='ltr' id='par_1_20' title="bbox 124 1637 1472 1709">
     <span class='ocr_line' id='line_1_20' title="bbox 124 1637 1472 1709; baseline -0.004 -14"><span class='ocrx_word' id='word_1_129' title='bbox 124 1650 127 1651; x_wconf 71' lang='lat'><strong><em>&#39;</em></strong></span> <span class='ocrx_word' id='word_1_130' title='bbox 181 1641 323 1697; x_wconf 86' lang='lat' dir='ltr'><strong>Pace</strong></span> <span class='ocrx_word' id='word_1_131' title='bbox 351 1643 514 1697; x_wconf 88' lang='lat' dir='ltr'><strong>fruar.</strong></span> <span class='ocrx_word' id='word_1_132' title='bbox 552 1640 798 1696; x_wconf 81' lang='lat' dir='ltr'><strong>Securus</strong></span> <span class='ocrx_word' id='word_1_133' title='bbox 819 1654 993 1709; x_wconf 89' lang='lat' dir='ltr'><strong>agam.</strong></span> <span class='ocrx_word' id='word_1_134' title='bbox 1027 1637 1283 1692; x_wconf 78' lang='lat' dir='ltr'><strong>Miracula</strong></span> <span class='ocrx_word' id='word_1_135' title='bbox 1313 1645 1472 1690; x_wconf 63' lang='lat' dir='ltr'><strong>terra:</strong></span> 
     </span>
    </p>
   </div>
   <div class='ocr_carea' id='block_1_21' title="bbox 179 1727 1597 1802">
    <p class='ocr_par' dir='ltr' id='par_1_21' title="bbox 179 1727 1597 1802">
     <span class='ocr_line' id='line_1_21' title="bbox 179 1727 1597 1802; baseline -0.004 -15"><span class='ocrx_word' id='word_1_136' title='bbox 179 1732 338 1787; x_wconf 87' lang='lat' dir='ltr'><strong>Nulla</strong></span> <span class='ocrx_word' id='word_1_137' title='bbox 369 1740 570 1802; x_wconf 89' lang='lat' dir='ltr'><strong>putem.</strong></span> <span class='ocrx_word' id='word_1_138' title='bbox 602 1732 863 1800; x_wconf 79' lang='lat' dir='ltr'><strong>Suprema</strong></span> <span class='ocrx_word' id='word_1_139' title='bbox 892 1730 1024 1784; x_wconf 91' lang='lat' dir='ltr'><strong>mihi</strong></span> <span class='ocrx_word' id='word_1_140' title='bbox 1055 1744 1176 1783; x_wconf 90' lang='lat' dir='ltr'><strong>cum</strong></span> <span class='ocrx_word' id='word_1_141' title='bbox 1208 1727 1415 1783; x_wconf 77' lang='lat' dir='ltr'><strong>venerit</strong></span> <span class='ocrx_word' id='word_1_142' title='bbox 1442 1727 1597 1791; x_wconf 88' lang='lat' dir='ltr'><strong>hora,</strong></span> 
     </span>
    </p>
   </div>
   <div class='ocr_carea' id='block_1_22' title="bbox 183 1819 1659 1886">
    <p class='ocr_par' dir='ltr' id='par_1_22' title="bbox 183 1819 1659 1886">
     <span class='ocr_line' id='line_1_22' title="bbox 183 1819 1659 1886; baseline -0.005 -9"><span class='ocrx_word' id='word_1_143' title='bbox 183 1821 294 1877; x_wconf 88' lang='lat' dir='ltr'><strong>Nec</strong></span> <span class='ocrx_word' id='word_1_144' title='bbox 327 1823 511 1877; x_wconf 83' lang='lat' dir='ltr'><strong>timeat</strong></span> <span class='ocrx_word' id='word_1_145' title='bbox 542 1832 770 1877; x_wconf 88' lang='lat' dir='ltr'><strong>mortem</strong></span> <span class='ocrx_word' id='word_1_146' title='bbox 798 1820 935 1876; x_wconf 88' lang='lat' dir='ltr'><strong>bene</strong></span> <span class='ocrx_word' id='word_1_147' title='bbox 955 1819 1171 1875; x_wconf 88' lang='lat' dir='ltr'><strong>conscia</strong></span> <span class='ocrx_word' id='word_1_148' title='bbox 1202 1819 1329 1883; x_wconf 89' lang='lat' dir='ltr'><strong>vita,</strong></span> <span class='ocrx_word' id='word_1_149' title='bbox 1357 1832 1458 1872; x_wconf 93' lang='lat' dir='ltr'><strong>nee</strong></span> <span class='ocrx_word' id='word_1_150' title='bbox 1486 1825 1659 1886; x_wconf 84' lang='lat' dir='ltr'><strong>optet.</strong></span> 
     </span>
    </p>
   </div>
   <div class='ocr_carea' id='block_1_23' title="bbox 185 1909 1548 1987">
    <p class='ocr_par' dir='ltr' id='par_1_23' title="bbox 185 1909 1548 1987">
     <span class='ocr_line' id='line_1_23' title="bbox 185 1909 1548 1987; baseline -0.005 -19"><span class='ocrx_word' id='word_1_151' title='bbox 185 1913 359 1977; x_wconf 88' lang='lat' dir='ltr'><strong>Purus</strong></span> <span class='ocrx_word' id='word_1_152' title='bbox 387 1914 454 1967; x_wconf 90' lang='lat' dir='ltr'><strong>ab</strong></span> <span class='ocrx_word' id='word_1_153' title='bbox 478 1914 707 1969; x_wconf 88' lang='lat' dir='ltr'><strong>occultis</strong></span> <span class='ocrx_word' id='word_1_154' title='bbox 732 1928 855 1967; x_wconf 89' lang='lat' dir='ltr'><strong>cum</strong></span> <span class='ocrx_word' id='word_1_155' title='bbox 880 1922 931 1966; x_wconf 90' lang='lat' dir='ltr'><strong>te</strong></span> <span class='ocrx_word' id='word_1_156' title='bbox 960 1910 1270 1987; x_wconf 75' lang='lat' dir='ltr'><strong>indulgente</strong></span> <span class='ocrx_word' id='word_1_157' title='bbox 1297 1909 1548 1976; x_wconf 89' lang='lat' dir='ltr'><strong>videbor,</strong></span> 
     </span>
    </p>
   </div>
   <div class='ocr_carea' id='block_1_24' title="bbox 182 2004 1473 2077">
    <p class='ocr_par' dir='ltr' id='par_1_24' title="bbox 182 2004 1473 2077">
     <span class='ocr_line' id='line_1_24' title="bbox 182 2004 1473 2077; baseline -0.005 -16"><span class='ocrx_word' id='word_1_158' title='bbox 182 2004 377 2061; x_wconf 84' lang='lat' dir='ltr'><strong>Omnia</strong></span> <span class='ocrx_word' id='word_1_159' title='bbox 398 2006 713 2077; x_wconf 88' lang='lat' dir='ltr'><strong>despiciam,</strong></span> <span class='ocrx_word' id='word_1_160' title='bbox 747 2004 909 2061; x_wconf 90' lang='lat' dir='ltr'><strong>fuerit</strong></span> <span class='ocrx_word' id='word_1_161' title='bbox 929 2020 1050 2060; x_wconf 91' lang='lat' dir='ltr'><strong>cum</strong></span> <span class='ocrx_word' id='word_1_162' title='bbox 1082 2004 1193 2059; x_wconf 90' lang='lat' dir='ltr'><strong>sola</strong></span> <span class='ocrx_word' id='word_1_163' title='bbox 1227 2004 1473 2071; x_wconf 85' lang='lat' dir='ltr'><strong>voluptas</strong></span> 
     </span>
    </p>
   </div>
   <div class='ocr_carea' id='block_1_25' title="bbox 183 2093 1584 2166">
    <p class='ocr_par' dir='ltr' id='par_1_25' title="bbox 183 2093 1584 2166">
     <span class='ocr_line' id='line_1_25' title="bbox 183 2093 1584 2166; baseline -0.004 -13"><span class='ocrx_word' id='word_1_164' title='bbox 183 2093 457 2153; x_wconf 86' lang='lat' dir='ltr'><strong>Judicium</strong></span> <span class='ocrx_word' id='word_1_165' title='bbox 478 2112 702 2166; x_wconf 88' lang='lat' dir='ltr'><strong>sperare</strong></span> <span class='ocrx_word' id='word_1_166' title='bbox 735 2106 902 2151; x_wconf 90' lang='lat' dir='ltr'><strong>tuum.</strong></span> <span class='ocrx_word' id='word_1_167' title='bbox 935 2094 1089 2163; x_wconf 83' lang='lat' dir='ltr'><strong>Quod</strong></span> <span class='ocrx_word' id='word_1_168' title='bbox 1120 2095 1245 2149; x_wconf 87' lang='lat' dir='ltr'><strong>dum</strong></span> <span class='ocrx_word' id='word_1_169' title='bbox 1275 2108 1370 2148; x_wconf 88' lang='lat' dir='ltr'><strong>sua</strong></span> <span class='ocrx_word' id='word_1_170' title='bbox 1400 2093 1584 2148; x_wconf 72' lang='lat' dir='ltr'><strong>differt</strong></span> 
     </span>
    </p>
   </div>
   <div class='ocr_carea' id='block_1_26' title="bbox 187 2183 1678 2257">
    <p class='ocr_par' dir='ltr' id='par_1_26' title="bbox 187 2183 1678 2257">
     <span class='ocr_line' id='line_1_26' title="bbox 187 2183 1678 2257; baseline -0.005 -16"><span class='ocrx_word' id='word_1_171' title='bbox 187 2186 481 2257; x_wconf 81' lang='lat' dir='ltr'><strong>Tempora,</strong></span> <span class='ocrx_word' id='word_1_172' title='bbox 504 2194 896 2255; x_wconf 89' lang='lat' dir='ltr'><strong>cunctaturque</strong></span> <span class='ocrx_word' id='word_1_173' title='bbox 914 2184 1052 2253; x_wconf 89' lang='lat' dir='ltr'><strong>dies,</strong></span> <span class='ocrx_word' id='word_1_174' title='bbox 1084 2183 1271 2254; x_wconf 87' lang='lat' dir='ltr'><strong>procul</strong></span> <span class='ocrx_word' id='word_1_175' title='bbox 1299 2183 1453 2252; x_wconf 80' lang='lat' dir='ltr'><strong>exige</strong></span> <span class='ocrx_word' id='word_1_176' title='bbox 1478 2196 1678 2237; x_wconf 77' lang='lat' dir='ltr'><strong>saevum</strong></span> 
     </span>
    </p>
   </div>
   <div class='ocr_carea' id='block_1_27' title="bbox 186 2276 1423 2346">
    <p class='ocr_par' dir='ltr' id='par_1_27' title="bbox 186 2276 1423 2346">
     <span class='ocr_line' id='line_1_27' title="bbox 186 2276 1423 2346; baseline -0.003 -12"><span class='ocrx_word' id='word_1_177' title='bbox 186 2278 562 2335; x_wconf 89' lang='lat' dir='ltr'><strong>lusidiatorem</strong></span> <span class='ocrx_word' id='word_1_178' title='bbox 585 2276 797 2332; x_wconf 86' lang='lat' dir='ltr'><strong>blandis</strong></span> <span class='ocrx_word' id='word_1_179' title='bbox 816 2277 1095 2333; x_wconf 89' lang='lat' dir='ltr'><strong>erroribus</strong></span> <span class='ocrx_word' id='word_1_180' title='bbox 1122 2291 1375 2346; x_wconf 89' lang='lat' dir='ltr'><strong>anguem.</strong></span> <span class='ocrx_word' id='word_1_181' title='bbox 1420 2294 1423 2297; x_wconf 93' lang='grc'><strong>·</strong></span> 
     </span>
    </p>
   </div>
   <div class='ocr_carea' id='block_1_28' title="bbox 189 2371 1506 2442">
    <p class='ocr_par' dir='ltr' id='par_1_28' title="bbox 189 2371 1506 2442">
     <span class='ocr_line' id='line_1_28' title="bbox 189 2371 1506 2442; baseline -0.002 -15"><span class='ocrx_word' id='word_1_182' title='bbox 189 2373 318 2427; x_wconf 66' lang='lat' dir='ltr'><strong>Haec</strong></span> <span class='ocrx_word' id='word_1_183' title='bbox 346 2372 454 2442; x_wconf 89' lang='lat' dir='ltr'><strong>pia,</strong></span> <span class='ocrx_word' id='word_1_184' title='bbox 488 2372 582 2427; x_wconf 90' lang='lat' dir='ltr'><strong>sed</strong></span> <span class='ocrx_word' id='word_1_185' title='bbox 613 2380 806 2431; x_wconf 71' lang='lat' dir='ltr'><strong>mmsto</strong></span> <span class='ocrx_word' id='word_1_186' title='bbox 831 2371 1150 2441; x_wconf 83' lang='lat' dir='ltr'><strong>trepidantia</strong></span> <span class='ocrx_word' id='word_1_187' title='bbox 1176 2380 1299 2425; x_wconf 89' lang='lat' dir='ltr'><strong>vota</strong></span> <span class='ocrx_word' id='word_1_188' title='bbox 1329 2379 1506 2436; x_wconf 88' lang='lat' dir='ltr'><strong>reatu,</strong></span> 
     </span>
    </p>
   </div>
   <div class='ocr_carea' id='block_1_29' title="bbox 188 2462 1687 2534">
    <p class='ocr_par' dir='ltr' id='par_1_29' title="bbox 188 2462 1687 2534">
     <span class='ocr_line' id='line_1_29' title="bbox 188 2462 1687 2534; baseline -0.002 -16"><span class='ocrx_word' id='word_1_189' title='bbox 188 2462 429 2531; x_wconf 85' lang='lat' dir='ltr'><strong>Christe,</strong></span> <span class='ocrx_word' id='word_1_190' title='bbox 458 2464 598 2534; x_wconf 88' lang='lat' dir='ltr'><strong>apud</strong></span> <span class='ocrx_word' id='word_1_191' title='bbox 625 2472 885 2518; x_wconf 80' lang='lat' dir='ltr'><strong>aeternum</strong></span> <span class='ocrx_word' id='word_1_192' title='bbox 920 2462 1196 2532; x_wconf 87' lang='lat' dir='ltr'><strong>placabilis</strong></span> <span class='ocrx_word' id='word_1_193' title='bbox 1227 2476 1410 2517; x_wconf 89' lang='lat' dir='ltr'><strong>assere</strong></span> <span class='ocrx_word' id='word_1_194' title='bbox 1453 2462 1687 2516; x_wconf 90' lang='lat' dir='ltr'><strong>Patrem.</strong></span> 
     </span>
    </p>
   </div>
   <div class='ocr_carea' id='block_1_30' title="bbox 192 2552 1762 2623">
    <p class='ocr_par' dir='ltr' id='par_1_30' title="bbox 192 2552 1762 2623">
     <span class='ocr_line' id='line_1_30' title="bbox 192 2552 1762 2623; baseline -0.004 -12"><span class='ocrx_word' id='word_1_195' title='bbox 192 2553 465 2620; x_wconf 79' lang='lat' dir='ltr'><strong>Salvator,</strong></span> <span class='ocrx_word' id='word_1_196' title='bbox 494 2554 656 2623; x_wconf 85' lang='lat' dir='ltr'><strong>Deus,</strong></span> <span class='ocrx_word' id='word_1_197' title='bbox 680 2568 745 2608; x_wconf 89' lang='lat' dir='ltr'><strong>ac</strong></span> <span class='ocrx_word' id='word_1_198' title='bbox 776 2553 1055 2620; x_wconf 91' lang='lat' dir='ltr'><strong>Dominus,</strong></span> <span class='ocrx_word' id='word_1_199' title='bbox 1088 2567 1264 2620; x_wconf 90' lang='lat' dir='ltr'><strong>mens,</strong></span> <span class='ocrx_word' id='word_1_200' title='bbox 1296 2552 1489 2621; x_wconf 87' lang='lat' dir='ltr'><strong>gloria,</strong></span> <span class='ocrx_word' id='word_1_201' title='bbox 1516 2552 1762 2617; x_wconf 86' lang='lat' dir='ltr'><strong>verbum,</strong></span> 
     </span>
    </p>
   </div>
   <div class='ocr_carea' id='block_1_31' title="bbox 192 2642 1408 2711">
    <p class='ocr_par' dir='ltr' id='par_1_31' title="bbox 192 2642 1408 2711">
     <span class='ocr_line' id='line_1_31' title="bbox 192 2642 1408 2711; baseline -0.002 -14"><span class='ocrx_word' id='word_1_202' title='bbox 192 2642 385 2711; x_wconf 82' lang='lat' dir='ltr'><strong>Filius,</strong></span> <span class='ocrx_word' id='word_1_203' title='bbox 412 2659 480 2699; x_wconf 80' lang='lat' dir='ltr'><strong>ex</strong></span> <span class='ocrx_word' id='word_1_204' title='bbox 507 2658 638 2699; x_wconf 87' lang='lat' dir='ltr'><strong>vero</strong></span> <span class='ocrx_word' id='word_1_205' title='bbox 667 2659 853 2709; x_wconf 89' lang='lat' dir='ltr'><strong>verus,</strong></span> <span class='ocrx_word' id='word_1_206' title='bbox 882 2644 951 2700; x_wconf 88' lang='lat' dir='ltr'><strong>de</strong></span> <span class='ocrx_word' id='word_1_207' title='bbox 975 2643 1179 2697; x_wconf 88' lang='lat' dir='ltr'><strong>lumine</strong></span> <span class='ocrx_word' id='word_1_208' title='bbox 1206 2644 1408 2709; x_wconf 89' lang='lat' dir='ltr'><strong>lumen,</strong></span> 
     </span>
    </p>
   </div>
   <div class='ocr_carea' id='block_1_32' title="bbox 192 2735 1621 2806">
    <p class='ocr_par' dir='ltr' id='par_1_32' title="bbox 192 2735 1621 2806">
     <span class='ocr_line' id='line_1_32' title="bbox 192 2735 1621 2806; baseline -0.003 -13"><span class='ocrx_word' id='word_1_209' title='bbox 192 2736 425 2793; x_wconf 66' lang='lat' dir='ltr'><strong>Eterno</strong></span> <span class='ocrx_word' id='word_1_210' title='bbox 450 2751 570 2792; x_wconf 90' lang='lat' dir='ltr'><strong>cum</strong></span> <span class='ocrx_word' id='word_1_211' title='bbox 602 2737 758 2792; x_wconf 88' lang='lat' dir='ltr'><strong>Patre</strong></span> <span class='ocrx_word' id='word_1_212' title='bbox 780 2750 1024 2802; x_wconf 90' lang='lat' dir='ltr'><strong>manens,</strong></span> <span class='ocrx_word' id='word_1_213' title='bbox 1049 2735 1105 2790; x_wconf 89' lang='lat' dir='ltr'><strong>in</strong></span> <span class='ocrx_word' id='word_1_214' title='bbox 1142 2736 1340 2790; x_wconf 69' lang='lat' dir='ltr'><strong>smcula</strong></span> <span class='ocrx_word' id='word_1_215' title='bbox 1368 2749 1621 2806; x_wconf 86' lang='lat' dir='ltr'><strong>regnans.</strong></span> 
     </span>
    </p>
   </div>
   <div class='ocr_carea' id='block_1_33' title="bbox 191 2823 1765 2899">
    <p class='ocr_par' dir='ltr' id='par_1_33' title="bbox 191 2823 1765 2899">
     <span class='ocr_line' id='line_1_33' title="bbox 191 2823 1765 2899; baseline -0.004 -15"><span class='ocrx_word' id='word_1_216' title='bbox 191 2827 442 2884; x_wconf 88' lang='lat' dir='ltr'><strong>Consona</strong></span> <span class='ocrx_word' id='word_1_217' title='bbox 475 2844 634 2899; x_wconf 90' lang='lat' dir='ltr'><strong>quem</strong></span> <span class='ocrx_word' id='word_1_218' title='bbox 664 2829 947 2883; x_wconf 88' lang='lat' dir='ltr'><strong>celebrant</strong></span> <span class='ocrx_word' id='word_1_219' title='bbox 977 2825 1236 2883; x_wconf 89' lang='lat' dir='ltr'><strong>modulati</strong></span> <span class='ocrx_word' id='word_1_220' title='bbox 1282 2827 1526 2881; x_wconf 89' lang='lat' dir='ltr'><strong>carmina</strong></span> <span class='ocrx_word' id='word_1_221' title='bbox 1554 2823 1719 2881; x_wconf 88' lang='lat' dir='ltr'><strong>David</strong></span> <span class='ocrx_word' id='word_1_222' title='bbox 1749 2838 1765 2878; x_wconf 88' lang='lat'><strong>:</strong></span> 
     </span>
    </p>
   </div>
   <div class='ocr_carea' id='block_1_34' title="bbox 196 2916 1424 2992">
    <p class='ocr_par' dir='ltr' id='par_1_34' title="bbox 196 2916 1424 2992">
     <span class='ocr_line' id='line_1_34' title="bbox 196 2916 1424 2992; baseline -0.002 -16"><span class='ocrx_word' id='word_1_223' title='bbox 196 2919 266 2976; x_wconf 79' lang='lat' dir='ltr'><strong>Et</strong></span> <span class='ocrx_word' id='word_1_224' title='bbox 290 2922 635 2992; x_wconf 89' lang='lat' dir='ltr'><strong>responsuris</strong></span> <span class='ocrx_word' id='word_1_225' title='bbox 660 2919 784 2976; x_wconf 88' lang='lat' dir='ltr'><strong>ferit</strong></span> <span class='ocrx_word' id='word_1_226' title='bbox 806 2916 930 2977; x_wconf 89' lang='lat' dir='ltr'><strong>aera</strong></span> <span class='ocrx_word' id='word_1_227' title='bbox 952 2920 1195 2987; x_wconf 88' lang='lat' dir='ltr'><strong>vocibus,</strong></span> <span class='ocrx_word' id='word_1_228' title='bbox 1228 2920 1424 2975; x_wconf 84' lang='lat' dir='ltr'><strong>Amen.</strong></span> 
     </span>
    </p>
   </div>
   <div class='ocr_carea' id='block_1_35' title="bbox 855 3055 1113 3127">
    <p class='ocr_par' dir='ltr' id='par_1_35' title="bbox 855 3055 1113 3127">
     <span class='ocr_line' id='line_1_35' title="bbox 855 3055 1113 3127; baseline -0.004 -17"><span class='ocrx_word' id='word_1_229' title='bbox 855 3055 1113 3127; x_wconf 79' lang='lat' dir='ltr'><strong>Egrem&#39;o.</strong></span> 
     </span>
    </p>
   </div>
   <div class='ocr_carea' id='block_1_36' title="bbox 410 3168 1171 3239">
    <p class='ocr_par' dir='ltr' id='par_1_36' title="bbox 410 3168 1171 3239">
     <span class='ocr_line' id='line_1_36' title="bbox 410 3168 1171 3239; baseline -0.003 -13"><span class='ocrx_word' id='word_1_230' title='bbox 410 3168 555 3226; x_wconf 85' lang='lat' dir='ltr'><strong>Satis</strong></span> <span class='ocrx_word' id='word_1_231' title='bbox 580 3184 802 3239; x_wconf 84' lang='lat' dir='ltr'><strong>precum</strong></span> <span class='ocrx_word' id='word_1_232' title='bbox 828 3168 1011 3224; x_wconf 87' lang='lat' dir='ltr'><strong>datum</strong></span> <span class='ocrx_word' id='word_1_233' title='bbox 1036 3169 1171 3237; x_wconf 90' lang='lat' dir='ltr'><strong>Deo,</strong></span> 
     </span>
    </p>
   </div>
   <div class='ocr_carea' id='block_1_37' title="bbox 411 3261 1282 3341">
    <p class='ocr_par' dir='ltr' id='par_1_37' title="bbox 411 3261 1282 3341">
     <span class='ocr_line' id='line_1_37' title="bbox 411 3261 1282 3341; baseline -0.001 -23"><span class='ocrx_word' id='word_1_234' title='bbox 411 3264 667 3331; x_wconf 83' lang='lat' dir='ltr'><strong>Quamvis</strong></span> <span class='ocrx_word' id='word_1_235' title='bbox 699 3262 831 3341; x_wconf 86' lang='lat' dir='ltr'><strong>satis</strong></span> <span class='ocrx_word' id='word_1_236' title='bbox 855 3278 1149 3332; x_wconf 88' lang='lat' dir='ltr'><strong>numquam</strong></span> <span class='ocrx_word' id='word_1_237' title='bbox 1174 3261 1282 3331; x_wconf 87' lang='lat' dir='ltr'><strong>reis</strong></span> 
     </span>
    </p>
   </div>
   <div class='ocr_carea' id='block_1_38' title="bbox 414 3357 1059 3427">
    <p class='ocr_par' dir='ltr' id='par_1_38' title="bbox 414 3357 1059 3427">
     <span class='ocr_line' id='line_1_38' title="bbox 414 3357 1059 3427; baseline -0.003 -15"><span class='ocrx_word' id='word_1_238' title='bbox 414 3357 533 3412; x_wconf 84' lang='lat' dir='ltr'><strong>Fiat</strong></span> <span class='ocrx_word' id='word_1_239' title='bbox 555 3365 775 3427; x_wconf 89' lang='lat' dir='ltr'><strong>precatu</strong></span> <span class='ocrx_word' id='word_1_240' title='bbox 805 3357 1059 3411; x_wconf 90' lang='lat' dir='ltr'><strong>numinis.</strong></span> 
     </span>
    </p>
   </div>
   <div class='ocr_carea' id='block_1_39' title="bbox 415 3447 1276 3516">
    <p class='ocr_par' dir='ltr' id='par_1_39' title="bbox 415 3447 1276 3516">
     <span class='ocr_line' id='line_1_39' title="bbox 415 3447 1276 3516; baseline -0.001 -14"><span class='ocrx_word' id='word_1_241' title='bbox 415 3448 664 3502; x_wconf 83' lang='lat' dir='ltr'><strong>Habitum</strong></span> <span class='ocrx_word' id='word_1_242' title='bbox 691 3447 1086 3514; x_wconf 88' lang='lat' dir='ltr'><strong>forensem.da,</strong></span> <span class='ocrx_word' id='word_1_243' title='bbox 1113 3461 1276 3516; x_wconf 89' lang='lat' dir='ltr'><strong>puer:</strong></span> 
     </span>
    </p>
   </div>
   <div class='ocr_carea' id='block_1_40' title="bbox 416 3538 1207 3604">
    <p class='ocr_par' dir='ltr' id='par_1_40' title="bbox 416 3538 1207 3604">
     <span class='ocr_line' id='line_1_40' title="bbox 416 3538 1207 3604; baseline 0.001 -12"><span class='ocrx_word' id='word_1_244' title='bbox 416 3538 710 3594; x_wconf 88' lang='lat' dir='ltr'><strong>Dicendum</strong></span> <span class='ocrx_word' id='word_1_245' title='bbox 742 3539 931 3594; x_wconf 88' lang='lat' dir='ltr'><strong>amicis</strong></span> <span class='ocrx_word' id='word_1_246' title='bbox 960 3547 1043 3593; x_wconf 91' lang='lat' dir='ltr'><strong>est</strong></span> <span class='ocrx_word' id='word_1_247' title='bbox 1069 3538 1207 3604; x_wconf 92' lang='lat' dir='ltr'><strong>Ave,</strong></span> 
     </span>
    </p>
   </div>
   <div class='ocr_carea' id='block_1_41' title="bbox 415 3628 1209 3700">
    <p class='ocr_par' dir='ltr' id='par_1_41' title="bbox 415 3628 1209 3700">
     <span class='ocr_line' id='line_1_41' title="bbox 415 3628 1209 3700; baseline -0.001 -16"><span class='ocrx_word' id='word_1_248' title='bbox 415 3628 655 3700; x_wconf 79' lang='lat' dir='ltr'><strong>Valeque</strong></span> <span class='ocrx_word' id='word_1_249' title='bbox 682 3628 825 3700; x_wconf 87' lang='lat' dir='ltr'><strong>quod</strong></span> <span class='ocrx_word' id='word_1_250' title='bbox 853 3630 913 3683; x_wconf 84' lang='lat' dir='ltr'><strong>fit</strong></span> <span class='ocrx_word' id='word_1_251' title='bbox 942 3637 1209 3683; x_wconf 92' lang='lat' dir='ltr'><strong>mutuum.</strong></span> 
     </span>
    </p>
   </div>
   <div class='ocr_carea' id='block_1_42' title="bbox 415 3720 1416 3791">
    <p class='ocr_par' dir='ltr' id='par_1_42' title="bbox 415 3720 1416 3791">
     <span class='ocr_line' id='line_1_42' title="bbox 415 3720 1416 3791; baseline -0.002 -16"><span class='ocrx_word' id='word_1_252' title='bbox 415 3720 567 3788; x_wconf 85' lang='lat' dir='ltr'><strong>Quod</strong></span> <span class='ocrx_word' id='word_1_253' title='bbox 596 3736 717 3777; x_wconf 88' lang='lat' dir='ltr'><strong>cum</strong></span> <span class='ocrx_word' id='word_1_254' title='bbox 753 3736 852 3791; x_wconf 89' lang='lat' dir='ltr'><strong>per</strong></span> <span class='ocrx_word' id='word_1_255' title='bbox 879 3720 1042 3776; x_wconf 77' lang='lat' dir='ltr'><strong>horas</strong></span> <span class='ocrx_word' id='word_1_256' title='bbox 1068 3730 1416 3789; x_wconf 89' lang='lat' dir='ltr'><strong>quatuor.....</strong></span> 
     </span>
    </p>
   </div>
   <div class='ocr_carea' id='block_1_43' title="bbox 418 3816 1077 3884">
    <p class='ocr_par' dir='ltr' id='par_1_43' title="bbox 418 3816 1077 3884">
     <span class='ocr_line' id='line_1_43' title="bbox 418 3816 1077 3884; baseline 0 -13"><span class='ocrx_word' id='word_1_257' title='bbox 418 3816 644 3872; x_wconf 82' lang='lat' dir='ltr'><strong>lnclinet</strong></span> <span class='ocrx_word' id='word_1_258' title='bbox 670 3816 734 3872; x_wconf 91' lang='lat' dir='ltr'><strong>ad</strong></span> <span class='ocrx_word' id='word_1_259' title='bbox 760 3816 1077 3884; x_wconf 88' lang='lat' dir='ltr'><strong>meridiem,</strong></span> 
     </span>
    </p>
   </div>
   <div class='ocr_carea' id='block_1_44' title="bbox 420 3908 1187 3978">
    <p class='ocr_par' dir='ltr' id='par_1_44' title="bbox 420 3908 1187 3978">
     <span class='ocr_line' id='line_1_44' title="bbox 420 3908 1187 3978; baseline -0.001 -15"><span class='ocrx_word' id='word_1_260' title='bbox 420 3908 717 3964; x_wconf 84' lang='lat' dir='ltr'><strong>Monendus</strong></span> <span class='ocrx_word' id='word_1_261' title='bbox 744 3918 832 3965; x_wconf 88' lang='lat' dir='ltr'><strong>est</strong></span> <span class='ocrx_word' id='word_1_262' title='bbox 851 3909 962 3978; x_wconf 90' lang='lat' dir='ltr'><strong>jam</strong></span> <span class='ocrx_word' id='word_1_263' title='bbox 984 3908 1187 3965; x_wconf 85' lang='lat' dir='ltr'><strong>Sosias.</strong></span> 
     </span>
    </p>
   </div>
   <div class='ocr_carea' id='block_1_45' title="bbox 725 4040 1259 4096">
    <p class='ocr_par' dir='ltr' id='par_1_45' title="bbox 725 4040 1259 4096">
     <span class='ocr_line' id='line_1_45' title="bbox 725 4040 1259 4096; baseline -0.004 -1"><span class='ocrx_word' id='word_1_264' title='bbox 725 4040 893 4096; x_wconf 72' lang='lat' dir='ltr'><strong>Lacus</strong></span> <span class='ocrx_word' id='word_1_265' title='bbox 927 4041 1259 4095; x_wconf 74' lang='lat' dir='ltr'><strong>invitationis.</strong></span> 
     </span>
    </p>
   </div>
   <div class='ocr_carea' id='block_1_46' title="bbox 209 4154 1467 4226">
    <p class='ocr_par' dir='ltr' id='par_1_46' title="bbox 209 4154 1467 4226">
     <span class='ocr_line' id='line_1_46' title="bbox 209 4154 1467 4226; baseline -0.001 -14"><span class='ocrx_word' id='word_1_266' title='bbox 209 4156 445 4226; x_wconf 73' lang='lat' dir='ltr'><strong>Tempus</strong></span> <span class='ocrx_word' id='word_1_267' title='bbox 466 4154 722 4211; x_wconf 88' lang='lat' dir='ltr'><strong>vocandis</strong></span> <span class='ocrx_word' id='word_1_268' title='bbox 749 4171 982 4226; x_wconf 88' lang='lat' dir='ltr'><strong>namque</strong></span> <span class='ocrx_word' id='word_1_269' title='bbox 1012 4156 1199 4211; x_wconf 89' lang='lat' dir='ltr'><strong>amicis</strong></span> <span class='ocrx_word' id='word_1_270' title='bbox 1228 4157 1467 4225; x_wconf 89' lang='lat' dir='ltr'><strong>appetit;</strong></span> 
     </span>
    </p>
   </div>
   <div class='ocr_carea' id='block_1_47' title="bbox 208 4247 1405 4317">
    <p class='ocr_par' dir='ltr' id='par_1_47' title="bbox 208 4247 1405 4317">
     <span class='ocr_line' id='line_1_47' title="bbox 208 4247 1405 4317; baseline -0.002 -14"><span class='ocrx_word' id='word_1_271' title='bbox 208 4248 290 4304; x_wconf 87' lang='lat' dir='ltr'><strong>Ne</strong></span> <span class='ocrx_word' id='word_1_272' title='bbox 318 4264 438 4315; x_wconf 90' lang='lat' dir='ltr'><strong>nos,</strong></span> <span class='ocrx_word' id='word_1_273' title='bbox 467 4248 553 4304; x_wconf 90' lang='lat' dir='ltr'><strong>vel</strong></span> <span class='ocrx_word' id='word_1_274' title='bbox 582 4248 679 4313; x_wconf 90' lang='lat' dir='ltr'><strong>illi,</strong></span> <span class='ocrx_word' id='word_1_275' title='bbox 711 4247 1055 4303; x_wconf 87' lang='lat' dir='ltr'><strong>demeremur</strong></span> <span class='ocrx_word' id='word_1_276' title='bbox 1082 4248 1365 4317; x_wconf 90' lang='lat' dir='ltr'><strong>prandium</strong></span> <span class='ocrx_word' id='word_1_277' title='bbox 1392 4266 1405 4301; x_wconf 86' lang='grc'>;</span> 
     </span>
    </p>
   </div>
   <div class='ocr_carea' id='block_1_48' title="bbox 211 4341 1357 4412">
    <p class='ocr_par' dir='ltr' id='par_1_48' title="bbox 211 4341 1357 4412">
     <span class='ocr_line' id='line_1_48' title="bbox 211 4341 1357 4412; baseline 0 -17"><span class='ocrx_word' id='word_1_278' title='bbox 211 4341 449 4411; x_wconf 88' lang='lat' dir='ltr'><strong>Propere</strong></span> <span class='ocrx_word' id='word_1_279' title='bbox 470 4357 566 4411; x_wconf 92' lang='lat' dir='ltr'><strong>per</strong></span> <span class='ocrx_word' id='word_1_280' title='bbox 592 4341 736 4396; x_wconf 58' lang='lat' dir='ltr'><strong>aedes</strong></span> <span class='ocrx_word' id='word_1_281' title='bbox 766 4356 924 4396; x_wconf 90' lang='lat' dir='ltr'><strong>curre</strong></span> <span class='ocrx_word' id='word_1_282' title='bbox 950 4341 1176 4408; x_wconf 87' lang='lat' dir='ltr'><strong>vicinas,</strong></span> <span class='ocrx_word' id='word_1_283' title='bbox 1206 4357 1357 4412; x_wconf 89' lang='lat' dir='ltr'><strong>puer.</strong></span> 
     </span>
    </p>
   </div>
   <div class='ocr_carea' id='block_1_49' title="bbox 210 4432 1613 4503">
    <p class='ocr_par' dir='ltr' id='par_1_49' title="bbox 210 4432 1613 4503">
     <span class='ocr_line' id='line_1_49' title="bbox 210 4432 1613 4503; baseline -0.001 -14"><span class='ocrx_word' id='word_1_284' title='bbox 210 4434 328 4489; x_wconf 87' lang='lat' dir='ltr'><strong>Scis</strong></span> <span class='ocrx_word' id='word_1_285' title='bbox 358 4433 499 4503; x_wconf 87' lang='lat' dir='ltr'><strong>ipse,</strong></span> <span class='ocrx_word' id='word_1_286' title='bbox 528 4433 619 4502; x_wconf 91' lang='lat' dir='ltr'><strong>qui</strong></span> <span class='ocrx_word' id='word_1_287' title='bbox 646 4434 771 4487; x_wconf 90' lang='lat' dir='ltr'><strong>sint.</strong></span> <span class='ocrx_word' id='word_1_288' title='bbox 801 4432 1051 4503; x_wconf 85' lang='lat' dir='ltr'><strong>Jamque,</strong></span> <span class='ocrx_word' id='word_1_289' title='bbox 1081 4433 1207 4488; x_wconf 92' lang='lat' dir='ltr'><strong>dum</strong></span> <span class='ocrx_word' id='word_1_290' title='bbox 1240 4434 1450 4503; x_wconf 89' lang='lat' dir='ltr'><strong>loquor,</strong></span> <span class='ocrx_word' id='word_1_291' title='bbox 1478 4432 1613 4489; x_wconf 90' lang='lat' dir='ltr'><strong>redi.</strong></span> 
     </span>
    </p>
   </div>
   <div class='ocr_carea' id='block_1_50' title="bbox 211 4520 1407 4598">
    <p class='ocr_par' dir='ltr' id='par_1_50' title="bbox 211 4520 1407 4598">
     <span class='ocr_line' id='line_1_50' title="bbox 211 4520 1407 4598; baseline 0.001 -21"><span class='ocrx_word' id='word_1_292' title='bbox 211 4524 466 4594; x_wconf 89' lang='lat' dir='ltr'><strong>Quinque</strong></span> <span class='ocrx_word' id='word_1_293' title='bbox 494 4524 771 4598; x_wconf 83' lang='lat' dir='ltr'><strong>advocavi.</strong></span> <span class='ocrx_word' id='word_1_294' title='bbox 796 4524 901 4579; x_wconf 80' lang='lat' dir='ltr'><strong>Sex</strong></span> <span class='ocrx_word' id='word_1_295' title='bbox 923 4520 1066 4579; x_wconf 87' lang='lat' dir='ltr'><strong>enim</strong></span> <span class='ocrx_word' id='word_1_296' title='bbox 1098 4525 1407 4579; x_wconf 89' lang='lat' dir='ltr'><strong>convivium</strong></span> 
     </span>
    </p>
   </div>
   <div class='ocr_carea' id='block_1_51' title="bbox 210 4615 1504 4687">
    <p class='ocr_par' dir='ltr' id='par_1_51' title="bbox 210 4615 1504 4687">
     <span class='ocr_line' id='line_1_51' title="bbox 210 4615 1504 4687; baseline 0 -16"><span class='ocrx_word' id='word_1_297' title='bbox 210 4615 347 4671; x_wconf 83' lang='lat' dir='ltr'><strong>Cum</strong></span> <span class='ocrx_word' id='word_1_298' title='bbox 374 4616 718 4687; x_wconf 87' lang='lat' dir='ltr'><strong>regejustum</strong></span> <span class='ocrx_word' id='word_1_299' title='bbox 744 4634 755 4667; x_wconf 93' lang='lat'><strong>:</strong></span> <span class='ocrx_word' id='word_1_300' title='bbox 788 4615 832 4670; x_wconf 90' lang='lat' dir='ltr'><strong>si</strong></span> <span class='ocrx_word' id='word_1_301' title='bbox 863 4630 1045 4685; x_wconf 90' lang='lat' dir='ltr'><strong>super,</strong></span> <span class='ocrx_word' id='word_1_302' title='bbox 1078 4617 1378 4671; x_wconf 87' lang='lat' dir='ltr'><strong>convicium</strong></span> <span class='ocrx_word' id='word_1_303' title='bbox 1402 4625 1504 4671; x_wconf 87' lang='lat' dir='ltr'><strong>est.</strong></span> 
     </span>
    </p>
   </div>
   <div class='ocr_carea' id='block_1_52' title="bbox 215 4708 1281 4777">
    <p class='ocr_par' dir='ltr' id='par_1_52' title="bbox 215 4708 1281 4777">
     <span class='ocr_line' id='line_1_52' title="bbox 215 4708 1281 4777; baseline -0.002 -13"><span class='ocrx_word' id='word_1_304' title='bbox 215 4708 382 4777; x_wconf 84' lang='lat' dir='ltr'><strong>Abiit,</strong></span> <span class='ocrx_word' id='word_1_305' title='bbox 409 4710 581 4764; x_wconf 87' lang='lat' dir='ltr'><strong>relicti</strong></span> <span class='ocrx_word' id='word_1_306' title='bbox 613 4724 711 4765; x_wconf 89' lang='lat' dir='ltr'><strong>nos</strong></span> <span class='ocrx_word' id='word_1_307' title='bbox 740 4724 925 4764; x_wconf 90' lang='lat' dir='ltr'><strong>sumus</strong></span> <span class='ocrx_word' id='word_1_308' title='bbox 954 4724 1074 4764; x_wconf 91' lang='lat' dir='ltr'><strong>cum</strong></span> <span class='ocrx_word' id='word_1_309' title='bbox 1105 4709 1281 4764; x_wconf 91' lang='lat' dir='ltr'><strong>Sosia.</strong></span> 
     </span>
    </p>
   </div>
   <div class='ocr_carea' id='block_1_53' title="bbox 671 4821 1329 4892">
    <p class='ocr_par' dir='ltr' id='par_1_53' title="bbox 671 4821 1329 4892">
     <span class='ocr_line' id='line_1_53' title="bbox 671 4821 1329 4892; baseline 0 -16"><span class='ocrx_word' id='word_1_310' title='bbox 671 4821 836 4877; x_wconf 82' lang='lat' dir='ltr'><strong>Locus</strong></span> <span class='ocrx_word' id='word_1_311' title='bbox 864 4822 1137 4877; x_wconf 79' lang='lat' dir='ltr'><strong>ordinandi</strong></span> <span class='ocrx_word' id='word_1_312' title='bbox 1163 4822 1329 4892; x_wconf 82' lang='lat' dir='ltr'><strong>coqui.</strong></span> 
     </span>
    </p>
   </div>
   <div class='ocr_carea' id='block_1_54' title="bbox 216 4930 1783 5004">
    <p class='ocr_par' dir='ltr' id='par_1_54' title="bbox 216 4930 1783 5004">
     <span class='ocr_line' id='line_1_54' title="bbox 216 4930 1783 5004; baseline -0.003 -15"><span class='ocrx_word' id='word_1_313' title='bbox 216 4932 396 4999; x_wconf 86' lang='lat' dir='ltr'><strong>Sosia,</strong></span> <span class='ocrx_word' id='word_1_314' title='bbox 427 4931 798 5004; x_wconf 83' lang='lat' dir='ltr'><strong>prandendum</strong></span> <span class='ocrx_word' id='word_1_315' title='bbox 825 4942 925 4989; x_wconf 83' lang='lat' dir='ltr'><strong>est.</strong></span> <span class='ocrx_word' id='word_1_316' title='bbox 947 4934 1200 5001; x_wconf 88' lang='lat' dir='ltr'><strong>Quartam</strong></span> <span class='ocrx_word' id='word_1_317' title='bbox 1217 4932 1324 5002; x_wconf 89' lang='lat' dir='ltr'><strong>jam</strong></span> <span class='ocrx_word' id='word_1_318' title='bbox 1352 4940 1493 4987; x_wconf 90' lang='lat' dir='ltr'><strong>totus</strong></span> <span class='ocrx_word' id='word_1_319' title='bbox 1515 4930 1569 4985; x_wconf 90' lang='lat' dir='ltr'><strong>in</strong></span> <span class='ocrx_word' id='word_1_320' title='bbox 1598 4930 1783 4985; x_wconf 91' lang='lat' dir='ltr'><strong>horam</strong></span> 
     </span>
    </p>
   </div>
   <div class='ocr_carea' id='block_1_55' title="bbox 1807 4514 1859 4598">
    <p class='ocr_par' dir='ltr' id='par_1_55' title="bbox 1807 4514 1859 4598">
     <span class='ocr_line' id='line_1_55' title="bbox 1807 4514 1859 4598; baseline 0 0"><span class='ocrx_word' id='word_1_321' title='bbox 1807 4514 1859 4598; x_wconf 78' lang='lat' dir='ltr'><strong>b</strong></span> 
     </span>
    </p>
   </div>
   <div class='ocr_carea' id='block_1_56' title="bbox 1918 796 3058 868">
    <p class='ocr_par' dir='ltr' id='par_1_56' title="bbox 1918 796 3058 868">
     <span class='ocr_line' id='line_1_56' title="bbox 1918 796 3058 868; baseline -0.007 -15"><span class='ocrx_word' id='word_1_322' title='bbox 1918 800 2086 868; x_wconf 89' lang='lat' dir='ltr'><strong>Tinge</strong></span> <span class='ocrx_word' id='word_1_323' title='bbox 2114 798 2261 853; x_wconf 87' lang='lat' dir='ltr'><strong>celer</strong></span> <span class='ocrx_word' id='word_1_324' title='bbox 2289 796 2484 866; x_wconf 81' lang='lat' dir='ltr'><strong>digitos</strong></span> <span class='ocrx_word' id='word_1_325' title='bbox 2505 797 2629 867; x_wconf 88' lang='lat' dir='ltr'><strong>jure</strong></span> <span class='ocrx_word' id='word_1_326' title='bbox 2657 797 2869 850; x_wconf 80' lang='lat' dir='ltr'><strong>calente</strong></span> <span class='ocrx_word' id='word_1_327' title='bbox 2899 805 3017 849; x_wconf 91' lang='lat' dir='ltr'><strong>tuos</strong></span> <span class='ocrx_word' id='word_1_328' title='bbox 3047 814 3058 845; x_wconf 89' lang='lat'>:</span> 
     </span>
    </p>
   </div>
   <div class='ocr_carea' id='block_1_57' title="bbox 1851 888 3205 959">
    <p class='ocr_par' dir='ltr' id='par_1_57' title="bbox 1851 888 3205 959">
     <span class='ocr_line' id='line_1_57' title="bbox 1851 888 3205 959; baseline -0.004 -14"><span class='ocrx_word' id='word_1_329' title='bbox 1851 890 2093 946; x_wconf 83' lang='lat' dir='ltr'><strong>Vibranti</strong></span> <span class='ocrx_word' id='word_1_330' title='bbox 2117 889 2319 944; x_wconf 89' lang='lat' dir='ltr'><strong>lambat</strong></span> <span class='ocrx_word' id='word_1_331' title='bbox 2341 904 2477 959; x_wconf 87' lang='lat' dir='ltr'><strong>quos</strong></span> <span class='ocrx_word' id='word_1_332' title='bbox 2506 888 2721 943; x_wconf 92' lang='lat' dir='ltr'><strong>humida</strong></span> <span class='ocrx_word' id='word_1_333' title='bbox 2757 888 2937 956; x_wconf 84' lang='lat' dir='ltr'><strong>lingua</strong></span> <span class='ocrx_word' id='word_1_334' title='bbox 2969 901 3205 942; x_wconf 86' lang='lat' dir='ltr'><strong>recursu.</strong></span> 
     </span>
    </p>
   </div>
   <div class='ocr_carea' id='block_1_58' title="bbox 2388 998 2859 1071">
    <p class='ocr_par' dir='ltr' id='par_1_58' title="bbox 2388 998 2859 1071">
     <span class='ocr_line' id='line_1_58' title="bbox 2388 998 2859 1071; baseline 0.006 -20"><span class='ocrx_word' id='word_1_335' title='bbox 2388 1000 2621 1071; x_wconf 73' lang='lat' dir='ltr'><strong>(Desunt</strong></span> <span class='ocrx_word' id='word_1_336' title='bbox 2652 998 2859 1070; x_wconf 83' lang='lat' dir='ltr'><strong>multa.)</strong></span> 
     </span>
    </p>
   </div>
   <div class='ocr_carea' id='block_1_59' title="bbox 1848 1086 3429 1163">
    <p class='ocr_par' dir='ltr' id='par_1_59' title="bbox 1848 1086 3429 1163">
     <span class='ocr_line' id='line_1_59' title="bbox 1848 1086 3429 1163; baseline -0.003 -14"><span class='ocrx_word' id='word_1_337' title='bbox 1848 1093 2292 1163; x_wconf 85' lang='lat' dir='ltr'><strong>Quadrupedum,</strong></span> <span class='ocrx_word' id='word_1_338' title='bbox 2313 1086 2374 1146; x_wconf 77' lang='lat' dir='ltr'><strong>et</strong></span> <span class='ocrx_word' id='word_1_339' title='bbox 2390 1093 2694 1156; x_wconf 87' lang='lat' dir='ltr'><strong>volucrum,</strong></span> <span class='ocrx_word' id='word_1_340' title='bbox 2712 1090 2798 1145; x_wconf 89' lang='lat' dir='ltr'><strong>vel</strong></span> <span class='ocrx_word' id='word_1_341' title='bbox 2822 1105 2942 1145; x_wconf 90' lang='lat' dir='ltr'><strong>cum</strong></span> <span class='ocrx_word' id='word_1_342' title='bbox 2966 1099 3180 1145; x_wconf 89' lang='lat' dir='ltr'><strong>terrena</strong></span> <span class='ocrx_word' id='word_1_343' title='bbox 3208 1088 3429 1145; x_wconf 86' lang='lat' dir='ltr'><strong>marinis</strong></span> 
     </span>
    </p>
   </div>
   <div class='ocr_carea' id='block_1_60' title="bbox 1851 1183 3289 1254">
    <p class='ocr_par' dir='ltr' id='par_1_60' title="bbox 1851 1183 3289 1254">
     <span class='ocr_line' id='line_1_60' title="bbox 1851 1183 3289 1254; baseline -0.001 -14"><span class='ocrx_word' id='word_1_344' title='bbox 1851 1187 2089 1240; x_wconf 81' lang='lat' dir='ltr'><strong>Monstra</strong></span> <span class='ocrx_word' id='word_1_345' title='bbox 2110 1184 2480 1240; x_wconf 89' lang='lat' dir='ltr'><strong>admiscentur</strong></span> <span class='ocrx_word' id='word_1_346' title='bbox 2512 1202 2523 1235; x_wconf 92' lang='lat'><strong>:</strong></span> <span class='ocrx_word' id='word_1_347' title='bbox 2550 1184 2725 1254; x_wconf 83' lang='lat' dir='ltr'><strong>donec</strong></span> <span class='ocrx_word' id='word_1_348' title='bbox 2754 1183 3106 1253; x_wconf 84' lang='lat' dir='ltr'><strong>purgantibus</strong></span> <span class='ocrx_word' id='word_1_349' title='bbox 3130 1183 3289 1239; x_wconf 88' lang='lat' dir='ltr'><strong>Euris</strong></span> 
     </span>
    </p>
   </div>
   <div class='ocr_carea' id='block_1_61' title="bbox 1851 1272 3155 1343">
    <p class='ocr_par' dir='ltr' id='par_1_61' title="bbox 1851 1272 3155 1343">
     <span class='ocr_line' id='line_1_61' title="bbox 1851 1272 3155 1343; baseline -0.002 -16"><span class='ocrx_word' id='word_1_350' title='bbox 1851 1273 2077 1328; x_wconf 66' lang='lat' dir='ltr'><strong>Dilllatte</strong></span> <span class='ocrx_word' id='word_1_351' title='bbox 2110 1273 2371 1343; x_wconf 90' lang='lat' dir='ltr'><strong>liquidum</strong></span> <span class='ocrx_word' id='word_1_352' title='bbox 2405 1281 2698 1327; x_wconf 89' lang='lat' dir='ltr'><strong>tenuentur</strong></span> <span class='ocrx_word' id='word_1_353' title='bbox 2720 1272 2775 1326; x_wconf 92' lang='lat' dir='ltr'><strong>in</strong></span> <span class='ocrx_word' id='word_1_354' title='bbox 2811 1288 2935 1327; x_wconf 90' lang='lat' dir='ltr'><strong>aera</strong></span> <span class='ocrx_word' id='word_1_355' title='bbox 2967 1274 3155 1327; x_wconf 89' lang='lat' dir='ltr'><strong>nubes.</strong></span> 
     </span>
    </p>
   </div>
   <div class='ocr_carea' id='block_1_62' title="bbox 1852 1364 3303 1433">
    <p class='ocr_par' dir='ltr' id='par_1_62' title="bbox 1852 1364 3303 1433">
     <span class='ocr_line' id='line_1_62' title="bbox 1852 1364 3303 1433; baseline 0 -15"><span class='ocrx_word' id='word_1_356' title='bbox 1852 1364 2000 1419; x_wconf 89' lang='lat' dir='ltr'><strong>Nunc</strong></span> <span class='ocrx_word' id='word_1_357' title='bbox 2027 1364 2163 1430; x_wconf 91' lang='lat' dir='ltr'><strong>fora,</strong></span> <span class='ocrx_word' id='word_1_358' title='bbox 2194 1379 2339 1419; x_wconf 89' lang='lat' dir='ltr'><strong>nunc</strong></span> <span class='ocrx_word' id='word_1_359' title='bbox 2372 1364 2515 1429; x_wconf 82' lang='lat' dir='ltr'><strong>lites,</strong></span> <span class='ocrx_word' id='word_1_360' title='bbox 2550 1364 2657 1418; x_wconf 73' lang='lat' dir='ltr'><strong>lazti</strong></span> <span class='ocrx_word' id='word_1_361' title='bbox 2691 1364 2850 1418; x_wconf 90' lang='lat' dir='ltr'><strong>modo</strong></span> <span class='ocrx_word' id='word_1_362' title='bbox 2883 1379 3076 1433; x_wconf 87' lang='lat' dir='ltr'><strong>pompa</strong></span> <span class='ocrx_word' id='word_1_363' title='bbox 3109 1365 3303 1418; x_wconf 87' lang='lat' dir='ltr'><strong>theatri</strong></span> 
     </span>
    </p>
   </div>
   <div class='ocr_carea' id='block_1_63' title="bbox 1852 1444 3303 1525">
    <p class='ocr_par' dir='ltr' id='par_1_63' title="bbox 1852 1444 3303 1525">
     <span class='ocr_line' id='line_1_63' title="bbox 1852 1444 3303 1525; baseline 0.001 -16"><span class='ocrx_word' id='word_1_364' title='bbox 1852 1456 2074 1510; x_wconf 75' lang='lat' dir='ltr'><strong>Visitur.</strong></span> <span class='ocrx_word' id='word_1_365' title='bbox 2102 1457 2169 1510; x_wconf 87' lang='lat' dir='ltr'><strong>Et</strong></span> <span class='ocrx_word' id='word_1_366' title='bbox 2194 1466 2396 1512; x_wconf 90' lang='lat' dir='ltr'><strong>turmas</strong></span> <span class='ocrx_word' id='word_1_367' title='bbox 2422 1444 2685 1525; x_wconf 85' lang='lat' dir='ltr'><strong>equitum,</strong></span> <span class='ocrx_word' id='word_1_368' title='bbox 2721 1456 3004 1524; x_wconf 84' lang='lat' dir='ltr'><strong>caedesque</strong></span> <span class='ocrx_word' id='word_1_369' title='bbox 3034 1455 3303 1511; x_wconf 88' lang='lat' dir='ltr'><strong>latronum</strong></span> 
     </span>
    </p>
   </div>
   <div class='ocr_carea' id='block_1_64' title="bbox 1852 1547 3252 1618">
    <p class='ocr_par' dir='ltr' id='par_1_64' title="bbox 1852 1547 3252 1618">
     <span class='ocr_line' id='line_1_64' title="bbox 1852 1547 3252 1618; baseline -0.002 -16"><span class='ocrx_word' id='word_1_370' title='bbox 1852 1549 2133 1618; x_wconf 87' lang='lat' dir='ltr'><strong>Perpetior</strong></span> <span class='ocrx_word' id='word_1_371' title='bbox 2167 1564 2181 1601; x_wconf 90' lang='lat'>:</span> <span class='ocrx_word' id='word_1_372' title='bbox 2216 1550 2415 1603; x_wconf 90' lang='lat' dir='ltr'><strong>lacerat</strong></span> <span class='ocrx_word' id='word_1_373' title='bbox 2441 1559 2659 1602; x_wconf 91' lang='lat' dir='ltr'><strong>nostros</strong></span> <span class='ocrx_word' id='word_1_374' title='bbox 2690 1547 2800 1602; x_wconf 86' lang='lat' dir='ltr'><strong>fera</strong></span> <span class='ocrx_word' id='word_1_375' title='bbox 2832 1548 3003 1601; x_wconf 88' lang='lat' dir='ltr'><strong>bellua</strong></span> <span class='ocrx_word' id='word_1_376' title='bbox 3031 1547 3211 1602; x_wconf 88' lang='lat' dir='ltr'><strong>vultus</strong></span> <span class='ocrx_word' id='word_1_377' title='bbox 3240 1566 3252 1599; x_wconf 91' lang='lat'>:</span> 
     </span>
    </p>
   </div>
   <div class='ocr_carea' id='block_1_65' title="bbox 1853 1638 3139 1710">
    <p class='ocr_par' dir='ltr' id='par_1_65' title="bbox 1853 1638 3139 1710">
     <span class='ocr_line' id='line_1_65' title="bbox 1853 1638 3139 1710; baseline -0.002 -17"><span class='ocrx_word' id='word_1_378' title='bbox 1853 1640 1959 1693; x_wconf 84' lang='lat' dir='ltr'><strong>Aut</strong></span> <span class='ocrx_word' id='word_1_379' title='bbox 1991 1642 2041 1693; x_wconf 93' lang='lat' dir='ltr'><strong>in</strong></span> <span class='ocrx_word' id='word_1_380' title='bbox 2074 1640 2364 1710; x_wconf 85' lang='lat' dir='ltr'><strong>sanguinea</strong></span> <span class='ocrx_word' id='word_1_381' title='bbox 2402 1638 2583 1709; x_wconf 88' lang='lat' dir='ltr'><strong>gladio</strong></span> <span class='ocrx_word' id='word_1_382' title='bbox 2614 1653 2927 1707; x_wconf 90' lang='lat' dir='ltr'><strong>grassamur</strong></span> <span class='ocrx_word' id='word_1_383' title='bbox 2954 1652 3139 1693; x_wconf 88' lang='lat' dir='ltr'><strong>arena.</strong></span> 
     </span>
    </p>
   </div>
   <div class='ocr_carea' id='block_1_66' title="bbox 1854 1731 3434 1803">
    <p class='ocr_par' dir='ltr' id='par_1_66' title="bbox 1854 1731 3434 1803">
     <span class='ocr_line' id='line_1_66' title="bbox 1854 1731 3434 1803; baseline -0.004 -13"><span class='ocrx_word' id='word_1_384' title='bbox 1854 1734 1957 1790; x_wconf 84' lang='lat' dir='ltr'><strong>Per</strong></span> <span class='ocrx_word' id='word_1_385' title='bbox 1998 1750 2148 1790; x_wconf 92' lang='lat' dir='ltr'><strong>mare</strong></span> <span class='ocrx_word' id='word_1_386' title='bbox 2170 1734 2501 1803; x_wconf 77' lang='lat' dir='ltr'><strong>navifragum</strong></span> <span class='ocrx_word' id='word_1_387' title='bbox 2538 1732 2759 1803; x_wconf 87' lang='lat' dir='ltr'><strong>gradior</strong></span> <span class='ocrx_word' id='word_1_388' title='bbox 2790 1731 2952 1800; x_wconf 84' lang='lat' dir='ltr'><strong>pedes</strong></span> <span class='ocrx_word' id='word_1_389' title='bbox 2982 1750 2993 1782; x_wconf 91' lang='lat'>:</span> <span class='ocrx_word' id='word_1_390' title='bbox 3020 1742 3075 1787; x_wconf 88' lang='lat' dir='ltr'><strong>et</strong></span> <span class='ocrx_word' id='word_1_391' title='bbox 3108 1732 3242 1786; x_wconf 84' lang='lat' dir='ltr'><strong>freta</strong></span> <span class='ocrx_word' id='word_1_392' title='bbox 3271 1745 3434 1786; x_wconf 89' lang='lat' dir='ltr'><strong>cursu</strong></span> 
     </span>
    </p>
   </div>
   <div class='ocr_carea' id='block_1_67' title="bbox 1779 1823 3251 1893">
    <p class='ocr_par' dir='ltr' id='par_1_67' title="bbox 1779 1823 3251 1893">
     <span class='ocr_line' id='line_1_67' title="bbox 1779 1823 3251 1893; baseline -0.003 -14"><span class='ocrx_word' id='word_1_393' title='bbox 1779 1831 1826 1891; x_wconf 84' lang='grc' dir='ltr'><strong><em>Β</em></strong></span> <span class='ocrx_word' id='word_1_394' title='bbox 1853 1824 2145 1888; x_wconf 85' lang='lat' dir='ltr'><strong>Transilio,</strong></span> <span class='ocrx_word' id='word_1_395' title='bbox 2174 1834 2229 1880; x_wconf 89' lang='lat' dir='ltr'><strong>et</strong></span> <span class='ocrx_word' id='word_1_396' title='bbox 2258 1825 2454 1879; x_wconf 86' lang='lat' dir='ltr'><strong>subitis</strong></span> <span class='ocrx_word' id='word_1_397' title='bbox 2489 1825 2663 1878; x_wconf 89' lang='lat' dir='ltr'><strong>volito</strong></span> <span class='ocrx_word' id='word_1_398' title='bbox 2701 1838 2866 1893; x_wconf 86' lang='lat' dir='ltr'><strong>super</strong></span> <span class='ocrx_word' id='word_1_399' title='bbox 2894 1838 3021 1885; x_wconf 86' lang='lat' dir='ltr'><strong>aera</strong></span> <span class='ocrx_word' id='word_1_400' title='bbox 3051 1823 3251 1892; x_wconf 88' lang='lat' dir='ltr'><strong>pinnis.</strong></span> 
     </span>
    </p>
   </div>
   <div class='ocr_carea' id='block_1_68' title="bbox 1857 1914 3127 1983">
    <p class='ocr_par' dir='ltr' id='par_1_68' title="bbox 1857 1914 3127 1983">
     <span class='ocr_line' id='line_1_68' title="bbox 1857 1914 3127 1983; baseline -0.001 -16"><span class='ocrx_word' id='word_1_401' title='bbox 1857 1914 2106 1969; x_wconf 79' lang='lat' dir='ltr'><strong>Infundas</strong></span> <span class='ocrx_word' id='word_1_402' title='bbox 2134 1915 2294 1969; x_wconf 87' lang='lat' dir='ltr'><strong>etiam</strong></span> <span class='ocrx_word' id='word_1_403' title='bbox 2329 1929 2578 1983; x_wconf 89' lang='lat' dir='ltr'><strong>veneres,</strong></span> <span class='ocrx_word' id='word_1_404' title='bbox 2612 1914 2923 1981; x_wconf 78' lang='lat' dir='ltr'><strong>incestaque</strong></span> <span class='ocrx_word' id='word_1_405' title='bbox 2951 1914 3127 1967; x_wconf 88' lang='lat' dir='ltr'><strong>noetis</strong></span> 
     </span>
    </p>
   </div>
   <div class='ocr_carea' id='block_1_69' title="bbox 1864 2003 3356 2074">
    <p class='ocr_par' dir='ltr' id='par_1_69' title="bbox 1864 2003 3356 2074">
     <span class='ocr_line' id='line_1_69' title="bbox 1864 2003 3356 2074; baseline -0.001 -17"><span class='ocrx_word' id='word_1_406' title='bbox 1864 2004 2160 2069; x_wconf 87' lang='lat' dir='ltr'><strong>Dedecora,</strong></span> <span class='ocrx_word' id='word_1_407' title='bbox 2193 2012 2249 2059; x_wconf 91' lang='lat' dir='ltr'><strong>et</strong></span> <span class='ocrx_word' id='word_1_408' title='bbox 2279 2004 2507 2074; x_wconf 89' lang='lat' dir='ltr'><strong>tragicos</strong></span> <span class='ocrx_word' id='word_1_409' title='bbox 2547 2003 2779 2072; x_wconf 87' lang='lat' dir='ltr'><strong>patimur</strong></span> <span class='ocrx_word' id='word_1_410' title='bbox 2812 2018 2906 2071; x_wconf 92' lang='lat' dir='ltr'><strong>per</strong></span> <span class='ocrx_word' id='word_1_411' title='bbox 2932 2004 3139 2056; x_wconf 82' lang='lat' dir='ltr'><strong>somnia</strong></span> <span class='ocrx_word' id='word_1_412' title='bbox 3167 2010 3356 2057; x_wconf 85' lang='lat' dir='ltr'><strong>coetus.</strong></span> 
     </span>
    </p>
   </div>
   <div class='ocr_carea' id='block_1_70' title="bbox 1863 2093 3363 2163">
    <p class='ocr_par' dir='ltr' id='par_1_70' title="bbox 1863 2093 3363 2163">
     <span class='ocr_line' id='line_1_70' title="bbox 1863 2093 3363 2163; baseline 0 -16"><span class='ocrx_word' id='word_1_413' title='bbox 1863 2093 2172 2162; x_wconf 59' lang='lat' dir='ltr'><strong>Perfugium</strong></span> <span class='ocrx_word' id='word_1_414' title='bbox 2206 2104 2382 2148; x_wconf 87' lang='lat' dir='ltr'><strong>tamen</strong></span> <span class='ocrx_word' id='word_1_415' title='bbox 2416 2102 2518 2159; x_wconf 90' lang='lat' dir='ltr'><strong>est,</strong></span> <span class='ocrx_word' id='word_1_416' title='bbox 2545 2093 2795 2163; x_wconf 87' lang='lat' dir='ltr'><strong>quotiens</strong></span> <span class='ocrx_word' id='word_1_417' title='bbox 2824 2102 3073 2161; x_wconf 89' lang='lat' dir='ltr'><strong>portenta</strong></span> <span class='ocrx_word' id='word_1_418' title='bbox 3106 2108 3363 2163; x_wconf 81' lang='lat' dir='ltr'><strong>saporum</strong></span> 
     </span>
    </p>
   </div>
   <div class='ocr_carea' id='block_1_71' title="bbox 1859 2183 3155 2255">
    <p class='ocr_par' dir='ltr' id='par_1_71' title="bbox 1859 2183 3155 2255">
     <span class='ocr_line' id='line_1_71' title="bbox 1859 2183 3155 2255; baseline 0 -16"><span class='ocrx_word' id='word_1_419' title='bbox 1859 2185 2032 2239; x_wconf 90' lang='lat' dir='ltr'><strong>Solvit</strong></span> <span class='ocrx_word' id='word_1_420' title='bbox 2061 2194 2218 2254; x_wconf 89' lang='lat' dir='ltr'><strong>rupta</strong></span> <span class='ocrx_word' id='word_1_421' title='bbox 2244 2184 2450 2254; x_wconf 89' lang='lat' dir='ltr'><strong>pudore</strong></span> <span class='ocrx_word' id='word_1_422' title='bbox 2476 2184 2652 2255; x_wconf 89' lang='lat' dir='ltr'><strong>quies,</strong></span> <span class='ocrx_word' id='word_1_423' title='bbox 2681 2193 2734 2238; x_wconf 90' lang='lat' dir='ltr'><strong>et</strong></span> <span class='ocrx_word' id='word_1_424' title='bbox 2763 2184 2995 2253; x_wconf 86' lang='lat' dir='ltr'><strong>imagine</strong></span> <span class='ocrx_word' id='word_1_425' title='bbox 3018 2183 3155 2239; x_wconf 77' lang='lat' dir='ltr'><strong>fteda</strong></span> 
     </span>
    </p>
   </div>
   <div class='ocr_carea' id='block_1_72' title="bbox 1860 2275 3345 2346">
    <p class='ocr_par' dir='ltr' id='par_1_72' title="bbox 1860 2275 3345 2346">
     <span class='ocr_line' id='line_1_72' title="bbox 1860 2275 3345 2346; baseline 0 -15"><span class='ocrx_word' id='word_1_426' title='bbox 1860 2277 2055 2332; x_wconf 89' lang='lat' dir='ltr'><strong>Libera</strong></span> <span class='ocrx_word' id='word_1_427' title='bbox 2085 2291 2239 2331; x_wconf 90' lang='lat' dir='ltr'><strong>mens</strong></span> <span class='ocrx_word' id='word_1_428' title='bbox 2266 2277 2449 2346; x_wconf 89' lang='lat' dir='ltr'><strong>vigilat</strong></span> <span class='ocrx_word' id='word_1_429' title='bbox 2484 2295 2494 2327; x_wconf 86' lang='lat'>:</span> <span class='ocrx_word' id='word_1_430' title='bbox 2525 2285 2693 2331; x_wconf 90' lang='lat' dir='ltr'><strong>totum</strong></span> <span class='ocrx_word' id='word_1_431' title='bbox 2723 2277 2862 2331; x_wconf 90' lang='lat' dir='ltr'><strong>bene</strong></span> <span class='ocrx_word' id='word_1_432' title='bbox 2891 2275 3112 2330; x_wconf 90' lang='lat' dir='ltr'><strong>conscia</strong></span> <span class='ocrx_word' id='word_1_433' title='bbox 3146 2275 3345 2331; x_wconf 88' lang='lat' dir='ltr'><strong>lectum</strong></span> 
     </span>
    </p>
   </div>
   <div class='ocr_carea' id='block_1_73' title="bbox 1860 2370 3150 2426">
    <p class='ocr_par' dir='ltr' id='par_1_73' title="bbox 1860 2370 3150 2426">
     <span class='ocr_line' id='line_1_73' title="bbox 1860 2370 3150 2426; baseline -0.002 -1"><span class='ocrx_word' id='word_1_434' title='bbox 1860 2372 2159 2426; x_wconf 87' lang='lat' dir='ltr'><strong>Pertractat</strong></span> <span class='ocrx_word' id='word_1_435' title='bbox 2184 2386 2372 2426; x_wconf 89' lang='lat' dir='ltr'><strong>secura</strong></span> <span class='ocrx_word' id='word_1_436' title='bbox 2410 2386 2616 2426; x_wconf 91' lang='lat' dir='ltr'><strong>manus.</strong></span> <span class='ocrx_word' id='word_1_437' title='bbox 2648 2371 2915 2426; x_wconf 88' lang='lat' dir='ltr'><strong>Probrosa</strong></span> <span class='ocrx_word' id='word_1_438' title='bbox 2946 2370 3150 2426; x_wconf 84' lang='lat' dir='ltr'><strong>recedit</strong></span> 
     </span>
    </p>
   </div>
   <div class='ocr_carea' id='block_1_74' title="bbox 1861 2460 3371 2530">
    <p class='ocr_par' dir='ltr' id='par_1_74' title="bbox 1861 2460 3371 2530">
     <span class='ocr_line' id='line_1_74' title="bbox 1861 2460 3371 2530; baseline 0 -17"><span class='ocrx_word' id='word_1_439' title='bbox 1861 2460 2031 2530; x_wconf 89' lang='lat' dir='ltr'><strong>Culpa</strong></span> <span class='ocrx_word' id='word_1_440' title='bbox 2064 2462 2192 2527; x_wconf 91' lang='lat' dir='ltr'><strong>tori,</strong></span> <span class='ocrx_word' id='word_1_441' title='bbox 2216 2470 2271 2516; x_wconf 91' lang='lat' dir='ltr'><strong>et</strong></span> <span class='ocrx_word' id='word_1_442' title='bbox 2303 2460 2512 2530; x_wconf 81' lang='lat' dir='ltr'><strong>profugi</strong></span> <span class='ocrx_word' id='word_1_443' title='bbox 2543 2462 2873 2515; x_wconf 87' lang='lat' dir='ltr'><strong>minuiscunt</strong></span> <span class='ocrx_word' id='word_1_444' title='bbox 2902 2462 3127 2515; x_wconf 89' lang='lat' dir='ltr'><strong>crimina</strong></span> <span class='ocrx_word' id='word_1_445' title='bbox 3157 2461 3330 2515; x_wconf 87' lang='lat' dir='ltr'><strong>somni</strong></span> <span class='ocrx_word' id='word_1_446' title='bbox 3357 2478 3371 2513; x_wconf 84' lang='lat'><strong>;</strong></span> 
     </span>
    </p>
   </div>
   <div class='ocr_carea' id='block_1_75' title="bbox 1862 2551 3361 2623">
    <p class='ocr_par' dir='ltr' id='par_1_75' title="bbox 1862 2551 3361 2623">
     <span class='ocr_line' id='line_1_75' title="bbox 1862 2551 3361 2623; baseline -0.001 -16"><span class='ocrx_word' id='word_1_447' title='bbox 1862 2551 2058 2617; x_wconf 90' lang='lat' dir='ltr'><strong>Cerno,</strong></span> <span class='ocrx_word' id='word_1_448' title='bbox 2090 2553 2488 2623; x_wconf 85' lang='lat' dir='ltr'><strong>triumphantes</strong></span> <span class='ocrx_word' id='word_1_449' title='bbox 2518 2558 2681 2618; x_wconf 90' lang='lat' dir='ltr'><strong>inter,</strong></span> <span class='ocrx_word' id='word_1_450' title='bbox 2711 2568 2799 2608; x_wconf 90' lang='lat' dir='ltr'><strong>me</strong></span> <span class='ocrx_word' id='word_1_451' title='bbox 2820 2553 3077 2623; x_wconf 90' lang='lat' dir='ltr'><strong>plaudere</strong></span> <span class='ocrx_word' id='word_1_452' title='bbox 3104 2568 3119 2607; x_wconf 87' lang='lat'><strong>:</strong></span> <span class='ocrx_word' id='word_1_453' title='bbox 3149 2567 3361 2607; x_wconf 79' lang='lat' dir='ltr'><strong>rursum</strong></span> 
     </span>
    </p>
   </div>
   <div class='ocr_carea' id='block_1_76' title="bbox 1866 2643 3087 2714">
    <p class='ocr_par' dir='ltr' id='par_1_76' title="bbox 1866 2643 3087 2714">
     <span class='ocr_line' id='line_1_76' title="bbox 1866 2643 3087 2714; baseline 0.001 -16"><span class='ocrx_word' id='word_1_454' title='bbox 1866 2643 2015 2699; x_wconf 86' lang='lat' dir='ltr'><strong>Inter</strong></span> <span class='ocrx_word' id='word_1_455' title='bbox 2044 2646 2291 2714; x_wconf 87' lang='lat' dir='ltr'><strong>captivos</strong></span> <span class='ocrx_word' id='word_1_456' title='bbox 2322 2644 2509 2700; x_wconf 87' lang='lat' dir='ltr'><strong>trahor</strong></span> <span class='ocrx_word' id='word_1_457' title='bbox 2529 2656 2840 2701; x_wconf 79' lang='lat' dir='ltr'><strong>exarmatus</strong></span> <span class='ocrx_word' id='word_1_458' title='bbox 2862 2645 3087 2701; x_wconf 83' lang='lat' dir='ltr'><strong>Alanos.</strong></span> 
     </span>
    </p>
   </div>
   <div class='ocr_carea' id='block_1_77' title="bbox 1809 2724 3382 2807">
    <p class='ocr_par' dir='ltr' id='par_1_77' title="bbox 1809 2724 3382 2807">
     <span class='ocr_line' id='line_1_77' title="bbox 1809 2724 3382 2807; baseline 0.003 -20"><span class='ocrx_word' id='word_1_459' title='bbox 1809 2724 1813 2729; x_wconf 73' lang='grc'><em>’</em></span> <span class='ocrx_word' id='word_1_460' title='bbox 1868 2734 2089 2804; x_wconf 89' lang='lat' dir='ltr'><strong>Templa</strong></span> <span class='ocrx_word' id='word_1_461' title='bbox 2118 2736 2276 2791; x_wconf 87' lang='lat' dir='ltr'><strong>deum</strong></span> <span class='ocrx_word' id='word_1_462' title='bbox 2297 2781 2311 2804; x_wconf 95' lang='lat'><strong>,</strong></span> <span class='ocrx_word' id='word_1_463' title='bbox 2338 2746 2661 2805; x_wconf 77' lang='lat' dir='ltr'><strong>sanctasque</strong></span> <span class='ocrx_word' id='word_1_464' title='bbox 2690 2739 2852 2801; x_wconf 88' lang='lat' dir='ltr'><strong>fores,</strong></span> <span class='ocrx_word' id='word_1_465' title='bbox 2887 2739 3193 2807; x_wconf 88' lang='lat' dir='ltr'><strong>palatiaque</strong></span> <span class='ocrx_word' id='word_1_466' title='bbox 3220 2753 3382 2793; x_wconf 88' lang='lat' dir='ltr'><strong>aurea</strong></span> 
     </span>
    </p>
   </div>
   <div class='ocr_carea' id='block_1_78' title="bbox 1867 2830 3313 2899">
    <p class='ocr_par' dir='ltr' id='par_1_78' title="bbox 1867 2830 3313 2899">
     <span class='ocr_line' id='line_1_78' title="bbox 1867 2830 3313 2899; baseline 0.003 -15"><span class='ocrx_word' id='word_1_467' title='bbox 1867 2830 2090 2899; x_wconf 88' lang='lat' dir='ltr'><strong>Specto,</strong></span> <span class='ocrx_word' id='word_1_468' title='bbox 2120 2840 2172 2887; x_wconf 86' lang='lat' dir='ltr'><strong>et</strong></span> <span class='ocrx_word' id='word_1_469' title='bbox 2199 2832 2436 2887; x_wconf 88' lang='lat' dir='ltr'><strong>Sarrano</strong></span> <span class='ocrx_word' id='word_1_470' title='bbox 2460 2834 2645 2888; x_wconf 89' lang='lat' dir='ltr'><strong>videor</strong></span> <span class='ocrx_word' id='word_1_471' title='bbox 2671 2834 3013 2889; x_wconf 75' lang='lat' dir='ltr'><strong>discumbere</strong></span> <span class='ocrx_word' id='word_1_472' title='bbox 3046 2835 3097 2893; x_wconf 90' lang='lat' dir='ltr'><strong>in</strong></span> <span class='ocrx_word' id='word_1_473' title='bbox 3129 2845 3313 2890; x_wconf 88' lang='lat' dir='ltr'><strong>ostro:</strong></span> 
     </span>
    </p>
   </div>
   <div class='ocr_carea' id='block_1_79' title="bbox 1871 2918 3146 2995">
    <p class='ocr_par' dir='ltr' id='par_1_79' title="bbox 1871 2918 3146 2995">
     <span class='ocr_line' id='line_1_79' title="bbox 1871 2918 3146 2995; baseline 0.003 -20"><span class='ocrx_word' id='word_1_474' title='bbox 1871 2922 1935 2975; x_wconf 88' lang='lat' dir='ltr'><strong>Et</strong></span> <span class='ocrx_word' id='word_1_475' title='bbox 1967 2936 2089 2975; x_wconf 81' lang='lat' dir='ltr'><strong>mox</strong></span> <span class='ocrx_word' id='word_1_476' title='bbox 2121 2922 2343 2978; x_wconf 87' lang='lat' dir='ltr'><strong>fumosis</strong></span> <span class='ocrx_word' id='word_1_477' title='bbox 2369 2924 2596 2979; x_wconf 76' lang='lat' dir='ltr'><strong>conviva</strong></span> <span class='ocrx_word' id='word_1_478' title='bbox 2626 2925 2888 2980; x_wconf 87' lang='lat' dir='ltr'><strong>accumbe</strong></span> <span class='ocrx_word' id='word_1_479' title='bbox 2912 2918 3146 2995; x_wconf 88' lang='lat' dir='ltr'><strong>p0pinis.</strong></span> 
     </span>
    </p>
   </div>
   <div class='ocr_carea' id='block_1_80' title="bbox 1943 3013 3344 3084">
    <p class='ocr_par' dir='ltr' id='par_1_80' title="bbox 1943 3013 3344 3084">
     <span class='ocr_line' id='line_1_80' title="bbox 1943 3013 3344 3084; baseline 0.004 -17"><span class='ocrx_word' id='word_1_480' title='bbox 1943 3013 2189 3067; x_wconf 88' lang='lat' dir='ltr'><strong>Divinum</strong></span> <span class='ocrx_word' id='word_1_481' title='bbox 2212 3014 2503 3084; x_wconf 83' lang='lat' dir='ltr'><strong>perhibent</strong></span> <span class='ocrx_word' id='word_1_482' title='bbox 2537 3021 2737 3081; x_wconf 80' lang='lat' dir='ltr'><strong>vatem,</strong></span> <span class='ocrx_word' id='word_1_483' title='bbox 2771 3016 2874 3070; x_wconf 91' lang='lat' dir='ltr'><strong>sub</strong></span> <span class='ocrx_word' id='word_1_484' title='bbox 2901 3016 3182 3071; x_wconf 89' lang='lat' dir='ltr'><strong>frondibus</strong></span> <span class='ocrx_word' id='word_1_485' title='bbox 3214 3018 3344 3073; x_wconf 90' lang='lat' dir='ltr'><strong>ulmi</strong></span> 
     </span>
    </p>
   </div>
   <div class='ocr_carea' id='block_1_81' title="bbox 1875 3102 3245 3177">
    <p class='ocr_par' dir='ltr' id='par_1_81' title="bbox 1875 3102 3245 3177">
     <span class='ocr_line' id='line_1_81' title="bbox 1875 3102 3245 3177; baseline 0.005 -22"><span class='ocrx_word' id='word_1_486' title='bbox 1875 3102 2020 3156; x_wconf 74' lang='lat' dir='ltr'><strong>Vana</strong></span> <span class='ocrx_word' id='word_1_487' title='bbox 2052 3104 2362 3174; x_wconf 89' lang='lat' dir='ltr'><strong>ignavorum</strong></span> <span class='ocrx_word' id='word_1_488' title='bbox 2392 3106 2683 3160; x_wconf 85' lang='lat' dir='ltr'><strong>simulacra</strong></span> <span class='ocrx_word' id='word_1_489' title='bbox 2716 3106 2923 3161; x_wconf 90' lang='lat' dir='ltr'><strong>locasse</strong></span> <span class='ocrx_word' id='word_1_490' title='bbox 2963 3122 3245 3177; x_wconf 87' lang='lat' dir='ltr'><strong>seporum,</strong></span> 
     </span>
    </p>
   </div>
   <div class='ocr_carea' id='block_1_82' title="bbox 1796 3187 3340 3268">
    <p class='ocr_par' dir='ltr' id='par_1_82' title="bbox 1796 3187 3340 3268">
     <span class='ocr_line' id='line_1_82' title="bbox 1796 3187 3340 3268; baseline 0.005 -20"><span class='ocrx_word' id='word_1_491' title='bbox 1796 3187 1843 3249; x_wconf 89' lang='lat' dir='ltr'><strong>C</strong></span> <span class='ocrx_word' id='word_1_492' title='bbox 1874 3195 1943 3249; x_wconf 89' lang='lat' dir='ltr'><strong>Et</strong></span> <span class='ocrx_word' id='word_1_493' title='bbox 1969 3197 2214 3265; x_wconf 88' lang='lat' dir='ltr'><strong>geminas</strong></span> <span class='ocrx_word' id='word_1_494' title='bbox 2242 3212 2469 3251; x_wconf 92' lang='lat' dir='ltr'><strong>numero</strong></span> <span class='ocrx_word' id='word_1_495' title='bbox 2493 3208 2675 3266; x_wconf 90' lang='lat' dir='ltr'><strong>portas</strong></span> <span class='ocrx_word' id='word_1_496' title='bbox 2707 3217 2717 3250; x_wconf 92' lang='lat'><strong>:</strong></span> <span class='ocrx_word' id='word_1_497' title='bbox 2749 3214 2868 3268; x_wconf 76' lang='lat' dir='ltr'><strong>quae</strong></span> <span class='ocrx_word' id='word_1_498' title='bbox 2892 3199 3100 3254; x_wconf 85' lang='lat' dir='ltr'><strong>fornice</strong></span> <span class='ocrx_word' id='word_1_499' title='bbox 3129 3199 3340 3255; x_wconf 89' lang='lat' dir='ltr'><strong>eburno</strong></span> 
     </span>
    </p>
   </div>
   <div class='ocr_carea' id='block_1_83' title="bbox 1872 3287 3270 3360">
    <p class='ocr_par' dir='ltr' id='par_1_83' title="bbox 1872 3287 3270 3360">
     <span class='ocr_line' id='line_1_83' title="bbox 1872 3287 3270 3360; baseline 0.001 -18"><span class='ocrx_word' id='word_1_500' title='bbox 1872 3287 2102 3357; x_wconf 91' lang='lat' dir='ltr'><strong>Semper</strong></span> <span class='ocrx_word' id='word_1_501' title='bbox 2132 3288 2355 3344; x_wconf 89' lang='lat' dir='ltr'><strong>fallaces</strong></span> <span class='ocrx_word' id='word_1_502' title='bbox 2384 3289 2652 3357; x_wconf 89' lang='lat' dir='ltr'><strong>glomerat</strong></span> <span class='ocrx_word' id='word_1_503' title='bbox 2672 3304 2837 3360; x_wconf 89' lang='lat' dir='ltr'><strong>super</strong></span> <span class='ocrx_word' id='word_1_504' title='bbox 2862 3306 2992 3345; x_wconf 90' lang='lat' dir='ltr'><strong>aera</strong></span> <span class='ocrx_word' id='word_1_505' title='bbox 3026 3292 3231 3347; x_wconf 89' lang='lat' dir='ltr'><strong>formas</strong></span> <span class='ocrx_word' id='word_1_506' title='bbox 3258 3311 3270 3343; x_wconf 92' lang='lat'><strong><em>:</em></strong></span> 
     </span>
    </p>
   </div>
   <div class='ocr_carea' id='block_1_84' title="bbox 1871 3377 3057 3448">
    <p class='ocr_par' dir='ltr' id='par_1_84' title="bbox 1871 3377 3057 3448">
     <span class='ocr_line' id='line_1_84' title="bbox 1871 3377 3057 3448; baseline 0.002 -17"><span class='ocrx_word' id='word_1_507' title='bbox 1871 3377 2078 3443; x_wconf 90' lang='lat' dir='ltr'><strong>Altera,</strong></span> <span class='ocrx_word' id='word_1_508' title='bbox 2110 3378 2231 3448; x_wconf 75' lang='lat' dir='ltr'><strong>quai</strong></span> <span class='ocrx_word' id='word_1_509' title='bbox 2258 3393 2417 3433; x_wconf 91' lang='lat' dir='ltr'><strong>veros</strong></span> <span class='ocrx_word' id='word_1_510' title='bbox 2443 3382 2639 3434; x_wconf 90' lang='lat' dir='ltr'><strong>emittit</strong></span> <span class='ocrx_word' id='word_1_511' title='bbox 2662 3395 2861 3434; x_wconf 92' lang='lat' dir='ltr'><strong>cornea</strong></span> <span class='ocrx_word' id='word_1_512' title='bbox 2892 3380 3057 3435; x_wconf 85' lang='lat' dir='ltr'><strong>visus.</strong></span> 
     </span>
    </p>
   </div>
   <div class='ocr_carea' id='block_1_85' title="bbox 1872 3472 3143 3543">
    <p class='ocr_par' dir='ltr' id='par_1_85' title="bbox 1872 3472 3143 3543">
     <span class='ocr_line' id='line_1_85' title="bbox 1872 3472 3143 3543; baseline -0.002 -16"><span class='ocrx_word' id='word_1_513' title='bbox 1872 3472 2023 3539; x_wconf 89' lang='lat' dir='ltr'><strong>Quod</strong></span> <span class='ocrx_word' id='word_1_514' title='bbox 2049 3472 2093 3526; x_wconf 92' lang='lat' dir='ltr'><strong>si</strong></span> <span class='ocrx_word' id='word_1_515' title='bbox 2121 3472 2188 3527; x_wconf 87' lang='lat' dir='ltr'><strong>de</strong></span> <span class='ocrx_word' id='word_1_516' title='bbox 2220 3472 2400 3527; x_wconf 89' lang='lat' dir='ltr'><strong>dubiis</strong></span> <span class='ocrx_word' id='word_1_517' title='bbox 2421 3472 2741 3528; x_wconf 89' lang='lat' dir='ltr'><strong>conceditur</strong></span> <span class='ocrx_word' id='word_1_518' title='bbox 2770 3473 2923 3543; x_wconf 90' lang='lat' dir='ltr'><strong>optio</strong></span> <span class='ocrx_word' id='word_1_519' title='bbox 2945 3475 3104 3529; x_wconf 88' lang='lat' dir='ltr'><strong>nobis</strong></span> <span class='ocrx_word' id='word_1_520' title='bbox 3132 3494 3143 3525; x_wconf 83' lang='lat'>:</span> 
     </span>
    </p>
   </div>
   <div class='ocr_carea' id='block_1_86' title="bbox 1878 3562 3268 3633">
    <p class='ocr_par' dir='ltr' id='par_1_86' title="bbox 1878 3562 3268 3633">
     <span class='ocr_line' id='line_1_86' title="bbox 1878 3562 3268 3633; baseline 0.004 -20"><span class='ocrx_word' id='word_1_521' title='bbox 1878 3564 2085 3617; x_wconf 77' lang='lat' dir='ltr'><strong>ncesse.</strong></span> <span class='ocrx_word' id='word_1_522' title='bbox 2106 3562 2262 3617; x_wconf 88' lang='lat' dir='ltr'><strong>fidem</strong></span> <span class='ocrx_word' id='word_1_523' title='bbox 2294 3563 2428 3617; x_wconf 62' lang='lat' dir='ltr'><strong>laetis</strong></span> <span class='ocrx_word' id='word_1_524' title='bbox 2458 3563 2678 3630; x_wconf 88' lang='lat' dir='ltr'><strong>melius,</strong></span> <span class='ocrx_word' id='word_1_525' title='bbox 2711 3580 2873 3633; x_wconf 88' lang='lat' dir='ltr'><strong>quam</strong></span> <span class='ocrx_word' id='word_1_526' title='bbox 2901 3580 3033 3619; x_wconf 89' lang='lat' dir='ltr'><strong>vana</strong></span> <span class='ocrx_word' id='word_1_527' title='bbox 3072 3567 3268 3621; x_wconf 88' lang='lat' dir='ltr'><strong>timeri.</strong></span> 
     </span>
    </p>
   </div>
   <div class='ocr_carea' id='block_1_87' title="bbox 1876 3651 3427 3731">
    <p class='ocr_par' dir='ltr' id='par_1_87' title="bbox 1876 3651 3427 3731">
     <span class='ocr_line' id='line_1_87' title="bbox 1876 3651 3427 3731; baseline 0.006 -26"><span class='ocrx_word' id='word_1_528' title='bbox 1876 3651 2015 3706; x_wconf 88' lang='lat' dir='ltr'><strong>Ecce</strong></span> <span class='ocrx_word' id='word_1_529' title='bbox 2039 3667 2139 3722; x_wconf 86' lang='lat' dir='ltr'><strong>ego</strong></span> <span class='ocrx_word' id='word_1_530' title='bbox 2161 3652 2272 3720; x_wconf 92' lang='lat' dir='ltr'><strong>jam</strong></span> <span class='ocrx_word' id='word_1_531' title='bbox 2303 3654 2487 3707; x_wconf 94' lang='lat' dir='ltr'><strong>malim</strong></span> <span class='ocrx_word' id='word_1_532' title='bbox 2521 3653 2632 3705; x_wconf 82' lang='lat' dir='ltr'><strong>falli</strong></span> <span class='ocrx_word' id='word_1_533' title='bbox 2666 3671 2676 3705; x_wconf 93' lang='lat'>:</span> <span class='ocrx_word' id='word_1_534' title='bbox 2709 3669 2855 3719; x_wconf 89' lang='lat' dir='ltr'><strong>nam,</strong></span> <span class='ocrx_word' id='word_1_535' title='bbox 2886 3654 3183 3711; x_wconf 92' lang='lat' dir='ltr'><strong>dummodo</strong></span> <span class='ocrx_word' id='word_1_536' title='bbox 3209 3673 3427 3731; x_wconf 88' lang='lat' dir='ltr'><strong>semper</strong></span> 
     </span>
    </p>
   </div>
   <div class='ocr_carea' id='block_1_88' title="bbox 1876 3740 3199 3815">
    <p class='ocr_par' dir='ltr' id='par_1_88' title="bbox 1876 3740 3199 3815">
     <span class='ocr_line' id='line_1_88' title="bbox 1876 3740 3199 3815; baseline 0.005 -20"><span class='ocrx_word' id='word_1_537' title='bbox 1876 3740 2076 3815; x_wconf 78' lang='lat' dir='ltr'><strong>Tristia</strong></span> <span class='ocrx_word' id='word_1_538' title='bbox 2101 3751 2414 3806; x_wconf 90' lang='lat' dir='ltr'><strong>vanescant,</strong></span> <span class='ocrx_word' id='word_1_539' title='bbox 2449 3744 2626 3811; x_wconf 90' lang='lat' dir='ltr'><strong>potius</strong></span> <span class='ocrx_word' id='word_1_540' title='bbox 2664 3744 2904 3798; x_wconf 90' lang='lat' dir='ltr'><strong>caruisse</strong></span> <span class='ocrx_word' id='word_1_541' title='bbox 2934 3744 3199 3812; x_wconf 91' lang='lat' dir='ltr'><strong>fruendis,</strong></span> 
     </span>
    </p>
   </div>
   <div class='ocr_carea' id='block_1_89' title="bbox 1876 3832 3449 3903">
    <p class='ocr_par' dir='ltr' id='par_1_89' title="bbox 1876 3832 3449 3903">
     <span class='ocr_line' id='line_1_89' title="bbox 1876 3832 3449 3903; baseline 0.004 -17"><span class='ocrx_word' id='word_1_542' title='bbox 1876 3832 2048 3899; x_wconf 90' lang='lat' dir='ltr'><strong>Quam</strong></span> <span class='ocrx_word' id='word_1_543' title='bbox 2071 3832 2343 3901; x_wconf 91' lang='lat' dir='ltr'><strong>trepidare</strong></span> <span class='ocrx_word' id='word_1_544' title='bbox 2365 3834 2540 3888; x_wconf 91' lang='lat' dir='ltr'><strong>malis.</strong></span> <span class='ocrx_word' id='word_1_545' title='bbox 2564 3834 2706 3889; x_wconf 90' lang='lat' dir='ltr'><strong>Satis</strong></span> <span class='ocrx_word' id='word_1_546' title='bbox 2727 3844 2809 3888; x_wconf 91' lang='lat' dir='ltr'><strong>est</strong></span> <span class='ocrx_word' id='word_1_547' title='bbox 2829 3835 2991 3903; x_wconf 90' lang='lat' dir='ltr'><strong>bene,</strong></span> <span class='ocrx_word' id='word_1_548' title='bbox 3023 3837 3069 3891; x_wconf 90' lang='lat' dir='ltr'><strong>si</strong></span> <span class='ocrx_word' id='word_1_549' title='bbox 3094 3846 3268 3894; x_wconf 85' lang='lat' dir='ltr'><strong>metus</strong></span> <span class='ocrx_word' id='word_1_550' title='bbox 3286 3839 3449 3895; x_wconf 91' lang='lat' dir='ltr'><strong>absit.</strong></span> 
     </span>
    </p>
   </div>
   <div class='ocr_carea' id='block_1_90' title="bbox 1878 3920 3129 3994">
    <p class='ocr_par' dir='ltr' id='par_1_90' title="bbox 1878 3920 3129 3994">
     <span class='ocr_line' id='line_1_90' title="bbox 1878 3920 3129 3994; baseline 0.003 -17"><span class='ocrx_word' id='word_1_551' title='bbox 1878 3920 2018 3977; x_wconf 90' lang='lat' dir='ltr'><strong>Sunt</strong></span> <span class='ocrx_word' id='word_1_552' title='bbox 2047 3931 2100 3978; x_wconf 90' lang='lat' dir='ltr'><strong>et</strong></span> <span class='ocrx_word' id='word_1_553' title='bbox 2126 3922 2214 3993; x_wconf 90' lang='lat' dir='ltr'><strong>qui</strong></span> <span class='ocrx_word' id='word_1_554' title='bbox 2245 3924 2427 3987; x_wconf 84' lang='lat' dir='ltr'><strong>ﬂetus,</strong></span> <span class='ocrx_word' id='word_1_555' title='bbox 2460 3933 2514 3978; x_wconf 89' lang='lat' dir='ltr'><strong>et</strong></span> <span class='ocrx_word' id='word_1_556' title='bbox 2541 3924 2737 3994; x_wconf 90' lang='lat' dir='ltr'><strong>gaudia</strong></span> <span class='ocrx_word' id='word_1_557' title='bbox 2777 3935 3129 3990; x_wconf 83' lang='lat' dir='ltr'><strong>controversa</strong></span> 
     </span>
    </p>
   </div>
   <div class='ocr_carea' id='block_1_91' title="bbox 1876 4015 3201 4086">
    <p class='ocr_par' dir='ltr' id='par_1_91' title="bbox 1876 4015 3201 4086">
     <span class='ocr_line' id='line_1_91' title="bbox 1876 4015 3201 4086; baseline 0.003 -16"><span class='ocrx_word' id='word_1_558' title='bbox 1876 4015 2199 4085; x_wconf 90' lang='lat' dir='ltr'><strong>Conjectent</strong></span> <span class='ocrx_word' id='word_1_559' title='bbox 2227 4033 2239 4067; x_wconf 90' lang='lat'><strong>:</strong></span> <span class='ocrx_word' id='word_1_560' title='bbox 2271 4017 2529 4086; x_wconf 87' lang='lat' dir='ltr'><strong>varioque</strong></span> <span class='ocrx_word' id='word_1_561' title='bbox 2562 4018 2777 4071; x_wconf 88' lang='lat' dir='ltr'><strong>trahant</strong></span> <span class='ocrx_word' id='word_1_562' title='bbox 2796 4027 2986 4073; x_wconf 88' lang='lat' dir='ltr'><strong>eventa</strong></span> <span class='ocrx_word' id='word_1_563' title='bbox 3009 4021 3201 4074; x_wconf 91' lang='lat' dir='ltr'><strong>relatu.</strong></span> 
     </span>
    </p>
   </div>
   <div class='ocr_carea' id='block_1_92' title="bbox 1880 4106 3233 4179">
    <p class='ocr_par' dir='ltr' id='par_1_92' title="bbox 1880 4106 3233 4179">
     <span class='ocr_line' id='line_1_92' title="bbox 1880 4106 3233 4179; baseline 0.003 -18"><span class='ocrx_word' id='word_1_564' title='bbox 1880 4106 1957 4162; x_wconf 87' lang='lat' dir='ltr'><strong>Ite</strong></span> <span class='ocrx_word' id='word_1_565' title='bbox 1981 4122 2076 4177; x_wconf 91' lang='lat' dir='ltr'><strong>per</strong></span> <span class='ocrx_word' id='word_1_566' title='bbox 2098 4107 2347 4177; x_wconf 91' lang='lat' dir='ltr'><strong>obliquos</strong></span> <span class='ocrx_word' id='word_1_567' title='bbox 2379 4108 2523 4173; x_wconf 61' lang='lat' dir='ltr'><strong>cali,</strong></span> <span class='ocrx_word' id='word_1_568' title='bbox 2553 4109 2691 4162; x_wconf 88' lang='lat' dir='ltr'><strong>mala</strong></span> <span class='ocrx_word' id='word_1_569' title='bbox 2721 4109 2947 4176; x_wconf 86' lang='lat' dir='ltr'><strong>somnia,</strong></span> <span class='ocrx_word' id='word_1_570' title='bbox 2986 4111 3233 4179; x_wconf 89' lang='lat' dir='ltr'><strong>mundos,</strong></span> 
     </span>
    </p>
   </div>
   <div class='ocr_carea' id='block_1_93' title="bbox 1881 4197 3095 4268">
    <p class='ocr_par' dir='ltr' id='par_1_93' title="bbox 1881 4197 3095 4268">
     <span class='ocr_line' id='line_1_93' title="bbox 1881 4197 3095 4268; baseline 0.002 -18"><span class='ocrx_word' id='word_1_571' title='bbox 1881 4197 2175 4268; x_wconf 89' lang='lat' dir='ltr'><strong>lrrequieta</strong></span> <span class='ocrx_word' id='word_1_572' title='bbox 2201 4199 2321 4267; x_wconf 89' lang='lat' dir='ltr'><strong>vagi</strong></span> <span class='ocrx_word' id='word_1_573' title='bbox 2349 4213 2451 4267; x_wconf 91' lang='lat' dir='ltr'><strong>qua</strong></span> <span class='ocrx_word' id='word_1_574' title='bbox 2478 4197 2689 4253; x_wconf 83' lang='lat' dir='ltr'><strong>difﬂaut</strong></span> <span class='ocrx_word' id='word_1_575' title='bbox 2711 4199 2885 4254; x_wconf 78' lang='lat' dir='ltr'><strong>nubila</strong></span> <span class='ocrx_word' id='word_1_576' title='bbox 2910 4202 3095 4255; x_wconf 89' lang='lat' dir='ltr'><strong>nimbi.</strong></span> 
     </span>
    </p>
   </div>
   <div class='ocr_carea' id='block_1_94' title="bbox 1882 4287 3197 4357">
    <p class='ocr_par' dir='ltr' id='par_1_94' title="bbox 1882 4287 3197 4357">
     <span class='ocr_line' id='line_1_94' title="bbox 1882 4287 3197 4357; baseline 0.005 -16"><span class='ocrx_word' id='word_1_577' title='bbox 1882 4287 2126 4343; x_wconf 88' lang='lat' dir='ltr'><strong>Lunares</strong></span> <span class='ocrx_word' id='word_1_578' title='bbox 2156 4287 2392 4343; x_wconf 89' lang='lat' dir='ltr'><strong>habilate</strong></span> <span class='ocrx_word' id='word_1_579' title='bbox 2419 4290 2589 4357; x_wconf 91' lang='lat' dir='ltr'><strong>polos.</strong></span> <span class='ocrx_word' id='word_1_580' title='bbox 2624 4290 2760 4357; x_wconf 87' lang='lat' dir='ltr'><strong>Quid</strong></span> <span class='ocrx_word' id='word_1_581' title='bbox 2792 4301 2972 4345; x_wconf 89' lang='lat' dir='ltr'><strong>nostra</strong></span> <span class='ocrx_word' id='word_1_582' title='bbox 3002 4292 3197 4347; x_wconf 89' lang='lat' dir='ltr'><strong>subitis</strong></span> 
     </span>
    </p>
   </div>
   <div class='ocr_carea' id='block_1_95' title="bbox 1881 4381 3175 4452">
    <p class='ocr_par' dir='ltr' id='par_1_95' title="bbox 1881 4381 3175 4452">
     <span class='ocr_line' id='line_1_95' title="bbox 1881 4381 3175 4452; baseline 0 -17"><span class='ocrx_word' id='word_1_583' title='bbox 1881 4381 2112 4447; x_wconf 89' lang='lat' dir='ltr'><strong>Limina,</strong></span> <span class='ocrx_word' id='word_1_584' title='bbox 2146 4390 2201 4436; x_wconf 88' lang='lat' dir='ltr'><strong>et</strong></span> <span class='ocrx_word' id='word_1_585' title='bbox 2229 4382 2442 4452; x_wconf 88' lang='lat' dir='ltr'><strong>angusti</strong></span> <span class='ocrx_word' id='word_1_586' title='bbox 2469 4383 2757 4437; x_wconf 85' lang='lat' dir='ltr'><strong>tenebrosa</strong></span> <span class='ocrx_word' id='word_1_587' title='bbox 2789 4384 2985 4436; x_wconf 88' lang='lat' dir='ltr'><strong>cubilia</strong></span> <span class='ocrx_word' id='word_1_588' title='bbox 3017 4384 3175 4439; x_wconf 85' lang='lat' dir='ltr'><strong>lecti?</strong></span> 
     </span>
    </p>
   </div>
   <div class='ocr_carea' id='block_1_96' title="bbox 1882 4473 3234 4542">
    <p class='ocr_par' dir='ltr' id='par_1_96' title="bbox 1882 4473 3234 4542">
     <span class='ocr_line' id='line_1_96' title="bbox 1882 4473 3234 4542; baseline 0.001 -14"><span class='ocrx_word' id='word_1_589' title='bbox 1882 4474 1963 4529; x_wconf 83' lang='lat' dir='ltr'><strong>Me</strong></span> <span class='ocrx_word' id='word_1_590' title='bbox 1990 4474 2148 4529; x_wconf 88' lang='lat' dir='ltr'><strong>sinite</strong></span> <span class='ocrx_word' id='word_1_591' title='bbox 2170 4474 2393 4542; x_wconf 84' lang='lat' dir='ltr'><strong>ignavas</strong></span> <span class='ocrx_word' id='word_1_592' title='bbox 2421 4473 2685 4541; x_wconf 90' lang='lat' dir='ltr'><strong>placidum</strong></span> <span class='ocrx_word' id='word_1_593' title='bbox 2713 4474 2996 4529; x_wconf 88' lang='lat' dir='ltr'><strong>traducere</strong></span> <span class='ocrx_word' id='word_1_594' title='bbox 3027 4484 3234 4539; x_wconf 88' lang='lat' dir='ltr'><strong>noctes,</strong></span> 
     </span>
    </p>
   </div>
   <div class='ocr_carea' id='block_1_97' title="bbox 1884 4562 3230 4620">
    <p class='ocr_par' dir='ltr' id='par_1_97' title="bbox 1884 4562 3230 4620">
     <span class='ocr_line' id='line_1_97' title="bbox 1884 4562 3230 4620; baseline -0.002 0"><span class='ocrx_word' id='word_1_595' title='bbox 1884 4566 2018 4620; x_wconf 92' lang='lat' dir='ltr'><strong>Dum</strong></span> <span class='ocrx_word' id='word_1_596' title='bbox 2050 4564 2236 4620; x_wconf 90' lang='lat' dir='ltr'><strong>redeat</strong></span> <span class='ocrx_word' id='word_1_597' title='bbox 2263 4578 2419 4618; x_wconf 90' lang='lat' dir='ltr'><strong>roseo</strong></span> <span class='ocrx_word' id='word_1_598' title='bbox 2450 4564 2579 4617; x_wconf 86' lang='lat' dir='ltr'><strong>mihi</strong></span> <span class='ocrx_word' id='word_1_599' title='bbox 2610 4562 2825 4618; x_wconf 82' lang='lat' dir='ltr'><strong>Lucifer</strong></span> <span class='ocrx_word' id='word_1_600' title='bbox 2862 4579 3058 4619; x_wconf 88' lang='lat' dir='ltr'><strong>aureus</strong></span> <span class='ocrx_word' id='word_1_601' title='bbox 3087 4575 3230 4619; x_wconf 92' lang='lat' dir='ltr'><strong>ortu.</strong></span> 
     </span>
    </p>
   </div>
   <div class='ocr_carea' id='block_1_98' title="bbox 1884 4655 3096 4725">
    <p class='ocr_par' dir='ltr' id='par_1_98' title="bbox 1884 4655 3096 4725">
     <span class='ocr_line' id='line_1_98' title="bbox 1884 4655 3096 4725; baseline -0.001 -13"><span class='ocrx_word' id='word_1_602' title='bbox 1884 4658 2037 4725; x_wconf 86' lang='lat' dir='ltr'><strong>Quod</strong></span> <span class='ocrx_word' id='word_1_603' title='bbox 2066 4658 2110 4712; x_wconf 92' lang='lat' dir='ltr'><strong>si</strong></span> <span class='ocrx_word' id='word_1_604' title='bbox 2134 4672 2220 4711; x_wconf 91' lang='lat' dir='ltr'><strong>me</strong></span> <span class='ocrx_word' id='word_1_605' title='bbox 2250 4655 2410 4711; x_wconf 90' lang='lat' dir='ltr'><strong>nullis</strong></span> <span class='ocrx_word' id='word_1_606' title='bbox 2436 4655 2688 4711; x_wconf 79' lang='lat' dir='ltr'><strong>vexatum</strong></span> <span class='ocrx_word' id='word_1_607' title='bbox 2719 4665 2879 4711; x_wconf 92' lang='lat' dir='ltr'><strong>nocte</strong></span> <span class='ocrx_word' id='word_1_608' title='bbox 2913 4657 3096 4725; x_wconf 84' lang='lat' dir='ltr'><strong>figuris</strong></span> 
     </span>
    </p>
   </div>
   <div class='ocr_carea' id='block_1_99' title="bbox 1888 4748 3186 4817">
    <p class='ocr_par' dir='ltr' id='par_1_99' title="bbox 1888 4748 3186 4817">
     <span class='ocr_line' id='line_1_99' title="bbox 1888 4748 3186 4817; baseline 0 -13"><span class='ocrx_word' id='word_1_609' title='bbox 1888 4750 2061 4804; x_wconf 87' lang='lat' dir='ltr'><strong>Mollis</strong></span> <span class='ocrx_word' id='word_1_610' title='bbox 2091 4748 2385 4817; x_wconf 88' lang='lat' dir='ltr'><strong>tranquillo</strong></span> <span class='ocrx_word' id='word_1_611' title='bbox 2414 4750 2753 4817; x_wconf 90' lang='lat' dir='ltr'><strong>permulserit</strong></span> <span class='ocrx_word' id='word_1_612' title='bbox 2781 4763 2905 4802; x_wconf 91' lang='lat' dir='ltr'><strong>aere</strong></span> <span class='ocrx_word' id='word_1_613' title='bbox 2935 4763 3186 4814; x_wconf 87' lang='lat' dir='ltr'><strong>somnus;</strong></span> 
     </span>
    </p>
   </div>
   <div class='ocr_carea' id='block_1_100' title="bbox 1889 4838 3299 4909">
    <p class='ocr_par' dir='ltr' id='par_1_100' title="bbox 1889 4838 3299 4909">
     <span class='ocr_line' id='line_1_100' title="bbox 1889 4838 3299 4909; baseline 0.001 -15"><span class='ocrx_word' id='word_1_614' title='bbox 1889 4840 2045 4895; x_wconf 87' lang='lat' dir='ltr'><strong>llunc</strong></span> <span class='ocrx_word' id='word_1_615' title='bbox 2072 4840 2270 4904; x_wconf 91' lang='lat' dir='ltr'><strong>lucum,</strong></span> <span class='ocrx_word' id='word_1_616' title='bbox 2300 4848 2488 4893; x_wconf 91' lang='lat' dir='ltr'><strong>nostro</strong></span> <span class='ocrx_word' id='word_1_617' title='bbox 2513 4838 2699 4893; x_wconf 90' lang='lat' dir='ltr'><strong>viridis</strong></span> <span class='ocrx_word' id='word_1_618' title='bbox 2726 4840 2815 4909; x_wconf 89' lang='lat' dir='ltr'><strong>qui</strong></span> <span class='ocrx_word' id='word_1_619' title='bbox 2843 4838 3054 4893; x_wconf 90' lang='lat' dir='ltr'><strong>frondet</strong></span> <span class='ocrx_word' id='word_1_620' title='bbox 3083 4840 3134 4892; x_wconf 91' lang='lat' dir='ltr'><strong>in</strong></span> <span class='ocrx_word' id='word_1_621' title='bbox 3168 4854 3299 4909; x_wconf 90' lang='lat' dir='ltr'><strong>agro</strong></span> 
     </span>
    </p>
   </div>
   <div class='ocr_carea' id='block_1_101' title="bbox 1892 4931 3243 4998">
    <p class='ocr_par' dir='ltr' id='par_1_101' title="bbox 1892 4931 3243 4998">
     <span class='ocr_line' id='line_1_101' title="bbox 1892 4931 3243 4998; baseline -0.001 -11"><span class='ocrx_word' id='word_1_622' title='bbox 1892 4932 2135 4998; x_wconf 91' lang='lat' dir='ltr'><strong>Ulmeus,</strong></span> <span class='ocrx_word' id='word_1_623' title='bbox 2157 4931 2400 4987; x_wconf 83' lang='lat' dir='ltr'><strong>excubiis</strong></span> <span class='ocrx_word' id='word_1_624' title='bbox 2436 4931 2781 4986; x_wconf 88' lang='lat' dir='ltr'><strong>habitandum</strong></span> <span class='ocrx_word' id='word_1_625' title='bbox 2806 4931 3007 4986; x_wconf 89' lang='lat' dir='ltr'><strong>dedico</strong></span> <span class='ocrx_word' id='word_1_626' title='bbox 3026 4932 3243 4985; x_wconf 88' lang='lat' dir='ltr'><strong>vestris.</strong></span> 
     </span>
    </p>
   </div>
   <div class='ocr_carea' id='block_1_102' title="bbox 3112 5070 3441 5089">
    <p class='ocr_par' dir='ltr' id='par_1_102' title="bbox 3112 5070 3441 5089">
     <span class='ocr_line' id='line_1_102' title="bbox 3112 5070 3441 5089; baseline -0.003 -6"><span class='ocrx_word' id='word_1_627' title='bbox 3112 5070 3441 5089; x_wconf 36' lang='grc' dir='ltr'><strong><em>ἡ</em></strong></span> 
     </span>
    </p>
   </div>
   <div class='ocr_carea' id='block_1_103' title="bbox 1457 5160 2223 5252">
    <p class='ocr_par' dir='ltr' id='par_1_103' title="bbox 1457 5160 2223 5252">
     <span class='ocr_line' id='line_1_103' title="bbox 1457 5160 2223 5252; baseline -0.016 1"><span class='ocrx_word' id='word_1_628' title='bbox 1457 5160 2223 5252; x_wconf 82' lang='lat' dir='ltr'><strong>PARENTALIA.</strong></span> 
     </span>
    </p>
   </div>
   <div class='ocr_carea' id='block_1_104' title="bbox 608 5305 1416 5380">
    <p class='ocr_par' dir='ltr' id='par_1_104' title="bbox 608 5305 1416 5380">
     <span class='ocr_line' id='line_1_104' title="bbox 608 5305 1416 5380; baseline -0.002 -18"><span class='ocrx_word' id='word_1_629' title='bbox 608 5305 865 5380; x_wconf 70' lang='lat' dir='ltr'><strong>Prrrfatio</strong></span> <span class='ocrx_word' id='word_1_630' title='bbox 894 5307 1123 5365; x_wconf 74' lang='lat' dir='ltr'><strong>versibus</strong></span> <span class='ocrx_word' id='word_1_631' title='bbox 1152 5317 1416 5361; x_wconf 80' lang='lat' dir='ltr'><strong>annotata.</strong></span> 
     </span>
    </p>
   </div>
   <div class='ocr_carea' id='block_1_105' title="bbox 225 5398 1549 5470">
    <p class='ocr_par' dir='ltr' id='par_1_105' title="bbox 225 5398 1549 5470">
     <span class='ocr_line' id='line_1_105' title="bbox 225 5398 1549 5470; baseline -0.005 -13"><span class='ocrx_word' id='word_1_632' title='bbox 225 5401 456 5457; x_wconf 79' lang='lat' dir='ltr'><strong>Nomina</strong></span> <span class='ocrx_word' id='word_1_633' title='bbox 480 5400 766 5457; x_wconf 88' lang='lat' dir='ltr'><strong>charorum</strong></span> <span class='ocrx_word' id='word_1_634' title='bbox 786 5402 895 5470; x_wconf 88' lang='lat' dir='ltr'><strong>jam</strong></span> <span class='ocrx_word' id='word_1_635' title='bbox 925 5399 1140 5455; x_wconf 84' lang='lat' dir='ltr'><strong>condita</strong></span> <span class='ocrx_word' id='word_1_636' title='bbox 1173 5400 1359 5454; x_wconf 89' lang='lat' dir='ltr'><strong>funere</strong></span> <span class='ocrx_word' id='word_1_637' title='bbox 1378 5398 1549 5468; x_wconf 90' lang='lat' dir='ltr'><strong>justo,</strong></span> 
     </span>
    </p>
   </div>
   <div class='ocr_carea' id='block_1_106' title="bbox 293 5489 1675 5565">
    <p class='ocr_par' dir='ltr' id='par_1_106' title="bbox 293 5489 1675 5565">
     <span class='ocr_line' id='line_1_106' title="bbox 293 5489 1675 5565; baseline -0.002 -17"><span class='ocrx_word' id='word_1_638' title='bbox 293 5495 447 5551; x_wconf 85' lang='lat' dir='ltr'><strong>Fleta</strong></span> <span class='ocrx_word' id='word_1_639' title='bbox 478 5495 629 5565; x_wconf 89' lang='lat' dir='ltr'><strong>prius</strong></span> <span class='ocrx_word' id='word_1_640' title='bbox 656 5495 929 5564; x_wconf 83' lang='lat' dir='ltr'><strong>lacrymis,</strong></span> <span class='ocrx_word' id='word_1_641' title='bbox 966 5508 1109 5548; x_wconf 91' lang='lat' dir='ltr'><strong>nunc</strong></span> <span class='ocrx_word' id='word_1_642' title='bbox 1140 5492 1449 5546; x_wconf 87' lang='lat' dir='ltr'><strong>memorabo</strong></span> <span class='ocrx_word' id='word_1_643' title='bbox 1477 5489 1675 5557; x_wconf 88' lang='lat' dir='ltr'><strong>modis,</strong></span> 
     </span>
    </p>
   </div>
   <div class='ocr_carea' id='block_1_107' title="bbox 226 5585 1531 5655">
    <p class='ocr_par' dir='ltr' id='par_1_107' title="bbox 226 5585 1531 5655">
     <span class='ocr_line' id='line_1_107' title="bbox 226 5585 1531 5655; baseline -0.005 -12"><span class='ocrx_word' id='word_1_644' title='bbox 226 5585 397 5655; x_wconf 84' lang='lat' dir='ltr'><strong>Nuda,</strong></span> <span class='ocrx_word' id='word_1_645' title='bbox 425 5587 545 5642; x_wconf 90' lang='lat' dir='ltr'><strong>sine</strong></span> <span class='ocrx_word' id='word_1_646' title='bbox 574 5596 790 5651; x_wconf 90' lang='lat' dir='ltr'><strong>ornatu,</strong></span> <span class='ocrx_word' id='word_1_647' title='bbox 821 5586 1070 5655; x_wconf 91' lang='lat' dir='ltr'><strong>fandique</strong></span> <span class='ocrx_word' id='word_1_648' title='bbox 1098 5586 1340 5641; x_wconf 90' lang='lat' dir='ltr'><strong>carentia</strong></span> <span class='ocrx_word' id='word_1_649' title='bbox 1366 5585 1531 5640; x_wconf 86' lang='lat' dir='ltr'><strong>cultu.</strong></span> 
     </span>
    </p>
   </div>
   <div class='ocr_carea' id='block_1_108' title="bbox 295 5676 1315 5747">
    <p class='ocr_par' dir='ltr' id='par_1_108' title="bbox 295 5676 1315 5747">
     <span class='ocr_line' id='line_1_108' title="bbox 295 5676 1315 5747; baseline -0.005 -12"><span class='ocrx_word' id='word_1_650' title='bbox 295 5679 509 5735; x_wconf 83' lang='lat' dir='ltr'><strong>Sufficit</strong></span> <span class='ocrx_word' id='word_1_651' title='bbox 540 5678 746 5733; x_wconf 91' lang='lat' dir='ltr'><strong>inferiis</strong></span> <span class='ocrx_word' id='word_1_652' title='bbox 776 5677 1099 5747; x_wconf 79' lang='lat' dir='ltr'><strong>exsequialis</strong></span> <span class='ocrx_word' id='word_1_653' title='bbox 1122 5676 1315 5731; x_wconf 90' lang='lat' dir='ltr'><strong>honos.</strong></span> 
     </span>
    </p>
   </div>
   <div class='ocr_carea' id='block_1_109' title="bbox 229 5768 1379 5841">
    <p class='ocr_par' dir='ltr' id='par_1_109' title="bbox 229 5768 1379 5841">
     <span class='ocr_line' id='line_1_109' title="bbox 229 5768 1379 5841; baseline -0.003 -13"><span class='ocrx_word' id='word_1_654' title='bbox 229 5770 411 5827; x_wconf 73' lang='lat' dir='ltr'><strong>Nzcnia</strong></span> <span class='ocrx_word' id='word_1_655' title='bbox 435 5768 674 5824; x_wconf 86' lang='lat' dir='ltr'><strong>funereis</strong></span> <span class='ocrx_word' id='word_1_656' title='bbox 705 5771 836 5824; x_wconf 85' lang='lat' dir='ltr'><strong>satis</strong></span> <span class='ocrx_word' id='word_1_657' title='bbox 859 5770 1097 5825; x_wconf 84' lang='lat' dir='ltr'><strong>officiosa</strong></span> <span class='ocrx_word' id='word_1_658' title='bbox 1123 5769 1379 5841; x_wconf 78' lang='lat' dir='ltr'><strong>querelis,</strong></span> 
     </span>
    </p>
   </div>
   <div class='ocr_carea' id='block_1_110' title="bbox 557 5862 1059 5923">
    <p class='ocr_par' dir='ltr' id='par_1_110' title="bbox 557 5862 1059 5923">
     <span class='ocr_line' id='line_1_110' title="bbox 557 5862 1059 5923; baseline -0.004 -1"><span class='ocrx_word' id='word_1_659' title='bbox 557 5862 828 5923; x_wconf 74' lang='lat' dir='ltr'><strong>PATuOL.</strong></span> <span class='ocrx_word' id='word_1_660' title='bbox 880 5862 1059 5923; x_wconf 65' lang='lat' dir='ltr'><strong>XIX;</strong></span> 
     </span>
    </p>
   </div>
   <div class='ocr_carea' id='block_1_111' title="bbox 1971 5302 3078 5371">
    <p class='ocr_par' dir='ltr' id='par_1_111' title="bbox 1971 5302 3078 5371">
     <span class='ocr_line' id='line_1_111' title="bbox 1971 5302 3078 5371; baseline -0.001 -12"><span class='ocrx_word' id='word_1_661' title='bbox 1971 5305 2159 5359; x_wconf 89' lang='lat' dir='ltr'><strong>Annua</strong></span> <span class='ocrx_word' id='word_1_662' title='bbox 2188 5317 2254 5357; x_wconf 91' lang='lat' dir='ltr'><strong>ne</strong></span> <span class='ocrx_word' id='word_1_663' title='bbox 2284 5302 2474 5357; x_wconf 89' lang='lat' dir='ltr'><strong>tacitus</strong></span> <span class='ocrx_word' id='word_1_664' title='bbox 2497 5316 2719 5358; x_wconf 86' lang='lat' dir='ltr'><strong>munera</strong></span> <span class='ocrx_word' id='word_1_665' title='bbox 2750 5310 3038 5371; x_wconf 61' lang='lat' dir='ltr'><strong>praetereas</strong></span> <span class='ocrx_word' id='word_1_666' title='bbox 3064 5319 3078 5358; x_wconf 92' lang='lat'>:</span> 
     </span>
    </p>
   </div>
   <div class='ocr_carea' id='block_1_112' title="bbox 1901 5392 3309 5465">
    <p class='ocr_par' dir='ltr' id='par_1_112' title="bbox 1901 5392 3309 5465">
     <span class='ocr_line' id='line_1_112' title="bbox 1901 5392 3309 5465; baseline -0.001 -14"><span class='ocrx_word' id='word_1_667' title='bbox 1901 5397 2033 5465; x_wconf 72' lang='lat' dir='ltr'><strong>Qua:</strong></span> <span class='ocrx_word' id='word_1_668' title='bbox 2059 5396 2227 5449; x_wconf 88' lang='lat' dir='ltr'><strong>Numa</strong></span> <span class='ocrx_word' id='word_1_669' title='bbox 2253 5396 2493 5463; x_wconf 87' lang='lat' dir='ltr'><strong>cognatis</strong></span> <span class='ocrx_word' id='word_1_670' title='bbox 2522 5393 2785 5448; x_wconf 90' lang='lat' dir='ltr'><strong>solemnia</strong></span> <span class='ocrx_word' id='word_1_671' title='bbox 2814 5392 3032 5449; x_wconf 89' lang='lat' dir='ltr'><strong>dedicat</strong></span> <span class='ocrx_word' id='word_1_672' title='bbox 3058 5395 3265 5450; x_wconf 89' lang='lat' dir='ltr'><strong>umbris</strong></span> <span class='ocrx_word' id='word_1_673' title='bbox 3298 5415 3309 5449; x_wconf 85' lang='lat'>:</span> 
     </span>
    </p>
   </div>
   <div class='ocr_carea' id='block_1_113' title="bbox 1977 5485 3278 5558">
    <p class='ocr_par' dir='ltr' id='par_1_113' title="bbox 1977 5485 3278 5558">
     <span class='ocr_line' id='line_1_113' title="bbox 1977 5485 3278 5558; baseline -0.001 -16"><span class='ocrx_word' id='word_1_674' title='bbox 1977 5488 2042 5542; x_wconf 88' lang='lat' dir='ltr'><strong>Ut</strong></span> <span class='ocrx_word' id='word_1_675' title='bbox 2071 5487 2266 5558; x_wconf 84' lang='lat' dir='ltr'><strong>gradus</strong></span> <span class='ocrx_word' id='word_1_676' title='bbox 2294 5497 2385 5540; x_wconf 91' lang='lat' dir='ltr'><strong>aut</strong></span> <span class='ocrx_word' id='word_1_677' title='bbox 2416 5487 2608 5540; x_wconf 89' lang='lat' dir='ltr'><strong>mortis</strong></span> <span class='ocrx_word' id='word_1_678' title='bbox 2633 5485 2891 5554; x_wconf 84' lang='lat' dir='ltr'><strong>postulat,</strong></span> <span class='ocrx_word' id='word_1_679' title='bbox 2924 5495 3014 5539; x_wconf 89' lang='lat' dir='ltr'><strong>aut</strong></span> <span class='ocrx_word' id='word_1_680' title='bbox 3047 5490 3278 5556; x_wconf 87' lang='lat' dir='ltr'><strong>generis.</strong></span> 
     </span>
    </p>
   </div>
   <div class='ocr_carea' id='block_1_114' title="bbox 1903 5577 3260 5647">
    <p class='ocr_par' dir='ltr' id='par_1_114' title="bbox 1903 5577 3260 5647">
     <span class='ocr_line' id='line_1_114' title="bbox 1903 5577 3260 5647; baseline -0.003 -10"><span class='ocrx_word' id='word_1_681' title='bbox 1903 5582 2017 5637; x_wconf 85' lang='lat' dir='ltr'><strong>Hoc</strong></span> <span class='ocrx_word' id='word_1_682' title='bbox 2041 5582 2172 5635; x_wconf 68' lang='lat' dir='ltr'><strong>satis</strong></span> <span class='ocrx_word' id='word_1_683' title='bbox 2200 5590 2249 5635; x_wconf 90' lang='lat' dir='ltr'><strong>et</strong></span> <span class='ocrx_word' id='word_1_684' title='bbox 2284 5579 2531 5646; x_wconf 89' lang='lat' dir='ltr'><strong>tumulis,</strong></span> <span class='ocrx_word' id='word_1_685' title='bbox 2565 5578 2698 5633; x_wconf 89' lang='lat' dir='ltr'><strong>satis</strong></span> <span class='ocrx_word' id='word_1_686' title='bbox 2735 5588 2790 5633; x_wconf 90' lang='lat' dir='ltr'><strong>et</strong></span> <span class='ocrx_word' id='word_1_687' title='bbox 2822 5577 3029 5631; x_wconf 89' lang='lat' dir='ltr'><strong>telluris</strong></span> <span class='ocrx_word' id='word_1_688' title='bbox 3058 5580 3260 5647; x_wconf 86' lang='lat' dir='ltr'><strong>egenis.</strong></span> 
     </span>
    </p>
   </div>
   <div class='ocr_carea' id='block_1_115' title="bbox 1974 5669 3166 5728">
    <p class='ocr_par' dir='ltr' id='par_1_115' title="bbox 1974 5669 3166 5728">
     <span class='ocr_line' id='line_1_115' title="bbox 1974 5669 3166 5728; baseline -0.005 -1"><span class='ocrx_word' id='word_1_689' title='bbox 1974 5672 2121 5728; x_wconf 70' lang='lat' dir='ltr'><strong>Voce</strong></span> <span class='ocrx_word' id='word_1_690' title='bbox 2147 5673 2290 5727; x_wconf 87' lang='lat' dir='ltr'><strong>ciere</strong></span> <span class='ocrx_word' id='word_1_691' title='bbox 2320 5673 2526 5725; x_wconf 86' lang='lat' dir='ltr'><strong>animas</strong></span> <span class='ocrx_word' id='word_1_692' title='bbox 2555 5670 2761 5724; x_wconf 88' lang='lat' dir='ltr'><strong>funeris</strong></span> <span class='ocrx_word' id='word_1_693' title='bbox 2789 5669 2960 5723; x_wconf 87' lang='lat' dir='ltr'><strong>instar</strong></span> <span class='ocrx_word' id='word_1_694' title='bbox 2991 5670 3166 5724; x_wconf 87' lang='lat' dir='ltr'><strong>habet.</strong></span> 
     </span>
    </p>
   </div>
   <div class='ocr_carea' id='block_1_116' title="bbox 1902 5763 3233 5834">
    <p class='ocr_par' dir='ltr' id='par_1_116' title="bbox 1902 5763 3233 5834">
     <span class='ocr_line' id='line_1_116' title="bbox 1902 5763 3233 5834; baseline -0.006 -11"><span class='ocrx_word' id='word_1_695' title='bbox 1902 5767 2147 5823; x_wconf 86' lang='lat' dir='ltr'><strong>Gaudent</strong></span> <span class='ocrx_word' id='word_1_696' title='bbox 2174 5764 2456 5834; x_wconf 81' lang='lat' dir='ltr'><strong>compositi</strong></span> <span class='ocrx_word' id='word_1_697' title='bbox 2493 5764 2701 5818; x_wconf 86' lang='lat' dir='ltr'><strong>cineres</strong></span> <span class='ocrx_word' id='word_1_698' title='bbox 2730 5777 2822 5818; x_wconf 81' lang='lat' dir='ltr'><strong>sua</strong></span> <span class='ocrx_word' id='word_1_699' title='bbox 2848 5763 3061 5817; x_wconf 88' lang='lat' dir='ltr'><strong>nomina</strong></span> <span class='ocrx_word' id='word_1_700' title='bbox 3106 5763 3233 5817; x_wconf 90' lang='lat' dir='ltr'><strong>dici.</strong></span> 
     </span>
    </p>
   </div>
   <div class='ocr_carea' id='block_1_117' title="bbox 2932 5856 3007 5914">
    <p class='ocr_par' dir='ltr' id='par_1_117' title="bbox 2932 5856 3007 5914">
     <span class='ocr_line' id='line_1_117' title="bbox 2932 5856 3007 5914; baseline -0.013 0"><span class='ocrx_word' id='word_1_701' title='bbox 2932 5856 3007 5914; x_wconf 75' lang='lat'><strong>27</strong></span> 
     </span>
    </p>
   </div>
  </div>
