3886 6328
391 255 499 316 845

459 369 759 427 Frontibus
788 369 894 425 hoc
914 366 1133 437 scriptis
1158 374 1213 423 et
1247 372 1597 423 monumenta
1619 364 1839 438 iubent.

392 465 490 521 Ille
518 465 683 521 etiam
716 463 895 520 maesti
925 462 1013 517 cui
1037 460 1213 517 defuit
1236 476 1372 516 urna
1400 459 1659 531 sepulcri,

392 602 397 605 Α
465 555 697 615 Nomine
720 563 803 609 ter
830 553 982 610 dicto
1004 569 1144 625 pene
1166 553 1418 624 sepultus
1450 553 1573 609 erit.

394 653 466 707 At
500 661 553 704 tu
589 649 918 720 quicumque
945 664 1007 705 es
1034 650 1227 713 lector,
1257 648 1348 718 qui
1378 647 1488 701 fata
1520 661 1771 704 meorum

466 741 715 812 Dignaris
745 743 956 798 maestis
987 754 1424 796 commemorare
1454 738 1671 810 elegis,';

393 833 719 891 Inconcussa
762 844 869 890 tuac
900 848 1192 905 percurras
1225 842 1469 904 tempora
1501 832 1627 887 vita:
1654 849 1667 885 :

460 927 533 983 Et
557 928 756 999 praeter
780 928 987 998 justum
1022 926 1211 981 funera
1255 925 1403 980 nulla
1435 923 1587 980 ﬂeas.

799 1036 842 1092 Ι.
880 1035 1077 1092 Junius
1108 1038 1400 1105 Ausonius,
1431 1046 1597 1108 pater.

382 1152 600 1210 Primus
621 1152 676 1207 in
692 1151 789 1221 his
811 1160 965 1222 pater
989 1152 1297 1254 Ausonius.
1311 1150 1481 1218 Quem
1507 1165 1709 1222 ponere
1725 1152 1982 1223 primum,
2085 1196 2144 1254 In

459 1242 577 1299 Etsi
604 1250 894 1300 cunctetur
925 1243 1093 1310 ﬁlius,
1117 1243 1254 1300 ordo
1276 1242 1455 1313 jubet.
1640 1310 1649 1321 δ

386 1337 526 1393 Cura
547 1336 659 1404 dei,
693 1336 915 1407 placida:
945 1335 1170 1391 functus
1192 1336 1339 1406 quod
1372 1336 1594 1393 honore‘
1616 1348 1873 1405 senectus,

455 1430 732 1487 Undecies
763 1431 918 1485 binas
948 1430 1085 1485 vixit
1114 1428 1476 1499 olympiadas.

382 1521 580 1576 Omnia
606 1537 729 1593 qua:
753 1502 947 1587 Voluit,
980 1523 1070 1593 qui
1104 1536 1363 1593 prospera
1390 1520 1525 1577 vidit
1557 1540 1569 1576 :
1594 1531 1662 1579 et
1691 1522 1836 1580 idem

452 1615 672 1684 Optavit
703 1615 991 1686 quidquid,
1033 1617 1281 1688 contigit,
1314 1629 1375 1672 ut
1406 1618 1596 1674 voluit.

382 1707 502 1764 Non
533 1709 659 1779 quia
692 1707 925 1764 fatorum
960 1708 1127 1764 nimia
1161 1710 1495 1781 indulgentia
1532 1728 1542 1763 :
1573 1711 1669 1767 sed
1700 1711 1846 1783 quod

451 1804 584 1859 Tam
613 1785 1000 1860 moderata'illi
1034 1816 1156 1860 vota
1180 1790 1333 1860 fuere
1356 1807 1492 1864 \‘jro.

379 1895 555 1965 Quem
580 1912 676 1951 sua
707 1896 989 1953 contendit
1010 1907 1221 1968 septem
1255 1898 1595 1969 sapientibus
1626 1908 1798 1955 tetas:

446 1990 691 2056 Quorum
721 1990 1029 2048 doctrinam
1063 1992 1311 2048 moribus
1344 1992 1618 2047 excoluit:

380 2082 603 2140 Viveret
630 2092 689 2140 ut
709 2085 919 2154 potius,
952 2099 1116 2155 quam
1146 2085 1355 2141 diceret
1384 2094 1502 2140 arte
1526 2084 1848 2155 sophorum,

443 2175 788 2245 Quamquam
816 2185 872 2230 et
898 2175 1130 2231 facundo
1162 2191 1269 2231 non
1296 2176 1449 2231 rudis
1474 2175 1714 2246 ingenio.

370 2267 642 2323 Pmditus
668 2275 723 2323 et
755 2268 895 2322 vitas
921 2268 1201 2323 hominum
1232 2268 1447 2324 ratione
1475 2268 1725 2324 medendi

441 2358 759 2429 Pori-igere,
806 2367 863 2414 et
891 2358 1020 2414 fatis
1049 2358 1388 2430 ampliﬁcare
1420 2373 1623 2415 moras.

367 2447 499 2504 lude
518 2457 577 2505 et
603 2449 907 2521 perfuncta:
936 2460 1120 2507 manet
1152 2451 1272 2507 hiec
1306 2452 1613 2508 reverentia
1645 2450 1792 2517 vine,

441 2541 602 2598 ditas
632 2552 822 2601 nostra
854 2545 931 2599 illi
958 2544 1104 2615 quod
1134 2545 1283 2601 dedit
1312 2545 1459 2600 hunc
1491 2545 1703 2601 titulum
1738 2563 1752 2599 :

370 2634 441 2691 Ut
471 2635 682 2691 nullum
709 2638 1009 2707 Ausonius,
1034 2654 1196 2710 quem
1228 2650 1560 2707 sectaretur,
1592 2639 1867 2696 habebat:

438 2727 533 2784 Sic
561 2729 798 2797 nullum,
817 2730 908 2802 qui
936 2745 997 2788 se
1024 2747 1169 2788 nunc
1200 2732 1461 2799 imitetur,
1495 2734 1679 2790 habet.

752 2848 817 2903 ll.
862 2848 1087 2905 zEntilia
1114 2850 1334 2917 .Eonia,
1382 2860 1564 2906 mater.

367 2940 621 2997 Proxima
649 2950 703 2998 tu
726 2944 991 3013 genitrix,
1026 2943 1249 3012 Eonia,
1283 2944 1553 3016 sanguine
1578 2945 1749 3001 mino

438 3033 712 3089 Tarbella:
744 3036 958 3103 matris,
994 3036 1165 3105 patris
1189 3045 1244 3093 et
1264 3037 1506 3093 Eduici.

364 3124 650 3197 Morigerae
680 3127 869 3182 uxoris
900 3128 1076 3182 virtus
1102 3128 1190 3184 cui
1213 3130 1441 3202 contigit
1473 3132 1683 3199 omnis;

435 3217 605 3272 Fama
638 3218 935 3287 pudicitiae,
967 3220 1305 3293 laniﬁcchue
1332 3237 1548 3290 manus,

363 3310 731 3381 Conjugiique
762 3311 919 3378 ﬁdes,
957 3320 1013 3368 et
1040 3324 1199 3370 natos
1227 3329 1355 3370 cura
1383 3316 1629 3386 regendi,

433 3401 503 3455 Et
528 3402 764 3471 gravitas
797 3403 994 3469 comis,
1028 3404 1268 3475 laetaque
1298 3407 1551 3462 serietas.

365 3491 655 3549 Etet-num
686 3494 931 3563 placidos
958 3495 1147 3552 Manes
1173 3498 1463 3567 complexa
1494 3492 1699 3565 mariti,

441 3584 566 3639 Viva
593 3587 811 3641 thorum
841 3586 1136 3657 quondam,
1169 3588 1351 3645 functa
1384 3591 1506 3646 fove
1540 3590 1828 3646 tumulum.

525 3696 615 3753 Ill.
660 3696 733 3752 1E
740 3699 915 3753 mitius
948 3694 1174 3771 Magnus
1201 3700 1477 3771 Arborius,
1504 3697 1812 3758 avunculus.

358 3790 517 3846 Culta
537 3791 669 3847 mihi
692 3787 778 3847 est
794 3794 989 3862 pietas,
1011 3804 1165 3864 patre
1183 3797 1441 3864 primum,
1457 3807 1512 3852 et
1531 3807 1705 3854 matre
1725 3799 1950 3854 vocatis.

432 3882 627 3939 Dicere
652 3882 751 3937 sed
783 3898 874 3938 rea
912 3884 989 3949 ﬁt,
1023 3886 1217 3941 tertius
1246 3886 1538 3943 Arborius.

359 3975 532 4040 Quem
556 3974 792 4044 primum
821 3990 1127 4047 memorare
1150 3978 1303 4033 nefas
1324 3979 1480 4047 mihi,
1506 3987 1661 4051 patre
1688 3981 1951 4041 secundo.

428 4068 667 4123 Rursum
698 4056 1072 4137 non’primum
1104 4086 1330 4141 ponere,
1368 4088 1507 4142 pene
1533 4072 1709 4131 nefas.
1810 4100 1818 4107 -

359 4161 677 4230 Temperies
706 4160 1330 4221 adhibenda.............

340 4259 351 4273 ‘
423 4254 574 4307 Ante
599 4252 756 4307 alios.
784 4252 1123 4324 Quamquam
1150 4264 1305 4325 patre
1332 4259 1611 4315 secundus
1641 4260 1769 4316 erit.

354 4340 437 4399 Tu
471 4342 642 4397 frater
670 4345 979 4412 genitricis,
1012 4355 1067 4401 et
1100 4349 1373 4404 unanimis
1399 4352 1665 4420 genitoris
1692 4371 1708 4410 :

425 4436 496 4490 Et
527 4435 659 4490 mihi
686 4438 775 4505 qui
805 4437 998 4505 fueris,
1044 4442 1188 4511 quod
1222 4452 1399 4513 pater,
1433 4448 1777 4516 etgenitrix.

350 4526 453 4595 Qui
486 4543 573 4582 me
604 4528 918 4595 laetantem,
954 4545 1205 4600 puerum,
1230 4534 1628 4609 juvenemque,
1658 4540 1945 4613 virumque

418 4620 645 4675 Artibus
672 4622 902 4688 ornasti,
935 4638 1069 4693 quas
1096 4624 1353 4683 didicisse
1375 4628 1547 4699 juvat.

346 4711 425 4767 Te
453 4713 559 4767 sibi
587 4713 846 4768 Palladia:
878 4718 1132 4771 antetulit
1162 4726 1282 4788 toga
1315 4720 1469 4775 docta
1503 4721 1713 4780 Tolosa:
1744 4742 1757 4777 :

416 4802 494 4858 Te
520 4803 893 4861 Narbonensis
922 4805 1097 4861 Gallia
1130 4816 1445 4880 praeposuit,

343 4894 563 4951 Oruasti
591 4898 746 4966 cujus
779 4896 934 4953 Latio
966 4913 1223 4957 sermone
1256 4905 1494 4960 tribunal
1525 4924 1537 4961 :

416 4989 485 5042 Et
514 4989 624 5043 fora
656 4991 1006 5061 Hiberorum,
1033 5010 1262 5067 qumque
1290 4998 1734 5071 Novempopulis.

342 5081 481 5136 llinc
512 5091 667 5137 tenus
699 5084 994 5155 Europam,
1028 5087 1167 5143 fama
1199 5102 1506 5159 crescente,
1542 5096 1718 5162 perito

409 5176 915 5248 Constantinopolis
946 5180 1162 5237 rhetore
1195 5192 1249 5240 te
1276 5186 1463 5255 viguit.

335 5267 417 5325 Tu
449 5282 545 5337 per
575 5267 724 5323 mille
756 5268 971 5334 modos,
1009 5286 1103 5338 per
1134 5274 1286 5330 mille
1318 5279 1542 5333 oracula
1576 5278 1719 5336 fandi

407 5359 635 5423 Doctus,
668 5358 957 5427 facundus,
995 5372 1105 5416 tum
1136 5366 1306 5433 celer,
1336 5377 1499 5436 atque
1526 5386 1756 5427 memor.

338 5452 437 5515 Tu,
472 5461 756 5523 postquam
790 5454 976 5521 primis
1011 5456 1188 5524 placui
1218 5459 1313 5514 tibi
1345 5463 1570 5520 traditus
1601 5468 1782 5532 annis,

402 5546 619 5612 Dixisti,
645 5556 776 5601 nato
808 5561 918 5615 me,
948 5549 1082 5605 satis
1113 5567 1235 5609 esse
1267 5554 1385 5611 tibi.

330 5635 412 5695 Me
444 5638 562 5704 tibi,
592 5652 679 5694 me
716 5638 986 5709 patribus,
1018 5642 1225 5698 clarum
1257 5644 1426 5704 decus
1465 5664 1587 5709 esse
1618 5653 1916 5733 professus,

396 5727 624 5788 Dictain
657 5728 781 5787 fatis
810 5729 977 5788 verba
1009 5736 1247 5793 notanda
1290 5738 1449 5797 meis.

1789 252 1968 314 θεοῦ
2005 252 2284 315 AUSONII

2011 372 2069 434 Α
2092 369 2237 440 Ergo
2266 369 2411 437 vale,
2446 369 2693 443 Elysiam
2720 374 2947 432 sertitus
2976 378 3249 441 avuncule
3278 380 3484 437 sedem.

2164 463 2293 519 Haec
2321 463 2422 519 tibi
2449 462 2519 520 de
2549 464 2716 521 Musis
2744 471 2993 524 carmina
3027 469 3137 526 libo
3165 472 3291 527 tuis.

2299 553 2388 613 IV.
2430 556 2675 613 Caecilius
2704 558 2945 631 Argicius
2980 563 3257 633 Arborius,
3289 581 3430 621 avus.

2090 646 2346 704 Ofﬁciosa
2376 650 2525 720 pium
2549 667 2619 707 ne
2647 650 2859 721 desere,
2896 656 3113 727 pagina,
3147 671 3367 715 munus.

2162 743 2469 799 Maternum
2497 756 2623 815 post
2647 746 2749 804 hos
2770 764 3268 809 commemoremus
3286 769 3449 810 avum

2089 834 2406 903 Arborium,
2438 828 2672 895 Eduico
2702 839 2925 897 ductum
2958 842 3027 899 de
3063 853 3354 902 stemmate
3385 861 3591 917 nomen,

2157 922 2515 995 Complexum
2546 927 2749 985 multas
2780 932 3066 989 nobilitate
3084 933 3281 990 domus
3308 955 3321 988 :

2056 1016 2199 1086 'Qua
2228 1017 2606 1089 Lugdunensis
2636 1024 2937 1092 provincia,
2973 1041 3188 1096 quaque
3211 1035 3462 1097 potentes

2157 1104 2389 1176 Aldues,
2426 1108 2627 1183 Alpino
2663 1125 2877 1184 quaque
2911 1112 3119 1170 Vienna
3147 1118 3301 1187 jugo.

2150 1198 2273 1255 vida
2302 1201 2397 1257 sed
2420 1202 2649 1258 nimium
2680 1206 2981 1276 generique
3014 1207 3323 1279 opibusque
3352 1209 3589 1280 superbis

2156 1288 2422 1348 Airumna
2447 1293 2711 1351 incubuit.
2739 1293 2988 1368 Namque
3010 1308 3144 1354 avus
3175 1309 3232 1355 et
3258 1301 3473 1371 genitor

2084 1382 2405 1456 Proscripti,
2439 1399 2665 1458 regnum
2688 1403 2811 1444 eum
2840 1384 3159 1445 Victorinus
3180 1391 3409 1448 haberet

2156 1476 2383 1535 Victor:
2412 1485 2467 1535 et
2494 1480 2550 1535 in
2580 1478 2829 1539 Tetricus
2855 1481 3055 1539 recidit
3079 1483 3390 1556 imperium.

2081 1567 2217 1624 Tum
2249 1563 2537 1643 profugum
2568 1573 2621 1628 In
2650 1576 2833 1641 terris,
2863 1591 2960 1645 per
2981 1586 3116 1647 quas
3151 1577 3393 1649 erompit
3414 1579 3637 1647 Murrus,

2152 1660 2503 1734 Tarbellique
2531 1665 2688 1721 furor
2717 1668 3011 1738 perstrepit
3040 1668 3279 1735 Oceani;

2004 1746 2054 1814 B
2080 1752 2396 1813 Grassantis
2426 1754 2898 1823 dudumfortuna:
2926 1760 3036 1818 tela
3066 1774 3351 1834 paventem

2147 1844 2412 1916 Pauperis
2439 1842 2680 1903 Aimilia:
2713 1847 2958 1907 conditio
2990 1851 3275 1924 implicuit.

2074 1938 2198 1995 Mox
2230 1940 2410 1995 tentiis
2440 1941 2611 1997 multo
2640 1945 2874 2013 quaesita
2906 1944 3135 2015 pecunia
3168 1946 3310 2009 nisu,

2142 2032 2399 2090 Solamen
2433 2035 2598 2099 fesso.
2635 2048 2740 2092 non
2774 2046 2829 2092 et
2861 2052 2993 2108 opes
3022 2038 3237 2095 tribuit.

2072 2121 2153 2177 Tu
2184 2123 2309 2179 Coeli
2342 2134 2621 2190 numeros,
2651 2135 2703 2182 et
2725 2129 2947 2183 conscia
2973 2128 3156 2184 sidera
3188 2128 3282 2184 fati

2143 2212 2417 2283 Callebas,
2450 2216 2691 2273 studium
2719 2212 3131 2277 dissimulanter
3164 2237 3353 2292 agens.

2068 2308 2187 2365 Non
2220 2310 2401 2381 ignota
2432 2312 2529 2368 tibi
2556 2321 2757 2391 nostra:
2785 2328 2999 2387 quaque
3026 2316 3261 2374 formula
3290 2320 3414 2375 vitae
3441 2343 3454 2376 :

2142 2395 2381 2474 Signatls
2408 2418 2567 2474 quam
2601 2415 2659 2462 tu
2682 2404 3006 2465 condideras
3032 2410 3265 2477 tabulis;

2070 2484 2296 2549 Prodita
2324 2506 2433 2551 non
2464 2508 2741 2567 umquam.
2780 2496 2886 2555 Sed
2920 2501 3113 2557 matris
3134 2517 3266 2557 cura
3298 2503 3487 2562 retexit

2068 2585 2290 2652 Sedula,
2324 2602 2491 2657 quam
2522 2590 2695 2645 timidi
2726 2606 2857 2647 cura
2885 2590 3107 2663 tegebat
3138 2596 3243 2648 avi.

2067 2678 2145 2734 Tu
2174 2680 2370 2737 novies
2394 2681 2567 2738 denos
2596 2685 2763 2740 vitam
2797 2701 2919 2740 cum
2944 2686 3164 2742 duxeris
3191 2702 3381 2759 annos,
3436 2726 3439 2729 -

2138 2762 2413 2842 Expertus
2442 2773 2623 2830 Fortis
2652 2771 2764 2832 tela‘
2792 2777 3035 2833 cavenda
3065 2779 3214 2849 Deae,

2067 2864 2342 2921 Amissum
2376 2864 2521 2922 ﬁesti
2548 2878 2667 2938 post
2701 2870 2838 2924 trina
2865 2871 3136 2927 decennia
3164 2878 3373 2943 natum,

2138 2956 2391 3024 Saucius,
2422 2970 2584 3030 atque
2614 2976 2724 3015 uno
2750 2961 2953 3018 lumine
2984 2978 3173 3020 cassus
3197 2980 3343 3020 eras.

2072 3049 2303 3106 Dicebas
2335 3051 2430 3107 sed
2470 3062 2521 3107 te
2553 3053 2747 3108 solatia
2762 3055 2933 3133 .longa
2968 3056 3197 3123 fovere;

1988 3138 2035 3204 C
2134 3142 2292 3210 Quod
2324 3159 2444 3200 mea
2472 3146 2778 3217 prmcipuus
2807 3147 2917 3202 fata
2950 3158 3197 3205 maneret
3225 3150 3418 3205 honos.

2064 3231 2320 3289 Etmodo
2351 3236 2597 3291 conciliis
2621 3240 2925 3294 animarum
2955 3240 3123 3296 mixte
3156 3242 3365 3311 piorum

2132 3323 2267 3379 Fata
2304 3327 2377 3380 tui
2401 3335 2550 3383 certe
2576 3336 2701 3384 nota
2730 3330 2947 3399 nepotis
2969 3321 3158 3388 habes.

2060 3415 2243 3473 Sentis
2274 3418 2417 3488 quod
2461 3423 2720 3490 qurcstor,
2754 3422 2899 3492 quod
2932 3430 2983 3479 te
3010 3424 3317 3494 praefectus,
3341 3432 3393 3482 et
3417 3426 3540 3482 idem

2128 3510 2357 3581 Consul,
2390 3514 2696 3573 honoriﬁco
2722 3533 2950 3574 munere
2972 3533 3367 3577 commemoro.
3452 3590 3455 3591 γ

2344 3628 2409 3685 ν.
2453 3629 2676 3687 ΑΞηιὶΙία
2697 3631 2961 3688 Corinthia
2986 3633 3201 3701 Maura,
3220 3638 3356 3689 avia.

2057 3718 2336 3776 IEmiliam
2367 3736 2513 3778 nunc
2544 3723 2660 3781 fare
2689 3725 2891 3791 aviam,
2922 3726 3008 3797 pia
3042 3742 3172 3783 cura
3205 3729 3413 3798 nepotis
3439 3746 3449 3780 :

2124 3810 2341 3883 Conjux
2371 3816 2635 3885 praedicto
2656 3834 2777 3886 quae
2804 3818 2904 3874 fuit
2930 3819 3188 3876 Arborio.

2054 3903 2265 3961 Nomen
2289 3905 2417 3962 huic
2440 3908 2691 3978 ioculare
2723 3910 2910 3967 datum
2947 3931 2959 3966 :
2987 3922 3115 3969 cute
3144 3914 3293 3973 fusca
3322 3918 3455 3988 quod
3476 3916 3603 3987 olim,

2127 3996 2393 4068 [Equales
2421 4000 2567 4057 inter
2594 4002 2780 4059 Maura
2813 4014 3007 4061 vocata
3033 4006 3152 4063 fuit.

2060 4089 2168 4147 Sed
2200 4106 2306 4147 non
2336 4101 2452 4149 atra
2483 4096 2669 4152 animo
2694 4098 2788 4167 qui
2814 4099 3014 4154 clarior
3042 4110 3189 4158 esset
3218 4103 3386 4171 olere,

2126 4182 2191 4237 Et
2217 4198 2323 4239 nou
2355 4185 2563 4260 calcata
2593 4188 2686 4259 qui
2712 4190 2838 4247 nive
2863 4190 3171 4249 candidior.

2053 4274 2180 4331 lizec
2206 4292 2313 4332 non
2343 4278 2555 4336 deliciis
2580 4281 2864 4352 ignoscere
2891 4294 3138 4355 prompta
3162 4287 3439 4358 pudendis,

2123 4370 2203 4426 Ad
2223 4374 2665 4444 perpendiculum
2687 4392 2857 4449 seque
2884 4395 3118 4453 suosque
3155 4384 3358 4441 habuit.

2052 4462 2176 4519 Haec
2206 4480 2291 4521 me
2316 4479 2639 4539 praereptum
2666 4472 2841 4539 cunis,
2875 4482 2929 4529 et
2951 4474 3021 4529 ab
3049 4476 3217 4534 ubere
3241 4479 3417 4535 matris
3442 4521 3455 4546 ,

2118 4555 2319 4610 Blanda
2343 4558 2442 4613 sub
2470 4560 2699 4617 austeris
2730 4565 2919 4620 imbuit
2940 4566 3206 4637 imperiis.

2048 4644 2391 4716 Tranquillos
2422 4652 2556 4707 aviae
2581 4654 2791 4711 eineres
2821 4667 3075 4726 praestate
3104 4662 3273 4732 quieti

2116 4738 2399 4796 lEternum
2432 4742 2631 4814 Manes,
2663 4748 2709 4802 si
2743 4747 2825 4818 pia
2853 4750 3021 4807 verba
3050 4754 3265 4825 loquor.

2171 4849 2259 4905 Vl.
2298 4851 2524 4910 .‘E'milia
2554 4854 2782 4925 lli/aria,
2818 4862 3110 4929 matertera,
3142 4866 3281 4938 virgo
3307 4866 3483 4922 devota.

2042 4937 2229 5009 Tuque
2258 4942 2426 5011 gradu
2455 4948 2672 5014 generis
2705 4958 3017 5021 matertera,
3050 4955 3147 5012 sed
3172 4937 3501 5023 vicematris,

2109 5031 2321 5090 Aﬁ'ectu
2350 5037 2455 5091 nati
2487 5044 2960 5100 commemoranda
2991 5047 3105 5117 pio,

2036 5119 2253 5179 Emilia
2283 5127 2335 5180 in
2365 5130 2517 5183 cunis
2547 5129 2708 5186 Hilari
2740 5148 3039 5203 cognomen
3066 5139 3281 5211 adepta,

2102 5216 2255 5283 Quod
2281 5219 2422 5286 lieta,
2454 5230 2509 5276 et
2536 5223 2689 5292 pueri
2716 5227 2887 5283 comis
2908 5228 2976 5284 ad
3007 5229 3261 5302 efﬁgiem,

2030 5302 2317 5363 Reddebas
2349 5325 2535 5366 verum
2568 5328 2673 5368 non
2698 5315 3105 5377 dissimulanter
3133 5322 3412 5394 ephebum,

2100 5396 2249 5452 More
2273 5399 2445 5456 virum
2474 5405 2697 5461 medicis
2723 5410 2928 5464 artibus
2955 5415 3263 5481 experiens.

2028 5485 2268 5572 Feminei
2297 5506 2460 5547 sexus
2490 5494 2673 5550 odium
2707 5498 2799 5553 tibi
2830 5515 3080 5572 semper:
3111 5513 3168 5560 et
3195 5506 3316 5562 inde

2087 5566 2276 5634 'Crevit
2306 5579 2515 5640 devoue
2546 5588 2866 5658 virginitatis
2895 5566 3085 5662 amor;

2022 5668 2151 5761 Quae
2183 5670 2281 5729 tibi
2308 5684 2561 5745 septenos
2588 5683 2776 5740 novies
2803 5693 2887 5740 est
2916 5686 3057 5743 culta
3088 5703 3185 5761 per
3211 5705 3393 5750 annos.

2090 5760 2299 5839 Quique
2327 5766 2428 5826 aevi
2454 5769 2596 5843 ﬁnis,
2628 5773 2742 5845 ipse
2767 5776 3058 5849 pudicitiae.

3572 267 3660 327 844
