3886 6388
239 418 337 474 845
1635 413 1753 475 PAF

1901 417 2092 476 'ALIA.
2147 440 2152 445 '

231 530 371 596 Haec,
401 531 528 599 quia
561 532 634 586 uti
665 541 831 588 mater
864 533 1079 588 monitis
1103 541 1157 588 et
1180 547 1361 587 amore
1392 531 1628 596 fovebas,

301 623 575 691 Supremis
606 624 769 679 reddo
798 625 937 680 ﬂiius
965 626 1249 697 exsequiis.

333 732 445 786 VII.
487 733 566 788 Cl.
601 734 900 803 Contentus,
931 746 977 790 et
1000 734 1172 790 Julius
1197 736 1452 807 Calippio,
1485 735 1678 806 patrui.

229 845 292 900 Et
323 856 541 912 patruos
572 847 758 917 Elegea
793 863 940 902 meos
967 847 1310 902 reminiscere
1333 858 1521 912 cantu;

295 935 643 1001 Contentum,
674 938 828 993 tellus
859 955 1017 1007 quem
1049 939 1315 1009 Rutupina
1351 940 1499 1009 tegit.

235 1025 415 1096 Magna
444 1028 530 1081 cui
560 1039 612 1081 et
643 1030 800 1082 varia:
828 1031 1048 1097 quaesita
1079 1029 1301 1098 pecunia
1333 1029 1513 1095 sortis,

299 1116 537 1173 Ilmredis
565 1119 710 1172 nullo
737 1120 951 1174 nomine
981 1129 1087 1174 tuta
1119 1120 1273 1189 perit.

230 1209 429 1279 Raptus
450 1212 590 1264 enim
625 1212 780 1276 laetis,
809 1220 862 1266 et
882 1211 1058 1266 adhuc
1089 1213 1404 1268 ﬂorentibus
1432 1213 1605 1278 annis,

295 1301 466 1356 Trans
498 1319 665 1369 mare,
695 1313 748 1359 et
777 1303 972 1374 ignaris
1006 1304 1264 1359 fratribus
1288 1306 1532 1374 oppetiit.

229 1393 399 1448 Julius
426 1394 477 1447 in
506 1396 716 1464 longam
751 1393 996 1464 produxit
1027 1397 1129 1450 fata
1161 1406 1455 1461 senectam,

297 1484 534 1540 Aﬂ'ectus
562 1485 770 1540 damnis
798 1479 1294 1542 innumerabilibus.

228 1578 325 1646 Qui
355 1580 541 1642 comis,
571 1577 926 1647 blandusque,
956 1576 1011 1634 et
1039 1583 1226 1634 mensa
1251 1578 1558 1651 commodus
1582 1580 1756 1647 uncta,

300 1671 548 1725 iiacredes
576 1671 690 1725 solo
719 1673 934 1725 nomine
967 1686 1064 1726 nos
1096 1661 1298 1726 habuit.

228 1762 398 1817 Ambo
427 1764 518 1832 pii,
547 1763 693 1817 vultu
723 1753 946 1828 similes,
974 1763 1092 1831 jnca
1123 1764 1258 1817 seria
1292 1755 1468 1830 mixti,

299 1855 419 1909 1Evi
451 1853 714 1910 fortunam
748 1870 853 1909 non
886 1854 1122 1910 habuere
1146 1847 1349 1923 parem.

232 1946 453 2000 Discreti
482 1961 800 2016 quamquam
832 1947 1070 2013 tumulis,
1095 1928 1147 2001 et
1174 1943 1375 2000 honore
1397 1945 1609 2015 iacetis:

300 2035 592 2091 Commune
623 2036 725 2091 hoc
753 2037 901 2092 verbi
929 2037 1122 2091 munus
1143 2035 1358 2103 habete,
1391 2022 1542 2092 Vale.

427 2141 571 2207 .VIII.
614 2154 847 2208 Attusius
873 2153 1114 2208 Lucanus
1138 2145 1388 2220 Tatisius,
1421 2170 1586 2207 socer.

228 2267 326 2334 Qui
362 2282 636 2338 proceres,
675 2277 1018 2337 veteremque
1045 2269 1188 2322 volet
1217 2267 1493 2322 celebrare
1521 2266 1796 2334 Senatum,

292 2359 556 2429 Claraque
586 2360 651 2414 ab
677 2372 864 2414 exortu
895 2367 1175 2414 Stemmata
1208 2358 1524 2428 Burdigala},

225 2450 425 2520 Teque,
457 2461 709 2521 tuumque
740 2467 905 2521 genus
933 2460 1215 2518 memoret,
1246 2452 1459 2507 Lucane
1486 2451 1650 2505 Talisi
1679 2469 1690 2504 :

293 2544 533 2598 Moribus
558 2545 759 2598 ornasti
790 2545 875 2613 qui
906 2553 1120 2600 veteres
1149 2561 1395 2610 proavos.

215 2636 461 2709 Pulcher
491 2637 694 2691 honore
723 2638 853 2701 oris,
885 2639 1174 2708 tranquillo
1201 2648 1438 2707 pectore,
1469 2639 1658 2703 comis,

294 2728 549 2783 Facundo
576 2729 705 2782 civis
732 2730 899 2798 major
921 2731 988 2783 ab
1017 2729 1252 2798 ingenio.

226 2818 452 2883 Venatu,
483 2830 536 2874 et
565 2820 706 2874 ruris
731 2820 899 2886 cuitu,
934 2822 1209 2889 victusque
1238 2820 1431 2882 nitore,

293 2911 464 2967 Omne
493 2923 663 2967 aevum
690 2920 946 2984 peragens
972 2930 985 2978 ;
1017 2913 1225 2982 publica
1252 2906 1573 2981 despiciens,

223 3001 383 3058 Nosci
413 3003 556 3059 inter
585 3005 787 3072 primos
811 3006 1055 3072 cupiens,
1086 3006 1232 3072 prior
1261 3019 1381 3058 esse
1414 3017 1688 3058 recusans.

293 3093 414 3163 Ipse
445 3102 534 3148 tuo
564 3096 747 3149 vivens
777 3108 1026 3165 segregus
1055 3094 1302 3149 arbitrio.

222 3189 453 3258 Optabas
482 3196 536 3241 tu
567 3199 654 3243 me
682 3197 935 3257 generum
968 3187 1193 3242 ﬂorente
1220 3188 1459 3255 juventa.

292 3281 496 3350 Optare
529 3281 627 3335 hoc
658 3289 884 3343 tantum,
916 3293 1018 3333 non
1050 3286 1104 3333 et
1133 3277 1334 3355 habere
1361 3278 1567 3331 datum.
1610 3284 1617 3290 ‘

223 3372 358 3428 Vota
389 3373 619 3442 probant
645 3372 862 3442 superi:
894 3375 1204 3442 meritiSqne
1237 3371 1462 3426 faventia
1495 3371 1693 3425 Sanctis

296 3465 523 3533 Impient
553 3464 678 3530 fata,
713 3465 812 3518 viri
844 3465 983 3542 quod
1012 3466 1229 3518 voluere
1261 3464 1405 3524 boni.

224 3555 291 3610 Et
322 3565 463 3611 nunc
493 3558 737 3627 perpetui
766 3557 934 3612 Sentis
965 3556 1063 3610 sub
1093 3556 1296 3610 itonore
1323 3554 1575 3623 sepulcri,

292 3647 464 3714 Quam
499 3660 753 3703 reverens
783 3658 940 3712 natm,
974 3656 1238 3718 quamque
1267 3647 1341 3701 tui
1372 3654 1613 3701 maneam
1644 3666 1653 3697 :

165 3773 170 3777 -
222 3738 431 3793 Czeicbs
461 3754 688 3809 namque
719 3754 881 3810 gener
907 3756 1049 3794 nunc
1080 3739 1191 3794 lucc
1222 3741 1306 3809 pia
1336 3754 1557 3794 munera
1588 3728 1758 3792 Solve.

292 3829 429 3884 Nam
458 3839 510 3885 et
536 3832 729 3887 caelebs
753 3841 1040 3901 numquam
1067 3832 1275 3886 desinet
1301 3847 1419 3885 esse
1444 3836 1631 3901 gener.

508 3942 599 3997 IX.
639 3943 841 3996 Attusia
862 3940 1073 3995 Lucana
1100 3941 1314 4007 Sabina,
1350 3955 1498 3995 uxor.

223 4047 497 4102 Iiactenus
524 4053 583 4099 ut
612 4045 820 4110 charos,
853 4045 922 4100 ita
948 4046 1092 4114 justo
1121 4033 1304 4099 funere
1332 4045 1484 4098 ﬂetos

293 4137 502 4192 Functa
533 4135 632 4205 piis
658 4136 850 4191 cecinit
878 4137 1049 4190 nmnia
1085 4144 1270 4191 nostra
1300 4135 1491 4189 modis.

224 4228 384 4284 Nunc
409 4228 585 4293 dolor,
610 4237 768 4297 atque
793 4243 999 4294 cruces,
1035 4244 1131 4283 nec
1159 4227 1545 4283 contrectabile
1573 4225 1797 4292 fulmen,

292 4321 557 4391 Conjugis
578 4331 776 4391 erepta:
805 4336 948 4376 mors
979 4321 1322 4376 memoranda
1356 4321 1505 4374 mihi.

219 4413 429 4468 Nobilis
458 4429 488 4467 a
518 4415 750 4484 proavis,
784 4425 836 4468 et
865 4414 1070 4483 origine
1099 4413 1240 4468 clara
1265 4423 1504 4478 senatus,

291 4505 532 4559 Moribus
559 4519 725 4575 usque
752 4506 905 4560 bonis
933 4505 1078 4560 clara
1109 4505 1308 4560 Sabina
1340 4504 1526 4574 magis.

218 4597 298 4652 Te
325 4596 546 4667 juvenis
572 4599 774 4665 primus
806 4597 912 4651 qui
945 4597 1195 4666 deceptus
1229 4599 1279 4650 in
1313 4598 1488 4661 annis,

289 4689 510 4758 Perque
537 4705 725 4743 novem
753 4689 949 4744 cazlebs
980 4699 1028 4744 te
1052 4689 1154 4742 ﬂeo
1182 4686 1534 4758 olympiadas.

216 4782 334 4840 Nec
371 4783 498 4838 licet
524 4783 809 4837 obductum
843 4783 993 4837 senio
1022 4784 1199 4851 sopire
1224 4781 1488 4836 dolorem.

291 4880 530 4946 Semper
559 4875 826 4930 crudescit
855 4890 974 4928 nam
1004 4876 1128 4929 mihi
1162 4890 1317 4944 poena
1349 4891 1558 4931 recens.

217 4967 535 5023 Admittunt
560 4965 650 5019 alii
673 4965 863 5019 solatia
898 4967 1151 5035 temporis
1179 4968 1328 5035 :rgri.

295 5059 424 5113 llaec
449 5059 699 5128 graviora
729 5057 852 5112 facit
880 5057 1100 5112 vulnera
1128 5060 1282 5129 longa
1311 5060 1446 5115 dies.

216 5151 481 5222 Torqueo
502 5151 755 5218 deceptos
783 5164 881 5220 ego
906 5136 1011 5204 vita
1039 5150 1226 5205 ezelibe
1251 5165 1446 5206 canos:

289 5244 524 5311 Quoque
555 5242 721 5311 magis
753 5242 916 5309 solus,
952 5243 1051 5315 hoc
1077 5257 1228 5312 mage
1259 5251 1480 5298 maestus
1505 5257 1624 5313 ago.

217 5335 436 5390 Vulnus
462 5334 578 5400 alit,
609 5333 750 5404 quod
775 5342 919 5388 muta
947 5333 1136 5390 domus
1165 5335 1306 5403 silet,
1341 5343 1393 5388 et
1421 5336 1613 5389 thorus
1635 5333 1803 5404 alget:

288 5427 450 5497 Quod
483 5428 619 5482 mala
651 5442 754 5482 non
785 5431 1061 5499 cuiquam,
1090 5445 1193 5484 non
1229 5429 1366 5482 bona
1395 5429 1676 5498 participo.

213 5522 449 5585 Man-eo,
482 5521 525 5574 si
560 5521 756 5590 conjux
785 5521 870 5574 alii
903 5522 1076 5576 bona:
1110 5537 1311 5576 maereo
1335 5531 1538 5586 contra,

290 5616 352 5671 Si
386 5615 527 5669 mala
556 5632 565 5664 :
600 5612 669 5667 ad
695 5613 995 5684 exemplum
1024 5625 1078 5668 tu
1108 5614 1237 5669 mihi
1269 5624 1482 5682 semper
1511 5612 1655 5667 ades.

213 5709 300 5766 Tu
322 5707 456 5763 mihi
481 5722 609 5762 crux
634 5706 702 5761 ab
725 5715 948 5778 utraque
970 5708 1145 5762 venis:
1173 5708 1288 5761 sive
1305 5715 1390 5762 est
1413 5697 1724 5774 maia,quod
1752 5712 1802 5758 tu

293 5798 592 5856 Dissimilis
619 5799 784 5854 fueris
811 5815 822 5852 :
853 5815 948 5855 seu
974 5799 1131 5867 bona,
1163 5800 1301 5868 quod
1332 5799 1544 5854 similis.

214 5894 342 5951 Non
366 5908 467 5964 ego
499 5908 630 5963 opes
654 5906 858 5960 cassas,
888 5904 937 5949 et
969 5891 1144 5949 inania
1171 5891 1361 5963 gaudia
1391 5891 1583 5963 plango
1615 5909 1624 5943 ε

3365 410 3466 510 sto

1820 519 1870 591 Α
1970 531 2073 587 Sed
2093 532 2306 602 juvenis
2325 531 2508 602 juveni
2538 531 2680 602 quod
2707 531 2835 588 mihi
2865 538 3014 603 rapta
3044 531 3182 588 viro.

1902 621 2064 685 Laeta,
2093 591 2535 693 pudica,'gravis,
2555 591 2728 693 genus
2759 591 2955 694 inclyta
2977 631 3030 679 et
3055 591 3463 694 inclyta'forma,

1973 713 2032 767 Et
2059 714 2235 778 dolor,
2265 723 2425 783 atque
2452 714 2617 769 decus
2649 714 2893 785 conjugis
2922 714 3162 769 Ausonii;

1898 805 2025 871 Quae
2057 805 2220 880 modo
2249 814 2505 876 septenos
2533 815 2721 875 quater
2744 807 3028 877 impletura
3060 805 3405 871 Decembres,

1971 897 2193 968 Liquisti
2227 907 2396 960 natos.
2437 899 2656 968 pignora
2690 906 2896 962 nostra,
2924 897 3080 952 duos.

1902 988 1994 1043 Illa
2024 988 2203 1044 favore
2227 989 2343 1053 Dei,
2369 989 2506 1044 sicut
2535 997 2624 1044 tua
2652 1000 2776 1044 vota
2804 989 3040 1054 fuerunt,

1972 1078 2209 1145 Floreat,
2242 1081 2440 1149 optatis
2469 1080 2802 1135 accumulata
2835 1079 3007 1134 bonis.
3244 1129 3250 1134 .

1900 1170 1964 1224 Et
1994 1184 2183 1240 precor
2210 1179 2267 1223 ut
2299 1171 2548 1240 vigeant:
2579 1170 2901 1236 tandemque
2931 1169 3222 1239 superstite
3246 1176 3471 1240 utroque

1969 1244 2185 1316 Nuntiet
2217 1263 2315 1316 hoc
2343 1261 2513 1317 cineri
2544 1269 2724 1316 nostra
2749 1260 2928 1315 favilla
2958 1269 3065 1316 tuo.

2251 1375 2318 1430 Χ.
2363 1377 2619 1443 Ausonius
2645 1375 2928 1445 Parvulas,
2957 1377 3122 1446 ﬁlius.

1899 1489 2014 1544 Non
2045 1505 2144 1560 ego
2174 1501 2223 1546 te
2250 1491 2493 1546 inﬂatum
2525 1493 2752 1547 inemori
2783 1491 3045 1548 fraudabo
3070 1493 3311 1562 querela,

1972 1583 2185 1638 Primus
2215 1591 2338 1640 nate
2371 1589 2491 1639 'mco
2523 1585 2739 1640 nomine
2766 1586 2928 1653 dicte,
2967 1589 3120 1655 puer.

1902 1675 2172 1730 Murmura
2198 1685 2357 1745 quem
2382 1677 2571 1745 primis
2593 1676 2942 1733 meditantem
2968 1677 3250 1734 absolvere
3275 1677 3473 1745 verbis,

1974 1766 2172 1822 indolis
2195 1776 2252 1822 ut
2284 1767 2472 1838 phrase,
2509 1763 2818 1839 planximus
2845 1770 3137 1838 exsequiis.

1903 1857 1982 1911 Tu
2006 1859 2209 1926 gremio
2241 1859 2292 1912 in
2323 1859 2505 1927 proai'i
2533 1853 2694 1913 fthtu‘s
2721 1865 3007 1915 coturnum
3033 1859 3259 1926 Iocatus,

1976 1949 2234 2005 invidiam
2269 1951 2458 2006 tumuli
2491 1966 2558 2008 ne
2587 1963 2836 2022 paterere
2863 1954 2957 2009 tui.

2292 2061 2380 2117 XI.
2428 2061 2637 2130 Pastor,
2677 2080 2833 2134 nepos
2864 2080 2930 2119 ac
2955 2063 3085 2134 ﬁlio.

1904 2174 1983 2230 Tu
2006 2190 2217 2245 quoque
2245 2183 2501 2243 maturos,
2531 2190 2666 2245 puer
2693 2179 3000 2242 immature,
3029 2166 3244 2231 dolores

1974 2267 2235 2338 Irrumpis
2263 2268 2440 2323 mmsti
2467 2268 2644 2323 luctus
2671 2268 2900 2322 acerbus
2928 2270 3033 2332 avi,

1904 2357 2116 2428 Pastor,
2148 2360 2312 2415 chare
2343 2373 2533 2429 nepos,
2567 2362 2688 2429 spes
2710 2360 2861 2430 cujus
2891 2368 3035 2414 certa
3060 2353 3160 2414 fuit
3186 2374 3292 2424 res,

1978 2453 2214 2521 Hesperii
2246 2453 2410 2521 patris
2442 2452 2598 2507 tertia
2629 2453 2939 2522 progenies.

1903 2544 2154 2611 Nomine,
2182 2543 2320 2612 quod
2341 2552 2501 2599 casus
2526 2543 2747 2600 dederat
2774 2563 2784 2595 :
2821 2543 2944 2612 quia
2970 2543 3143 2598 ﬁstula
3179 2544 3406 2613 primum

1975 2636 2249 2691 Pastorale
2279 2637 2450 2691 melos
2475 2636 2747 2691 concinuit
2775 2637 2976 2705 genito.
3480 2627 3482 2629 ’

1902 2728 2036 2783 Sero
2060 2729 2393 2783 intellectum
2425 2730 2550 2782 vita:
2575 2729 2754 2784 brevis
2778 2733 3156 2799 argur'rientum
3184 2748 3195 2783 :

1975 2819 2208 2887 Spiritus
2237 2820 2427 2874 amatis
2456 2821 2596 2890 quod
2629 2820 2760 2889 fugit
2787 2835 2816 2875 e
2843 2820 3083 2877 calamis.

1903 2911 2117 2965 Occidis
2149 2912 2358 2965 emissa:
2387 2921 2674 2979 percussus
2703 2911 2939 2980 pondere
2969 2917 3118 2966 testa:
3147 2927 3158 2964 :

1972 3000 2182 3070 Abjecit
2213 3011 2353 3056 teeto
2383 3015 2538 3071 quam
2565 3016 2755 3057 manus
2781 3002 3022 3057 artiﬂcis.

1903 3092 2016 3147 Non
2047 3093 2146 3147 fuit
2167 3093 2389 3147 artiﬁcis
2421 3107 2611 3148 manus
2640 3094 2753 3148 Iure
2779 3113 2792 3161 ;
2827 3109 3013 3147 manus
3044 3095 3132 3148 iiia
3164 3097 3372 3150 cruenti

1973 3185 2132 3240 Certa
2165 3186 2261 3239 fuit
2285 3185 2401 3250 fati,
2434 3189 2776 3255 sappositura
2803 3201 2975 3240 reum.

1829 3280 1873 3342 C
1908 3277 2050 3331 Iieu!
2081 3293 2200 3346 quae
2227 3285 2350 3330 vota
2376 3278 2508 3330 mihi
2537 3278 2548 3330 Ξ
2582 3293 2699 3347 qua:
2735 3286 2936 3347 rumpis
2964 3279 3178 3348 gaudia,
3217 3279 3440 3338 Pastor!

1973 3368 2064 3422 Ilia
2099 3384 2273 3422 meum
2306 3370 2456 3436 petiit
2485 3369 2660 3437 tegula
2694 3370 2855 3423 missa
2882 3381 3064 3439 caput.

1903 3458 2122 3529 Dignior
2152 3475 2205 3524 ο,
2239 3471 2434 3515 nostra:
2463 3476 2705 3531 gemeres
2733 3464 2821 3532 qui
2855 3463 2960 3516 fata
2989 3473 3220 3519 senecta:
3249 3484 3260 3518 :

1977 3553 2040 3607 Et
2069 3569 2356 3623 quererere
2380 3569 2525 3609 meas
2554 3563 2776 3609 incestus
2803 3555 2867 3609 ad
2895 3557 3200 3625 exsequias.

2291 3667 2406 3722 XII.
2444 3649 2591 3721 Julia
2615 3667 2871 3738 Dryadia,
2899 3685 3069 3725 soror.

1902 3779 1958 3835 Si
1988 3795 2090 3849 qua
2109 3780 2219 3843 fuit
2251 3781 2441 3847 virtus,
2474 3791 2692 3855 cup’erct
2718 3796 2876 3851 quam
2908 3781 3104 3837 femina
3138 3785 3373 3853 prudens
3464 3796 3466 3799 '

1974 3873 2108 3928 Esse
2133 3888 2308 3939 suam,
2339 3888 2493 3929 soror
2525 3873 2626 3928 hac
2652 3867 2874 3945 Dryadia
2903 3876 3116 3930 enituit.

1903 3966 2040 4032 Quin
2072 3967 2232 4022 etiam
2262 3968 2456 4021 multas
2485 3960 2690 4031 habuit,
2724 3983 2855 4037 quas
2881 3982 3044 4023 sexus
3067 3969 3266 4026 habere

1978 4060 2187 4116 Fortior
2226 4070 2458 4130 optaret,
2493 4059 2850 4132 nobilitasque
2879 4062 3072 4116 virum.

1889 4140 2068 4210 Docta
2101 4155 2232 4208 satis
2258 4156 2534 4224 vitamque
2563 4155 2702 4220 colo,
2735 4153 3039 4224 famamque
3068 4156 3208 4210 tueri
3235 4172 3248 4210 :

1976 4247 2141 4301 Docta
2175 4246 2345 4300 honos
2374 4261 2550 4300 mores
2578 4248 2709 4314 ipsa,
2746 4261 2977 4316 suosque
3005 4245 3228 4302 docens.

1907 4339 1969 4393 Et
1995 4355 2179 4393 verum
2214 4325 2315 4392 vita
2346 4339 2430 4393 cui
2461 4337 2677 4393 charius
2703 4357 2712 4389 :
2753 4341 2965 4408 duaque
2996 4345 3155 4404 Cura,

1975 4431 2142 4486 Nosse
2174 4430 2362 4494 Deum,
2397 4439 2450 4484 et
2481 4431 2694 4484 fratrem
2726 4430 2946 4501 diligere
2977 4440 3103 4486 ante
3136 4433 3294 4488 alios.

1903 4523 2142 4594 Conjuge
2173 4524 2348 4578 adltuc
2372 4525 2581 4593 juvenis
2608 4527 2780 4578 caruit
2806 4543 2816 4577 :
2856 4525 2949 4579 sed
2977 4526 3118 4580 seria
3149 4528 3312 4582 vitam

1975 4617 2211 4671 litoribus
2241 4627 2482 4671 auStcras
2515 4615 2862 4686 a-quiparavit
2893 4631 3048 4673 anus.

1906 4709 2162 4764 Produxit
2197 4710 2428 4765 celerem
2465 4725 2556 4778 per
2585 4725 2711 4765 sena
2744 4710 3004 4766 decennia
3034 4711 3219 4778 vitam,

1975 4800 2140 4869 inque
2170 4800 2348 4865 domo,
2382 4815 2442 4855 ac
2475 4808 2636 4866 tecto,
2671 4815 2777 4871 quo
2807 4811 2978 4871 pater,
3017 4802 3265 4873 oppetiit.

2330 4937 2467 4992 XIII.
2509 4939 2813 5004 Avitianus,
2861 4943 3040 5008 frater.

2051 5049 2376 5119 Avitianum,
2406 5042 2573 5118 Musa,
2600 5067 2917 5121 germanum
2947 5069 3125 5109 meum

2118 5146 2263 5198 Dona
2293 5144 2521 5213 querela
2551 5144 2758 5200 funebri
2789 5161 2802 5198 :

2052 5235 2222 5291 Minor
2251 5236 2352 5291 istc
2383 5245 2510 5291 natu
2538 5253 2643 5302 me,
2676 5238 2768 5292 sed
2798 5238 3014 5308 ingenio
3040 5241 3186 5311 prior

2120 5330 2276 5383 Artes
2301 5327 2549 5398 paternas
2577 5330 2811 5384 imbibit.

2055 5421 2255 5475 Verum
2279 5422 2515 5492 juventae
2545 5421 2678 5478 ﬂore
2711 5425 2833 5479 Iazto
2865 5425 3088 5494 perfrui,

2122 5515 2351 5586 AEvique
2381 5533 2539 5588 supra
2573 5520 2789 5587 puberis

2056 5610 2214 5665 Exire
2247 5622 2436 5680 metas,
2470 5615 2638 5667 vetuit
2668 5613 2860 5668 infesta
2891 5614 3145 5686 Atropos.

2127 5704 2239 5758 Iicu
2269 5706 2280 5758 l
2334 5716 2533 5777 quanta
2565 5707 2685 5760 vita:
2719 5707 2912 5764 decora
2943 5709 2954 5762 !

2059 5798 2226 5865 Quem
2258 5799 2457 5854 cultum
2487 5801 2623 5871 Spei,
2655 5817 2812 5871 quem
2845 5803 3089 5861 dolorem
3121 5808 3319 5862 sauciis

2137 5888 2401 5947 Ger-tuane
2432 5889 2600 5962 pubes
2629 5891 2834 5951 deseris
2864 5893 2876 5946 ε
