3920 6322
394 277 501 335 8ιῖ
1600 277 1605 282 ’
1775 270 1908 331 DEC

2089 269 2259 330 SONII
3539 266 3633 324 848

544 389 811 447 Germane
830 387 1008 446 carnis
1037 389 1156 461 lege
1179 398 1232 446 et
1258 395 1377 444 ortu
1403 385 1703 458 sanguinis,
1755 391 1758 395 ‘

611 485 809 554 Amore
840 496 976 551 pene
1001 481 1162 537 ﬁlius.
1219 494 1233 548 ξ

613 591 751 647 XIV.
801 589 923 648 Val.
957 592 1175 648 Latinus
1203 591 1498 663 Euronius,
1530 607 1701 663 gener.

396 709 442 764 0
463 709 680 778 generis
706 709 837 765 clari
865 709 1052 776 decus,
1080 725 1112 764 ο
1141 710 1272 764 mihi
1306 708 1466 764 funus
1493 707 1766 771 acerbum,

471 800 695 872 Euroni,
729 818 760 860 e
786 803 1052 874 juvenum
1085 803 1218 858 lecte
1243 802 1468 857 cohorte
1496 815 1685 872 gener,

395 893 612 948 Occidis
640 896 692 950 in
719 896 908 965 prima:
940 905 1124 964 raptus
1154 894 1288 950 mihi
1319 894 1454 949 ﬂore
1480 894 1740 962 juventae,

467 986 744 1041 Lactantis
773 986 882 1042 nati
906 988 996 1042 vix
1027 988 1163 1044 bene
1193 996 1321 1043 note
1353 998 1524 1057 pater.

395 1075 476 1131 Tu
500 1091 782 1147 procerum
810 1077 878 1134 de
901 1079 1073 1148 stirpe
1102 1087 1274 1144 satus,
1304 1090 1636 1149 praegressus
1659 1083 1714 1132 et
1733 1076 1900 1146 ipsos,

470 1167 626 1224 Unde
653 1184 823 1240 genus
848 1170 1009 1224 clarre
1039 1170 1334 1224 nobilitatis
1357 1178 1491 1224 erat.

393 1262 503 1317 Ore
529 1261 749 1327 decens,
782 1262 957 1317 bonus
986 1262 1226 1332 ingenio,
1256 1261 1542 1326 facundus,
1573 1266 1628 1315 et
1648 1257 1795 1314 omni

465 1353 798 1409 Dexteritate
823 1353 1029 1423 vigens,
1063 1353 1473 1423 praecipunsque
1504 1350 1632 1406 lide.

391 1445 507 1502 ilcc
529 1449 864 1516 prafeclurze
895 1447 1075 1511 sedes,
1105 1447 1207 1501 hoc
1236 1446 1410 1517 lllyris
1441 1461 1534 1500 ora

461 1538 702 1594 Prmside
731 1547 782 1594 te
809 1548 1030 1608 experta
1061 1548 1164 1604 est,
1198 1539 1360 1593 liscus
1381 1545 1437 1592 et
1457 1537 1574 1608 ipse
1597 1536 1788 1591 cliens.

387 1628 474 1685 Nil
499 1630 604 1686 aevi
637 1629 900 1685 brevitate
923 1637 1102 1685 tamen
1137 1630 1230 1684 tibi
1262 1628 1434 1684 laudis
1460 1628 1794 1698 ademptum.

460 1723 646 1780 Indole
673 1733 936 1790 maturus,
965 1722 1156 1778 funere
1185 1721 1413 1777 acerbus
1442 1719 1580 1774 ohis.

665 1834 779 1889 XV.
823 1833 1146 1903 Pomponius
1179 1831 1472 1899 Maximus,
1507 1831 1707 1902 afﬁnis.

391 1951 459 2006 Et
485 1959 537 2006 te
563 1963 906 2018 germanum,
936 1963 1041 2002 non
1076 1947 1363 2018 sanguine,
1395 1945 1490 2002 sed
1519 1946 1637 2000 vice
1668 1943 1872 2009 fratris,

459 2041 709 2107 Maxime,
742 2039 1053 2096 devinctum
1087 2039 1258 2093 utenia
1290 2047 1472 2094 nostra
1504 2043 1682 2091 canet.

386 2134 596 2204 Conjux
625 2147 856 2202 namque
879 2147 1013 2187 mete
1041 2141 1094 2185 tu
1120 2130 1436 2186 consociate
1463 2128 1636 2185 sorori

460 2224 586 2280 ΙΕνὶ
616 2223 767 2294 fruge
797 2223 875 2278 tui
896 2221 1149 2277 destituis
1179 2221 1416 2276 viduam.

393 2316 512 2373 Non
537 2315 733 2372 domus
758 2315 862 2371 hoc
894 2323 1099 2371 tantum
1131 2316 1302 2369 sensit
1332 2324 1446 2376 tua;
1480 2312 1655 2368 sensit
1682 2310 1935 2368 acerbum

466 2410 690 2467 Saucia!
727 2410 887 2479 proh,
916 2424 1100 2464 casum
1131 2409 1277 2464 curia
1305 2407 1627 2476 Burdigalae,

389 2506 473 2564 Te
503 2507 740 2578 primore
765 2507 976 2574 vigens,
1006 2513 1058 2560 te
1085 2503 1378 2559 deliciente
1407 2502 1659 2557 relabens
1685 2518 1696 2552 :

467 2599 635 2669 Inque
662 2597 1005 2654 Valentinum
1035 2605 1088 2651 te
1115 2594 1380 2651 moriente
1405 2593 1626 2648 cadens.

388 2690 540 2747 ﬂeui
571 2705 738 2761 quare
764 2699 914 2756 nato,
944 2704 1041 2745 cur
1066 2687 1215 2759 fruge
1242 2694 1296 2742 et
1320 2684 1456 2742 ﬁore
1484 2694 1742 2754 nepotum

461 2783 696 2854 Ereptus
721 2782 899 2846 nobis,
926 2780 1174 2848 Maxime,
1208 2794 1316 2835 non
1346 2779 1581 2835 frueris?

395 2875 503 2932 Sed
532 2875 727 2930 frueris
754 2892 764 2926 :
800 2873 978 2928 divina
1011 2870 1218 2927 habitat
1247 2871 1292 2924 si
1323 2870 1503 2940 portio
1529 2869 1744 2925 Manes:

465 2967 704 3038 Quaeque
731 2967 913 3019 futura
942 2963 1072 3018 olim
1102 2961 1318 3033 gaudia,
1346 2976 1510 3016 nosse
1535 2961 1714 3016 datur.

394 3061 634 3132 Longior
661 3059 748 3115 hic
776 3059 939 3115 etiam
968 3058 1216 3112 laetorum
1247 3055 1452 3110 fructus
1476 3056 1728 3120 habetur,

464 3151 808 3222 Anticipasse
837 3148 951 3217 diu,
982 3163 1104 3218 quae
1135 3146 1297 3202 modo
1321 3145 1630 3216 participas.

499 3264 641 3322 XVI.
695 3263 845 3318 Veria
873 3262 1103 3331 Liceria,
1139 3276 1271 3316 uxor
1300 3259 1507 3314 Arborii
1533 3259 1723 3314 sororis
1749 3257 1869 3327 ﬁlii.

396 3383 476 3439 Tu
499 3396 712 3454 quoque
738 3380 825 3435 vel
856 3379 1046 3435 nuruis
1075 3377 1204 3433 mihi
1235 3377 1480 3440 nomine,
1510 3375 1597 3431 vel
1624 3375 1744 3431 vice
1768 3381 1909 3428 natae

469 3473 628 3528 Veria
660 3471 900 3542 supremi
931 3485 1150 3525 carmen
1182 3467 1405 3537 honoris
1434 3467 1592 3523 habe.

397 3566 567 3637 Cujus
593 3565 637 3621 si
666 3565 930 3636 probitas,
965 3564 1008 3619 si
1039 3562 1208 3618 forma
1238 3568 1295 3618 et
1322 3561 1485 3628 fama,
1522 3561 1762 3632 ﬁdesque

470 3657 752 3727 Morigera:
782 3655 989 3719 uxoris,
1023 3654 1362 3722 lanificaeque
1388 3667 1599 3719 manus,

403 3749 559 3805 Nunc
579 3746 849 3803 laudanda
880 3746 1056 3801 forent
1083 3764 1095 3797 :
1133 3745 1317 3814 procul
1343 3752 1398 3799 et
1419 3743 1764 3819 demanibus
1795 3743 1916 3799 imis

473 3837 811 3894 Arcessenda
843 3844 990 3891 esset
1017 3849 1119 3891 vox
1151 3836 1338 3905 proavi
1367 3834 1608 3889 Eusebii.

403 3931 508 4001 Qui
534 3928 793 4001 quoniam
821 3928 1005 3983 functo
1031 3928 1140 3997 jam
1171 3927 1379 3996 pridem
1413 3927 1662 4002 conditus
1684 3942 1820 3996 aevo,

479 4022 841 4093 Transcripsit
871 4031 1053 4092 partes
1087 4020 1140 4073 in
1172 4035 1288 4074 mea
1319 4019 1484 4074 verba
1515 4033 1638 4074 suas
1666 4037 1678 4071 :

409 4118 618 4188 Accipe
643 4116 892 4170 funereas
919 4113 1095 4182 neptis
1122 4111 1324 4167 deﬂeta
1354 4111 1636 4181 querelas;

483 4209 694 4280 Conjux
723 4205 937 4263 Arborii
965 4204 1445 4262 commemoranda
1476 4204 1603 4260 mei.

415 4303 512 4358 Cui
536 4317 696 4372 parva
720 4300 957 4371 ingentis
991 4299 1167 4353 luctus
1197 4297 1390 4353 solatia
1419 4297 1671 4367 linquens

489 4392 747 4450 Destituis
769 4399 950 4447 natum
979 4408 1002 4444 ε·
1025 4405 1132 4461 quo
1162 4393 1330 4462 magis
1356 4391 1659 4446 excrucies.
1690 4447 1698 4455 ,

419 4488 490 4542 At
513 4484 608 4540 tibi
630 4482 813 4539 dilecti
843 4498 912 4538 ne
941 4482 1080 4538 desit
1104 4495 1232 4536 cura
1259 4482 1463 4546 mariti,

493 4579 688 4634 Juncta
713 4575 849 4632 colis
876 4574 1114 4629 thalamo
1142 4589 1284 4628 nunc
1312 4583 1662 4630 monumenta
1690 4585 1801 4630 tuo.

423 4670 547 4736 llic,
572 4669 662 4725 ubi
690 4667 895 4738 primus
924 4668 1145 4738 hymen,
1173 4666 1331 4722 sedes
1356 4666 1428 4722 ibi
1458 4677 1647 4723 nttlea
1675 4667 1930 4738 sepulcri.

495 4763 670 4832 Nupta
693 4761 865 4832 magis
892 4759 1018 4825 dici,
1050 4774 1207 4830 quam
1238 4759 1496 4814 tumulata
1526 4768 1700 4830 potes.

605 4873 769 4930 XVII.
811 4872 1130 4942 Pomponius
1161 4873 1424 4929 Maximus
1458 4874 1808 4946 Herculanus,

1027 4967 1219 5020 sororis
1250 4966 1408 5036 ﬁlius.

640 5079 751 5136 Nec
775 5081 1132 5136 ilerculanum
1157 5083 1394 5152 genitum
1422 5098 1675 5154 germana
1706 5102 1823 5143 mea

644 5168 1010 5228 Modulamine
1035 5174 1209 5227 munia
1231 5175 1368 5231 tristi

643 5263 892 5318 Tacitum
922 5263 1040 5319 sine
1069 5263 1273 5322 honore
1300 5267 1607 5342 relinquat;

645 5355 819 5426 Super
848 5355 1029 5412 indole
1059 5357 1215 5426 cujus
1244 5359 1412 5414 adulti

647 5448 850 5516 Magnae
880 5448 1022 5502 bona
1052 5449 1208 5519 copia
1237 5449 1434 5506 laudis.

647 5539 847 5596 Verum
880 5555 1180 5596 memorare
1208 5545 1396 5613 magis,
1428 5560 1583 5615 quam

651 5631 916 5686 Functum
942 5630 1164 5689 laudare
1193 5635 1426 5690 decebit.

647 5724 823 5782 Decus
848 5724 952 5782 hoc
979 5727 1296 5799 matrisque,
1330 5745 1617 5802 meumque
1645 5776 1657 5800 ,

1996 384 2052 445 Α
2284 384 2342 440 ln
2367 393 2610 456 tempore
2636 385 2852 456 puberis
2878 385 2983 439 τι·νί

2180 502 2185 507 ο
2291 474 2385 530 Vis
2410 474 2637 544 perculit
2661 474 2837 529 invida
2864 473 2977 529 fati.

2286 565 2433 621 liehe
2463 581 2641 636 quem,
2673 566 2926 633 Maxime,
2951 564 3228 620 fructum?

2287 656 2558 722 Faeunde,
2588 665 2641 712 et
2663 658 2887 725 musice,
2912 664 2968 712 et
2992 671 3138 722 acer,

2292 751 2524 807 Mentem
2551 751 2747 817 bonus,
2779 749 2994 820 ingenio
3019 750 3227 820 ingens,

2295 843 2524 900 Volucer
2545 845 2702 914 pede,
2727 857 2956 913 corpore
2985 841 3226 912 pulcher,

2286 934 2484 1004 Lingua
2511 945 2689 1002 catus,
2721 948 2818 989 ore
2845 947 3095 997 canorus,

2289 1025 2432 1095 Cape
2459 1040 2657 1080 munus
2684 1026 2836 1080 triste
2864 1031 3151 1096 parentum
3172 1064 3187 1090 ,

2285 1118 2676 1190 Lacrymabilis
2703 1133 2824 1173 orsa
2853 1118 3107 1188 querela,

2290 1209 2418 1275 Qua:
2444 1209 2721 1265 funereum
2749 1207 3053 1264 modulatus

2285 1300 2404 1356 Tibi
2431 1309 2656 1356 maestus
2682 1300 2976 1355 avunculus
3001 1298 3180 1356 oﬁ‘ert.

2077 1411 2259 1468 XVIII.
2305 1411 2394 1466 Εἰ.
2428 1411 2651 1468 Sanctus
2672 1452 2686 1476 ,
2727 1411 2951 1465 Maritus
2981 1409 3298 1464 Pudentilla:
3317 1454 3331 1479 ,
3359 1425 3475 1479 qua
3501 1423 3633 1464 soror

2667 1482 2878 1538 Sabina
2906 1497 3050 1536 mete.

2072 1598 2172 1667 Qui
2194 1598 2311 1668 joca
2342 1597 2690 1666 laetitiamque
2709 1595 2866 1662 colis,
2891 1594 2983 1664 qui
3009 1593 3183 1649 tristia
3211 1592 3468 1655 damnas.

2143 1689 2250 1745 Nec
2277 1689 2474 1744 metuis
2500 1702 2845 1757 quemquam,
2877 1700 2975 1741 nec
3003 1684 3327 1740 metuendus
3356 1683 3473 1755 agis
3499 1701 3512 1736 :

1998 1759 2047 1819 Β
2073 1781 2172 1849 Qui
2201 1783 2404 1836 nullum
2434 1779 2644 1835 insidiis
2674 1789 2879 1850 captas,
2908 1794 3008 1835 nec
3035 1779 3128 1834 lite
3148 1779 3395 1843 lacessis,

2138 1872 2242 1928 Sed
2266 1871 2464 1944 justam
2490 1880 2545 1927 et
2572 1871 2808 1926 clemens
2833 1870 2998 1924 vitam
3026 1870 3164 1940 agis,
3191 1878 3250 1924 et
3277 1867 3493 1938 sapiens
3519 1886 3532 1919 :

2071 1963 2421 2034 Tranquillos
2445 1964 2652 2032 Manes,
2682 1976 3040 2033 supremaque
3066 1962 3216 2016 mitia
3246 1960 3431 2017 Sancti

2139 2057 2245 2111 Ore
2273 2057 2381 2125 pio,
2409 2064 2465 2111 et
2491 2056 2674 2112 verbis
2699 2055 3034 2112 advenerare
3056 2054 3215 2110 bonis
3239 2073 3251 2108 :

2070 2149 2314 2206 Militiam
2338 2151 2489 2206 nullo
2515 2149 2608 2221 qui
2636 2149 2850 2206 turbine
2875 2148 3093 2205 sedulus
3116 2148 3227 2220 egit
3251 2166 3264 2201 :

2143 2243 2377 2299 Prteside
2400 2243 2612 2298 laetatus
2633 2257 2741 2312 quo
2767 2241 3074 2312 Rutupiuus
3094 2256 3242 2312 ager.

2071 2337 2352 2407 Octoginta
2385 2349 2554 2391 annos
2576 2334 2732 2404 cujus
2759 2333 3056 2405 tranquilla
3076 2340 3330 2390 senectus

2144 2429 2300 2487 Nullo
2327 2428 2556 2484 mutavit
2581 2427 2854 2484 deteriore
2881 2426 2991 2482 die.

2074 2524 2214 2595 Ergo
2242 2537 2463 2594 precare
2489 2521 2674 2576 favens
2702 2537 2715 2573 :
2746 2526 2828 2588 ut,
2855 2518 3036 2588 qualia
3058 2526 3306 2590 tempora
3333 2515 3465 2572 'vita
3484 2553 3502 2583 ,

2144 2615 2292 2672 Talia
2320 2623 2376 2670 et
2403 2613 2471 2671 ad
2500 2628 2687 2669 manes
2715 2611 2825 2667 otia
2850 2611 3079 2668 Sanctus
3111 2619 3257 2681 agat.

2375 2744 2519 2805 XIX.
2560 2745 2755 2802 Narnia
2785 2743 3109 2812 Pudentilla,
3139 2743 3338 2816 afﬁnis.

2077 2863 2262 2932 Tuque
2285 2857 2652 2944 Pudentillam
2683 2856 2866 2912 verbis
2895 2855 3060 2911 aﬁare
3089 2855 3353 2926 supremis
3378 2895 3394 2919 ,

2147 2955 2277 3022 Quae
2302 2954 2457 3007 famae
2481 2965 2688 3016 curam,
2718 2964 2838 3019 quae
2869 2946 3155 3017 probitatis
3180 2945 3368 3002 habes.

2079 3047 2285 3103 Nobilis
2312 3045 2449 3113 haec,
2482 3043 2645 3115 frugi,
2679 3042 2868 3112 proba,
2892 3041 3042 3108 laeta,
3075 3037 3288 3110 pudica,
3310 3036 3528 3102 decora,

2001 3129 2049 3194 C
2147 3139 2470 3210 Conjugium
2495 3135 2682 3192 Sancti
2706 3136 2908 3206 jugiter
2927 3133 3046 3190 haec
3070 3132 3278 3189 habuit.

2079 3231 2337 3288 lnviolata
2370 3237 2528 3284 tuens
2553 3237 2714 3285 casta:
2741 3228 3014 3297 praeconia
3042 3226 3190 3290 vita,

2150 3323 2313 3377 Rexit
2343 3334 2474 3388 opes
2501 3320 2766 3390 proprias,
2804 3317 2913 3373 otia
2938 3324 3132 3388 agente
3157 3315 3293 3370 viro.

2081 3413 2201 3470 Non
2231 3412 2352 3467 ideo
2373 3410 2733 3481 exprobrans,
2764 3417 2857 3464 aut
2882 3409 3061 3463 fronte
3088 3406 3341 3469 obducta,
3368 3404 3578 3469 marito,

2153 3504 2309 3574 Quod
2337 3511 2549 3574 gereret
2577 3511 2745 3557 tetam
2774 3499 2972 3556 femina
2992 3499 3108 3555 sola
3130 3498 3378 3554 domum.

2085 3595 2234 3651 Heu!
2267 3594 2490 3650 nimium
2514 3592 2755 3663 juvenis,
2792 3591 2888 3647 sed
2920 3591 3040 3645 laeta
3069 3589 3357 3660 superstite
3389 3595 3512 3644 nato
3533 3628 3548 3652 ,

2158 3687 2333 3758 Atque
2360 3686 2503 3755 viro,
2535 3685 2746 3754 patiens
2771 3683 2880 3738 fata
2911 3696 3162 3753 suprema
3189 3679 3346 3737 obiit.

2090 3778 2373 3836 Unanimis
2403 3785 2604 3832 nostrae
2630 3785 2686 3831 et
2714 3774 2984 3846 quondam
3010 3772 3528 3846 germana-Sabina,
3567 3841 3576 3852 .

2164 3871 2233 3924 Et
2262 3870 2393 3924 mihi
2421 3867 2690 3924 inoffenso
2717 3867 2937 3922 nomine
2962 3866 3108 3922 dicta
3133 3880 3314 3922 soror.

2045 3951 2048 3956 ’
2090 3962 2245 4019 Nunc
2271 3961 2430 4017 etiam
2456 3960 2639 4015 Manes
2668 3959 2906 4030 placidos
2933 3960 3018 4030 pia
3040 3973 3169 4014 cura
3191 3965 3491 4015 retractat:

2167 4057 2339 4125 Atque
2359 4051 2718 4109 Pudentillam
2743 4051 2907 4107 fantis
2929 4050 3135 4130 honore
3157 4050 3310 4107 colit.

2259 4237 2262 4239 Α
2326 4189 2443 4246 XX.
2486 4187 2724 4243 Lucanus
2752 4186 2977 4243 Talisius
3110 4186 3298 4242 Curam
3319 4187 3435 4256 ﬁlii.

2099 4303 2209 4360 Nec
2234 4311 2440 4358 tantum
2469 4300 2656 4357 matris
2683 4315 2807 4370 spes
2837 4300 3022 4366 unica,
3053 4299 3264 4371 ephebe
3289 4298 3471 4363 Talisi,

2169 4393 2528 4459 Consobrine,
2561 4393 2695 4448 meis
2724 4393 3126 4448 immemoratus
3151 4393 3283 4448 eris.

2022 4508 2076 4568 ι)
2105 4488 2340 4558 Ereptus.
2362 4485 2548 4556 primis
2576 4485 2679 4540 aevi
2715 4484 2961 4541 ﬂorentis
2998 4486 3050 4540 in
3082 4485 3288 4550 annis;

2059 4637 2064 4642 ,
2172 4578 2288 4633 Jam
2319 4586 2495 4633 tamen
2526 4585 2583 4633 et
2606 4576 2863 4646 conjunx,
2877 4577 2992 4647 jam
3017 4588 3332 4647 properate,
3357 4585 3522 4644 pater.

2105 4672 2415 4729 Festinasse
2441 4679 2594 4741 putes
2623 4669 2788 4724 fatum
2815 4685 2827 4722 :
2863 4683 2929 4724 ne
2953 4667 3113 4724 funus
3137 4667 3392 4723 acerbum

2177 4766 2411 4821 Duceret
2440 4761 2543 4819 hoc
2569 4762 2798 4834 genitor,
2833 4770 2939 4815 tam
2967 4761 3076 4817 cito
3101 4760 3271 4816 factus
3289 4774 3441 4816 avus.

2109 4903 2250 4960 XXI.
2293 4903 2497 4959 Attusia
2537 4900 2752 4956 Lucana
2787 4887 3012 5040 Ttﬁiisia.
3051 4897 3389 4954 Ermiuiscitta
3423 4894 3657 4967 Regulus.

2804 4987 2835 5024 a
2903 4987 3002 5024 ms.

2804 4987 3002 5024 amnis.

2111 5093 2308 5149 Notitia
2339 5093 2495 5149 exilis
2525 5091 2705 5158 nobis,
2731 5087 2965 5153 Attusia,
2997 5094 3198 5168 tecum,

2183 5187 2422 5257 Cumque
2449 5192 2543 5240 tuo
2573 5183 2730 5253 plane
2756 5181 2985 5251 conjuge
3016 5178 3161 5234 nulla
3194 5176 3315 5232 fuit.

2113 5277 2314 5334 Verum
2345 5285 2400 5330 tu
2429 5283 2628 5329 nostra:
2653 5287 2810 5328 soror
2832 5284 2892 5326 es
2920 5283 3176 5340 germana
3203 5265 3438 5323 Sabinae.

2187 5369 2379 5426 Afﬁnis
2407 5382 2623 5438 quoque
2650 5374 2709 5421 tu
2731 5407 2746 5432 ,
2777 5363 3017 5434 Regule,
3049 5377 3245 5418 nomen
3271 5359 3460 5415 habes.

2114 5462 2347 5520 Sortites
2379 5460 2543 5530 igitur
2570 5469 2677 5514 tam
2706 5455 2868 5512 chara
2895 5455 3158 5511 vocabula
3184 5453 3366 5519 nobis,

2188 5554 2527 5622 Stringamus
2551 5551 2729 5606 mmsti
2761 5548 3020 5605 carminis
3048 5546 3328 5616 obsequio.

2115 5644 2374 5710 Quamvis
2400 5628 2690 5698 Santonica
2724 5639 2910 5710 procul
2942 5640 2995 5693 in
3027 5637 3219 5693 tellure
3241 5635 3480 5705 iacentes

2188 5738 2447 5795 Pervenit
2478 5737 2548 5792 ad
2577 5736 2757 5792 Manes
2783 5731 3110 5804 exsequialis
3136 5730 3327 5787 honos.
