3886 6318
285 248 390 306 849
1691 230 2148 289 PARENTALIA.
3429 217 3534 278 850

428 364 594 421 XXII.
643 361 1092 420 SeverusCensor
1121 359 1401 424 Julianus,
1444 368 1711 411 consocer.

288 458 551 526 Desinite,
582 474 615 512 o
646 465 882 521 veteres,
911 454 1203 525 Calpurnia
1235 450 1477 517 nomina,
1510 445 1713 516 Frugi,

356 550 427 608 Ut
458 550 733 620 proprium
766 548 869 603 hoc
900 556 1092 602 vestra:
1120 544 1294 616 gentis
1325 542 1526 597 habere
1552 537 1742 593 decus.

285 644 394 701 Nec
421 643 572 700 solus
594 622 813 713 semper
828 636 1034 695 Censor
1054 636 1209 703 Cato,
1239 648 1338 689 nec
1366 631 1473 687 sibi
1501 628 1648 684 solus

296 734 305 740 ’
354 734 540 791 Justus
571 731 834 791 Aristides
861 730 946 786 his
973 729 1221 801 placeant
1244 724 1435 781 titulis.

284 830 416 886 Nam
448 830 664 900 sapiens
685 827 1006 898 quicumque
1037 823 1165 887 fuit,
1198 831 1493 889 verumque
1518 814 1789 883 ﬁdemque

353 922 457 990 Qui
482 920 673 986 coluit,
702 919 956 975 comitem
980 931 1041 973 se
1070 915 1189 982 tibi,
1218 913 1449 977 Censor,
1477 919 1621 979 agat.

284 1015 364 1072 Tu
393 1015 577 1086 gravis
600 1024 654 1069 et
684 1012 876 1079 comis,
905 1025 1027 1066 cum
1052 1008 1374 1080 iustitiaque
1408 1004 1693 1069 remissus,

354 1106 604 1162 Austeris
634 1104 829 1159 doctus
852 1102 1082 1173 jungere
1110 1099 1451 1171 temperiem.

282 1197 363 1255 Tu
395 1211 505 1252 non
532 1194 745 1251 adscito
770 1192 865 1248 tibi
888 1208 994 1260 me,
1027 1205 1129 1247 nec
1155 1188 1415 1262 sanguine
1440 1188 1658 1258 juncto,

353 1288 564 1359 Optasti
595 1294 811 1343 nostras
840 1284 1160 1341 consociare
1181 1282 1395 1338 domos.

293 1367 497 1451 Nempe
523 1378 704 1449 aliqua
736 1378 789 1432 in
816 1374 971 1432 nobis
1002 1390 1213 1430 morum
1245 1371 1536 1450 simulacra
1565 1362 1778 1425 tuorum

358 1471 575 1543 Efﬁgies
603 1470 777 1526 nostri
811 1468 1039 1539 prabuit
1066 1466 1290 1538 ingenii.

288 1564 393 1620 Aut
416 1563 530 1633 jam
563 1561 794 1617 fortuna:
820 1562 899 1615 sic
928 1575 989 1616 se
1018 1559 1226 1629 vertigo
1251 1556 1482 1621 rotabat,

364 1656 432 1713 Ut
459 1654 672 1727 pondus
696 1654 821 1709 fatis
853 1663 960 1709 tam
988 1652 1127 1709 bona
1158 1660 1280 1707 vota
1304 1650 1517 1705 darent.

294 1746 350 1803 Si
376 1724 503 1817 quid
529 1744 673 1817 apud
705 1743 888 1799 Manes
916 1742 1118 1809 sentis,
1152 1742 1298 1799 fovet
1326 1741 1431 1797 hoc
1461 1740 1557 1795 tibi
1586 1746 1857 1803 mentem;
1889 1724 1937 1785 B

357 1838 512 1908 Quod
536 1838 654 1894 ﬁeri
679 1846 919 1922 optaras,
951 1836 1005 1892 id
1036 1836 1275 1893 voluisse
1298 1836 1494 1892 Deum.

359 1953 545 2011 XXIII.
591 1953 848 2009 Paulinus
887 1963 937 2009 et
975 1951 1251 2025 Dryadia,
1300 1954 1399 2025 [itii
1449 1953 1697 2020 Paulini,
1746 1962 1796 2007 et

736 2025 1037 2097 Megentirw
1057 2027 1251 2080 sororis
1270 2025 1425 2095 ﬁlia.

290 2143 387 2211 Qui
420 2157 616 2199 nomen
647 2118 963 2213 vultumque
991 2142 1179 2215 patris,
1212 2144 1458 2225 Pauline,
1484 2144 1734 2216 gerebas,

363 2235 563 2292 Amissi
589 2234 867 2306 specimen
897 2237 989 2306 qui
1015 2235 1278 2306 genitoris
1303 2250 1426 2291 eras
1454 2253 1470 2291 :

289 2325 518 2396 Propter
542 2341 701 2397 quem
729 2326 903 2383 luctus
934 2326 1149 2382 misera:
1176 2325 1441 2383 decedere
1468 2327 1658 2383 matris

357 2418 632 2488 Cmperat,
665 2417 886 2475 offerret
908 2434 1029 2475 cum
1058 2429 1147 2475 tua
1177 2418 1351 2476 forma
1381 2429 1591 2491 patrem
1620 2439 1633 2475 :

290 2508 575 2573 Redderet
594 2518 651 2566 et
679 2526 878 2578 mores,
906 2520 959 2567 et
988 2512 1231 2568 moribus
1258 2512 1483 2569 adderet
1508 2513 1659 2581 illud,

358 2602 616 2659 Paulinus
646 2605 823 2660 caruit
853 2618 961 2675 quo
988 2614 1162 2676 pater,
1193 2607 1495 2677 eloquium.

290 2700 534 2771 Eriperis
561 2700 719 2769 lastis,
750 2708 805 2755 et
834 2700 1252 2770 pubescentibus
1278 2700 1433 2761 armis
1465 2718 1477 2756 ;

359 2793 645 2864 Crudaque
676 2792 852 2849 adhuc
881 2793 1069 2849 matris
1102 2802 1320 2865 pectora
1351 2794 1629 2851 sollicitas.

292 2886 511 2942 Flemus
540 2885 683 2941 enim
713 2896 923 2955 raptam
956 2886 1174 2943 thalami
1203 2888 1272 2944 de
1300 2888 1431 2944 sede
1453 2902 1720 2958 sororem,

363 2977 479 3033 Heu
505 2978 518 3032 I
550 2993 655 3033 non
686 2986 898 3033 maturo
922 2976 1136 3046 funere,
1169 2980 1481 3051 Dryadiam.

293 3068 511 3125 Flemus
536 3088 549 3122 :
573 3084 676 3140 ego
696 3069 750 3124 in
773 3069 989 3139 primis,
1018 3071 1110 3141 qui
1139 3073 1329 3127 matris
1350 3074 1672 3144 avunculus,
1696 3084 1749 3129 et
1770 3088 1868 3131 vos
1896 3097 1942 3161 ρ

363 3161 624 3218 Natorum
656 3173 926 3234 tamquam
956 3164 1124 3237 diligo
1154 3168 1488 3237 progeniem.

295 3253 389 3311 Illa
417 3270 605 3311 manus
636 3257 777 3313 inter
800 3259 1101 3329 genitricis,
1132 3269 1188 3316 et
1215 3261 1400 3317 oscula
1427 3262 1598 3332 patris

366 3349 595 3416 Occidit,
628 3350 863 3423 Hispana
893 3362 1004 3409 tum
1033 3355 1255 3424 regione
1284 3356 1495 3427 procul.

293 3441 465 3512 Quam
497 3452 671 3512 tener,
700 3454 756 3501 et
778 3446 973 3515 primo,
1000 3461 1141 3503 nove
1162 3448 1285 3516 ﬁas,
1316 3450 1629 3523 decerperis
1657 3467 1805 3519 aevo,

366 3537 614 3595 Nondum
642 3554 944 3611 purpureas
972 3542 1181 3597 cinctus
1201 3542 1410 3613 ephebe
1433 3560 1599 3616 genas
1626 3548 1639 3599 l

296 3627 541 3695 Quatuor
564 3628 806 3686 ediderat
829 3646 972 3687 nunc
1002 3631 1140 3687 facta
1171 3648 1437 3704 puerpera
1469 3644 1654 3705 partus
1686 3656 1698 3689 :

370 3718 584 3775 Funera
615 3721 709 3777 sed
738 3723 958 3777 tumulis
983 3723 1096 3793 jam
1126 3726 1396 3795 geminata
1418 3727 1587 3786 dedit.

299 3809 380 3867 Sit
410 3812 542 3866 satis
572 3812 675 3868 hoc
694 3859 709 3883 ,
736 3813 961 3872 Pauline
990 3825 1163 3888 pater,
1195 3812 1391 3876 divisio
1418 3820 1555 3878 facta
1587 3834 1689 3879 est.

372 3910 609 3989 Debetur
635 3913 797 3969 matri
822 3923 1021 3990 caetera
1052 3920 1357 3988 progenies.

607 4026 796 4085 XXIV.
835 4029 1124 4097 Paulinus,
1164 4035 1360 4089 sororis
1396 4053 1569 4109 gener.

251 4132 261 4137 ·
308 4116 407 4185 Qui
437 4119 616 4175 Izetum
641 4121 941 4191 ingenium,
973 4138 1153 4180 mores
1184 4125 1274 4195 qui
1301 4126 1476 4197 diligit
1500 4144 1706 4201 aequos,

375 4210 590 4281 Quique
613 4213 774 4270 ﬁdem
806 4225 992 4271 sancta
1020 4230 1140 4271 cum
1170 4220 1369 4288 pietate
1390 4221 1519 4275 colit
1552 4240 1563 4274 :

310 4300 520 4359 Paulini
549 4320 735 4361 manes
765 4322 974 4363 mecum
1005 4321 1316 4377 veneratus,
1343 4313 1531 4367 amicis

383 4397 595 4453 Inroret
624 4398 900 4470 Iacrymis,
933 4416 1107 4456 annua
1140 4402 1242 4457 liba
1274 4402 1471 4459 ferens.

314 4486 625 4557 Equaevus,
655 4488 898 4557 Pauline,
932 4490 1085 4559 mihi,
1114 4501 1402 4564 natamque
1430 4497 1636 4552 sororis

386 4581 637 4651 lndeptus
668 4583 904 4641 thalamo
938 4604 949 4637 :
977 4586 1057 4641 sic
1082 4572 1213 4643 mihi
1240 4602 1377 4658 pene
1406 4603 1593 4659 gener.

314 4674 509 4743 Stirpis
538 4672 821 4742 Aquitania
849 4687 1020 4749 mater
1050 4679 1166 4745 tibi,
1198 4694 1319 4734 nam
1351 4680 1586 4751 genitori

387 4766 580 4822 Cossio
607 4758 883 4836 vasatum,
917 4774 1241 4844 municipale
1269 4789 1461 4843 genus.

317 4858 523 4915 Scrinia
557 4861 794 4928 praefecti
827 4864 1071 4931 meritus,
1103 4865 1405 4920 rationibus
1433 4867 1557 4921 inde

393 4949 718 5022 Ρτωροδίιιιδ
744 4953 981 5025 Libycis,
1018 4956 1239 5023 praemia
1260 4957 1436 5024 opima
1469 4958 1639 5027 capis.

324 5042 455 5098 Nam
483 5042 821 5100 Correcturre
852 5046 947 5101 tibi
983 5046 1221 5104 Tarraco
1255 5047 1447 5103 Ilibera
1479 5050 1714 5105 tribunal

397 5136 669 5204 Prwbuit,
700 5136 960 5192 affectans
990 5152 1115 5194 esse
1141 5138 1340 5195 clienta
1375 5139 1493 5195 tibi.

326 5226 405 5282 Tu
429 5240 647 5282 socrum
678 5243 775 5299 pro
797 5240 972 5284 matre
1001 5231 1184 5286 colens
1204 5272 1219 5297 ,
1249 5230 1427 5288 afﬁnis
1456 5231 1643 5289 haberi

396 5318 511 5375 Non
542 5331 780 5391 p0teras,
809 5323 917 5376 nati
948 5336 1066 5378 cum
1096 5322 1341 5379 fruerere
1368 5325 1508 5380 loco.

329 5408 475 5466 Inter
496 5411 792 5467 concordes
815 5412 994 5467 vixisti
1023 5413 1161 5468 ﬁdus
1184 5416 1407 5482 amicos,

406 5504 788 5576 Duodeviginti
810 5504 1024 5561 functus
1052 5508 1421 5579 Olympiadas.

610 5622 778 5680 XXV.
804 5623 875 5677 1E
881 5625 1025 5678 milia
1058 5624 1318 5696 Dryadia,
1344 5634 1635 5681 matertera.

413 5712 490 5769 Te
521 5730 733 5784 quoque
762 5715 1047 5786 Dryadiatn
1080 5726 1448 5786 materteram,

1882 348 1933 409 Α
2100 346 2399 404 Flebilibus
2426 347 2682 413 modulis,

2028 440 2301 495 Germana
2327 440 2562 511 genitus,
2596 455 2763 512 prope
2796 441 2969 508 ﬁlius,

2098 532 2205 589 Ore
2232 534 2321 605 pio
2352 548 2606 589 veneror.
2949 582 2969 595 _

2021 608 2196 693 Quam
2229 625 2489 693 thalamo,
2526 624 2788 695 tardisque
2811 623 3087 695 iugalibus

2100 713 2290 770 Invida
2322 730 2471 772 mors
2500 716 2681 787 rapuit
2706 735 2718 768 :

2030 806 2359 877 Hutavitque
2389 807 2606 862 thorum
2630 807 2815 864 ferelri
2844 807 2962 862 vice

2104 882 2450 970 Essequialis
2472 899 2669 955 honor.

2031 991 2292 1048 Discebas
2314 991 2367 1046 in
2399 1006 2506 1060 me,
2534 1000 2826 1048 matertera
2845 1031 2861 1057 ,

2101 1084 2270 1141 Mater
2298 1084 2375 1140 uti
2403 1082 2588 1141 ﬁeres.

2012 1178 2187 1235 Unde
2215 1176 2378 1233 modo
2408 1177 2513 1234 hoc
2542 1185 2794 1234 maestum
2829 1173 2923 1231 tibi
2947 1174 3138 1230 defero

2106 1268 2281 1325 Filius
2305 1268 2567 1324 ofﬁcium.
2783 1337 2788 1341 _

2254 1383 2442 1440 XXVI.
2471 1383 2619 1439 Julia
2643 1381 3001 1454 Catapltronia
3021 1424 3037 1449 ,
3070 1380 3254 1435 amita.

1962 1501 2101 1569 Quin
2128 1508 2181 1555 et
2209 1496 2446 1554 funereis
2474 1497 2696 1551 amitam
2727 1494 3010 1565 impartire
3038 1492 3280 1564 querelis

2034 1594 2181 1649 Musa
2209 1590 2652 1663 Cataphroniam.

1963 1686 2169 1743 Innuba
2195 1684 2415 1755 devotae,
2436 1699 2555 1754 quae
2584 1666 2907 1752 virginitatis
2931 1693 3194 1746 amorem,

1946 1845 1956 1854 ι
2034 1777 2314 1847 Parcaque
2342 1790 2477 1831 anus
2508 1775 2699 1830 coluit.

1966 1872 2035 1928 Et
2066 1870 2198 1928 mihi
2224 1869 2369 1942 quod
2400 1869 2594 1939 potuit,
2620 1865 2868 1939 quamvis
2898 1865 2965 1921 de
2995 1878 3231 1935 paupere
3254 1877 3461 1919 summa
3486 1906 3501 1930 ,

2036 1966 2207 2021 Mater
2232 1963 2331 2031 uti,
2364 1962 2635 2017 attribuit.

1967 2058 2111 2129 Ergo
2141 2066 2590 2124 commemorata,
2622 2056 2735 2110 Ave
2765 2073 2776 2107 ε
2813 2060 3171 2123 mmstumque
3202 2060 3413 2119 vorata,

2038 2151 2147 2207 Pro
2174 2149 2458 2222 genitrice,
2492 2148 2642 2204 Vale.

2305 2268 2518 2349 XXVII.
2547 2266 2697 2322 Julia
2734 2266 2954 2322 Veneria
2974 2309 2989 2336 ,
3016 2267 3195 2321 amita.

2040 2382 2110 2437 At
2140 2380 2302 2435 amita
2334 2379 2565 2435 Veneria
2600 2378 2905 2449 properiter
2925 2377 3079 2433 obiit.

2039 2476 2137 2532 Cui
2164 2475 2344 2530 brevia
2374 2474 2514 2529 mela
2544 2472 2790 2527 moditica
2820 2470 3029 2527 reciuo.

2040 2569 2193 2624 Cinis
2219 2567 2295 2622 uti
2326 2565 2595 2637 placidula
2625 2579 2820 2634 supera
2845 2563 3041 2635 vigeat,

2038 2663 2319 2734 Celeripes
2344 2670 2401 2717 et
2426 2660 2587 2717 adeat
2610 2660 2725 2716 loca
2750 2660 2908 2730 tacita
2940 2658 3123 2713 Erebi.

2237 2776 2477 2832 XXVIII.
2507 2774 2653 2831 Julia
2678 2773 2890 2838 Idalia,
2920 2771 3255 2826 consobrina.
3337 2759 3341 2762 ’

2188 2890 2359 2946 Parva
2385 2890 2546 2945 etiam
2570 2886 2671 2943 fuit
2698 2884 2887 2951 Idalia,

2188 2982 2413 3039 Nomine
2443 2980 2666 3052 przedita
2694 2994 2811 3048 qua:
2838 2975 3086 3046 Paphias,

2188 3077 2251 3132 Et
2276 3074 2513 3147 Speciem
2546 3071 2746 3148 meruit
2769 3056 3022 3126 Veneris.

2190 3170 2321 3238 Quae
2350 3167 2534 3239 genita
2562 3174 2645 3222 est
2670 3162 2802 3220 mihi
2829 3178 2967 3233 pene
2996 3175 3174 3218 soror.

2185 3264 2325 3320 Filia
2354 3277 2475 3316 nam
2505 3260 2605 3315 fuit
2627 3258 2743 3313 hzec
2770 3256 2973 3322 amitte,

2185 3360 2356 3426 Quam
2384 3355 2622 3412 celebrat
2649 3353 2748 3408 sub
2777 3354 2986 3407 honore
3018 3350 3107 3419 pio

2186 3450 2392 3518 Narnia,
2421 3447 2663 3504 carmine
2689 3444 2939 3501 funereo.

2278 3560 2474 3618 XXIX.
2505 3558 2731 3615 £milia
2762 3557 3017 3621 Melania,
3048 3570 3218 3609 soror.

1975 3680 2221 3744 Emilia,
2247 3679 2371 3746 bos,
2395 3675 2483 3731 vix
2506 3684 2632 3730 uota
2654 3671 2788 3728 mihi
2820 3685 2995 3737 soror,
3024 3667 3207 3738 accipe
3230 3671 3471 3741 questus,

2049 3774 2257 3830 Debent
2282 3787 2418 3844 quos
2445 3769 2611 3825 cineri
2640 3778 2829 3823 Incesta
2860 3764 3057 3836 Elegea
3082 3774 3197 3837 tuo.

1976 3864 2268 3935 Coniunxit
2293 3872 2505 3919 nostras
2525 3875 2759 3927 aequaava
2788 3856 3009 3913 infantia
3038 3871 3205 3911 cunas
3235 3873 3248 3907 :

2050 3956 2170 4013 Uno
2199 3955 2447 4023 quamvis
2478 3961 2530 4006 tu
2563 3950 2786 4006 consule
2812 3948 2986 4017 major
3016 3963 3160 4002 eras.

1979 4047 2160 4103 Invida
2189 4045 2285 4101 sed
2317 4043 2537 4099 nimium
2567 4041 2823 4097 Lachesis
2854 4047 3141 4109 properata
3170 4037 3377 4109 peregit

2050 4138 2316 4206 Tempora
2343 4152 2357 4189 :
2384 4142 2440 4189 et
2465 4134 2531 4187 ad
2563 4133 2747 4187 Manes
2772 4130 2958 4185 funera
2985 4129 3179 4184 acerba
3208 4128 3374 4184 dedit.

1984 4232 2268 4289 Praemissa
2297 4244 2427 4300 ergo
2452 4228 2573 4284 vale
2601 4245 2612 4279 :
2646 4226 2936 4294 Manesque
2964 4238 3154 4279 verere
3186 4230 3489 4293 parentum,
3587 4286 3590 4288 γ

2054 4322 2155 4390 Qui
2189 4320 2393 4390 majore
2418 4333 2554 4386 aevo,
2583 4316 2783 4387 quique
2813 4313 3018 4369 minore
3050 4314 3216 4367 venit.

2022 4435 2191 4493 XXX.
2228 4432 2517 4504 Pomponia
2559 4430 2783 4487 Urbica.
2819 4443 3127 4493 consocrus,
3159 4440 3291 4480 uxor
3317 4420 3521 4479 Juliani

1909 4484 1965 4545 D
2651 4499 2907 4545 Censoris-

2651 4499 2907 4554 Censoris.

1992 4602 2058 4661 Ut
2081 4600 2296 4673 generis
2320 4597 2470 4663 clari,
2502 4602 2745 4651 veterum
2771 4593 2848 4648 sic
2878 4590 3073 4647 femina
3099 4602 3306 4643 morum
3398 4628 3403 4632 .

2062 4692 2287 4757 Urbica,
2318 4686 2572 4744 Censoris
2602 4684 2879 4740 nobilitata
2910 4682 3087 4745 thoro,

1993 4784 2249 4856 Iugenitis
2279 4781 2484 4851 pollens
2513 4776 2821 4840 virtutibus,
2857 4757 3124 4842 auctaque
3150 4779 3206 4826 et
3227 4770 3356 4836 illis,

2066 4877 2211 4944 Quas
2237 4875 2421 4930 docuit
2448 4872 2667 4941 cOnjur,
2697 4884 2829 4941 quas
2855 4877 3029 4938 pater,
3058 4876 3115 4920 et
3138 4863 3369 4935 genitrix
3403 4880 3415 4915 :

2017 4971 2161 5037 Quas
2192 4966 2377 5022 habuit
2403 4962 2688 5033 Tanaquil,
2720 4974 2855 5030 quas
2880 4959 3209 5029 Pythagorea
3236 4954 3477 5019 Theano,

2072 5061 2311 5129 Quaeque
2341 5058 2457 5111 sine
2485 5053 2734 5123 exemplo
2761 5061 2842 5107 est
2873 5052 2925 5105 in
2958 5064 3088 5103 nece
3113 5046 3294 5101 functa
3324 5043 3443 5101 viri.

2003 5153 2069 5209 Et
2098 5152 2191 5207 tibi
2215 5149 2259 5203 si
2284 5148 2448 5202 fatum
2477 5146 2555 5200 sic
2584 5150 2886 5213 permutare
2916 5139 3176 5203 dedisset,

2082 5246 2293 5301 Viveret
2322 5242 2426 5297 hoc
2453 5247 2641 5293 nostro
2673 5246 2917 5304 tempore
2941 5233 3150 5289 Censor
3174 5229 3367 5282 adhuc.

2006 5339 2116 5397 Sed
2143 5352 2317 5408 neque
2346 5345 2399 5389 tu
2431 5332 2589 5387 viduo
2614 5331 2831 5399 longum
2864 5325 3093 5380 cruciata
3118 5322 3217 5377 sub
3247 5335 3384 5389 aevo,

2082 5432 2337 5488 Protinus
2369 5435 2553 5497 optato
2579 5424 2683 5478 ﬁne
2711 5429 2894 5476 secuta
2924 5418 3119 5471 virum.

2013 5528 2203 5583 Annua
2236 5536 2381 5577 nunc
2406 5519 2615 5575 maestis
2649 5515 2869 5570 ferimus
2898 5510 2992 5566 tibi
3019 5511 3159 5581 justa
3188 5506 3442 5578 querelis,

2084 5618 2213 5673 Cum
2246 5622 2524 5686 generant
2553 5610 2693 5666 natis
2724 5620 2983 5664 consoccr
3019 5602 3304 5661 Ausonius.
