3920 6392
385 256 482 313 831
620 300 627 309 .
1766 252 1941 312 DECII
1978 250 2249 309 AUSONII

3538 255 3660 313 852

2460 364 3622 391 -__—-————-——v-————

481 493 1464 583 COMMEMORATIO
1539 489 2407 588 PROFESSORUM
2479 491 3564 587 BURDIGALENSIUM.

1033 737 1331 784 PREFATIO.

399 861 507 917 Vos
536 861 721 930 etiam,
752 875 887 932 quos
915 859 1058 915 nulla
1085 857 1216 914 mibi
1239 856 1492 928 cognatio
1517 852 1717 925 junxit,

465 954 572 1011 Sed
597 952 761 1020 fama,
789 962 845 1009 et
882 953 1060 1007 charte
1090 951 1278 1021 religio
1302 949 1510 1020 patriae,

396 1048 469 1105 Et
498 1048 735 1104 studium
765 1047 817 1101 in
850 1046 1025 1108 libris.
1054 1052 1112 1101 et
1138 1043 1325 1100 sedula
1347 1056 1472 1100 cura
1504 1040 1756 1107 docendi,

462 1139 911 1196 Commemorabo
937 1137 1082 1192 viros
1113 1142 1285 1191 morte
1313 1135 1459 1190 obita
1487 1133 1750 1190 celebres.

394 1231 530 1288 Fors
550 1233 674 1299 erit,
708 1238 766 1285 ttt
793 1240 1007 1285 nostros
1040 1229 1221 1284 Manes
1249 1229 1328 1282 sic
1358 1235 1567 1282 asserat
1597 1226 1756 1292 olim,

466 1324 729 1395 Exemplo
754 1322 936 1393 cupiet
965 1322 1054 1392 qui
1086 1320 1203 1391 pius
1231 1334 1352 1375 esse
1381 1333 1523 1375 meo.

628 1437 669 1491 l.
715 1436 951 1491 Tiberim
993 1434 1168 1489 Victor
1194 1432 1509 1500 Minervius,
1541 1444 1737 1488 orator.

398 1548 610 1605 Primus
641 1547 941 1617 Burdigalae
967 1546 1215 1601 columen
1244 1544 1448 1611 dicere,
1483 1543 1731 1614 Minervi,

466 1641 618 1696 Alter
641 1639 942 1695 Rhetorica:
969 1638 1300 1707 Quintiliane
1329 1648 1485 1709 togae.

394 1733 640 1790 illustres
667 1732 938 1803 quondam
970 1746 1078 1802 quo
1110 1739 1445 1800 praeceptore
1475 1728 1694 1783 fuerunt

460 1823 983 1894 Constantinopolis,
1015 1823 1206 1889 Roma,
1242 1821 1439 1876 dehinc
1467 1820 1665 1890 patria,

391 1915 507 1972 Non
535 1914 786 1986 equidem
814 1923 1031 1969 certans
1060 1928 1183 1969 cum
1214 1912 1500 1983 majestate
1520 1910 1787 1976 duarum;

467 2008 594 2067 Solo
621 2007 712 2064 sed
744 2008 921 2077 potior
949 2007 1187 2073 nomine,
1221 2005 1364 2077 quod
1394 2005 1587 2075 patria.

401 2102 624 2156 Asserat
660 2114 830 2169 usque
859 2100 984 2154 licet
1013 2098 1241 2153 Fabium
1270 2096 1576 2168 Calagurris
1612 2095 1891 2152 alumnum
1925 2112 1939 2152 :
2008 2103 2055 2163 Β

471 2192 585 2246 Non
618 2192 688 2247 sit
712 2190 1016 2261 Burdigalae
1043 2190 1170 2246 dum
1197 2189 1453 2245 cathedra
1482 2185 1725 2243 inferior.

400 2284 547 2339 Mille
574 2283 690 2338 foro
721 2283 869 2339 dedit
898 2283 1016 2349 haec
1039 2282 1299 2354 juvenes;
1324 2281 1408 2343 bis
1436 2281 1587 2341 mille
1609 2290 1829 2334 senatus

472 2377 688 2448 Adiecit
718 2391 962 2449 numero,
997 2377 1395 2451 purpureisque
1425 2376 1565 2445 togis
1598 2392 1611 2428 :

404 2469 488 2525 Me
514 2484 725 2541 quoque
744 2511 760 2536 ,
777 2469 873 2526 sed
895 2469 1149 2552 quoniam
1173 2468 1343 2524 multa
1364 2476 1449 2529 est
1468 2476 1750 2537 praetexta,
1775 2463 1979 2520 silebo:

476 2569 659 2641 Teque
685 2584 877 2626 canam
905 2568 973 2630 de
1002 2578 1077 2637 te,
1110 2582 1216 2628 non
1248 2567 1315 2628 ab
1347 2564 1554 2626 honere
1581 2579 1721 2621 meo.

408 2662 536 2717 Sive
559 2662 922 2734 Panegyricos
942 2662 1156 2734 placeat
1182 2659 1513 2728 contendere
1543 2656 1744 2740 libros,

480 2756 536 2810 ln
570 2753 980 2817 Panathenaicis
1006 2764 1059 2808 tu
1092 2751 1459 2821 numerandus
1484 2751 1610 2817 eris.

407 2849 514 2905 Seu
543 2848 711 2904 libeat
733 2837 885 2903 lictas
913 2844 1164 2903 ludorum
1197 2845 1451 2900 evolvere
1480 2844 1625 2907 lites,

475 2940 777 3010 Ancipitem
813 2940 1043 3008 palmam
1075 2936 1440 3005 Quintilianus
1472 2935 1652 2989 habet.

415 3032 631 3087 Dicendi
660 3043 871 3087 torrens
903 3032 995 3087 tibi
1026 3030 1179 3100 copia
1212 3048 1223 3081 :
1256 3043 1377 3099 qua:
1409 3038 1586 3081 tamen
1614 3040 1827 3094 aurum,

482 3120 600 3177 Non
628 3124 789 3177 etiam
823 3123 1021 3177 luteam
1052 3120 1297 3174 volveret
1326 3118 1586 3173 illuviem.

408 3213 479 3272 Et
517 3215 1009 3278 Demostheuicnm,
1039 3213 1180 3282 quod
1209 3220 1292 3265 ter
1317 3203 1548 3281 primum
1578 3210 1669 3267 ille
1700 3209 1930 3275 voravit,

470 3315 536 3367 'lu
567 3323 619 3367 te
647 3312 726 3366 sic
754 3307 941 3378 viguit,
973 3306 1130 3362 cedat
1158 3316 1216 3358 ttt
1244 3306 1358 3374 ipse
1392 3305 1505 3359 tibi.

410 3406 563 3461 Anne
585 3414 637 3457 et
661 3384 826 3455 divini
855 3401 993 3453 hunc
1022 3397 1291 3452 naturalia
1328 3397 1454 3451 doni

482 3494 775 3565 Adjiciam,
809 3491 1037 3545 memori
1069 3481 1234 3559 quam
1267 3487 1431 3543 fueris
1459 3486 1683 3545 animo?

408 3587 605 3642 Audita
635 3597 715 3650 ut,
747 3583 827 3641 vel
853 3583 989 3643 lecte
1017 3580 1210 3650 semei,
1242 3590 1345 3641 .e'eu
1373 3578 1481 3641 fixa
1506 3588 1722 3641 lateres
1751 3597 1762 3630 :

486 3679 727 3743 Auribus
753 3685 811 3737 et
836 3675 988 3736 libris
1016 3682 1163 3741 esset
1186 3682 1245 3739 ut
1271 3686 1376 3738 una
1402 3671 1575 3735 fides?

416 3777 661 3832 Vidimus
691 3783 743 3829 et
775 3770 1044 3847 quondam
1070 3770 1267 3836 tabulae
1293 3768 1594 3833 certamine
1623 3770 1814 3842 longo,

484 3869 707 3933 Omnes,
736 3867 826 3937 qui
858 3866 1095 3929 fuerant,
1118 3862 1465 3927 enumerasse
1489 3861 1646 3923 bolos
1668 3905 1683 3929 ,

416 3961 652 4018 Alternis
679 3959 889 4018 vicibus
912 3971 1051 4027 quos
1084 3955 1457 4029 praecipitante
1480 3963 1662 4019 rotatu

496 4050 748 4109 Fundqu
779 4046 953 4109 excisi
983 4062 1079 4129 per
1101 4061 1230 4107 cava
1259 4048 1399 4113 buxa
1428 4048 1628 4119 gradus
1654 4065 1668 4102 :

416 4143 735 4203 Narrantem
764 4139 874 4203 fido
902 4155 1000 4211 per
1019 4139 1230 4212 singula
1261 4147 1461 4209 puncta
1490 4153 1718 4201 recursu
1736 4180 1752 4211 ,

488 4238 621 4307 Qua:
657 4236 781 4296 data
801 4280 816 4304 ,
845 4249 942 4306 per
972 4233 1162 4307 longas
1190 4248 1311 4308 qua
1337 4246 1589 4294 revocata
1619 4248 1820 4293 moras.

418 4330 579 4387 Nullo
606 4330 731 4386 felle
761 4328 854 4391 tibi
882 4342 1038 4395 mens
1065 4326 1257 4397 livida,
1288 4333 1399 4403 tum
1430 4326 1543 4387 sale
1572 4327 1743 4393 multo

495 4422 704 4496 Lingua
732 4419 931 4490 dicax,
948 4418 1184 4486 blandis,
1206 4425 1262 4473 et
1286 4416 1406 4483 sine
1435 4418 1530 4477 lite
1557 4418 1716 4489 iocis.

417 4515 600 4572 Mensa
617 4514 808 4592 .nitens
834 4531 847 4585 ς
874 4527 1033 4583 quam
1067 4525 1174 4583 non
1204 4512 1450 4570 censoria
1483 4511 1669 4583 regula
1695 4511 1879 4583 culpet
1913 4529 1927 4567 :

490 4605 599 4661 Nec
629 4603 763 4671 nolit
793 4603 955 4679 Frugi
983 4602 1109 4667 Piso
1139 4616 1335 4665 vocare
1363 4617 1536 4663 suam.

418 4698 830 4768 Nonnumquam
864 4696 1070 4769 pollens
1094 4695 1389 4771 natalibus,
1418 4705 1474 4756 et
1503 4696 1647 4772 dape
1673 4695 1808 4756 festa
1841 4714 1853 4752 :
1894 4769 1902 4776 .

490 4790 606 4845 Non
639 4800 817 4855 tamen
846 4796 1102 4862 augustas
1126 4796 1181 4847 ut
1214 4796 1460 4849 tenuare!
1486 4802 1643 4863 opes.

1999 718 2055 777 Α

2218 715 2386 772 Reum
2416 716 2664 790 ciebunt,
2692 717 2922 785 Alcime.

2144 806 2430 883 Minusque
2458 807 2703 881 dignum,
2729 823 2834 870 non
2859 818 2914 867 et
2938 808 3167 871 oblitum
3196 810 3368 872 [errat

2216 897 2349 957 Tute
2379 898 2682 973 ministrum
2712 901 3007 969 memorite,
3188 909 3193 913 ’

2145 988 2384 1060 Opponit
2409 1005 2574 1055 unum
2599 1006 2760 1062 quem
2791 993 2923 1055 viris
2948 991 3222 1066 prioribus
3284 1010 3289 1015 '

2219 1082 2375 1139 Etas
2402 1085 2637 1147 recentis
2667 1086 2948 1157 temporis.

2146 1176 2344 1235 Palmm
2371 1175 2634 1251 forensis,
2663 1186 2717 1240 et
2737 1175 3097 1241 ﬂamenarum
3124 1180 3291 1241 decus
3312 1222 3327 1247 ,

2223 1268 2513 1338 Exemplar
2537 1284 2699 1333 unum
2722 1269 2775 1329 in
2804 1269 3000 1334 litteris
3024 1288 3038 1325 :

2148 1360 2292 1429 Quas
2313 1369 2407 1416 aut
2437 1360 2663 1419 Athenis
2690 1361 2847 1421 docta
2874 1363 3041 1421 coluit
3075 1363 3308 1433 Graecia,

2219 1452 2326 1508 Aut
2353 1452 2522 1507 Roma
2552 1467 2648 1523 per
2669 1452 2883 1515 Latium
2913 1455 3062 1515 colit.
3100 1522 3101 1525 η

2147 1546 2394 1602 Moresne
2424 1544 2599 1619 fabor,
2628 1538 2689 1601 et
2710 1552 2957 1617 tenorem
2982 1546 3185 1623 regula
3208 1589 3225 1615 ,

2222 1638 2478 1709 Adusque
2502 1639 2627 1697 vitte
2660 1639 2987 1703 terminum?

2149 1732 2305 1809 Quod
2331 1733 2490 1808 laude
2518 1734 2719 1819 clarus,
2749 1734 2891 1806 quod
2925 1746 3141 1809 paratus
3173 1736 3366 1803 lilleris
3387 1781 3403 1804 .

2221 1827 2447 1882 Omnem
2478 1822 2720 1904 refugisti
2752 1827 3056 1893 ambitum?

2152 1919 2228 1996 Te
2253 1936 2415 1981 nemo
2441 1924 2679 2001 gravior,
2705 1922 2792 1980 vel
2825 1921 2924 1977 fuit
2950 1924 3123 1989 comis
3152 1922 3347 1996 magis,

2222 2013 2329 2067 Aut
2348 2012 2597 2075 liberalis
2624 2013 2853 2090 indigis;
3043 2084 3048 2089 .

2156 2106 2339 2161 Danda
2370 2107 2563 2173 salute,
2594 2106 2639 2160 si
2666 2107 2839 2163 forum
2872 2122 2958 2164 res
2989 2120 3269 2180 posceret;

2226 2199 2418 2254 Studiu
2456 2199 2709 2265 docendi,
2737 2200 2780 2254 si
2813 2202 3075 2267 scholam.

2158 2290 2351 2347 Vivent
2375 2306 2472 2369 per
2501 2307 2718 2349 omnem
2751 2303 3087 2369 posterorum
3114 2296 3456 2370 memoriam,

2228 2384 2374 2453 Quos
2395 2395 2453 2439 tu
2474 2400 2642 2441 sacra:
2669 2385 2823 2447 fama:
2851 2385 3037 2442 dabas.

2158 2478 2228 2533 Et
2251 2478 2523 2534 lulianum
2552 2487 2608 2534 tu
2640 2479 2810 2555 magis
2832 2480 2990 2535 fama:
3015 2480 3201 2548 dabis,

2227 2569 2398 2637 Quam
2428 2578 2665 2638 sceptra,
2695 2586 2823 2641 qum
2845 2572 3019 2627 tenuit
3047 2572 3215 2628 brevi.

2158 2661 2412 2716 Sallustio
2445 2662 2563 2730 plus
2589 2659 2873 2725 conferent
2903 2662 3021 2717 libri
3058 2663 3155 2730 tui,

2231 2755 2400 2823 Quam
2429 2756 2742 2810 consulatus
2770 2757 3000 2817 addidit.

2165 2847 2371 2902 Murum
2399 2857 2633 2910 tuorum,
2666 2848 2899 2919 decoris,
2924 2859 2981 2909 et
3005 2850 3270 2907 facundiae

2237 2937 2485 2993 Formam
2512 2938 2706 2993 dedisti
2739 2939 2879 2995 liliis.
3209 2919 3214 2925 ’

2165 3030 2404 3102 Ignosce,
2431 3033 2600 3085 nostri
2628 3032 2786 3087 laesus
2811 3034 3073 3103 obsequio
3091 3035 3233 3109 styli.

2234 3128 2449 3181 Amoris
2480 3126 2582 3181 hoc
2609 3130 2813 3182 crimen
2842 3129 2916 3182 tui
2946 3136 3049 3192 est,

2165 3219 2314 3285 Quod
2348 3220 2505 3289 digna
2536 3219 2795 3288 nequiens
2826 3235 3097 3289 promere,
3128 3220 3363 3276 officium
3392 3221 3533 3286 colo,
3580 3266 3594 3279 .

2144 3322 2163 3335 ·
2241 3313 2501 3381 lnjurinse
2530 3313 2778 3367 sedulus.

2168 3405 2395 3472 Quiesce
2427 3405 2687 3473 placidus,
2715 3414 2771 3460 et
2796 3406 2984 3461 caduci
3015 3408 3264 3478 corporis

2244 3498 2511 3553 Damnum
2542 3500 2779 3574 repende
2804 3500 2996 3570 gloria.
3118 3482 3122 3487 ’

2594 3633 2676 3701 Ill.
2722 3633 2986 3702 Lucioius,
3014 3635 3212 3695 rhetor.

2103 3768 2340 3823 Rhetora
2364 3767 2642 3824 Luciolum
2665 3767 3121 3835 condiscipulum,
3150 3778 3313 3840 atque
3335 3770 3665 3841 magistrum,

2170 3861 2552 3931 Collegamque
2582 3860 2803 3925 dehinc,
2836 3861 3007 3915 naenia
3042 3873 3233 3917 maesta
3262 3859 3443 3916 refer:

2103 3953 2438 4019 Facundum,
2469 3934 2800 4024 doctumque
2829 3954 3026 4019 virum,
3052 3968 3151 4008 seu
3180 3953 3299 4024 lege
3330 3963 3621 4008 metrorum

2172 4048 2426 4115 Condita,
2455 4062 2550 4105 seu
2577 4049 2754 4118 prosis
2783 4047 3022 4103 solveret
3042 4062 3166 4103 orsa
3196 4046 3390 4102 modis.

2104 4139 2315 4211 Eripuit
2343 4138 2483 4209 patri
2513 4138 2771 4199 Lachesis
2797 4154 2955 4208 quem
2987 4138 3177 4194 funere
3203 4139 3425 4205 acerbo,

2178 4234 2534 4304 Linqucutcm
2568 4242 2726 4288 natos
2750 4233 2904 4288 sexui
2928 4242 3158 4300 utroque
3181 4231 3338 4287 duos.

2105 4329 2455 4400 Nequaquam
2485 4327 2696 4383 meritis
2726 4327 2880 4396 eujus
2913 4326 3257 4396 respoiiderit
3283 4325 3480 4392 limes,

2177 4422 2450 4477 Obscuros
2479 4422 2726 4491 quamvis
2755 4434 2899 4476 nunc
2930 4431 3017 4474 tua
3050 4419 3191 4474 fama
3214 4413 3386 4490 j'uvet.

2107 4514 2249 4572 Mitis
2277 4515 2468 4579 amice,
2502 4514 2678 4585 bonus
2699 4513 2893 4581 frater,
2927 4512 3191 4570 ﬁdissime
3217 4515 3441 4585 conjux,

2180 4608 2311 4664 Nate
2340 4608 2462 4678 pius
2494 4607 2765 4681 tgenitor,
2801 4607 3049 4677 paenitet,
3091 4614 3149 4661 ttt
3178 4593 3362 4662 fueris.

2106 4702 2289 4759 Comis
2316 4701 2578 4769 convivis,
2613 4715 2908 4771 numquam
2942 4699 3234 4754 inclamare
3259 4698 3509 4768 clientes,

2178 4800 2258 4857 Ad
2289 4798 2515 4876 famulos
2553 4794 2843 4868 numquam
2876 4793 3050 4850 tristia
3082 4795 3246 4850 verba
3276 4795 3441 4863 loqui.

417 4851 754 4957 Quamquam
787 4851 1023 4940 bmredis
1042 4892 1231 4955 egens,
1258 4879 1339 4934 bis
1362 4893 1459 4937 sex
1485 4851 1853 4959 quinquennia
1876 4878 1929 4934 fu

2107 4893 2176 4949 Ut
2200 4873 2669 4963 placidos’mores,
2701 4851 3025 4959 ltrauquitlos
3055 4887 3135 4942 sic
3159 4886 3279 4941 cole
3306 4886 3509 4952 Manes,

1736 4971 1887 5044 [ctus
1912 5015 1928 5041 ,

489 5069 677 5130 Fletus
699 5081 762 5135 es
785 5081 815 5123 a
846 5065 1025 5133 nobis.
1055 5075 1112 5126 ut
1145 5072 1315 5141 pater,
1342 5074 1398 5127 et
1417 5065 1656 5141 juvenis.

416 5162 486 5218 Et
512 5177 677 5227 nunc,
710 5160 825 5215 sive
854 5158 1057 5228 aliquid
1083 5166 1208 5231 post
1238 5156 1343 5221 fata
1366 5167 1607 5220 extrema
1638 5159 1898 5234 supersit,

495 5254 640 5313 Vivis
664 5252 877 5321 adhuc.
909 5250 1008 5310 aevi
1040 5250 1184 5321 quod
1213 5250 1371 5323 periit
1394 5252 1698 5312 meminens
1730 5269 1745 5311 :

415 5348 543 5405 Sive
572 5345 707 5415 nihil
732 5353 1004 5417 Superest,
1038 5358 1139 5406 nec
1167 5346 1375 5411 habent
1402 5340 1559 5420 longa
1589 5347 1698 5409 otia
1729 5362 1924 5423 sensus
1944 5388 1960 5416 ,

491 5443 571 5498 'l‘u
606 5440 698 5497 tibi
716 5439 903 5509 ,vixisti
931 5452 1070 5500 :nos
1101 5448 1188 5500 tua
1216 5438 1358 5498 fama
1383 5442 1562 5514 juvat.

668 5550 732 5607 ll.
766 5540 1516 5623 Latinm'dlcimus'Aletltius,
1545 5553 1741 5613 rhetor.

487 5665 597 5725 Nec
628 5681 715 5725 me
740 5674 970 5739 nepotes
1000 5664 1147 5739 impii
1176 5668 1382 5727 silentii

2178 4985 2246 5040 Et
2271 4998 2404 5055 cape
2431 4981 2499 5037 ab
2521 4981 2762 5036 Ausonio
2792 4994 3011 5046 munus,
3041 4980 3239 5043 amice,
3273 4977 3423 5033 Vale.

2136 5084 2143 5089 ’
2414 5095 2505 5152 ιν.
2545 5094 2719 5148 Attius
2746 5092 2943 5147 Patara
2970 5090 3156 5159 Pater,
3185 5094 3379 5147 rhetor.

2212 5209 2394 5266 Altam
2423 5222 2749 5287 quamquam
2780 5206 2980 5263 viceris
3007 5205 3197 5262 doctos
3224 5206 3399 5277 prius,

2324 5302 2517 5358 Patere
2547 5299 2697 5355 fandi
2726 5299 2925 5355 nobilis
2958 5316 2973 5352 :

2213 5396 2417 5454 Tamen
2446 5392 2587 5464 quod
2612 5407 2729 5446 :evo
2754 5387 2984 5465 floruisti
3007 5390 3278 5461 proximo,

2317 5485 2644 5554 Juvenisque
2675 5490 2729 5537 te
2756 5481 2868 5537 vidi
2896 5495 3082 5536 senem
3104 5521 3121 5547 ,

2214 5579 2433 5634 llonore
2463 5582 2674 5631 masta:
2706 5588 2813 5627 non
2835 5571 3051 5629 carebis
3079 5571 3293 5644 nteniaz,

2328 5668 2529 5724 Doctor
2558 5674 2842 5738 potentum
2869 5662 3189 5721 Rhetorum.
