3886 6318
237 284 343 342 855

341 396 418 452 Tu
451 395 752 466 Bajocassis
777 396 946 465 stirpe
972 395 1299 452 Druidarum
1329 404 1500 463 satus,

445 485 504 540 Si
535 485 677 539 fama
707 500 813 539 non
838 485 976 539 fallit
1002 484 1181 552 fidem,

342 577 526 633 Beleni
557 587 825 632 sacratum
852 577 1006 632 ducis
1034 593 1066 634 e
1097 577 1301 649 templo
1323 592 1495 647 genus
1523 595 1538 634 ε

447 671 517 725 Et
545 671 670 726 inde
699 671 861 726 vobis
888 671 1110 726 nomina
1135 687 1147 726 :

340 761 456 819 Tibi
481 763 692 818 Paterze
723 781 734 815 :
765 763 843 818 sic
868 763 1144 820 ministros
1173 771 1486 835 nuncupant

341 945 543 1011 Fratri,
578 947 826 1017 patrique
861 961 1058 1002 nomen
1089 961 1119 1002 a
1142 945 1348 1003 Phoebo
1375 946 1560 1003 datum
1591 966 1603 1003 :

443 1037 688 1108 Naloque
717 1039 785 1094 de
813 1039 1037 1118 Delphis
1068 1048 1182 1095 tuo.

340 1130 595 1186 Doctrina
626 1132 761 1186 nulli
789 1140 934 1188 tanta
962 1132 1018 1187 in
1047 1133 1142 1188 illo
1165 1129 1447 1204 tempore,

445 1220 757 1295 Cursusque
787 1233 864 1280 tot
889 1223 1040 1283 fandi
1065 1233 1120 1281 et
1147 1231 1302 1281 rotae.
1333 1244 1341 1249 η

338 1314 565 1383 Memor,
598 1315 862 1385 disertus,
896 1316 1073 1371 lucida
1101 1316 1348 1372 facundia
1372 1359 1386 1384 ,

453 1411 684 1479 Canore,
715 1413 862 1468 cultu
886 1413 1144 1484 praeditus
1165 1455 1181 1480 ,

342 1502 556 1559 Salibus
584 1504 865 1560 modestus
894 1504 1018 1561 felle
1040 1505 1188 1561 nullo
1212 1504 1428 1576 perlitis
1445 1547 1460 1571 ,

446 1596 586 1662 Vini,
617 1598 832 1668 cibique
850 1598 1173 1665 abstemius,
1432 1664 1433 1667 η

337 1687 538 1754 Laetus,
571 1689 820 1759 pudicus,
848 1690 1101 1760 pulcher;
1135 1690 1188 1744 in
1219 1691 1373 1747 senio
1399 1705 1637 1764 quoque,
1670 1700 1730 1747 ut

442 1782 655 1851 Aquila:
679 1790 952 1849 senectus,
981 1791 1076 1837 aut
1099 1783 1246 1865 equi.

516 1892 578 1947 V.
617 1893 788 1948 Attius
817 1893 941 1957 Tiro
969 1893 1306 1968 Delphidius,
1336 1897 1528 1952 rhetor.

334 2005 594 2062 Facunde
613 2048 628 2076 ,
661 2007 842 2077 docte,
876 2008 1056 2078 lingua
1084 2007 1380 2078 etingenio
1409 2009 1574 2079 celer,

441 2099 588 2155 Jocis
616 2115 852 2169 amante,
887 2101 1141 2172 Delphidi
1164 2145 1178 2170 ,

334 2192 630 2250 Subtextus
656 2203 774 2250 esto
796 2193 965 2250 flebili
992 2196 1188 2250 threno
1215 2196 1386 2264 patris
1408 2238 1423 2266 ,

384 2333 388 2336 .
443 2286 611 2342 Laudi
643 2297 700 2342 ut
727 2287 949 2343 subibas
973 2287 1224 2343 aemulus.

339 2379 417 2433 Tu
449 2394 585 2448 pene
614 2379 682 2434 ab
706 2379 840 2448 ipsis
867 2394 1025 2435 orsus
1054 2380 1398 2436 incunabulis

333 2561 551 2618 Sertum
580 2577 796 2640 coronae
829 2541 1127 2633 praeferens
1153 2563 1415 2636 Olympiae
1439 2606 1454 2634 ,

443 2654 584 2709 Puer
613 2654 904 2710 celebrasti
929 2653 1138 2713 Jovem.

331 2747 458 2802 Mox
489 2745 614 2801 inde
641 2747 840 2803 cursim
865 2761 1014 2803 more
1044 2747 1302 2803 torrentis
1328 2748 1486 2816 freti,

437 2839 580 2908 Epos
611 2821 788 2908 ligasti
821 2839 1099 2894 metricum
1127 2857 1140 2894 :

334 2929 400 2985 Ut
433 2930 611 2985 nullus
636 2945 788 3000 atque
818 2931 937 3002 lege
961 2930 1100 2986 liber
1121 2932 1423 2987 carminum

326 3113 611 3172 Celebrata
638 3117 789 3172 varie
811 3117 966 3186 cujus
997 3117 1305 3188 eloquentia

441 3209 599 3266 Domi
621 3210 859 3279 forisque
885 3210 1082 3266 claruit
1107 3228 1118 3265 :

327 3299 432 3354 Seu
465 3308 521 3355 tu
546 3301 788 3355 cohortis
825 3301 1120 3356 Prtesulem
1147 3303 1413 3371 praetoria:
1434 3347 1449 3372 ,

438 3391 844 3448 Provinciarum
869 3402 964 3446 aut
993 3393 1204 3462 judices

326 3481 570 3553 Coleres,
603 3486 815 3540 tuendis
842 3483 1087 3540 addictus
1113 3487 1373 3554 clientiis,

432 3576 633 3642 Famae,
663 3588 718 3632 et
743 3577 933 3632 salutis
958 3578 1178 3632 sauciis.

329 3665 500 3735 Felix,
536 3668 732 3738 quietis
762 3668 806 3723 si
833 3671 1084 3729 maneres
1113 3667 1340 3735 litteris,

436 3756 581 3828 Opus
607 3758 963 3814 Camenarum
991 3760 1178 3814 colens
1202 3777 1216 3815 :

327 3847 435 3903 Nec
464 3849 587 3903 odia
618 3850 829 3919 magnis
859 3839 1126 3908 concitata
1160 3849 1343 3906 litibus

435 3941 686 3994 Armaret
719 3941 859 3995 ultor
887 3943 1120 4010 impetus
1146 3960 1159 3996 :

324 4034 432 4090 Nec
457 4035 699 4106 inquieto
740 4037 1000 4106 temporis
1035 4036 1300 4108 tyrannici

438 4128 645 4184 Palatio
674 4137 729 4184 te
759 4131 1056 4186 attolleres.

323 4220 458 4276 Dum
491 4235 640 4291 spem
666 4230 928 4277 remotam
959 4237 1170 4293 semper
1197 4223 1432 4292 arcessis
1461 4225 1578 4292 tibi,

321 4401 601 4472 Tuumque
628 4404 797 4459 mavis
829 4417 968 4470 esse,
1002 4420 1165 4474 quam
1197 4404 1287 4460 fati
1317 4405 1538 4474 bonum,

427 4492 754 4548 Desiderasti
781 4494 1039 4563 plurima;
1272 4480 1278 4486 ’

323 4581 499 4652 Vagus
531 4598 628 4652 per
648 4599 834 4639 omnes
861 4585 1181 4655 dignitatum
1215 4586 1498 4656 formulas,

433 4675 767 4747 Meritusque
791 4678 938 4746 plura
956 4722 970 4745 ,
1005 4694 1163 4750 quam
1189 4695 1402 4750 gerens.

327 4765 476 4821 Unde
506 4767 750 4822 insecuto
778 4768 1062 4823 criminum
1093 4780 1240 4825 motu
1271 4774 1442 4841 gravi,

431 4859 667 4912 Donatus
694 4860 948 4914 aerumnis
976 4860 1143 4930 patris
1170 4880 1182 4915 :

321 4949 440 5002 Mox
472 4950 598 5006 inde
623 4952 850 5017 Rlietor,
881 4969 980 5007 nec
1008 4953 1233 5009 docendi
1260 4956 1503 5024 pertinax
1526 5002 1540 5024 ,

427 5044 619 5098 Curam
649 5044 882 5100 fefellisti
911 5056 1146 5115 patrum,

320 5136 492 5190 Minus
519 5137 778 5190 malorum
812 5153 1034 5192 munere
1061 5151 1315 5208 expertus
1341 5142 1430 5196 Dei
1455 5185 1468 5208 ,

425 5229 601 5284 Medio
630 5231 770 5305 quod
802 5234 898 5284 :evi
933 5241 1113 5300 raptus
1143 5248 1221 5287 es.

320 5321 518 5376 Errore
544 5322 688 5391 quod
721 5339 826 5375 non
860 5323 1119 5378 deviantis
1151 5308 1310 5391 filiae,

429 5413 702 5483 Famaque
727 5415 887 5468 larsus
919 5416 1180 5485 conjugis.

949 275 1504 334 COMMEMORATIO
1545 276 2051 348 PROFESSORUM
2092 283 2724 347 BURDIGALENSIUM.

443 853 781 922 Apollinaris
803 852 1037 924 myStici.

437 2469 534 2524 Dei
567 2477 723 2539 poeta
749 2469 947 2527 nobilis
974 2514 988 2538 ,

434 3022 750 3078 Orationem
780 3032 1011 3078 tereret.

435 4312 790 4368 Fastidiosius
814 4314 984 4368 obviae
1004 4354 1021 4379 ,

471 5539 556 5594 Vl.
601 5541 804 5594 Alei/tio
837 5541 1121 5610 Minervio,
1152 5546 1296 5613 ﬁlio,
1331 5546 1543 5601 rhetori.

637 5655 681 5707 0
710 5655 813 5708 flos
838 5655 1114 5726 juvenum,

631 5745 765 5814 Spes
797 5746 914 5800 laeta
943 5749 1111 5817 patris
1138 5768 1148 5802 :

1853 398 1905 457 A

1847 1785 1894 1846 Β

2357 405 2467 461 Nec
2494 416 2641 461 certa
2667 415 2770 460 tuac

2352 497 2483 550 Data
2514 512 2601 551 res
2622 500 2842 567 patrias;

2351 588 2470 643 Non
2496 590 2767 644 mansuris

2352 679 2556 736 Ornale
2587 666 2742 737 bonis
2770 701 2787 734 :.

2358 772 2696 840 Ostentatus,

2353 864 2670 937 Raptusque
2692 867 2874 934 simul,

2359 954 2672 1014 SOlstitialis

2359 1048 2522 1104 Velut
2553 1050 2720 1105 herba
2753 1052 2912 1130 solet,

2353 1143 2563 1199 Rhetor
2590 1143 2790 1201 Alethi.

2349 1237 2430 1292 Tu
2454 1237 2760 1310 Burdigala:

2349 1331 2528 1385 Laetus
2552 1332 2741 1400 patrita
2797 1394 2799 1397 l

2241 1416 2245 1418 ’
2346 1421 2500 1477 Clara
2525 1423 2770 1478 cohortis
2829 1421 2833 1423 “

2347 1515 2560 1572 Vexilla
2587 1533 2779 1588 regens

2351 1610 2561 1666 Pubere
2591 1611 2643 1665 in
2667 1626 2809 1667 aevo.

2349 1794 2584 1863 Postque
2608 1793 2837 1859 Paterne,

2261 1935 2263 1939 ,
2348 1883 2516 1954 Major
2544 1887 2776 1971 utroque
2804 1905 2814 1940 :

2350 1975 2431 2031 Tu
2456 1975 2728 2049 primaevis

2351 2069 2550 2126 Doctor
2578 2071 2631 2126 in
2659 2073 2836 2139 annis,

2351 2163 2420 2218 Et
2450 2174 2770 2235 praeceptor,

2349 2255 2624 2324 Tempore
2653 2271 2757 2325 quo
2791 2266 2843 2312 te

2347 2347 2565 2401 Discere
2597 2347 2837 2403 adultum

2338 2438 2456 2493 Non
2486 2448 2640 2508 turpe
2667 2439 2826 2506 foret,
2924 2432 2930 2438 ’

2342 2533 2546 2588 Cuncta
2579 2518 2812 2587 habuisti

2340 2622 2636 2681 Commoda
2667 2623 2785 2678 fati.

2344 2716 2671 2769 Praetextate

2336 2805 2456 2861 Jam
2484 2805 2717 2875 genitori

2333 2899 2596 2953 Conlatus
2623 2912 2768 2953 eras.

2338 2991 2432 3046 llle
2459 2989 2708 3058 superbae

2339 3083 2534 3138 Maenia
2568 3083 2782 3148 Romae,

2332 3175 2497 3230 Fama
2531 3183 2584 3229 et
2609 3174 2816 3230 meritis
2842 3216 2856 3239 ,

2338 3269 2455 3323 Non
2491 3269 2608 3322 sine
2635 3281 2816 3323 morsu

2339 3360 2530 3415 Gravis
2552 3359 2786 3426 invidia),
2849 3393 2853 3399 -

2335 3451 2576 3522 Inclytus
2605 3451 2773 3505 auxit.

2332 3545 2518 3599 Floris
2547 3543 2714 3598 adulti

2333 3637 2468 3692 Vota
2496 3645 2731 3703 tuorum,

2331 3733 2402 3788 Et
2430 3731 2775 3786 Rhetoricam

2331 3827 2509 3897 Fruge
2537 3834 2808 3881 carentem
2833 3866 2847 3890 ,

2331 3919 2397 3972 Et
2427 3915 2756 3972 connubium

2327 4010 2518 4065 Nobile
2547 4008 2742 4072 soceri,

2333 4101 2462 4157 Sine
2489 4115 2618 4174 pace
2645 4101 2842 4169 patris:

2327 4193 2395 4246 Et
2422 4191 2636 4245 divitias

2331 4283 2623 4351 Utriusque
2641 4323 2656 4347 ,
2697 4282 2813 4336 sine

2329 4374 2556 4428 liter-ede
2582 4388 2682 4427 suo

2322 4465 2637 4520 Deseruisli.

2327 4557 2518 4611 Omnia
2545 4571 2762 4626 prsecox

2329 4648 2566 4724 Fortuna
2602 4648 2695 4702 tibi

2326 4740 2500 4807 Dedit,
2533 4750 2586 4796 et
2608 4746 2802 4812 rapuit.

2322 4833 2491 4900 Quam
2529 4834 2786 4904 fatiloquo

2319 4925 2469 4979 Dicte
2497 4925 2709 4994 profatu

2324 5021 2523 5074 Versus
2558 5020 2760 5075 Horatii
2792 5041 2802 5073 :

2322 5111 2504 5165 Nlllll.
2541 5112 2667 5166 EST
2699 5114 2786 5166 AB
2819 5113 2986 5168 OMNI

2323 5202 2549 5257 PARTE
2583 5203 2878 5260 BEATUNI.

2040 5486 2140 5552 Qui
2167 5485 2298 5539 colis
2330 5485 2506 5549 lcetos,
2541 5484 2857 5556 bilarosque
2885 5505 3082 5557 mores,

2041 5577 2136 5644 Qui
2168 5576 2283 5630 dies
2311 5576 2494 5640 festos,
2521 5577 2669 5646 joca,
2700 5588 2842 5645 vota,
2878 5581 3084 5653 ludum,

2040 5671 2287 5725 Annuum
2315 5669 2481 5724 functi
2513 5686 2751 5726 memora
2785 5672 2996 5732 Leontii

2317 5761 2541 5818 Nomine
2565 5763 2831 5820 threnum.

1951 5343 2060 5400 νη.
2105 5343 2346 5398 Leontius
2374 5345 2763 5414 granmmticus,
2797 5361 3132 5417 cognomento
3161 5352 3415 5408 Lasrirm.
