3886 6328
528 246 634 304 855

671 360 774 417 Iste
803 359 1138 416 LASCIVUS
1167 359 1378 428 patiens
1402 360 1584 414 vocari
1603 401 1617 422 ,

674 452 878 507 Nomen
916 451 1196 521 indignum
1230 452 1502 520 probitate
1530 452 1652 506 vitae

675 543 873 598 Abnuit
898 558 1190 612 numquam
1217 561 1230 596 :
1256 545 1378 610 quia
1409 553 1618 612 gratum
1649 542 1717 599 ad
1745 558 1901 599 aures

957 633 1114 688 Esset
1147 632 1367 688 amicas.
1455 639 1458 642 ί

674 725 894 782 Litteris
927 734 1133 781 tantum
1159 726 1371 781 titulum
1400 737 1703 795 assecutus,

673 816 918 884 Quantus
937 817 1065 873 exili
1093 816 1224 872 satis
1257 826 1340 872 est
1369 818 1647 873 cathedra:
1672 836 1685 870 :

673 912 869 968 Posset
896 913 1131 967 insertus
1161 927 1390 967 numero
1416 920 1476 966 ut
1498 911 1672 967 videri

957 1002 1472 1058 Grammaticorum.

669 1093 752 1149 'I'u
777 1108 912 1149 meze
934 1108 1153 1164 semper
1181 1095 1364 1150 socius
1385 1094 1651 1164 juventze,

671 1186 930 1240 Pluribus
952 1187 1197 1257 quamvis
1217 1186 1532 1243 cumulatus
1555 1188 1737 1254 annis,

673 1280 825 1334 Nunc
845 1293 1061 1349 quoque
1090 1278 1144 1334 in
1175 1279 1381 1334 nostris
1409 1279 1618 1335 rccnles
1648 1281 1934 1351 medullis,

958 1375 1167 1429 Blande
1203 1372 1395 1429 Leonti
1433 1391 1444 1427 :

674 1468 739 1522 Et
760 1467 913 1536 juvat
944 1466 1083 1520 tristi
1107 1465 1394 1521 celebrare
1421 1480 1552 1522 cura

675 1557 933 1612 Flebilem
958 1568 1174 1611 cantum
1206 1559 1464 1612 memoris
1489 1558 1723 1628 querelae
1754 1575 1767 1611 :

669 1651 862 1705 Munus
889 1651 1178 1719 ingratum,
1216 1651 1310 1704 tibi
1339 1651 1689 1721 debitumque

955 1740 1211 1797 Carmine
1252 1751 1460 1799 nostro.

666 1850 802 1908 VIII.
834 1850 1200 1907 Grammaticis
1245 1852 1438 1908 ercis
1478 1853 1962 1927 Burdigalensibus.

669 1965 963 2021 Romulum
986 1975 1113 2035 post
1156 1965 1278 2034 hos,
1305 1967 1474 2036 prius,
1503 1983 1570 2023 an
1597 1968 1883 2037 Corinthi,

668 2058 751 2112 An
782 2073 852 2112 ne
883 2056 1143 2128 Spercbei
1166 2099 1182 2123 ,
1217 2060 1526 2129 pariterque
1555 2063 1666 2115 nati

667 2151 876 2206 Atticas
906 2152 1084 2206 Musas
1115 2167 1411 2207 memorem
1431 2151 1731 2210 Menesthei

928 2244 1445 2298 Grammaticorum
1469 2247 1493 2296 ?

667 2336 933 2392 Sedulum
980 2335 1189 2391 cunctis
1215 2337 1452 2391 studium
1484 2337 1715 2393 docendi
1743 2355 1757 2403 ;

667 2432 900 2487 Fructus
928 2433 1112 2499 exilis,
1141 2435 1428 2503 tenuisque
1467 2449 1649 2489 sermo
1673 2453 1687 2488 :

665 2522 797 2588 Sed,
826 2523 949 2592 quia
974 2532 1163 2578 nostro
1189 2522 1431 2580 docuere
1463 2526 1514 2580 iu
1539 2541 1679 2594 aevo,

945 2613 1447 2670 Commemorandi.

582 2724 584 2726 ν
667 2705 884 2762 Tertius
912 2707 1103 2761 horum
1137 2709 1266 2762 mihi
1297 2725 1404 2763 non
1439 2712 1698 2780 magister
1726 2731 1742 2778 ;

665 2797 860 2853 Czcteri
886 2798 1076 2867 primis
1098 2797 1334 2853 docuere
1355 2799 1413 2853 in
1437 2800 1614 2866 annis,

665 2889 742 2945 Ne
765 2889 937 2944 forem
960 2904 1149 2944 vocum
1174 2890 1347 2957 rudis,
1378 2904 1474 2947 aut
1501 2893 1754 2963 loquendi
1780 2913 1794 2950 :

947 2981 1054 3037 Sed
1085 2981 1203 3037 sine
1234 2983 1400 3038 cultu.

666 3072 887 3128 Obstitit
915 3083 1118 3127 nosmc
1143 3074 1292 3142 quia,
1313 3075 1504 3141 credo,
1530 3078 1735 3132 mentis

664 3163 895 3218 Tardior
923 3177 1113 3219 sensus
1139 3181 1152 3217 :
1185 3179 1361 3234 neque
1391 3166 1693 3237 disciplinis

629 3324 633 3329 1
665 3254 885 3326 Appulit
912 3254 1117 3310 Graecis
1147 3256 1368 3325 puerilis
1391 3257 1493 3311 aevi

949 3343 1153 3400 Noxius
1177 3361 1351 3403 error.

665 3436 773 3490 Vos
802 3435 939 3491 levis
969 3451 1159 3506 cespes
1192 3446 1356 3508 tegat,
1380 3448 1436 3494 et
1463 3441 1700 3509 sepulcri

663 3527 826 3582 Tecta
867 3525 1160 3582 defendant
1184 3529 1396 3584 cineres
1417 3543 1639 3599 opertos
1668 3550 1681 3584 :
1786 3524 1795 3530 ’

662 3622 732 3674 At
759 3633 891 3673 mea:
923 3618 1076 3672 vocis
1107 3618 1292 3673 titulus
1318 3635 1632 3690 supremum

948 3708 1158 3765 Reddat
1184 3696 1470 3766 honorem.

519 3824 609 3877 IX.
638 3822 907 3889 Iucunda,
927 3824 1265 3894 grammatico
1285 3822 1674 3896 Burdigalensi,
1695 3831 1852 3901 fratri
1875 3831 2097 3888 Leontii.

519 3935 587 3991 Et
617 3944 689 4000 te,
720 3950 878 4004 quem
902 3934 1220 3991 cathedram
1241 3944 1446 4019 temere
1471 3954 1761 4009 usurpasse
1779 3942 2094 4014 loquuntur,

591 4027 795 4081 Nomen
817 4027 1164 4083 Crammatici
1196 4043 1294 4084 nec
1321 4030 1586 4086 meruisse
1610 4042 1802 4103 putant
1833 4053 1847 4089 :

384 4182 389 4188 ,
517 4118 662 4173 Voce
691 4117 848 4172 ciebo
878 4128 1076 4185 tamen,
1107 4118 1381 4185 simplex,
1416 4121 1556 4177 bone
1577 4163 1592 4186 ,
1624 4124 1817 4190 amice,
1848 4124 2092 4194 sodalis;

589 4207 852 4275 Iucunde,
882 4207 980 4263 hoc
1001 4208 1118 4278 ipso
1143 4209 1310 4265 chare
1329 4211 1502 4280 magis
1531 4213 1740 4281 studio,

518 4297 671 4364 Quod
696 4297 940 4366 quamvis
972 4299 1144 4368 impar
1185 4313 1382 4363 nomen
1417 4309 1523 4354 tam
1557 4303 1736 4359 nobile
1762 4309 1984 4374 amasti,

590 4387 658 4440 Es
685 4389 911 4442 meritos
943 4388 1082 4443 inter
1106 4391 1586 4446 commemorande
1611 4393 1774 4448 viros.

518 4497 986 4578 X._Crammati'cis
1006 4499 1220 4578 Latinis
1270 4500 1729 4578 Burdigalensibus
1762 4506 2047 4578 philologis
2070 4553 2085 4576 ,

587 4569 843 4641 Macrino.
873 4568 1144 4635 Pliwbitio,
1171 4568 1482 4641 Concordia,
1508 4568 1792 4641 Sucuroni',

584 4640 864 4693 Anastasio
888 4642 1226 4710 grammatico
1261 4639 1629 4698 Pictaoiornm.

865 4754 1016 4808 Nunc
1045 4762 1103 4808 ut
1131 4770 1398 4825 quemque
1429 4758 1560 4812 mihi

871 4844 1090 4900 Flebilis
1118 4844 1282 4900 officii

864 4937 1188 5009 Belligiosus
1210 4942 1380 4996 honor

868 5031 1157 5102 Suggeret,
1205 5033 1512 5102 expediam.

869 5121 994 5190 Qui,
1020 5126 1264 5192 quamvis
1298 5125 1484 5180 humili

862 5215 1067 5285 Stirpe,
1095 5214 1235 5278 loco,
1259 5229 1322 5269 ac
1343 5216 1559 5283 merito,

859 5306 1180 5362 Introtulere
1203 5315 1381 5363 tamen

859 5401 1254 5456 Grammatices
1282 5399 1521 5456 studium

856 5494 1090 5565 lngeniis
1128 5493 1406 5550 hominum

850 5583 1152 5653 Burdigala:
1197 5585 1440 5641 rudibus.

848 5675 1171 5733 Permaueat
1200 5676 1392 5733 series.

1902 243 2076 301 DECII
2115 244 2392 303 AUSONII

2135 365 2187 422 Α

2566 360 2650 418 Sit
2674 359 2945 420 Macrinus
2973 363 3028 418 in
3070 362 3177 429 his,

2569 453 2798 509 Sobrius
2820 454 2873 509 in
2905 455 3090 526 pueris
3105 498 3122 525 ,

2567 546 2635 601 Et
2655 561 2947 615 puerorum
2967 549 3000 583 ⁸⁸

2567 636 2729 693 Utilis
2756 637 3011 708 ingeniis.

2565 729 2700 784 Huic
2721 744 2842 785 mea
2874 730 3141 800 principio

2566 819 2782 876 Credita
2815 824 2961 891 pueri
2972 822 3094 878 ties.

2569 914 2679 970 Nec
2703 915 2942 970 reticebo
2963 931 3148 971 senem

2567 1006 2794 1062 Nomine
2824 1005 3160 1063 thhicium
3189 1027 3203 1062 :

2567 1097 2670 1164 Qui
2695 1097 2878 1154 Beleni
2906 1098 3135 1158 adimus

2571 1187 2658 1242 Nil
2686 1190 2806 1257 opis
2827 1189 2953 1245 inde
2979 1191 3121 1246 tulit.

2570 1281 2678 1336 Sed
2711 1291 2914 1348 tamen,
2945 1291 3004 1337 ut
3030 1284 3309 1354 placitum,

2568 1372 2753 1442 Stirpe
2773 1381 2926 1429 satus
2955 1373 3240 1442 Druidum,

2568 1463 2758 1519 Gentis
2781 1466 3111 1522 Aremoricze

2575 1555 2878 1627 Burdigala:
2907 1558 3219 1614 cathedram

2570 1647 2691 1702 Nati
2719 1663 2883 1717 Opera
2913 1649 3171 1706 obtinuit.

2573 1738 2642 1793 Et
2669 1748 2723 1794 tu
2751 1738 3015 1796 Concordi

2565 1831 2666 1898 Qui
2691 1831 2949 1902 profugus
2987 1835 3186 1903 patria,

2566 1922 2785 1999 Mutasti
2816 1922 3056 1977 sterilem

2587 2012 2726 2067 Urbe
2749 2012 2854 2067 alia
2876 2013 3190 2069 cathedram
3216 2055 3232 2081 ,

2572 2102 2641 2156 Et
2669 2101 2919 2157 libertina

2565 2192 2774 2248 Sucuro
2806 2193 3116 2263 progenies,
3219 2180 3224 2184 ’

2563 2283 2667 2351 Qui
2690 2283 2921 2344 rudibus
2943 2279 3127 2355 pueris

2568 2377 2748 2454 Prima
2771 2379 3039 2436 elementa
3069 2381 3257 2450 dabas,

2565 2468 2746 2539 Pange
2775 2480 2829 2526 et
2857 2473 3151 2528 Anastasio

2566 2561 2798 2628 Flebile,
2828 2563 3002 2629 Musa,
3033 2565 3232 2620 melum
3257 2584 3270 2617 :

2567 2650 2638 2706 Et
2659 2667 2899 2708 memora
2936 2663 3153 2711 tenuem

2565 2741 2750 2797 Nmnia
2771 2743 3219 2805 Grammaticum.

2564 2833 2866 2906 Burdigala:
2892 2836 3036 2892 hunc
3063 2841 3302 2909 genitum
3327 2884 3341 2908 ,

2561 2923 2864 2980 Transtulit
2886 2928 3114 2986 ambitio
3135 2972 3152 2997 ,

2564 3016 2965 3088 Pictouiczeque
2989 3021 3156 3076 dedit.

2561 3106 2777 3176 Pauper
2805 3110 2927 3176 ubi,
2953 3121 3009 3165 et
3037 3123 3250 3169 tenuem

2567 3197 2776 3254 Victum
2808 3201 3157 3274 habitumque
3186 3207 3391 3273 colens,

2560 3289 2855 3348 Gloriolam
2885 3295 3084 3351 exilem

2560 3383 2630 3437 Et
2655 3399 2718 3452 pa
2728 3385 2865 3454 tri:e,
2883 3397 2939 3443 et
2971 3389 3242 3447 cathedra:

2560 3473 2800 3530 Perdidit
2824 3477 2879 3533 in
2907 3481 3063 3537 senio
3092 3497 3110 3537 :

2558 3567 2811 3624 Doctrina
2842 3572 3069 3642 exiguus
3091 3616 3108 3641 ,

2557 3658 2793 3716 Moribus
2818 3662 3122 3733 implacidis
3137 3705 3154 3732 ,

2557 3749 2795 3807 Proinde
2815 3795 2831 3818 ,
2861 3763 2921 3807 ut
2943 3763 3066 3810 erat
3092 3756 3341 3812 meritum
3360 3798 3374 3823 ,

2556 3839 2778 3895 Famam
2810 3840 2996 3897 habuit
3029 3853 3259 3901 tenuem.

2552 3931 2658 3986 Sed
2688 3942 2864 3988 tamen
2895 3934 3041 3991 hunc
3073 3948 3258 3992 noster

2551 4022 3002 4080 Commemoravit
3033 4025 3222 4081 honos.

2552 4111 2904 4183 Relligiosum
2930 4119 3131 4173 etenim

2548 4202 2990 4263 Commemorare
3018 4224 3153 4264 mea:

2547 4291 2965 4351 Grammaticum
2990 4299 3174 4368 patria:
3195 4341 3212 4366 ,

2551 4380 2630 4437 Ne
2660 4385 2864 4454 pariter
2891 4389 3125 4447 tumulus

2500 4490 2503 4493 '
2549 4466 2751 4530 Nomen
2777 4486 2833 4531 et
2852 4493 2973 4533 ossa
3003 4489 3162 4549 tegat.

1821 4577 2094 4636 Α¹¹³¹³³⁰ηδ⁰
2194 4593 2283 4661 XI.
2307 4585 2620 4675 Herculano,
2639 4610 2849 4665 Sororis
2873 4613 3350 4684 ﬁlio,grammatico
3375 4614 3704 4692 Burdigalam.

2195 4719 2519 4787 llerculane,
2547 4723 2636 4793 qui
2661 4724 2935 4793 profectus
2961 4727 3168 4794 gremio
3187 4727 3256 4781 de
3286 4736 3468 4782 nostro
3484 4735 3534 4782 et
3557 4725 3705 4780 schola

2192 4809 2355 4880 Spem
2377 4815 2542 4884 magis
2564 4830 2722 4883 quam
2743 4831 2855 4870 rem
2877 4816 3154 4873 fruendam
3174 4821 3446 4889 praebuisti
3460 4818 3702 4883 avunculo,

2193 4903 2467 4970 Particeps
2490 4905 2691 4961 scholae
2713 4948 2727 4968 .
2753 4917 2807 4962 et
2836 4909 3108 4964 cathedra:
3135 4926 3270 4980 pene
3299 4926 3560 4968 successor
3580 4925 3699 4976 mea,

2191 4993 2436 5050 Lubrica:
2462 4997 2564 5051 nisi
2585 5008 2635 5053 te
2653 4999 2892 5067 juventae
2921 5003 3244 5073 praecipitem
3273 5006 3444 5062 flexus
3460 5006 3620 5068 daret,

2190 5086 2506 5158 Pythagorei
2539 5105 2644 5143 non
2673 5100 2943 5146 tenentem
2975 5095 3208 5151 tramitis
3251 5107 3450 5152 rectam
3476 5096 3629 5151 viam:

2191 5176 2322 5250 Esto
2349 5179 2610 5247 placidus,
2640 5191 2695 5235 et
2722 5184 2922 5251 quietis
2944 5185 3186 5240 Manibus
3206 5186 3391 5242 sedem
3419 5187 3527 5242 fove
3552 5203 3564 5250 ;

2187 5268 2303 5324 Jam
2332 5268 2461 5323 mihi
2493 5275 2719 5340 cognat’a
2743 5270 2942 5328 dudum
2972 5275 3112 5331 inter
3146 5287 3469 5333 memoratus
3502 5277 3694 5331 nomina.

2260 5381 2374 5436 XII.
2402 5380 2676 5450 Thalasso,
2695 5363 3031 5457 grammatico
3053 5387 3262 5454 Latino,
3293 5387 3640 5461 Burdigalensi.

2185 5495 2456 5562 Officium,
2480 5511 2784 5567 nomenque
2810 5509 2978 5566 tuum,
3011 5502 3268 5570 primane
3312 5503 3583 5568 Thalasse,

2256 5588 2516 5644 Parvulas
2537 5591 2711 5645 audivi
2739 5609 2752 5645 :
2793 5593 2888 5646 vix
2916 5595 3076 5648 etiam
3120 5597 3358 5663 memini,

2127 5669 2130 5671 λ
2185 5678 2299 5746 Qua
2325 5678 2493 5736 forma
2511 5721 2527 5748 ,
2554 5690 2646 5736 aut
2675 5684 2868 5741 merito
2888 5685 3052 5740 lucris
3071 5725 3086 5753 ,
3111 5700 3216 5756 qua
3241 5687 3406 5758 stirpe
3433 5696 3685 5759 parentum.
