3886 6320
154 257 253 313 857

220 371 374 427 Etas
404 370 474 425 nil
503 370 570 424 de
597 376 652 424 te
677 370 943 440 posterior
974 368 1236 423 celebrat.

152 462 572 519 Grammaticum
592 461 848 530 juvenem
880 467 1086 532 tantum
1118 468 1170 514 te
1196 460 1336 514 fama
1373 457 1611 521 ferebat,

221 557 355 609 Tum
377 569 589 625 quoque
611 566 715 609 tam
743 554 944 617 tenuis,
975 568 1135 623 quam
1159 553 1321 608 modo
1348 552 1496 608 nulla
1519 558 1720 606 manet.

156 647 258 703 Sed
294 647 619 717 quicumque
642 655 819 701 tamen
839 687 855 713 ,
885 656 1073 701 nostro
1098 646 1219 716 quia
1247 645 1436 700 doctor
1460 646 1516 699 in
1537 657 1654 699 aevo

226 738 440 805 Vixisti,
471 739 575 792 hoc
606 747 851 793 nostrum
881 752 1077 793 munus
1104 736 1326 803 habeto,
1358 735 1516 791 Vale.

254 874 397 929 Xlll.
437 874 628 928 Citario
660 874 836 928 Sican
882 873 1237 945 Syracusano,
1268 874 1603 945 grammatico

640 943 1001 1016 Burdigalensi
1026 943 1227 1000 Greco.

154 1058 214 1112 Et
239 1057 429 1122 Citari,
457 1057 655 1112 dilecte
680 1055 830 1122 mihi,
857 1057 1247 1121 memorabere,
1279 1057 1474 1128 dignus

217 1147 611 1205 Grammaticos
640 1149 784 1203 inter
810 1148 899 1217 qui
917 1148 1193 1204 celebrere
1216 1149 1403 1204 bonos.

154 1240 309 1295 Esset
336 1239 631 1293 Aristarchi
664 1238 759 1293 tibi
788 1224 977 1309 gloria,
1006 1241 1370 1312 Zenodotique
1412 1239 1419 1242 ’

215 1331 522 1393 Graiorum,
548 1331 795 1400 antiquus
816 1331 859 1383 si
888 1341 1203 1399 sequeretur
1232 1332 1427 1388 honos.

154 1420 513 1487 Carminibus,
544 1436 663 1489 qua:
703 1421 874 1487 prima
910 1421 1017 1475 tuis
1045 1431 1172 1477 sunt
1206 1424 1423 1479 condita
1453 1425 1505 1479 in
1546 1424 1723 1490 annis,

218 1512 478 1568 Concedit
510 1511 603 1567 Cei
629 1512 773 1567 Musa
806 1512 1121 1569 Simonidei.

156 1604 294 1661 Urbe
318 1614 470 1660 satus
497 1604 698 1673 Sicula,
734 1615 971 1662 nostram
1004 1609 1323 1678 peregrinus
1350 1610 1507 1665 adisti
1534 1626 1549 1665 :

216 1696 502 1753 Excultam
538 1698 729 1754 studiis
756 1715 915 1769 quam
955 1715 1121 1770 prope
1150 1701 1487 1755 reddideras.
1578 1701 1593 1713 ’

147 1788 462 1857 Coujugium
492 1799 681 1845 nactus
702 1793 813 1846 cito
839 1791 1139 1865 nobilis,et
1168 1792 1472 1861 locupletis,

177 1935 181 1939 _
216 1878 422 1933 Invidia
447 1878 539 1933 fati
565 1896 670 1934 non
700 1882 910 1950 genitor
939 1882 1187 1938 moreris.
1237 1943 1248 1954 ⁸
1342 1890 1351 1898 ‘

152 1971 218 2025 At
236 1984 335 2025 nos
356 1970 671 2027 defunctum
700 1974 923 2028 memori
945 1974 1279 2029 celebramus
1311 1974 1515 2030 honore
1548 1993 1559 2027 :

214 2059 470 2117 Fovimus
490 2070 550 2116 ut
577 2063 754 2117 vivum
776 2079 999 2119 munere
1025 2066 1297 2121 amicitiae.

364 2173 502 2231 XIV.
535 2175 779 2230 Censorio
811 2177 974 2232 Attico
1005 2179 1230 2250 Agricio,
1261 2178 1500 2234 thetori.

149 2285 351 2354 Eloquii
376 2289 569 2342 merito
590 2288 778 2356 primis
800 2273 1081 2358 aequando,
1112 2288 1259 2343 fuisti

217 2377 396 2447 Agrici
432 2377 517 2432 hic
541 2380 746 2446 positus
776 2380 1077 2449 posteriore
1103 2381 1220 2437 loco
1248 2398 1264 2435 :

148 2467 279 2523 (Ero
300 2470 395 2540 qui
418 2472 670 2540 quoniam
698 2475 908 2541 genitus
932 2472 1255 2542 functusque
1287 2475 1511 2543 recenti,

216 2561 422 2615 Dilatus
448 2560 622 2625 nobis,
650 2577 753 2615 non
777 2571 831 2617 et
856 2564 1087 2619 omissus
1116 2578 1259 2618 eras.

149 2652 493 2721 Quocumque
532 2654 587 2708 in
628 2670 873 2720 numero,
908 2656 1048 2710 tristi
1084 2658 1458 2713 memorabere
1505 2659 1717 2714 threno.

219 2742 359 2797 Unus
386 2743 561 2798 honos
587 2746 777 2799 tumuli
807 2761 985 2811 serus,
1006 2755 1063 2803 et
1090 2757 1214 2802 ante
1240 2748 1417 2803 datus.

152 2834 273 2888 Tam
304 2836 521 2902 generis
539 2836 850 2892 tibi-celsus
883 2852 1042 2905 apex,
1071 2854 1229 2907 quam
1256 2840 1429 2909 gloria
1459 2839 1627 2895 fandi.

215 2924 393 2979 Gloria
424 2926 673 2981 Atlienmi
700 2928 911 2996 cognita
935 2928 1065 2983 sede
1093 2929 1225 2993 loci;

149 3016 387 3082 Nazario,
414 3028 469 3073 et
496 3018 646 3072 claro
675 3019 942 3089 quondam
967 3020 1141 3074 delata
1172 3020 1399 3089 Paterw,

216 3108 438 3178 Egregie
465 3110 666 3164 multos
695 3110 932 3165 excoluit
954 3110 1205 3180 juvenes.

149 3196 375 3269 Conjnge
404 3215 569 3269 nunc,
606 3202 852 3269 natisque
882 3202 1295 3273 superstitibus,
1317 3218 1643 3275 generoque,

214 3290 472 3361 Majorum
502 3292 684 3347 Manes
711 3306 764 3347 et
791 3304 1138 3349 monumenta
1166 3295 1360 3351 loves.’

279 3407 393 3461 XV.
416 3407 737 3491 Nepotiane,
764 3411 1114 3480 grammatico,
1139 3410 1303 3465 eidem
1335 3410 1571 3466 Rhetori.
1606 3442 1611 3448 ν

214 3520 423 3587 Facete,
452 3522 645 3591 comis,
675 3524 857 3578 animo
882 3523 1107 3593 juvenili
1135 3540 1319 3592 senex,

210 3614 301 3669 Cui
332 3616 453 3671 felle
482 3616 649 3681 nullo,
678 3617 838 3672 melle
862 3618 1031 3671 multo
1060 3634 1212 3673 mens
1242 3620 1486 3685 madens,

213 3705 401 3760 Alvum
426 3723 525 3777 per
545 3722 706 3763 omne
732 3708 803 3761 nil
828 3723 1067 3763 amarum
1092 3710 1308 3765 miscuit
1338 3730 1349 3764 :

210 3796 383 3851 Nostri
402 3797 632 3865 medela,
659 3797 979 3867 Nepotiane,
1000 3802 1264 3869 pectoris,

211 3884 334 3940 Tam
358 3889 627 3944 seriorum
660 3906 816 3957 quam
836 3891 1082 3960 jocormn
1115 3892 1404 3963 particeps,

209 3976 518 4053 Taciturne,
557 3982 804 4053 Amyclas
831 3985 919 4052 qui
944 3984 1153 4038 silendo
1176 3985 1391 4041 viceris.

210 4069 281 4123 'l‘e
309 4070 635 4127 fabulantem
666 4089 772 4127 non
807 4074 990 4128 Ulixes
1022 4076 1312 4145 linqueret,

208 4163 415 4233 Linquit
439 4173 699 4221 canentes
721 4168 810 4236 qui
842 4168 1080 4223 melodas
1102 4170 1356 4238 virgines.

124 4308 127 4313 .
208 4255 397 4323 Probe,
428 4266 485 4312 et
515 4258 726 4327 pudice,
762 4275 937 4327 parce,
966 4260 1123 4331 frugi,
1150 4263 1436 4329 abstemie,

206 4348 473 4416 Facunde,
513 4352 643 4406 nulli
674 4353 973 4408 Rhetorum
1002 4356 1203 4410 cedens
1226 4357 1388 4428 stylo,

209 4438 272 4493 Et
297 4439 599 4511 disputator
628 4449 694 4498 ad
719 4443 1018 4500 Cleanthen
1045 4448 1264 4503 Stoicon
1298 4466 1311 4502 :

208 4530 455 4588 Scaurum
491 4535 831 4606 Probumque
853 4538 1015 4593 corde
1046 4540 1248 4595 callens
1274 4542 1460 4597 intimo
1496 4562 1507 4595 :

206 4621 266 4677 Et
294 4623 515 4693 Epirote
542 4628 704 4681 Cinea
732 4645 939 4683 memor
968 4647 1019 4684 m
1040 4633 1178 4701 ugis.‘

207 4716 433 4786 Sodalis,
460 4730 516 4775 et
547 4724 842 4785 convictor.
871 4722 1281 4793 hospesjugiter
1312 4745 1322 4777 :

213 4806 392 4862 Parum
424 4812 566 4880 quod
602 4813 819 4880 ImSpes;
855 4816 1048 4869 mentis
1079 4817 1317 4885 agitator
1334 4833 1486 4872 mete.

206 4898 429 4955 Consilia
460 4904 639 4957 nullus
671 4914 850 4959 mente
874 4916 977 4958 tam
1006 4921 1139 4974 pura
1166 4906 1335 4972 dedit,

208 4988 297 5043 Vel
326 4993 514 5049 altiore
544 4995 761 5049 conditu
787 4996 920 5049 texit
950 4998 1094 5050 data.

207 5082 408 5139 llonore
433 5087 573 5156 gesti
604 5089 917 5152 prmsidatus
940 5090 1193 5160 inclytus,

209 5176 386 5234 Decies
417 5196 654 5237 novenos
681 5181 897 5238 functus
918 5198 1183 5239 annorum
1211 5186 1380 5254 vices,

205 5268 336 5327 Duos
358 5273 669 5345 relinquens
696 5274 918 5340 liberos,
948 5285 1176 5331 mortem
1208 5279 1444 5347 oppetis,

206 5362 387 5422 Dolore
418 5369 610 5435 multo,
645 5376 752 5421 tam
785 5378 1019 5434 tuorum,
1049 5384 1207 5439 quam
1238 5385 1377 5425 meo.

205 5494 332 5554 XVI.
366 5500 616 5557 AEmilius
639 5501 863 5573 Magnus
894 5504 1164 5571 Arborius,
1198 5504 1371 5559 rhetor
1398 5506 1621 5566 Tolosae.

142 5605 268 5664 inter
292 5625 542 5681 cognatos
569 5616 678 5684 jam
711 5616 887 5683 fletus,
918 5616 1197 5680 avunculo,
1230 5618 1432 5683 Manes,

204 5698 334 5759 Inter
362 5704 677 5765 lihetoricos
701 5722 843 5765 nunc
870 5708 1249 5764 memorandus
1280 5711 1409 5765 eris.

922 248 1470 312 COMMEMORATIO
1510 249 2016 310 PROFESSORUM
2052 252 2681 311 BURDIGALENSIUM.

1745 367 1798 426 Α
1826 364 1961 420 Illud
1991 380 2128 437 opus
2149 367 2343 437 pietas,
2371 368 2514 423 istud
2536 368 2839 424 reverenda
2865 370 3103 426 virorum

1897 455 2121 511 Nomina
2147 471 2247 528 pro
2275 458 2466 528 patriae
2489 460 2768 529 relligione
2798 460 3058 517 habeant.

1824 547 1915 602 Bis
1949 548 2198 602 meritum
2229 547 2429 616 duplici
2454 549 2793 606 celebremus
2821 550 3029 607 honore
3052 559 3330 621 parentem

1896 640 2204 707 Arborium,
2237 640 2471 695 Arborio
2500 650 2671 712 patre,
2697 651 2753 698 et
2778 657 2881 699 avo
2916 642 3165 714 Argicio;

1825 736 2066 793 Stemma
2093 735 2184 791 tibi
2209 735 2377 806 patris
2402 735 2619 791 Eduici
2655 754 2667 789 :
2700 735 3007 793 Tarbellica
3035 736 3236 793 Maura

1895 826 2077 881 Matris
2104 827 2257 896 origo
2278 824 2401 895 fuit,
2434 827 2594 882 ambo
2614 841 2787 897 genus
2813 841 3116 898 procerum.
3170 812 3173 813 ⁷

1823 917 2030 974 Nobilis
2057 928 2111 973 et
2141 918 2324 973 dotata
2348 932 2502 987 uxor,
2527 919 2742 986 domus,
2766 929 2823 974 et
2845 918 3054 983 schola,
3083 915 3244 973 cultas

1834 1006 1845 1016 ⁷
1894 1011 2202 1082 Principum
2230 1010 2483 1067 amicitia:
2508 1012 2853 1083 contigerunt
2877 995 3089 1081 juveni.

1827 1105 1963 1161 Dum
1992 1103 2331 1159 Constantini
2361 1102 2555 1159 fratres
2574 1104 2830 1175 opulenta
2857 1102 3051 1158 Tolosa

1896 1197 2085 1252 Exsilii
2110 1196 2289 1267 specie
2314 1197 2582 1267 sepositos
2610 1197 2872 1253 cohibet:
2950 1214 2955 1223 ·
3094 1270 3099 1273 δ

1826 1292 2049 1363 Byzanti
2082 1290 2207 1346 inde
2231 1305 2434 1356 arcem,
2461 1290 2821 1360 Thressaun
2848 1288 3194 1360 Propontidis
3216 1287 3405 1343 urbem

1894 1383 2414 1454 Constantinopolim
2442 1382 2583 1437 fama
2612 1382 2945 1451 tui.pepnlit.

1826 1475 1945 1531 Illic
1968 1475 2123 1531 dives
2153 1489 2337 1545 opum,
2366 1475 2636 1544 doctoque
2655 1474 2726 1537 ibi
2748 1472 2961 1529 Caesare
2987 1473 3227 1530 bonorus

1896 1567 2205 1634 Oceumbis,
2228 1567 2471 1637 patribus
2500 1566 2687 1638 Magne
2709 1566 3113 1638 superstitibus.

1828 1660 1885 1714 In
1913 1659 2142 1728 patriam
2164 1658 2268 1729 sed
2295 1668 2346 1712 te
2370 1658 2577 1724 sedem,
2602 1671 2666 1713 ac
2696 1666 3045 1713 monumenta
3070 1666 3321 1725 tuorum,

1753 1735 1801 1795 Β
1898 1749 2165 1817 Principis
2189 1749 2412 1819 AuguSti
2441 1748 2680 1803 restituit
2708 1750 2901 1817 pietas.

1824 1841 1959 1897 llinc
1987 1849 2212 1895 renovat
2238 1854 2457 1895 causam
2489 1839 2832 1911 lacrymis,et
2857 1840 3039 1897 flebile
3078 1856 3297 1909 munus,

1894 1934 2118 1990 Annuus
2148 1932 2355 2004 ingrata
2387 1933 2669 2004 relligione
2695 1931 2834 1989 dies.

2125 2068 2288 2124 XVII.
2309 2066 2631 2138 Exuperius,
2658 2068 2833 2123 rhetor
2865 2066 3087 2123 Tolosa.

1822 2183 2055 2252 Exuperi
2085 2180 2437 2238 memorande
2461 2180 2615 2248 mihi,
2646 2180 2874 2236 facunde
2898 2179 3016 2235 sine
3044 2188 3181 2246 arte,

1819 2276 2038 2332 lncessu
2065 2275 2248 2345 gravis
2278 2282 2333 2329 et
2359 2274 2539 2329 verbis
2571 2273 2903 2344 ingentibus,
2927 2286 3027 2329 ore

1823 2366 2077 2432 Pulcher,
2091 2375 2148 2421 et
2164 2364 2231 2419 ad
2248 2380 2538 2433 summam,
2558 2373 2814 2435 motuque
2835 2364 3134 2435 habituque
3154 2370 3404 2428 venusto,

1820 2456 1989 2529 Copia
2017 2456 2101 2512 cui
2132 2456 2279 2511 fandi
2312 2457 2472 2526 longe
2496 2454 2891 2526 pulcherrima;
2921 2470 3083 2525 quam
3110 2456 3157 2510 si

1820 2549 2018 2605 Auditu
2042 2558 2195 2604 tenus
2216 2548 2515 2617 acciperes,
2541 2546 2735 2602 deﬂala
2761 2547 3002 2617 placeret
3027 2562 3045 2599 :

1822 2643 2131 2699 Discussam
2162 2643 2331 2698 scires
2356 2629 2515 2698 solidi
2540 2641 2673 2696 nihil
2701 2640 2867 2697 edere
2895 2654 3109 2696 sensus.

1819 2735 2077 2791 Palladia:
2098 2724 2331 2805 primum
2357 2744 2478 2804 toga
2508 2742 2561 2789 te
2590 2742 2844 2789 venerata
2874 2732 3109 2797 Tolosae,

1822 2827 1943 2881 Mox
1976 2827 2182 2896 pepulit
2212 2825 2434 2881 levitate
2436 2825 2602 2903 _pari.
2628 2823 2806 2879 Narbo
2837 2823 2964 2879 inde
2991 2820 3217 2892 recepit.

1714 2926 1725 2930 ‘
1822 2917 1936 2973 Illic
1964 2917 2227 2973 Dalmatio
2256 2917 2489 2986 genitos,
2521 2915 2702 2970 fatalia
2726 2929 2914 2984 regum

1822 3010 2072 3076 Nomina,
2102 3018 2211 3064 tum
2242 3023 2441 3077 pueros
2463 3008 2652 3078 grandi
2684 3006 2937 3062 mercede
2962 3004 3193 3060 docendi

1747 3109 1793 3171 (ζ
1824 3098 2117 3162 FormaSti,
2141 3097 2371 3159 Rhetor,
2394 3106 2593 3152 metam
2622 3111 2791 3166 prope
2817 3095 3039 3165 puberis
3063 3093 3187 3149 aevi.
3222 3088 3225 3089 ⁷

1821 3194 2123 3247 Caesareum
2152 3190 2244 3261 qui
2265 3206 2388 3245 mox
2420 3190 2621 3259 indepti
2648 3187 3144 3257 nomen,,bonorem

1820 3285 2099 3350 Prtesidis,
2129 3284 2532 3354 Hispanumque
2555 3282 2648 3336 tibi
2677 3281 2915 3335 tribuere
2946 3279 3207 3334 tribunal.

1818 3378 2119 3444 Decedens,
2150 3375 2391 3447 placidos
2423 3390 2625 3441 mores,
2655 3373 3053 3443 tranquillaque
3080 3371 3207 3426 vita:

1818 3470 2083 3539 Tempora
2107 3466 2368 3538 prmdives
2392 3465 2559 3521 ﬁnisti
2588 3465 2718 3521 sede
2747 3464 3007 3519 Cadurca.

1816 3561 1924 3616 Sed
1949 3560 2135 3630 patria:
2158 3567 2209 3613 te
2238 3559 2359 3628 jura
2387 3567 2605 3623 vocant,
2634 3565 2690 3611 et
2718 3556 2870 3627 origo
2899 3562 3208 3625 parentum,

1818 3652 2117 3723 Burdigalae
2146 3662 2204 3705 ut
2234 3663 2450 3707 rursum
2477 3664 2675 3706 nomen
2699 3648 2765 3705 de
2805 3647 3047 3703 Rhetore
3068 3646 3287 3702 reddas.

1816 3788 2001 3844 XVII].
2022 3786 2271 3841 Marcello
2289 3785 2527 3857 Marcelli
2545 3786 2659 3854 ﬁlio
2680 3786 3015 3858 grammatico
3048 3782 3397 3838 Narbonensi.
3494 3772 3495 3775 “

1814 3899 1925 3955 Nec
1956 3908 2006 3953 te
2036 3899 2287 3953 Marcello
2313 3898 2576 3968 genitum,
2609 3896 2887 3963 Marcelle,
2911 3896 3084 3950 silebo
3117 3912 3129 3947 :

1886 3995 2093 4061 Aspera
2115 4006 2278 4061 quem
2309 3990 2546 4061 genitrix
2568 3990 2724 4057 urbe,
2758 3989 2919 4043 domo
2951 3986 3177 4057 pepulit.

1813 4083 1921 4139 Sed
1946 4083 2157 4138 fortuna
2191 4092 2384 4152 potens
2416 4082 2527 4136 cito
2555 4080 2799 4137 reddidit
2821 4081 3023 4147 omnia,
3057 4088 3112 4133 et
3132 4078 3307 4133 auxit.

1888 4174 2151 4228 Amissam
2180 4174 2411 4242 primum
2440 4172 2619 4227 Narbo
2641 4173 2789 4226 dedit
2820 4172 3069 4241 patriam.

1810 4262 2017 4318 Nobilis
2040 4262 2126 4316 hic
2155 4264 2353 4331 hospes
2378 4261 2682 4317 Clarentius
2709 4263 2892 4317 indole
2920 4272 3117 4328 motus,

1885 4355 2169 4425 Egregiam
2200 4363 2381 4408 natam
2412 4354 2666 4424 conjugio
2693 4354 2960 4409 attribuit.

1733 4480 1787 4540 Ι)
1813 4448 1931 4501 Mox
1975 4447 2180 4514 schola,
2223 4458 2273 4502 et
2302 4448 2516 4501 auditor
2547 4447 2769 4515 multus,
2802 4456 3172 4517 praetextaque
3196 4445 3385 4515 puhes,

1884 4540 2231 4596 Grammatici
2262 4539 2475 4604 nomen,
2509 4541 2833 4609 divitiasque
2862 4540 3031 4595 dedit.
3161 4603 3166 4608 η

1811 4634 1917 4689 Sed
1951 4648 2237 4702 numquam
2264 4632 2445 4702 jugem
2474 4640 2690 4687 cursum
2719 4633 2933 4687 fortuna
2962 4630 3244 4696 secundat,

1881 4724 2183 4779 Praesertim
2209 4724 2358 4793 pravi
2383 4733 2537 4777 nacta
2568 4724 2741 4777 virum
2771 4722 2992 4793 ingenii.

1812 4816 2011 4871 Verum
2043 4815 2317 4870 oneranda
2342 4814 2476 4869 mihi
2499 4831 2603 4869 non
2636 4825 2761 4869 sunt
2787 4834 2799 4869 :
2831 4814 3182 4871 memoranda
3205 4816 3390 4884 recepi

1881 4910 2043 4973 Fata;
2076 4917 2157 4977 sat
2184 4919 2269 4963 est
2295 4908 2523 4975 dictum,
2553 4917 2743 4963 cuncta
2778 4910 2982 4978 petisse
3015 4908 3194 4963 simul.

1805 4998 1923 5054 Non
1957 5009 2134 5053 tamen
2172 5007 2228 5054 et
2256 5014 2473 5065 nomen,
2503 5014 2609 5069 quo
2646 5011 2697 5054 te
2725 5016 2829 5053 non
2864 5000 3077 5067 fraudo,
3109 5007 3385 5067 receptum

1876 5092 2021 5147 Inter
2042 5092 2435 5146 Grammaticos
2460 5093 2751 5162 praetenuis
2785 5092 2987 5146 meriti.
3195 5079 3200 5084 ’

2109 5194 2250 5279 XlX.
2282 5224 2530 5289 Sedulus,
2562 5225 2739 5278 rhetor
2767 5224 3075 5279 Tolosanus.

1803 5340 2032 5411 Relligio
2053 5349 2158 5405 est,
2184 5342 2401 5394 tacitum
2432 5340 2474 5393 si
2504 5339 2809 5407 te,Sedate,
2844 5338 3168 5407 relinquam,

1873 5433 2127 5500 Quamvis
2158 5431 2385 5486 docendi
2413 5446 2605 5485 munus
2628 5430 2845 5498 indepte
2874 5444 2934 5484 es
2968 5430 3121 5484 foris.

1799 5526 2113 5580 Communis
2144 5524 2314 5595 patria
2345 5534 2428 5579 est
2452 5536 2624 5579 tecum
2657 5524 2787 5577 mihi
2818 5541 2829 5575 :
2859 5524 2998 5578 forte
3026 5523 3265 5593 potentis

1872 5619 1992 5673 Fati
2024 5619 2275 5673 Tolosam
2310 5628 2495 5672 nactus
2523 5633 2582 5672 es
2606 5618 2790 5671 sedem
2823 5618 3045 5673 scholas.

1802 5711 1914 5768 lllie
1940 5711 2270 5783 conjugium,
2299 5712 2536 5783 natique,
2582 5700 2915 5782 opulcnsque
2947 5719 3215 5774 senectus,
