3920 6322
569 245 670 300 859

638 356 705 410 Et
728 354 891 424 fama,
922 367 1115 425 magno
1135 352 1310 426 qualis
1330 355 1412 405 est
1440 363 1535 420 par
1579 350 1828 408 Bhetori.

568 448 826 518 Quamvis
856 457 1079 503 externa
1107 455 1283 499 tamen
1315 460 1344 497 ιι
1371 442 1592 519 regione
1622 444 1830 499 reducit

635 548 712 603 Te
742 548 935 623 patria,
971 556 1023 600 et
1051 545 1224 600 civem
1255 552 1429 599 morte
1452 541 1598 598 obita
1628 541 1846 612 repetit.

566 638 812 709 Cumque
838 645 1114 705 vagantem
1143 649 1365 711 operam
1390 633 1580 693 divisae
1630 631 1962 708 impenderis
2000 631 2144 701 urbi,

635 730 929 787 Arbitrium
954 727 1022 782 de
1053 736 1105 784 te
1135 727 1304 791 sumit
1333 727 1487 796 origo
1507 742 1686 782 suum.

566 824 664 880 Est
695 832 780 877 tua
813 835 954 877 nunc
982 820 1229 887 suboles,
1261 834 1577 891 moremque
1601 830 1787 876 secuta
1813 818 2071 891 parentis,

635 913 967 981 Narbonem,
1001 927 1067 974 ac,
1085 912 1313 969 Romam
1345 910 1593 976 nobilitat
1615 912 1829 977 studiis.

633 1081 799 1154 Fama
827 1098 955 1154 velit
983 1096 1137 1165 nolit,
1161 1095 1506 1177 Burdigalam
1535 1095 1758 1163 referet.

780 1212 898 1267 XX.
932 1210 1266 1282 Slaphylius,
1297 1212 1494 1282 rhetor,
1520 1213 1649 1279 civis
1674 1213 1912 1280 Anteius.

564 1329 836 1386 Hactenus
857 1327 1142 1384 observata
1166 1327 1300 1383 mihi
1331 1328 1418 1383 lex
1445 1327 1907 1386 commemorandi

634 1421 814 1490 Cives,
843 1420 956 1476 sive
982 1420 1150 1486 domi,
1174 1434 1268 1475 seu
1299 1419 1537 1475 docuere
1559 1419 1716 1477 foris.

566 1515 866 1570 Externum
899 1513 996 1569 sed
1021 1513 1101 1567 fas
1128 1512 1462 1583 conjungere
1489 1513 1698 1568 civibus
1720 1529 1887 1573 unum

633 1607 731 1676 Te,
762 1606 1028 1679 Staphyii,
1059 1606 1300 1677 genitum
1332 1607 1504 1677 stirpe
1527 1606 1970 1678 Novempopulis.

562 1699 640 1755 Tu
673 1698 805 1754 mihi
826 1699 968 1770 quod
994 1698 1227 1770 genitor,
1251 1698 1391 1769 quod
1423 1700 1717 1755 avunculus
1737 1718 1748 1752 :
1765 1713 1905 1756 unus
1931 1707 2142 1756 utrum~

582 1780 586 1783 ’
634 1792 789 1848 Alter
818 1801 875 1847 ut
904 1792 1196 1857 Ausonius,
1224 1792 1362 1847 alter
1393 1801 1450 1847 ut
1479 1793 1767 1852 Arborius.
1991 1793 2138 1866 [que.

561 1884 924 1940 Grammatice
957 1884 1024 1939 ad
1062 1884 1346 1952 Scaurum,
1371 1893 1532 1957 atque
1556 1885 1810 1951 Probum,
1846 1887 2142 1958 promptis~

1703 1979 1863 2050 [sime
1891 1980 2116 2048 Rhetor,

631 2069 928 2130 Historiam
952 2068 1159 2130 callens
1185 2069 1324 2136 Livii
1352 2081 1407 2134 et
1439 2071 1722 2139 Herodoti.

559 2161 745 2217 Omnis
777 2163 1035 2226 doctrina:
1060 2163 1200 2234 ratio
1225 2163 1320 2219 tibi
1343 2165 1557 2242 cognita
1590 2184 1600 2218 :
1627 2174 1884 2236 quantam

629 2254 827 2309 Condit
850 2255 1119 2311 sexcentis
1141 2256 1315 2322 Varro
1335 2257 1723 2314 voluminibus.

558 2344 736 2400 Aurea
763 2360 938 2412 mens,
968 2361 1074 2400 vox
1107 2347 1273 2416 suada
1300 2348 1418 2414 tibi,
1451 2359 1565 2404 tum
1590 2365 1774 2406 sermo
1805 2350 2040 2421 quietus.

629 2437 740 2492 Nec
760 2445 1041 2492 cunctator
1070 2453 1214 2505 cras,
1246 2455 1346 2494 nec
1377 2453 1704 2520 properante
1731 2437 1888 2497 sono.

560 2528 794 2585 Pulchra
822 2537 1059 2598 senecta,
1079 2530 1256 2585 nitens
1274 2531 1513 2600 habitus,
1530 2533 1714 2603 procul
1735 2535 1834 2602 ira,
1852 2534 2139 2613 dolusque,

633 2623 703 2676 At
732 2621 958 2696 placida:
999 2622 1128 2677 vitae
1151 2636 1386 2694 congrua
1416 2633 1559 2681 meta
1593 2627 1710 2681 fuit.
1963 2625 1968 2632 ⁷

558 2753 701 2809 XXI.
735 2742 948 2826 Crispus
978 2764 1026 2810 ct
1072 2754 1309 2825 Urbicus,
1334 2769 1607 2828 grammar.
1642 2758 1834 2828 Latini
1855 2771 1903 2836 et
1946 2761 2135 2823 Graeci.

561 2866 640 2921 Tu
669 2881 879 2939 quoque
906 2869 956 2923 in
987 2885 1182 2938 arvum,
1207 2871 1416 2943 Crispe,
1443 2871 1678 2930 futurum

631 2958 804 3016 Mtesti
834 2961 1017 3016 venies
1039 2972 1500 3032 commemoratus

838 3052 1058 3109 Munere
1089 3053 1288 3110 threni.

558 3142 658 3211 Qui
683 3145 990 3215 primaevus,
1025 3145 1279 3217 fandique
1308 3150 1499 3217 rudes,

631 3237 1040 3294 Elementorum
1074 3241 1243 3310 prima
1275 3242 1510 3298 docebas

845 3329 1009 3400 Signa
1034 3346 1326 3388 novorum.
1401 3368 1404 3370 η

555 3421 808 3479 Creditus
827 3425 957 3480 olim
990 3425 1202 3485 fervere
1234 3445 1403 3498 mero,

630 3515 700 3572 Ut
731 3515 935 3589 Virgilii
965 3519 1251 3592 Flaccique
1273 3523 1405 3578 locis

842 3609 1062 3666 Emula
1087 3612 1279 3670 ferres.

561 3699 625 3754 Et
649 3700 768 3765 tibi,
802 3700 967 3757 Latiis
993 3704 1304 3773 posthabito
1325 3708 1464 3764 orsis

633 3789 851 3858 Urbice,
877 3793 1054 3856 Graiis
1080 3796 1336 3864 celebris,
1364 3813 1583 3864 carmen

843 3883 931 3938 Sic
973 3887 1197 3941 ἐλελίσω.

558 3973 690 4029 Nam
722 3982 775 4029 tu
803 3976 995 4046 CriSpo
1022 3980 1308 4049 conjuncte
1341 3992 1430 4038 tuo

629 4066 794 4122 Prosa
825 4069 1065 4135 solebas,
1091 4081 1144 4126 et
1172 4087 1333 4131 versu
1365 4075 1514 4148 loqui

844 4160 1048 4233 lmpete
1076 4165 1301 4232 eodem;

556 4251 775 4308 Priscos
796 4264 852 4308 ut
875 4264 928 4309 et
952 4255 1156 4312 Heroes
1185 4259 1313 4313 olim

626 4342 879 4402 Carmine
903 4348 1121 4406 Homeri
1147 4365 1605 4412 commemoratos

843 4441 1028 4500 Fando
1047 4445 1282 4502 referres
1308 4464 1321 4501 :

555 4532 775 4589 Dulcem
800 4536 851 4590 in
879 4538 1060 4605 paucis
1085 4547 1143 4592 ut
1171 4538 1558 4609 Plistheniden,

620 4625 690 4680 Et
721 4627 973 4694 torrentis
998 4641 1096 4682 ceu
1128 4630 1354 4686 Dulichii

832 4717 1090 4789 Ninguida
1123 4721 1287 4790 dicta,

552 4808 618 4866 Et
642 4808 858 4864 mellitas
889 4821 1108 4866 nectare
1130 4815 1281 4868 vocis

623 4901 810 4957 Dulcia
837 4902 948 4957 fatu
980 4905 1142 4977 verba
1172 4917 1455 4965 canentem

827 4995 1052 5051 Nestora
1076 5013 1280 5068 regem.

547 5082 723 5138 Ambo
752 5087 896 5154 loqui
929 5085 1139 5154 faciles,
1168 5079 1325 5146 ambo
1357 5097 1538 5152 omnia
1565 5100 1805 5155 carmina
1833 5101 2000 5173 docti,

618 5177 890 5238 Callenles
915 5182 1143 5250 mythmn
1173 5184 1457 5253 plasmata,
1484 5199 1538 5243 et
1568 5193 1871 5250 historiam.

543 5267 723 5322 Liberi
749 5279 801 5325 et
827 5272 986 5327 ambo
1009 5289 1178 5342 genus
1212 5295 1221 5327 :
1253 5278 1346 5333 sed
1387 5296 1524 5348 quos
1551 5286 1812 5341 meruisse
1835 5287 2050 5345 deceret

614 5359 884 5431 Nancisci,
914 5372 972 5418 ut
1000 5366 1249 5422 cluerent
1282 5373 1522 5440 patribus
1545 5376 1819 5446 ingenuis.

688 5495 851 5552 XXII.
890 5497 1131 5567 I’irt'orio,
1162 5502 1495 5574 Subdoctori,
1525 5510 1628 5564 sive
1664 5510 1971 5573 Proscholo.

555 5610 756 5664 Victori
788 5613 1054 5681 studiose,
1085 5630 1310 5687 memor,
1337 5621 1504 5695 celer,
1539 5623 1796 5693 ignoratis

629 5701 856 5759 Assidue
880 5704 931 5759 in
963 5705 1134 5773 libris,
1167 5724 1264 5766 nec
1295 5711 1394 5767 nisi
1421 5723 1609 5783 operta
1629 5716 1841 5788 legens;

1937 239 2114 304 nec"
2155 235 2422 312 ausum"
3735 255 3818 313 sse

2170 353 2221 424 Α
2252 350 2454 406 Exesas
2493 350 2675 417 tineis,
2719 350 3014 424 opicasque
3037 356 3289 416 evolvere
3316 360 3556 431 chartas,

2321 443 2491 514 Major
2520 458 2679 520 quam
2711 448 2972 516 promptis
3000 463 3128 503 cura
3158 451 3254 506 tibi
3287 454 3340 508 in
3369 456 3586 512 studiis.

2249 534 2404 602 Quod
2422 535 2509 608 jus
2526 535 2871 606 Pontificum,
2891 553 3011 610 quae
3034 539 3264 612 foedera,
3281 554 3509 603 stemma
3543 551 3690 622 quod
3709 554 3819 610 olim
3890 527 3891 540 χ

2270 629 2274 632 ’
2321 634 2460 701 Ante
2489 633 2717 708 Numam
2745 633 2921 691 fuerat
2944 638 3209 716 sacrificia
3238 639 3470 700 Curibus
3500 664 3514 701 :

2248 723 2400 792 Quod
2424 724 2615 811 Castor
2641 728 2851 782 cunctis
2872 727 3183 801 deregibus
3215 734 3505 806 ambiguis,
3536 742 3679 811 quod

2319 813 2576 887 Conjugis
2597 832 2628 873 e
2649 817 2803 873 libris
2824 818 3072 877 ediderat
3091 821 3356 897 Rhodope
3391 845 3404 881 :

2247 910 2400 979 Quod
2427 915 2514 980 jus
2547 911 2893 979 Pontificum,
2932 924 3178 972 veterum
3205 933 3326 988 qure
3361 921 3498 976 scita
3535 923 3815 994 Quiritum,

2317 1005 2450 1074 Qum
2489 1006 2735 1062 consulta
2758 1006 3020 1076 fpalrum;
3049 1009 3176 1080 quid
3207 1010 3400 1081 Draco,
3432 1016 3633 1085 quidve
3663 1017 3815 1074 Solon

2245 1097 2525 1163 Sanxerit;
2554 1109 2608 1153 et
2635 1097 2822 1153 Locris
2843 1098 3055 1155 dederit
3083 1116 3202 1171 qua:
3220 1102 3340 1172 jura
3371 1105 3671 1174 Zaleucus;

2319 1188 2432 1245 Sub
2454 1190 2593 1246 Jove
2620 1205 2741 1260 quin
2769 1190 2964 1257 Minos,
2986 1192 3114 1263 quid
3137 1193 3357 1252 Themis
3383 1208 3513 1254 ante
3532 1199 3749 1269 Jovem;

2244 1280 2378 1337 Nota
2405 1282 2502 1338 tibi
2536 1281 2733 1352 potius,
2761 1290 2923 1354 quam
2946 1283 3156 1342 Tullius
3182 1296 3236 1343 et
3265 1289 3418 1345 Maro
3443 1294 3634 1361 nostri,

2318 1375 2386 1429 Et
2406 1375 2663 1444 quidquid
2686 1376 2836 1432 Latia
2857 1378 3106 1438 conditur
3124 1380 3372 1436 historia.

2246 1465 2382 1523 Fors
2405 1467 2537 1523 istos
2567 1469 2734 1524 etiam
2765 1469 2858 1524 tibi
2881 1468 3044 1526 lectio
3071 1471 3230 1543 longe
3258 1472 3500 1531 dedisset
3530 1495 3541 1530 :

2316 1563 2642 1633 Supremum
2674 1565 2934 1620 Lachesis
2960 1565 3015 1621 ni
3038 1566 3333 1624 celerasset
3359 1570 3483 1625 iter.

2245 1655 2392 1711 Exili
2427 1665 2628 1712 nostras
2651 1655 2864 1715 fucatus
2893 1657 3106 1714 honore
3127 1660 3425 1728 cathedra,

2170 1734 2219 1806 Β
2318 1747 2508 1806 Libato
2541 1752 2717 1806 tenuis
2742 1739 3363 1816 nomine’Grammatici.

2247 1837 2580 1916 Longinquis
2609 1845 2838 1916 posthac
2859 1846 3048 1902 Roma:
3077 1847 3368 1908 defunctus
3396 1851 3454 1908 in
3477 1852 3626 1908 oris:

2315 1936 2397 1992 Ad
2425 1953 2556 2007 quas
2575 1937 2645 1994 de
2673 1937 2857 1993 Siculo
2877 1939 3058 1996 littore
3085 1941 3402 2010 transieras,

2245 2027 2351 2084 Sed
2383 2027 2545 2083 modo
2573 2028 2830 2084 nobilium
2876 2040 3207 2088 memoratus
3247 2034 3298 2088 in
3329 2036 3570 2105 agmine,
3592 2037 3755 2107 gaude
3796 2057 3806 2092 :

2319 2119 2571 2176 Pervenit
2596 2119 2662 2175 ad
2689 2120 2873 2177 Manes
2901 2124 2944 2177 si
2972 2122 3061 2195 pia
3089 2139 3219 2180 cura
3249 2134 3391 2182 tuos.

2247 2233 2435 2291 XXIII.
2451 2233 3131 2364 Βυηαηιὶοβιινάὶραιιενὲξξὶ
3147 2241 3234 2308 qui
3255 2243 3307 2295 in
3333 2241 3593 2314 Hispania
3619 2245 3801 2311 docuit,

2942 2327 2968 2364 e
3008 2326 3038 2364 ο
3074 2328 3107 2364 ιι
3134 2350 3151 2364 .

2942 2318 2988 2364 et
3008 2318 3151 2367 Obiit.

2246 2395 2354 2454 Sed
2385 2412 2559 2468 neque
2589 2406 2643 2453 te
2668 2408 2883 2467 moesta,
2919 2400 3169 2472 Dynami,
3204 2401 3473 2462 fraudabo
3493 2407 3727 2477 querela.

2320 2491 2640 2565 Municipem
2672 2494 2860 2566 patriae
2893 2495 3336 2565 causidicumque
3362 2513 3519 2553 mea}.

2247 2583 2488 2642 Crimine
2510 2585 2762 2642 adulterii
2793 2601 2950 2658 quem
2978 2589 3163 2643 saucia
3190 2588 3332 2644 fama
3359 2589 3610 2662 fugavit;_

2320 2677 2550 2739 Parvula
2577 2694 2736 2750 quem
2767 2679 2989 2742 latebris
3020 2679 3151 2735 fovit
3179 2681 3351 2740 llerda
3384 2684 3519 2742 suis.

2246 2769 2416 2838 Quem
2441 2770 2788 2843 locupletavit
2809 2772 3004 2844 conjux
3029 2772 3269 2844 Hispana
3296 2774 3585 2847 latentem;

2318 2861 2560 2933 Namque
2593 2861 2663 2918 ibi
2689 2871 2897 2923 mutato
2919 2864 3159 2934 nomine,
3187 2865 3394 2922 Rhetor
3414 2882 3558 2927 eras.

2246 2951 2453 3007 Rhetor
2478 2952 2703 3008 Flavinii
2734 2955 3056 3025 cognomine
3081 2955 3476 3028 dissimulatus,

2312 3042 2394 3099 Ne
2424 3053 2607 3114 posset
2634 3047 2918 3116 profugum
2947 3046 3182 3116 prodere
3210 3051 3370 3120 culpa
3401 3068 3582 3112 suum.

2243 3134 2574 3191 Reddiderat
2603 3137 2849 3207 quamvis
2872 3138 3062 3209 patria:
3092 3147 3146 3194 te
3169 3155 3290 3196 sera
3316 3144 3587 3214 voluptas,

2303 3222 2435 3284 Mox
2470 3228 2700 3284 residem
2732 3245 2946 3288 rursum
2977 3232 3326 3291 traxitlierda
3356 3236 3576 3293 domus.

2242 3318 2665 3390 Qualiscumque
2696 3329 2800 3377 tuae
2833 3322 2997 3384 fuerit
3023 3323 3165 3394 fuga,
3201 3324 3454 3398 famaque
3489 3329 3634 3397 vitae,

2311 3413 2569 3484 Jungeris
2595 3415 2812 3485 antiqua
2855 3425 2912 3470 tu
2937 3416 3066 3470 mihi
3104 3419 3362 3476 amicitia.

2240 3503 2599 3574 Officiumque
2629 3519 2830 3574 meum,
2862 3521 3056 3563 sensus
3079 3508 3128 3563 si
3147 3511 3397 3567 manibus
3425 3513 3586 3581 ullus,

2241 3607 2277 3653 ξι
2311 3599 2512 3670 Accipe
2528 3600 2639 3670 jam
2664 3616 2824 3657 verus
2853 3612 3028 3658 morte
3056 3604 3205 3659 obita
3232 3605 3484 3677 Dynami.

2243 3691 2481 3747 Diversis
2505 3693 2750 3761 quamvis
2772 3691 2955 3761 jaceas
2980 3692 3272 3750 defunctus
3299 3696 3354 3751 in
3382 3700 3495 3754 oris
3529 3717 3544 3753 :

2309 3784 2712 3840 Commemorat
2742 3786 2948 3841 maestis
2978 3795 3030 3843 te
3053 3787 3137 3858 pia
3166 3803 3300 3843 cura
3328 3791 3541 3862 elegis.‘

2312 3897 2500 3953 XXIV.
2520 3898 2685 3953 Acilio
2713 3899 2999 3967 Glabrioni,
3020 3907 3359 3970 grammatico
3375 3905 3502 3961 Jun.
3529 3907 3736 3980 Burdig.

2239 3997 2537 4079 Doctrina},
2561 4014 2790 4090 vitaeque
2812 4016 2927 4086 pari
2949 3998 3218 4075 brevitate
3246 4019 3534 4091 caducum,

2309 4102 2532 4170 Glabro,
2556 4113 2607 4160 te
2636 4107 2846 4162 moestis
2867 4114 3311 4166 commemorabo
3338 4113 3527 4183 elegis.

2241 4196 2539 4252 Stemmate
2570 4198 2830 4254 nobilium
2853 4199 3142 4256 deductum
3169 4218 3364 4259 nomen
3397 4219 3638 4272 avorum,

2308 4289 2526 4345 Glabrio
2552 4290 2789 4361 Aquilini
2821 4293 3065 4349 Dardana
3097 4297 3405 4366 progenies.

2237 4383 2318 4439 Tu
2341 4383 2607 4454 quondam
2632 4400 2800 4454 puero
2829 4401 3052 4458 compar
3077 4389 3210 4444 mihi
3236 4391 3508 4462 discipulo
3543 4412 3554 4444 :
3587 4408 3702 4454 mox

2159 4510 2215 4573 Β
2310 4477 2392 4532 Me
2419 4476 2614 4532 dehinc
2645 4479 2788 4532 facto
2837 4478 3099 4547 Rhetore,
3130 4481 3550 4541 Grammaticus.

2237 4568 2402 4639 Inque
2423 4568 2541 4624 foro
2571 4571 2736 4624 tutela
2761 4571 2894 4639 reis,
2918 4582 2974 4627 et
3002 4573 3180 4627 cultor
3209 4575 3260 4629 in
3284 4577 3449 4647 agris,

2307 4661 2491 4730 Digne,
2525 4660 2614 4715 diu
2645 4662 2812 4730 partis
2841 4664 2930 4733 qui
2964 4662 3208 4720 fruerere
3229 4666 3404 4722 bonis.

2237 4742 2549 4818 Commode,
2568 4754 2715 4820 itote,
2742 4754 2992 4830 benigne,
3017 4757 3301 4826 abstemie,
3321 4770 3426 4815 tam
3452 4761 3591 4818 bone
3622 4763 3789 4820 dandis

2303 4841 2530 4920 Semper
2560 4847 2819 4912 consiliis,
2849 4863 3008 4918 quam
3053 4851 3316 4907 taciturne
3341 4852 3500 4909 datis.

2231 4937 2359 4992 't‘am
2375 4937 2539 4992 decus
2556 4940 2714 4993 omne
2737 4939 2861 5005 tuis,
2878 4954 3038 5009 quam
3060 4955 3187 4996 mox
3219 4942 3397 5010 d’olor,
3417 4946 3595 5000 omnia
3613 4947 3784 5002 acerbo

2299 5029 2510 5084 Funere
2537 5039 2860 5099 praereptus,
2890 5030 3132 5098 Glabrio,
3171 5033 3467 5091 destituis:
3665 5033 3668 5035 λ

2228 5122 2407 5177 Uxorc
2427 5132 2483 5177 et
2510 5124 2667 5190 natis,
2699 5124 2945 5194 genitore
2971 5133 3025 5179 et
3055 5133 3231 5181 matre
3254 5128 3479 5189 relictis.

2297 5215 2447 5269 Eheu
2475 5217 2486 5268 !
2517 5231 2675 5285 quam
2708 5217 2889 5271 multis
2913 5218 3118 5286 perdite
3142 5222 3476 5276 nominibus!

2229 5306 2378 5362 Flete
2408 5307 2496 5360 diu
2523 5307 2699 5372 nobis,
2735 5324 3020 5378 numquam
3049 5311 3205 5374 satis,
3235 5313 3420 5382 accipe
3450 5316 3693 5372 acerbum

2299 5400 2515 5455 Glabrio
2547 5401 2596 5455 in
2627 5389 2887 5456 aeternum
2908 5414 3349 5472 commemorate,
3377 5406 3575 5462 VALE.

2897 5521 3132 5577 Coronis.

2230 5631 2375 5698 Quos
2396 5632 2525 5700 legis
2552 5648 2580 5687 a
2611 5633 2778 5703 prima
2802 5633 3058 5692 deductos
3082 5639 3298 5694 menide
3325 5640 3466 5707 libri,

2305 5725 2566 5782 Doctores
2595 5729 2782 5798 patriae
2812 5731 2942 5786 scito
2967 5730 3131 5788 fuisse
3154 5748 3306 5790 mete.
