3886 6318
84 267 175 322 861
1315 266 1582 323 EPITAPI

1769 267 2024 327 EROUM.
2764 326 2767 328 _
3234 269 3343 330 863

88 384 438 440 Grammatici
467 384 519 441 in
554 385 754 454 studio,
778 385 862 442 vel
888 383 1162 454 Rlietoris,
1195 393 1288 444 aut
1315 385 1368 444 in
1399 393 1650 455 utroque,
1678 389 1730 451 Α
1756 385 1986 441 Historia
2010 385 2054 440 si
2075 399 2231 454 quos,
2256 385 2338 442 vel
2361 385 2604 458 poeticus
2631 383 2811 448 stilus.

149 477 292 544 Quos
328 493 659 535 memorasse
697 479 848 545 mihi,
878 489 1052 534 morte
1089 478 1252 548 obita,
1278 479 1543 533 satisest.

83 574 365 628 Viventum
392 574 647 631 illecebra
674 586 756 630 est
779 575 1051 639 laudatio;
1078 575 1294 630 nomina
1321 583 1525 630 tantum

147 665 294 723 Voce
318 668 485 734 ciere,
515 661 627 740 suis
655 668 888 722 sullieiet
916 667 1155 723 tumulis.

82 759 218 829 Ergo
245 761 339 829 qui
369 769 569 820 nostrae
598 760 734 831 legis
764 759 871 816 otia
891 760 1058 815 tristia
1085 760 1311 825 chartas,

148 850 435 921 Eloquium
465 860 518 907 tu
549 868 619 909 ne
647 868 853 925 quare,
882 852 975 906 sed
1001 851 1271 917 ofﬁcium,

77 944 186 1012 Quo
214 944 382 998 claris
409 945 689 1018 doctisque
713 946 846 1016 viris
869 946 951 1015 pia
975 960 1101 1003 cura
1127 953 1397 1015 parentat:

147 1035 278 1091 Dum
309 1036 503 1094 decora
529 1029 759 1119 egregiae
780 1036 1151 1098 commeminit
1177 1035 1386 1106 patriae.

785 1185 979 1243 pos-ra.

76 1305 256 1361 Valete
276 1351 290 1376 ,
322 1320 514 1362 manes
541 1306 862 1379 inclytorum
885 1305 1211 1362 Rhetorum:

139 1399 353 1466 Valete,
383 1400 634 1456 doctores
659 1399 830 1470 probi.

1829 476 2096 531 Forumve
2119 476 2246 534 fecit
2274 475 2482 536 nobiles
2514 494 2527 530 :

1756 569 1975 625 Medicae
2004 569 2084 624 vel
2114 569 2271 636 artis,
2297 569 2490 644 dogma
2522 570 2605 630 vel
2627 570 2962 630 Platonicum

1831 659 1986 715 Dedit
2004 661 2226 730 perenni
2256 659 2443 730 gloria:
2464 680 2481 724 ,τ

1755 750 1824 806 Et
1847 751 1893 805 si
1914 765 2013 820 qua
2036 749 2246 806 cunctis
2267 763 2396 805 cura
2423 751 2694 806 viventum
2720 752 2925 822 placet:

1827 841 2091 909 Juvatque
2119 839 2290 896 bonor
2319 842 2668 910 superstitum
2694 861 2708 898 :
2743 826 2754 836 ’

1753 932 1992 1002 Accipite
2019 941 2269 1013 mtestum
2302 933 2559 990 carminis
2588 936 2788 990 cultum
2818 935 2946 1003 mei,

1825 1023 2052 1078 Textum
2080 1025 2298 1093 querela
2322 1024 2508 1093 ﬂebili,
2660 1037 2662 1039 ’

1754 1115 1951 1171 Sedem
1977 1117 2242 1186 sepulcris
2270 1127 2447 1174 servet
2468 1119 2725 1177 immotus
2745 1122 2913 1179 cinis.

1825 1205 2082 1279 lienteria
2107 1207 2250 1267 vivat
2281 1210 2554 1275 nominum
2580 1228 2595 1268 :

1755 1299 1888 1354 Dum
1919 1309 2122 1362 remeat
2149 1301 2309 1372 illud,
2337 1301 2533 1379 iudicis
2560 1303 2704 1360 dono
2737 1304 2864 1374 Βοὴ,

1826 1394 2124 1450 Commune
2145 1410 2266 1450 cum
2293 1396 2382 1464 dis
2409 1397 2692 1460 szcculum.

1062 1651 1685 1738 EPITAPHIA
1759 1589 2309 1734 HEROUM.

138 1793 510 1850 EPITAPHIA
561 1794 847 1850 HEROUM
899 1793 1017 1863 QUI
1067 1792 1291 1850 BELLO
1325 1789 1578 1848 ‘TROICO
1677 1792 1724 1853 Β

590 1886 1147 1943 INTERFUERUNT.

632 1999 671 2053 Ι.
707 2002 1096 2073 Agamemnoni.

77 2111 182 2167 Rex
216 2127 429 2182 regum.
461 2112 696 2180 Atrides,
731 2113 982 2170 fraterna:
1012 2112 1255 2184 conjugis
1281 2111 1447 2177 ultor,

133 2203 354 2273 Oppetii
388 2205 632 2260 manibus
662 2206 904 2282 conjugis
932 2206 1046 2275 ipse
1077 2220 1234 2262 mete.

67 2295 196 2363 Quid
226 2297 450 2366 prodest
472 2297 710 2354 llelenes
738 2307 949 2367 raptum
982 2298 1206 2368 punisse
1233 2298 1536 2362 dolentem,‘

135 2389 415 2450 Vindicem
443 2389 691 2454 adulterii
718 2407 840 2448 cum
869 2391 1261 2464 Clytemnestra
1289 2392 1480 2449 necet?

659 2503 726 2563 ll.
769 2503 1032 2560 Menelao.

69 2597 209 2652 Felix
241 2613 275 2659 ο
303 2598 573 2663 Menelae,
605 2597 764 2659 deum
798 2600 884 2659 cui
915 2600 1092 2666 debita
1121 2599 1281 2661 sedes
1308 2641 1322 2664 ,

132 2688 529 2768 Decretumque
560 2689 661 2764 piis
687 2690 932 2745 Manibus
958 2690 1220 2764 Elysium.

66 2780 351 2851 Tyndareo
378 2779 575 2835 dilecte
598 2795 786 2850 gener,
817 2780 1012 2835 dilecte
1043 2781 1273 2844 Tonanti
1297 2797 1308 2834 :

128 2869 377 2941 Conjngii
407 2870 626 2937 vindex,
657 2871 803 2926 ultor
831 2871 1078 2928 adulterii
1105 2892 1115 2923 :

66 2961 290 3016 Eterno
327 2962 542 3031 pollens
571 2976 708 3028 aevo,
742 2970 1050 3036 aternaque
1073 2962 1291 3031 juventa
1311 3004 1326 3030 ,

128 3054 235 3110 Nec
267 3054 362 3109 leti
396 3068 583 3124 passus
618 3064 880 3123 tempora,
915 3069 1016 3109 nec
1041 3055 1198 3108 senii.

703 3169 793 3224 Ill.
835 3169 1004 3246 Ajaci.

63 3266 238 3337 Ajacis
267 3265 479 3320 tumulo
509 3264 712 3335 pariter
742 3277 892 3336 tegor
917 3266 1106 3321 obruta
1135 3266 1352 3331 Virtus,

129 3357 485 3428 lllacrymans
515 3356 684 3411 buStis
717 3355 921 3412 funeris
953 3357 1073 3427 ipsa
1112 3356 1255 3413 mei:

62 3450 369 3520 lncomptas
402 3450 635 3503 lacerata
662 3463 868 3514 comas,
895 3451 1035 3518 quod
1061 3464 1255 3518 pravus
1283 3449 1495 3504 Atrides

125 3543 334 3600 Cedere
365 3556 453 3596 me
486 3541 707 3599 structis
738 3542 998 3609 compulit
1028 3541 1261 3596 insidiis.

63 3634 171 3688 lam
199 3633 343 3687 dabo
367 3648 700 3703 purpureum
731 3633 882 3694 claro
907 3633 975 3688 de
1003 3635 1262 3702 sanguine
1288 3633 1504 3702 liorem,

126 3727 440 3783 Testantem
468 3727 671 3802 gemitu
703 3725 930 3780 crimina
955 3726 1169 3795 judicii.

660 3835 749 3894 IV.
793 3837 1006 3895 Achilli.
1315 3898 1318 3899 ν

61 3928 167 3983 Non
198 3943 301 3986 una
337 3927 618 3984 Aiacidem
648 3928 809 3988 tellus
835 3929 1017 4013 liabet,
1051 3944 1172 3992 ossa
1205 3939 1466 4001 teguntur

60 4019 260 4075 Littore
289 4020 477 4090 Sigeo,
508 4020 714 4080 crinem
744 4019 961 4078 Larissa
994 4023 1280 4084 cremavit.

61 4111 493 4167 Parstumuli..
573 4152 588 4166 .
669 4150 685 4166 .
765 4153 778 4166 .
857 4151 872 4167 .
953 4156 966 4168 .
1049 4157 1063 4171 .
1143 4153 1160 4168 .
1237 4154 1254 4172 .
1333 4155 1348 4172 .
1423 4141 1444 4173 ~.
1524 4157 1540 4173 .

1043 4205 1262 4268 Homer.
1337 4246 1354 4262 .
1431 4246 1447 4262 .
1524 4247 1541 4265 .

60 4200 194 4258 Orbe
219 4203 316 4259 sed
349 4204 404 4258 in
438 4211 571 4259 toto.
667 4243 683 4260 .
763 4242 778 4258 .
859 4242 873 4257 .
953 4246 966 4260 .

712 4317 778 4374 V.
821 4317 990 4375 Ulixi.

64 4431 317 4487 Conditur
346 4432 452 4487 hoc
479 4433 690 4488 tumulo
715 4432 910 4488 Laerta
941 4443 1098 4488 natus
1123 4432 1331 4490 Ulixes.

125 4528 348 4599 Perlege
373 4527 682 4601 Odyssean,
713 4531 898 4588 omnia
933 4545 1094 4588 nosse
1126 4532 1334 4590 volens.

643 4623 730 4678 Vl.
785 4623 1047 4678 Diomedi.

62 4715 323 4772 Conditur
348 4716 440 4770 hic
465 4717 711 4790 genitore
742 4717 886 4772 bono
917 4718 1110 4773 melior
1132 4718 1450 4775 Diomedes:

61 4806 266 4863 Crimen
301 4809 374 4864 ob
408 4807 600 4862 uxoris
628 4809 816 4878 pulsus
846 4809 1117 4863 dotalibus
1145 4810 1310 4878 agris.

62 4900 378 4970 Argyripam
402 4941 417 4963 ,
447 4900 730 4971 clarosque
757 4902 887 4955 viris
919 4906 1006 4972 qui
1039 4903 1280 4957 condidit
1305 4903 1489 4973 Arpos
1516 4921 1529 4958 :

61 4991 265 5048 Clarior
297 4995 440 5048 urbe
466 5008 626 5059 nova,
662 4995 854 5064 patriae
881 5011 1039 5063 quam
1067 4995 1197 5051 sede
1226 5005 1458 5052 vetusta.

617 5106 732 5162 VII.
774 5097 1066 5162 Antilocho.

66 5197 336 5266 Consiliis,
370 5197 627 5267 belloque
657 5198 854 5263 bonus,
883 5215 1001 5269 quae
1029 5202 1222 5270 copula
1254 5218 1375 5258 rara
1402 5213 1507 5272 est,

124 5287 328 5345 Charus
359 5297 416 5344 et
444 5289 668 5355 Atridis,
700 5289 896 5345 charus
925 5301 977 5347 et
1005 5292 1242 5348 IEacidis
1267 5315 1278 5347 :
1451 5304 1457 5309 '

60 5378 276 5435 Praemia
310 5381 536 5435 virtutis
565 5381 723 5436 simul
751 5392 803 5437 et
831 5384 1050 5452 pietatis
1070 5385 1325 5455 adeptus,

122 5473 346 5528 Servato
377 5471 705 5530 Antilochus
726 5473 953 5531 Nestore
980 5486 1156 5546 patre,
1189 5477 1320 5532 obii.

58 5561 164 5619 Non
195 5565 284 5620 hic
311 5565 450 5620 ordo
476 5564 578 5619 fuit
603 5583 615 5618 :
640 5565 735 5621 sed
763 5567 964 5635 justius
997 5569 1088 5623 ille
1115 5579 1415 5639 superstes,

129 5656 284 5728 Trnja
314 5659 436 5729 capi
468 5659 591 5714 sine
620 5673 725 5730 quo
750 5659 953 5729 perﬁda
978 5676 1086 5717 non
1114 5670 1344 5734 poterat.

2334 1788 2469 1848 VIII.
2513 1791 2746 1857 Nestori.

1754 1903 1869 1960 Hoc
1899 1913 2049 1976 tegor
2080 1906 2130 1960 in
2165 1907 2371 1965 tumulo
2399 1908 2578 1984 quarti
2603 1908 2715 1979 jam
2748 1908 3009 1981 prodigus
3039 1910 3139 1966 aevi

1824 1997 2039 2068 Nestor,
2066 2001 2296 2054 consilio
2326 2001 2532 2068 clarus,
2562 2010 2617 2057 et
2647 2002 2887 2074 eloquio,

1753 2092 1960 2162 Objecit
1988 2108 2108 2148 sese
2135 2095 2287 2166 cujus
2318 2109 2416 2170 pro
2441 2103 2618 2152 morte
2650 2106 2966 2170 peremptus

1825 2184 2013 2252 Filius,
2054 2194 2108 2240 et
2135 2189 2244 2241 nati
2277 2187 2497 2243 vulnere
2525 2189 2650 2244 vivo
2678 2201 2846 2260 pater.

1753 2277 1939 2332 Eheu!
1969 2294 2066 2333 cur
2097 2278 2218 2334 fatis
2246 2279 2540 2355 disponere
2571 2283 2650 2352 sic
2679 2283 2856 2360 placet
2882 2298 3079 2360 aevum,

1822 2371 1952 2427 Tam
1982 2373 2199 2448 longum
2231 2382 2288 2429 ut
2319 2376 2476 2430 nobis
2502 2393 2516 2429 :
2545 2384 2650 2431 tam
2683 2358 2855 2432 breve
2887 2358 2944 2432 ut
2971 2376 3296 2438 Antiloclio?

2347 2466 2439 2520 IX.
2475 2467 2703 2538 Pyrrho.

1749 2555 1892 2611 Orbe
1916 2566 2065 2626 tegor
2092 2557 2292 2625 medio,
2324 2558 2496 2628 major
2524 2559 2720 2615 virtute
2758 2570 3004 2629 paterna,

1715 2686 1723 2692 .
1819 2647 1972 2715 Quod
2001 2663 2151 2718 puer,
2181 2659 2236 2705 et
2263 2650 2404 2720 regis
2433 2650 2674 2722 Pyrrhus
2702 2653 2882 2722 opima
2916 2653 3036 2708 tuli.

1751 2739 1948 2808 Impius
1971 2750 2096 2796 ante
2124 2755 2247 2796 aras
2272 2757 2431 2810 quem
2466 2742 2654 2798 fraude
2682 2744 2914 2812 peremit
2936 2743 3180 2802 Orestes.

1819 2829 1955 2896 Quid
1986 2832 2215 2888 mirum?
2242 2847 2380 2889 caesa
2407 2833 2513 2902 jam
2547 2834 2811 2904 genitrice
2837 2835 3042 2897 lurens.

2348 2925 2418 2983 Χ.
2472 2927 2723 2998 Euryalo.
2750 2981 2752 2984 ,
2776 2966 2787 2970 -

1747 3016 1855 3070 Nec
1885 3030 1969 3070 me
1994 3031 2101 3076 non
2128 3015 2345 3085 dignum
2376 3017 2532 3078 titulo
2562 3019 2851 3078 Pleuronia
2885 3019 3058 3078 credit
3085 3037 3099 3074 :

1815 3107 1913 3162 Cui
1939 3110 2237 3166 communis
2266 3119 2386 3169 erat
2414 3125 2534 3167 cum
2561 3110 2822 3168 Diomede
2851 3111 3072 3178 domus.

1666 3170 1712 3232 (ἶ
1747 3193 2005 3267 Euryalo,
2039 3207 2094 3254 et
2115 3199 2390 3263 Sthenelo.
2420 3199 2553 3262 Nam
2584 3203 2776 3266 tertius
2805 3201 2910 3261 hoc
2935 3219 3034 3274 ego
3056 3170 3286 3275 regnum

1813 3288 2034 3350 Possedi
2063 3307 2076 3343 ;
2103 3290 2168 3346 de
2195 3305 2302 3361 quo
2334 3307 2477 3353 nunc
2505 3295 2638 3352 satis
2662 3301 2746 3351 est
2775 3295 3040 3355 tumulus.

2368 3382 2455 3436 XI.
2506 3382 2702 3437 Ganeo.

1649 3496 1654 3500 -
1741 3472 1925 3526 Gunea
1955 3482 2149 3542 pontus
2177 3474 2370 3541 habet,
2397 3477 2639 3531 tumulus
2662 3479 2782 3532 sine
2811 3492 3038 3549 corpore
3069 3495 3285 3536 nomen.
3345 3553 3349 3557 .

1814 3568 1976 3623 Fama
2009 3567 2258 3632 homines
2287 3571 2461 3636 inter;
2491 3573 2686 3628 caelum
2716 3574 2927 3628 animus
2959 3576 3174 3648 repetit.

1741 3657 1941 3714 Cuncta
1977 3661 2242 3723 elementa
2271 3660 2394 3717 duci
2428 3671 2574 3718 tanto
2604 3679 2890 3718 commune
2921 3664 3251 3740 sepulcrum.

1813 3750 1977 3817 Quae?
2005 3753 2222 3820 caelum,
2252 3761 2306 3807 ct
2340 3753 2515 3819 tellus,
2547 3764 2604 3809 et
2634 3770 2804 3822 mare,
2833 3765 2887 3812 et
2916 3773 3009 3811 ora
3039 3760 3238 3814 virum.
3327 3768 3340 3783 ‘

2295 3844 2407 3899 Xll.
2461 3844 2775 3902 Protesilao.

1742 3933 1926 3991 Fatale
1954 3936 2247 4006 ascriptum
2277 3953 2474 3994 nomen
2506 3940 2634 3996 mihi
2667 3941 2988 3999 Protesilae.

1812 4027 1946 4081 Nam
1978 4028 2182 4096 primus
2215 4029 2450 4085 Danaum
2483 4031 2627 4086 bello
2658 4033 2766 4087 obii
2800 4032 3056 4105 Phrygio,

1743 4117 1944 4174 Audaci
1973 4117 2251 4190 ingressus
2276 4120 2458 4191 Sigeia
2488 4122 2669 4181 littora
2694 4124 2860 4190 saltu,

1813 4212 2015 4283 Captus
2040 4213 2262 4282 pellacis
2283 4214 2583 4271 Laertiadae
2606 4216 2841 4274 insidiis.

1742 4303 1841 4372 Qui
1875 4319 1940 4358 ne
1969 4303 2219 4373 Trojanae
2250 4315 2523 4374 premeret
2549 4307 2686 4376 pede
2709 4307 2893 4366 littora
2917 4317 3095 4374 terrae,

1814 4391 1936 4462 Ipse
1962 4405 2126 4465 super
2149 4397 2423 4466 proprium
2457 4397 2662 4454 desiliit
2689 4399 2964 4470 clypeum.

1746 4484 1883 4551 Quid
1900 4488 2143 4556 queror?
2166 4487 2268 4543 hoc
2296 4489 2462 4543 letum
2485 4490 2594 4558 jam
2625 4500 2734 4545 tum
2764 4506 2882 4546 mea
2908 4490 3014 4546 fata
3037 4492 3322 4562 canebant,

1814 4577 1946 4633 Tale
1976 4579 2105 4633 mihi
2135 4595 2332 4635 nomen
2363 4595 2483 4635 cum
2518 4591 2670 4650 pater
2701 4581 2982 4657 imposuit.

2295 4672 2436 4726 Xlll.
2494 4672 2781 4742 Deiphobo.

1746 4759 1993 4816 Proditus
2023 4763 2087 4817 ad
2123 4778 2338 4833 poenam
2363 4805 2377 4828 ,
2409 4765 2692 4832 scelerata:
2722 4768 2906 4824 fraude
2939 4769 3196 4835 Laczenae,

1816 4853 1882 4907 Et
1905 4853 2204 4909 deformato
2227 4871 2459 4926 corpore
2487 4859 2826 4929 Deiphobus.
3099 4923 3106 4930 ,

1747 4943 1861 4998 Non
1895 4945 2068 5000 liabeo
2101 4949 2388 5015 tumulum,
2421 4951 2524 5004 nisi
2548 4967 2707 5019 quem
2733 4951 2860 5006 mihi
2888 4968 3020 5007 voce
3048 4954 3293 5010 vocantis

1819 5039 1882 5092 Et
1913 5041 2031 5108 pius
2061 5038 2281 5107 Encas,
2311 5053 2363 5096 et
2391 5043 2538 5098 Maro
2567 5045 2887 5112 composuit.

2331 5130 2471 5188 XIV.
2510 5133 2742 5188 Hectori.

1745 5225 1993 5282 ilectoris
2016 5225 2101 5281 hic
2128 5228 2395 5283 tumulus:
2417 5243 2538 5283 cum
2561 5244 2669 5298 quo
2688 5243 2786 5284 sua
2806 5229 2968 5299 Troja
2991 5231 3198 5301 sepulta
3217 5242 3321 5291 est.

1812 5317 2131 5373 Conduntur
2164 5320 2367 5390 pariter
2393 5321 2485 5390 qui
2518 5323 2733 5390 periere
2763 5322 2920 5377 simul

2282 5409 2399 5467 XV.
2449 5413 2771 5483 Astyanacti.

1744 5501 1872 5556 Flos
1903 5502 2067 5571 Asiae,
2100 5486 2244 5555 tanta
2278 5518 2416 5558 unus
2438 5503 2507 5560 de
2535 5512 2695 5578 gente
2717 5514 3016 5575 superstes,

1747 5592 2036 5660 Parvulus,
2062 5594 2281 5663 Argivis
2312 5595 2405 5649 sed
2436 5597 2542 5666 jam
2573 5595 2639 5650 de
2662 5606 2816 5666 patre
2842 5597 3144 5668 timendus,

1755 5686 1853 5740 llic
1878 5685 2034 5754 jaceo
2055 5689 2361 5758 Astyanax,
2387 5687 2552 5743 Scaris
2574 5687 2812 5758 dejectus
2836 5689 2904 5745 ab
2928 5692 3068 5748 altis.
