3920 6344
26 281 103 335 65
1088 290 1558 349 TETRASTICHA
1597 292 1663 350 IN
1691 294 2078 354 IMPERATOR
2089 299 2169 359 ES
2182 340 2194 353 .

1584 411 1634 467 A

62 392 187 449 Nec
216 404 429 453 metues
458 396 670 469 Stygios
698 399 888 454 ﬂebilis
912 402 1094 456 umbra
1128 403 1293 457 lacus.

36 500 208 541 erum
243 500 338 542 aut
370 488 723 560 Persephonae
744 492 1018 563 Cinyreius
1044 494 1144 549 ibis
1170 494 1369 551 Adonis
1395 514 1410 553 :

58 579 181 631 Aut
207 578 365 634 Jovis
385 579 547 650 Elysii
580 590 633 636 ιιι
658 584 934 639 catamitus
960 586 1087 641 eris.

496 715 732 773 XXXIV.
757 717 1094 775 Callicratem.

37 826 202 893 iginti
234 835 398 897 atque
425 843 610 885 novem
637 831 876 899 genitrici
902 832 1229 887 Callicrateae

60 916 294 974 Nullius
321 935 481 975 sexus
504 936 648 975 mors
675 923 802 975 mihi
834 924 945 977 visa
974 923 1091 977 fuit.

26 1011 97 1065 ed
121 1025 360 1067 centum
386 1022 437 1067 et
458 1015 691 1083 quinque
708 1016 912 1083 explevi
932 1017 1068 1071 bene
1092 1014 1359 1070 messibus
1378 1029 1565 1081 annos,

58 1100 429 1158 Intremulam
462 1104 651 1159 hacqu
676 1120 780 1159 non
804 1107 1060 1162 subeunte
1086 1121 1322 1161 manum.

173 1237 407 1294 XXXV.
437 1238 585 1309 Equo
614 1240 952 1307 Admirabili,
974 1244 1127 1312 jussu
1156 1241 1393 1311 Augusti.

29 1349 350 1418 hOSphore,
371 1349 595 1405 clamosi
624 1351 851 1419 spatiosa
882 1365 978 1420 per
1012 1365 1225 1421 aequora
1253 1350 1395 1405 Circi

58 1441 349 1511 Septenas
376 1440 562 1497 solitus
591 1443 760 1496 victor
791 1441 940 1498 obire
964 1442 1076 1497 vias
1101 1460 1113 1496 :
1154 1462 1157 1463 ν

26 1543 442 1602 nproperanter
464 1547 624 1602 agens
650 1534 855 1603 primos
888 1549 916 1588 a
950 1548 1163 1590 carcere
1186 1547 1395 1599 cursus,

58 1626 257 1681 Fortis
291 1626 603 1696 praegressis
633 1636 689 1679 ut
723 1626 985 1695 potereris
1008 1625 1185 1696 equis.

30 1727 325 1787 rnmptum
349 1727 404 1773 et
425 1718 639 1772 veloces
664 1727 778 1781 erat
802 1716 1094 1788 anticipare
1126 1718 1417 1788 quadrigas
1449 1735 1461 1771 :

63 1810 334 1866 Victores
361 1810 521 1865 etiam
552 1811 787 1874 vincere,
819 1809 937 1865 laus
965 1810 1157 1879 potior.

26 1902 146 1956 [unc
178 1901 404 1957 titulum
434 1902 552 1957 vani
574 1901 763 1956 solatia
785 1915 935 1955 sume
962 1890 1217 1970 sepulcri,

60 2000 128 2052 Et
156 1998 395 2069 gradere
422 1997 635 2068 Elysios
674 2010 883 2065 praepes
901 1994 969 2050 ad
1001 1994 1252 2063 alipedes.

26 2104 239 2160 ‘egasus
272 2090 399 2145 hinc
427 2089 612 2144 dexter
640 2096 819 2144 currat
845 2087 970 2151 tibi;
1001 2087 1169 2142 lmvus
1195 2086 1357 2140 Arion

59 2183 240 2239 Funis
269 2192 396 2247 eat;
426 2191 673 2262 quartum
705 2182 793 2237 det
821 2180 915 2236 tibi
944 2180 1136 2235 Castor
1165 2194 1380 2247 equum.

1597 1723 1646 1823 is

3104 302 3205 359 866

1936 410 2175 466 XXXVI.
2206 410 2268 464 In
2293 414 2483 466 tumulo
2501 412 2717 465 hominis
2739 412 2922 480 felicis.

1668 520 1866 590 Sparge
1893 536 2039 577 mero
2065 522 2293 587 cineres,
2340 525 2473 579 bene
2503 524 2662 578 olenti
2692 532 2747 578 et
2774 524 2998 593 unguine
3023 522 3200 589 nardi,

1738 612 1960 685 Hospes,
1991 622 2046 669 et
2070 612 2205 667 adde
2243 614 2379 668 rosis
2408 614 2640 667 balsama
2671 614 2925 683 puniceis.

1668 700 1983 770 Perpetuam
2016 702 2142 758 mihi
2172 697 2265 759 ver
2290 705 2394 774 agit
2417 703 2811 773 illacrymabilis
2833 720 2984 759 urna.

1737 789 1804 843 Et
1822 793 2139 846 commutavi
2154 794 2367 857 stecnia,
2398 809 2501 847 non
2531 793 2659 847 obii.

1667 878 1819 934 Nulla
1847 880 1975 935 mihi
1997 884 2196 937 veteris
2220 884 2498 951 perierunt
2522 882 2709 954 gaudia
2739 882 2862 937 vita:
2886 901 2897 935 :

1737 971 1840 1026 Seu
1864 973 2169 1028 meminisse
2194 982 2347 1042 putes
2370 976 2544 1028 omnia
2565 1015 2578 1039 ,
2601 974 2714 1030 sive
2740 974 2895 1028 nihil.

1935 1105 2198 1199 XXXVII.
2224 1107 2529 1177 Sepulcrum
2550 1108 2669 1163 Cari
2688 1124 2919 1162 uacuum.

1668 1217 1750 1273 Ile
1772 1217 1895 1285 sibi,
1916 1228 1971 1275 et
1997 1220 2171 1287 uxori,
2201 1231 2253 1276 et
2282 1221 2421 1277 natis
2445 1237 2733 1278 commune
2760 1222 3066 1293 sepulcrum

1738 1308 2028 1366 Constituit
2058 1327 2208 1368 seras
2229 1312 2397 1368 Carus
2420 1315 2485 1368 ad
2529 1315 2831 1384 exsequias.

1669 1402 1894 1473 Jamque
1916 1402 2006 1457 diu
2040 1414 2378 1459 monumenta
2403 1414 2615 1470 vacant,
2645 1405 2818 1475 sitque
2839 1405 2939 1461 ista
2970 1402 3186 1474 querela

1740 1492 1975 1564 Longior
2006 1508 2023 1549 :
2054 1502 2110 1550 et
2136 1495 2312 1550 veniat
2334 1495 2519 1549 ordine
2542 1495 2768 1564 quisque
2787 1510 2907 1561 suo,

1645 1585 1933 1644 .Nascendi
1960 1586 2058 1655 qui.
2077 1585 2193 1656 lc‘gc
2217 1585 2371 1645 datus
2402 1602 2417 1639 ε
2449 1586 2825 1657 placidumque
2848 1601 2943 1657 per
2966 1601 3138 1641 arvum

1743 1676 2037 1741 Condatur,
2062 1685 2187 1729 natu
2214 1677 2301 1745 qui
2333 1677 2499 1745 prior,
2530 1676 2621 1731 ille
2642 1675 2808 1746 prior.

1950 1786 2236 1842 XXXVIII.
2273 1786 2351 1842 Ea:
2374 1789 2606 1859 sepulcro
2629 1787 2831 1843 Latina:
2856 1789 2968 1842 vim.

1678 1899 1794 1956 Non
1824 1913 2037 1965 nomen,
2067 1912 2170 1952 non
2197 1914 2303 1967 quo
2330 1900 2565 1967 genitus,
2587 1915 2695 1955 non
2711 1899 2875 1963 unde,
2897 1897 3023 1966 quid
3054 1897 3157 1967 egi.

1750 1991 1923 2045 Mutus
1948 1988 2001 2043 in
2034 1986 2293 2043 internum
2323 2003 2461 2053 sum,
2493 1988 2651 2053 cinis,
2682 2002 2823 2055 ossa,
2854 1986 3006 2043 nihil.

1679 2080 1795 2137 Non
1820 2095 1961 2149 sum,
1992 2094 2091 2133 nec
2114 2080 2317 2133 fueram
2349 2080 2599 2148 :genitus
2626 2090 2800 2134 tamen
2828 2079 3053 2134 e‘niltilo
3080 2093 3199 2133 sum
3221 2121 3238 2146 ,

1754 2174 1925 2241 Mitte,
1956 2189 2053 2229 nec
2082 2173 2374 2244 exprobres
2397 2173 2625 2243 singula,
2649 2175 2775 2228 talis
2800 2174 2931 2230 eris.

834 2396 991 2478 DE
1066 2358 1698 2478 DUODECIM
1749 2388 2409 2473 C/ESARIBUS

949 2532 1068 2593 Per
1096 2528 1469 2591 Suetonium
1504 2523 1953 2603 Tranquillum
1980 2521 2257 2601 scriptis.

348 2656 600 2727 Ausonius
632 2642 887 2726 Hesperio,
905 2654 1036 2723 ﬁlio.
1072 2652 1134 2709 S.
1165 2650 1237 2705 D.

26 2733 395 2849 :ESARISOS
423 2781 695 2837 proceres,
725 2765 777 2820 in
805 2765 1032 2836 quoru'm
1063 2779 1228 2835 regna
1257 2744 1506 2819 secundis
1605 2842 1609 2849 .

26 2844 335 2914 lonsulibus
360 2857 561 2911 dudum
588 2856 828 2911 Romana
850 2854 1085 2925 potentia
1113 2854 1298 2919 cessit,

26 2954 205 3022 tceipe
237 2952 321 3007 his
350 2964 536 3016 senos,
563 2964 657 3005 sua
687 2964 952 3019 quemque
980 2947 1316 3003 monosticha
1337 2946 1573 3017 signant,

26 3048 245 3113 [uorum
281 3059 375 3113 per
405 3048 615 3113 plenam
639 3041 837 3097 seriem
861 3041 1155 3097 Suetonius
1175 3040 1303 3094 olim

26 3137 265 3201 tomina,
296 3151 384 3191 res
410 3144 609 3205 gestas,
640 3135 911 3203 vitamque
940 3131 1249 3200 obitumque
1279 3131 1503 3203 peregit.

207 3248 538 3303 Monasticha
564 3247 626 3299 de
647 3246 823 3300 ordine
850 3244 899 3299 Χ
907 3224 968 3297 Π
997 3247 1383 3315 imperatorum.

26 3364 221 3417 ’rimus
252 3362 485 3431 regalem
512 3359 759 3429 patefecit
787 3358 1021 3415 IULIUS
1047 3358 1222 3412 aulam

26 3458 206 3523 Ircsar,
236 3464 292 3509 et
314 3452 633 3508 AUGUSTO
673 3466 867 3506 nomen
901 3449 1254 3519 transcripsit,
1285 3457 1340 3503 et
1376 3463 1574 3503 arcem.

26 3549 297 3617 ’rivignus
316 3554 440 3615 post
466 3545 605 3599 hunc
626 3553 814 3613 regnat
832 3541 1013 3596 NERO
1035 3539 1401 3607 CLAUDIUS,
1422 3556 1451 3592 a
1474 3551 1581 3609 quo

26 3636 279 3701 lABSAR,
310 3650 605 3705 cognomen
630 3632 822 3701 Caliga;
850 3632 931 3686 cui
956 3640 1129 3685 castra
1160 3630 1445 3685 dederunt.

26 3726 347 3784 ZLAUDIUS
360 3726 484 3780 hinc
496 3725 696 3795 potitur
710 3739 892 3794 regno,
906 3733 1025 3793 post
1038 3738 1197 3792 quem
1212 3721 1396 3775 NEBO
1409 3735 1581 3775 szcvus

26 3820 251 3875 Ultimus
276 3818 599 3873 ASueadum.
630 3816 755 3871 Post
772 3815 912 3869 hunc
943 3824 1185 3879 tres,nec
1215 3814 1383 3868 tribus
1404 3814 1578 3879 annis;

26 3912 244 3966 )ALBA
277 3924 468 3974 senex,
500 3908 697 3963 frustra
723 3909 867 3963 socio
895 3907 1129 3962 confisus
1158 3907 1313 3961 inerti
1344 3923 1357 3959 :

26 4004 182 4058 tlollis
210 4002 398 4057 OTHO
422 4043 437 4066 ,
469 4000 649 4054 infami
684 4015 778 4069 per
806 4000 989 4054 luxum
1019 3998 1252 4069 degener
1277 4011 1394 4051 τενο
1420 4014 1433 4049 :

26 4094 119 4150 Nec
146 4108 321 4164 regno
350 4091 562 4161 dignus,
595 4105 691 4145 nec
720 4098 893 4144 morte
929 4086 1286 4143 VITELLIUS
1305 4095 1365 4141 ut
1385 4087 1481 4141 vir.

26 4186 98 4239 His
130 4184 403 4250 decimus,
436 4181 652 4251 fatoque
690 4182 891 4235 accitus
910 4177 1404 4235 VESPASIANUS.

26 4276 77 4328 Et
102 4275 313 4331 TITUS
342 4271 548 4343 imperii
573 4273 699 4328 felix
723 4273 1021 4337 brevitate,
1050 4280 1269 4325 secutus

26 4368 229 4435 Frater,
262 4383 423 4438 quem
449 4365 726 4421 CALVUM
752 4365 887 4419 dixit
909 4380 1003 4418 sua
1032 4364 1200 4423 Roma
1228 4361 1577 4418 NERONEM.

344 4479 563 4551 Tempus
589 4478 787 4548 imperii
815 4475 927 4530 XII
959 4476 1245 4532 Cwsarum.

26 4595 272 4660 IULIUS,
299 4602 357 4648 ut
386 4592 690 4664 perhibent,
718 4592 871 4645 divus
902 4590 1177 4646 trieteride
1205 4598 1411 4659 regnat.

26 4684 378 4752 AUCUSTUS
408 4691 527 4753 post
557 4683 721 4737 lustra
740 4681 923 4736 decem
939 4696 1039 4735 sex
1064 4690 1512 4749 prorogatannos,

26 4776 86 4829 Et
117 4786 197 4831 ter
224 4775 465 4845 septenis
491 4772 732 4845 geminos
760 4772 942 4827 NERO
980 4768 1316 4826 CLAUDIUS
1341 4771 1506 4825 addit.

1673 2646 1853 2703 Tertia
1877 2648 1992 2701 [init
2010 2647 2185 2703 hiems
2207 2648 2506 2716 grassantia
2536 2655 2775 2717 tempora
2806 2648 2961 2703 CAII.

1675 2735 2015 2795 CLAUDIUS
2040 2736 2433 2793 hebdomadem
2462 2738 2729 2807 duplicem
2754 2738 2920 2794 trahit
2948 2756 2962 2795 :
2991 2746 3047 2794 et
3068 2739 3251 2795 NERO

3016 2832 3174 2886 dirus

1676 2920 2027 2977 Tantumdem
2063 2936 2076 2973 :
2101 2934 2325 2976 summa:
2350 2920 2541 2977 consul
2570 2920 2669 2977 sed
2696 2921 2867 2977 defuit
2896 2832 3051 2976 uqus.

1676 3012 1902 3070 GALBA
1927 3028 2115 3078 senex,
2143 3013 2328 3068 OTHO
2362 3014 2585 3081 lascive,
2617 3024 2672 3069 et
2699 3014 2906 3071 famose
2931 3013 3200 3070 VITELLI
3233 3057 3250 3083 ,

1604 3087 1649 3149 C
1680 3103 1856 3159 Tertia
1878 3120 1973 3159 vos
2001 3103 2154 3159 Latio
2178 3114 2473 3193 regnantes
2505 3107 2697 3161 nesciit
2723 3114 2883 3161 aestas
2908 3147 2925 3174 ,

1679 3192 1934 3250 Interitus
1962 3195 2153 3265 dignos
2182 3197 2287 3249 vita
2320 3204 2643 3266 properante
2669 3197 2949 3265 probrosa.

1679 3284 1871 3356 Implet
1894 3286 2110 3341 fatalem
2140 3286 2396 3341 decadem
2425 3288 2526 3343 sibi
2560 3287 3041 3345 VESPASIANUS.

1680 3374 1805 3439 Ter,
1828 3375 2137 3431 dominante
2165 3375 2345 3441 TITO,
2368 3377 2531 3446 cingit
2561 3393 2696 3432 nova
2724 3378 2904 3447 laurea
2935 3377 3130 3452 Ianum
3166 3396 3177 3432 :

1680 3466 2018 3536 Quindecies,
2049 3469 2206 3521 smvis
2234 3468 2435 3536 potitur
2460 3467 2584 3521 dum
2625 3467 2903 3523 FRATEB
2933 3468 3175 3525 habenis.
3268 3499 3276 3506 -

2172 3623 2248 3677 De
2273 3624 2515 3678 mortibus
2541 3639 2736 3677 eorum.

1683 3760 1918 3818 IULIUS
1947 3758 2151 3814 interiit
2172 3757 2419 3813 CAESAR
2443 3768 2724 3828 grassante
2745 3767 2955 3814 senatu.

1680 3854 1897 3909 Addidit
1922 3848 2291 3907 AUGUSTUII
2320 3848 2461 3904 divis
2489 3858 2697 3903 matura
2728 3857 2997 3905 senectus.

1683 3946 1814 4003 Sera
1833 3960 1997 4001 senex
2023 3944 2244 4014 Capreis
2272 3942 2424 3998 exsul
2455 3942 2642 3997 NERO
2673 3943 2776 3996 fata
2808 3940 3034 4012 peregit.

1686 4039 1925 4109 Expetiit
1948 4052 2135 4108 poenas
2157 4037 2223 4092 de
2252 4035 2546 4091 CAESARE
2572 4033 2796 4090 Chaerea
2844 4034 3041 4089 mollis.

1681 4128 2019 4186 CLAUDIUS
2046 4128 2294 4198 ambiguo
2319 4127 2587 4182 concluslt
2617 4124 2728 4181 fata
2758 4132 2992 4180 veneno.

1684 4222 1954 4279 Ilatricida
1976 4220 2159 4276 ΝΕΠο
2189 4219 2391 4289 proprii
2432 4220 2537 4272 vim
2569 4216 2787 4287 pertulit
2826 4217 2991 4270 ensis.

1685 4312 1907 4369 GALBA
1943 4326 2106 4366 senex
2138 4310 2296 4380 periit
2322 4323 2464 4363 saevo
2495 4314 2797 4377 prostratus
2818 4304 3111 4360 OTHONE.

1688 4406 1807 4460 Mox
1835 4403 2262 4471 Othofamosus,
2294 4403 2439 4456 clara
2466 4400 2558 4456 sed
2586 4408 2759 4454 morte
2786 4399 3007 4467 potitus.

1689 4495 1914 4564 Prodiga
1940 4494 2238 4550 succedunt
2266 4490 2561 4561 pcrimendi
2592 4499 2803 4559 sceptra
2822 4486 3116 4543 VITELLI.

1690 4586 1991 4642 Laudatum
2022 4585 2331 4653 imperium,
2363 4597 2508 4636 mors
2538 4580 2674 4636 lenis
2714 4578 3155 4633 VESPASIANO.

1688 4678 1759 4731 At
1788 4668 2010 4743 TITUS,
2038 4674 2185 4729 orbis
2208 4689 2377 4737 amor,
2408 4672 2613 4741 rapitur
2644 4670 2962 4725 florentibus
2986 4669 3162 4723 annis.

1692 4769 1823 4825 Sera
1846 4782 2065 4837 gravem
2081 4766 2370 4835 perimunt,
2384 4764 2628 4833 scdjusta
2643 4761 2876 4831 piacula,
2898 4760 3227 4816 FRATREM
3244 4784 3263 4813 ,ν

1203 4979 2040 5066 TE'I‘RASTICHA.

244 5131 292 5185 Α
317 5124 458 5183 Iulio
488 5126 684 5182 Cwsare
707 5138 864 5196 usque
893 5124 959 5177 ad
988 5130 1215 5193 tempora
1241 5137 1350 5175 sua.

26 5236 166 5301 Nunc
189 5254 247 5299 et
274 5244 587 5314 praedictos,
609 5250 665 5298 et
689 5242 838 5311 regni
862 5247 1005 5294 sorte
1031 5244 1317 5307 sequentes

91 5336 407 5406 Expediam,
439 5335 613 5390 series
642 5347 776 5404 quos
806 5340 953 5387 tenet
980 5331 1215 5399 imperii.

28 5418 273 5497 Incipiam
304 5427 371 5480 ab
394 5426 544 5491 Divo,
577 5438 1006 5494 percurramque
1029 5421 1217 5477 ordine
1247 5428 1490 5485 cunctos,

91 5518 217 5575 Novi
247 5518 505 5573 Romana:
533 5530 667 5585 quos
704 5529 911 5569 memor
940 5512 1199 5566 historiae.

574 5626 614 5680 Ι.
648 5625 818 5679 Julius
858 5624 1046 5679 Cwsar.

31 5720 329 5793 Imperium,
360 5721 497 5778 binis
518 5719 692 5800 fuerat
716 5720 957 5775 solemne
979 5715 1120 5788 quod
1148 5713 1277 5773 olim

1760 5116 2105 5180 Consulibus,
2138 5114 2320 5169 Caesar
2346 5112 2521 5169 Julius
2544 5110 2798 5167 obtinuit.

1646 5206 1654 5212 ’
1693 5207 1803 5263 Sed
1836 5206 1996 5261 breve
2017 5205 2105 5275 jus
2137 5205 2305 5275 regni,
2338 5205 2453 5258 sola
2485 5202 2766 5257 trieteride
2794 5205 3026 5270 gestum,

1761 5297 1997 5355 Perculit
2024 5306 2243 5353 armatm
2274 5296 2433 5351 factio
2457 5311 2595 5349 smva
2623 5304 2776 5363 legar.

2116 5406 2178 5462 II.
2215 5406 2521 5460 Octavianus
2546 5406 2825 5471 Augustus.

1578 5548 1581 5551 λ
1694 5523 1863 5589 Ultor,
1894 5528 2280 5590 successorque
2309 5518 2499 5574 dehinc
2522 5514 2795 5579 Octavius,
2822 5513 2961 5568 idem

1762 5617 1941 5672 thsar
1972 5634 1984 5667 :
2014 5623 2069 5669 at
2095 5614 2317 5684 Augusti
2343 5612 2561 5666 nomine
2590 5608 2824 5663 nobilior
2851 5624 2867 5671 ;

1700 5712 1993 5782 Longaeva,
2018 5718 2073 5765 et
2096 5720 2383 5775 numquam
2410 5702 2590 5759 dubiis
2614 5700 2805 5756 violata
2829 5704 3093 5769 potestas,
