3884 6340
547 275 646 330 87!

1164 389 1276 442 XII.
1313 389 1518 443 Tolosa.

546 497 665 554 Non
697 515 947 570 umquam
974 501 1216 556 altricem
1248 505 1415 558 nostri
1449 504 1688 560 reticebo
1715 505 1962 561 Tolosam
1984 547 1999 575 ,

546 592 840 649 Coctilibus
862 594 1029 649 muris
1051 609 1210 664 quam
1234 596 1429 652 circuit
1447 599 1680 654 ambitus
1707 601 1917 669 ingens,

546 685 754 756 Perque
781 686 920 742 latus
949 686 1177 756 pulchro
1202 689 1511 757 praelabitur
1540 707 1702 748 amne
1730 692 2002 749 Garumna
2032 713 2046 747 :

548 775 855 833 innumeris
883 779 1082 833 cultam
1114 780 1346 849 populis,
1378 781 1613 837 confinia
1641 795 1861 854 propter

546 866 816 938 Ninguida
841 868 1108 940 Pyrenes,
1136 881 1190 926 et
1220 871 1378 942 pinea
1401 872 1772 929 Cebenuarum
1797 920 1810 943 ,

547 959 688 1016 Inter
707 961 1000 1033 Aquitanas
1025 971 1213 1033 gentes
1237 974 1292 1020 et
1321 981 1514 1022 nomen
1542 966 1772 1022 Iberum.

541 1054 675 1123 Qua:
700 1058 862 1112 modo
889 1057 1268 1129 quadruplices
1292 1075 1358 1116 ex
1391 1076 1448 1116 se
1480 1077 1600 1117 cum
1627 1061 1883 1119 effuderit
1909 1063 2089 1129 urbes,

541 1146 660 1203 Non
685 1148 794 1204 ulla
824 1148 1106 1206 exhausta:
1133 1151 1300 1206 sentit
1325 1153 1604 1223 dispendia
1633 1153 1805 1224 plebis
1829 1171 1844 1208 :
1991 1140 1993 1142 ’

543 1242 692 1311 Quos
717 1245 902 1314 senuit
931 1256 1160 1301 cunctos
1188 1247 1394 1316 gremio
1421 1248 1699 1319 complexa
1729 1249 1973 1305 colonos.

1166 1356 1302 1412 XIII.
1338 1357 1534 1413 Narbo.

542 1465 657 1523 Nec
684 1475 763 1537 tu,
798 1468 988 1523 Martie
1015 1468 1217 1536 Narbo,
1249 1470 1520 1527 silebere:
1555 1472 1773 1528 nomine
1798 1474 1952 1542 cujus

541 1558 682 1615 Fusa
716 1575 812 1630 per
840 1560 1165 1615 immensum
1194 1562 1465 1632 quondam
1498 1563 1773 1633 provincia
1803 1578 2027 1634 regnum
2049 1602 2064 1629 ,

540 1652 784 1708 Obtinuit
813 1654 1012 1709 multos
1037 1653 1348 1710 dominandi
1377 1656 1499 1726 jure
1519 1657 1767 1721 colonos.
1884 1639 1894 1649 '

541 1743 823 1800 lnsinuant
851 1760 957 1816 qua
983 1761 1043 1802 se
1073 1746 1339 1818 Sequanis
1370 1747 1692 1819 Allobroges
1718 1748 1866 1806 oris:

543 1838 963 1910 Excluduntque
988 1839 1152 1895 Italos
1179 1841 1372 1911 Alpina
1404 1843 1681 1897 cacumina
1715 1844 1847 1896 lines
1874 1859 1887 1893 :

539 1930 654 1998 Qua
685 1929 1002 2002 Pyr’enaicis
1029 1931 1240 1987 nivibus
1269 1931 1596 1987 dirimuntur
1621 1931 1762 1986 lberi
1790 1950 1802 1984 :

538 2025 652 2090 Qua
681 2023 887 2093 rapitur
919 2037 1158 2092 praeceps
1191 2023 1485 2080 Rhodanus
1516 2025 1764 2095 genitore
1793 2024 2086 2091 Lemanno,

540 2115 882 2185 lnteriusque
906 2124 1158 2185 premunt
1183 2115 1501 2185 Aquitanica
1532 2131 1656 2170 rura
1687 2113 1980 2183 Gebennas,

539 2205 720 2277 Usque
753 2206 805 2261 in
828 2205 1157 2276 Tectosagos
1187 2207 1447 2278 paganica
1477 2208 1696 2263 nomina
1728 2207 1946 2275 Volcas,

540 2298 735 2354 Totum
757 2297 936 2354 Narbo
965 2299 1087 2354 fuit.
1121 2299 1201 2354 Tu
1229 2298 1398 2356 Gallia
1429 2301 1605 2370 prima
1633 2303 1795 2371 togati

537 2391 784 2448 Nominis
808 2392 1014 2448 attollis
1040 2391 1192 2448 Latio
1219 2393 1544 2463 proconsule
1573 2392 1768 2449 fasces.

536 2485 669 2554 Quis
699 2496 964 2543 memoret
990 2497 1284 2558 portusque
1315 2496 1458 2553 tuos,
1483 2474 1802 2559 montesque
1823 2488 2128 2560 lacusque}

535 2579 669 2646 Quis
695 2580 924 2651 populos
948 2582 1100 2636 vario
1131 2581 1446 2639 discrimine
1471 2583 1659 2649 vestis,
1691 2593 1746 2638 et
1769 2584 1920 2639 oris?
1953 2593 1956 2596 ’

538 2671 805 2743 Quodque
838 2672 932 2727 tibi
964 2671 1235 2743 quondam
1264 2672 1424 2728 Pario
1459 2671 1528 2728 de
1558 2687 1833 2728 marmore
1863 2674 2122 2745 templum

536 2763 730 2820 Tanta
757 2765 917 2821 molis
943 2773 1062 2821 erat
1080 2806 1095 2832 ,
1122 2775 1379 2835 quantam
1407 2779 1516 2819 non
1543 2775 1829 2836 sperneret
1852 2765 1984 2822 olim
2083 2768 2086 2772 ’

536 2861 885 2933 Tarquinius,
915 2859 1249 2933 Catulusque
1279 2861 1475 2917 iterum
1494 2901 1510 2927 ,
1541 2870 1846 2932 postremus
1873 2869 1930 2918 et
1955 2860 2068 2930 ille,

537 2955 717 3008 Aurea
742 2953 834 3023 qui
863 2953 1050 3008 statuit
1075 2951 1306 3022 Capitoli
1326 2952 1559 3007 culmina
1589 2950 1804 3008 Caesar!

537 3045 616 3103 Te
639 3047 802 3102 maris
831 3045 930 3102 Eoi
962 3061 1194 3114 merces,
1223 3056 1278 3102 et
1303 3045 1508 3102 lberica
1537 3045 1714 3102 ditant

537 3138 778 3210 Equora
804 3157 816 3192 :
849 3148 902 3196 te
926 3138 1128 3194 classes
1155 3137 1373 3209 Libyci,
1399 3136 1678 3208 Siculique
1702 3136 1985 3206 profundi:
2014 3167 2016 3169 ›

539 3232 609 3288 Et
632 3232 892 3304 quidquid
923 3234 1075 3288 vario
1099 3246 1196 3302 per
1223 3230 1478 3297 ﬂumina,
1511 3244 1608 3300 per
1633 3230 1766 3285 freta
1795 3245 1954 3286 cursu

539 3323 857 3392 Advebitur,
883 3331 996 3379 toto
1021 3323 1116 3378 tibi
1147 3321 1361 3394 navigat
1390 3322 1524 3378 orbe
1549 3322 1858 3384 κατάπλους.

1091 3434 1232 3491 XIV.
1261 3435 1573 3509 Burdigala.

537 3531 702 3602 Impia
731 3529 1044 3601 jamdudum
1074 3529 1377 3584 condemno
1401 3528 1614 3583 silentia
1637 3569 1652 3595 ,
1683 3527 1824 3598 quod
1857 3536 1930 3595 te,

539 3623 585 3679 Ο
611 3623 813 3694 patria,
845 3621 1110 3691 insignem
1138 3620 1370 3688 Baccho,
1406 3619 1710 3690 ﬂuviisque,
1743 3620 2000 3690 virisque,

540 3712 800 3780 Moribus,
822 3712 1156 3784 ingeniisque
1173 3710 1452 3766 hominum
1465 3755 1480 3780 ,
1500 3724 1893 3782 procerumque
1913 3716 2124 3777 senatu,

1928 275 2107 336 DECII
2143 280 2420 340 AUSONII

2161 399 2213 460 Α
2237 397 2354 453 Non
2381 398 2523 454 inter
2552 401 2750 469 primas
2778 415 3091 460 memorem.
3123 404 3286 471 Quasi
3314 409 3568 464 conscius
3590 410 3738 465 urbis

3759 100 3860 122 —
3875 102 3879 116 λ

3705 297 3800 354 872

2235 491 2457 561 Exiguae
2484 493 2782 552 immeritas
2811 495 3048 551 dubitem
3076 500 3389 576 contingere
3419 501 3624 556 laudes.

2235 584 2349 640 Non
2373 587 2546 657 pudor
2569 587 2692 644 hinc
2713 588 2888 644 nobis.
2926 591 3033 646 Nec
3053 591 3196 647 enim
3227 592 3356 647 mihi
3383 594 3608 649 barbara
3635 596 3795 652 Rheni

2234 675 2342 731 Ora
2370 717 2384 742 ,
2411 693 2511 733 nec
2539 679 2744 734 Arctoo
2769 679 2962 736 domus
2992 691 3076 736 est
3103 683 3341 752 glacialis
3372 684 3424 739 in
3452 685 3655 742 "anno.

2234 766 2518 837 Burdigala
2549 779 2632 824 est
2659 771 2833 825 natale
2857 771 3060 825 solum:
3093 773 3376 829 clementia
3403 775 3527 830 caeli

2232 857 2370 914 Mitis
2392 861 2511 926 ubi,
2543 862 2793 932 et‘rigua:
2821 864 2960 932 larga
2990 863 3319 933 indulgentia
3349 877 3540 933 terra};

2233 950 2342 1005 Ver
2358 951 2596 1022 longum,
2611 951 2922 1024 brumisque
2944 952 3154 1021 breves,
3173 954 3298 1026 juga
3319 956 3542 1012 frondea
3558 958 3775 1032 subsunt

2232 1042 2468 1098 Fervent
2491 1059 2772 1114 mquoreos
2801 1046 3009 1101 imitata
3037 1047 3233 1102 ﬂuenta
3264 1057 3487 1104 meatus.

2230 1133 2479 1200 Quadrua
2507 1151 2785 1190 murorum
2813 1138 3043 1206 species,
3069 1139 3147 1192 sic
3173 1137 3415 1194 turribus
3437 1138 3561 1194 altis

2233 1224 2443 1290 Ardua,
2479 1234 2536 1280 ut
2559 1226 2732 1281 aerias
2757 1226 2958 1282 intrent
2987 1228 3192 1298 fastigia
3223 1231 3412 1286 nubes.

2233 1315 2524 1371 Distinctas
2553 1316 2767 1373 interne
2796 1319 2910 1372 vias
2935 1318 3162 1387 mirere,
3189 1319 3473 1378 domorum

2229 1405 2565 1475 Dispositum
2587 1412 2608 1474 ,'
2632 1418 2689 1462 et
2707 1409 2842 1462 latas
2868 1425 3064 1465 nomen
3096 1424 3318 1467 servare
3341 1412 3588 1483 plateas:

2229 1495 2365 1550 Tum
2397 1497 2790 1567 respondentes
2810 1498 3016 1555 directa
3047 1501 3102 1555 in
3121 1502 3351 1572 compita
3375 1513 3592 1573 portas,

2227 1586 2332 1643 Per
2358 1589 2702 1660 mediumque
2729 1590 2878 1646 urbis
2907 1591 3113 1648 fontani
3141 1594 3381 1650 ﬂuminis
3408 1596 3640 1651 alveum.

2227 1679 2397 1745 Quem
2426 1688 2581 1747 pater
2602 1681 2850 1738 Oceanus
2886 1677 3064 1742 reﬂuo
3087 1701 3210 1740 cum
3240 1686 3548 1757 impleverit
3572 1698 3701 1744 astu
3718 1730 3732 1755 ,

2151 1776 2200 1836 Β
2229 1770 2402 1850 Allahi
2430 1779 2600 1826 totum
2632 1773 2906 1843 spectabis
2944 1776 3209 1832 classibus
3237 1793 3442 1850 aequor.

2225 1861 2364 1928 Quid
2395 1877 2691 1919 memorem
2734 1865 2893 1921 Pario
2922 1876 3230 1924 contectum
3283 1885 3556 1927 marmore
3607 1872 3788 1929 fontetn

2224 1952 2414 2024 Euripi
2437 1953 2657 2011 fervere
2683 1955 2860 2024 freto;
2891 1967 3087 2028 quanta
3113 1960 3299 2016 umbra
3331 1962 3580 2032 profundi
3617 1964 3634 2018 ε
3667 2042 3673 2047 _

2223 2047 2469 2114 Quantus
2496 2047 2550 2102 in
2572 2062 2734 2105 autne
2759 2051 2967 2106 tumor!
2986 2061 3187 2132 quanto
3207 2054 3317 2108 ruit
3337 2055 3550 2125 agmine
3566 2069 3789 2127 preceps

2101 2204 2104 2208 ί
2224 2135 2471 2210 Margine
2494 2144 2734 2198 contenti
2759 2141 2974 2199 bissena
3007 2159 3107 2215 per
3132 2147 3271 2202 ostia
3299 2161 3526 2215 cursus,

2226 2233 2547 2290 Innumeros
2572 2235 2754 2306 populi
2784 2250 2892 2292 non
2919 2247 3172 2308 umquam
3195 2237 3487 2294 exhaustus
3530 2239 3597 2294 ad
3639 2240 3788 2296 usual

2225 2321 2382 2382 Hunc
2409 2339 2665 2396 cuperes,
2692 2341 2790 2382 rex
2814 2326 2998 2396 Medo,
3026 2330 3132 2384 tuis
3160 2331 3475 2400 contingere
3502 2331 3726 2399 castris.
3781 2323 3783 2325 ’

2226 2417 2470 2474 Flumina
2511 2427 2834 2490 consumpto
2861 2435 2982 2476 cum
3009 2421 3261 2479 defecere
3281 2435 3462 2479 meatu
3493 2443 3508 2480 :

2225 2512 2400 2583 Hujus
2424 2512 2591 2568 fontis
2610 2527 2778 2584 aquas
2807 2515 3118 2585 peregrinas
3141 2517 3281 2574 ferre
3311 2533 3408 2587 per
3429 2517 3594 2575 urbes
3612 2559 3629 2586 ,

2148 2637 2153 2642 ι
2208 2595 2404 2661 ὐηιιω
2437 2619 2534 2675 per
2554 2595 2991 2662 cunctas'solitus
3016 2617 3234 2677 portare
3259 2609 3582 2680 Choaspem.

2297 2697 2477 2766 Salve,
2511 2696 2632 2752 fons
2657 2697 2839 2768 ignote
2865 2707 3021 2763 ortu,
3052 2712 3241 2766 sacer,
3268 2701 3432 2766 alme,
3455 2701 3724 2770 perennis,

2227 2776 2443 2855 Vitree,
2467 2791 2692 2860 glauce,
2721 2791 3015 2861 profunde,
3045 2806 3276 2857 sonore,
3311 2793 3529 2858 illimis,
3553 2808 3727 2864 opaca.

2225 2881 2412 2951 Salve,
2441 2881 2591 2937 urbis
2612 2881 2800 2953 genius
2818 2923 2834 2948 ,
2867 2880 3076 2938 medico
3098 2881 3348 2952 potabilis
3366 2882 3562 2939 haustu
3579 2925 3594 2950 ,

2226 2972 2482 3029 DIVONA
2511 2972 2787 3028 Celtarum
2816 2973 2994 3044 lingua
3016 3017 3033 3042 ,
3065 2975 3185 3030 fons
3206 2974 3396 3030 addite
3419 2974 3578 3030 divis.

2225 3065 2342 3121 Non
2368 3063 2593 3136 Aponus
2613 3073 2739 3136 potu
2761 3106 2777 3132 ,
2816 3066 2986 3121 vitrea
3008 3081 3112 3121 non
3141 3067 3259 3121 lues
3282 3063 3582 3135 Nemausus

2149 3155 2195 3219 C
2225 3158 2416 3215 Purior
2444 3175 2459 3225 ;
2487 3173 2739 3229 requereo
2768 3172 2877 3214 non
2907 3159 3116 3229 plenior
3141 3173 3300 3215 amne
3323 3159 3596 3216 Timavus.

2299 3250 2398 3305 Hic
2425 3249 2579 3323 labor
2604 3240 2880 3307 extremus
2903 3251 3150 3307 celebres
3174 3249 3456 3323 collegerit
3474 3252 3651 3307 urbes.

2226 3339 2408 3411 thue
2433 3313 2598 3411 c’aput
2627 3340 2837 3396 numeri
2856 3339 3037 3396 'Homa
3067 3341 3296 3413 inclyta,
3315 3313 3404 3398 sic
3432 3318 3606 3412 capite
3626 3343 3720 3396 isto

2228 3433 2514 3504 Burdigala
2545 3433 2766 3505 ancipiti
2796 3433 3082 3490 conﬂrmet
3108 3435 3310 3490 vertice
3337 3433 3542 3492 sedem.

2228 3523 2353 3581 Haec
2376 3525 2552 3596 patria
2573 3532 2659 3580 est
2690 3542 2704 3580 :
2729 3525 2929 3595 patrias
2956 3523 3049 3580 sed
3081 3524 3248 3580 Roma
3277 3526 3590 3599 supervenit
3612 3537 3774 3601 omnes

2227 3617 2403 3687 Diligo
2429 3616 2768 3687 Burdigalam
2805 3635 2817 3671 :
2845 3617 3074 3673 Romam
3110 3601 3250 3674 colo.
3282 3616 3433 3674 Civis
3452 3618 3506 3674 in
3533 3617 3627 3673 hac
3643 3632 3772 3682 sum,

2227 3707 2430 3764 Consul
2458 3708 2516 3764 iu
2537 3708 2818 3766 ambabus.
2847 3707 3012 3765 Cunm
3052 3700 3171 3780 hic,
3202 3707 3276 3765 ibi
3307 3709 3441 3766 sella
3460 3709 3670 3766 curulis.

1320 3904 1715 3988 LUDUS
1789 3896 2264 3987 SEPTEM:
2317 3898 3018 4010 SAPIENTUM.

1210 4042 1534 4105 Ausonius
1567 4041 1793 4104 consul
1825 4035 2054 4105 Latino
2074 4016 2408 4141 ‘Drepanio
2435 4042 2671 4105 Pacato
2701 4044 3097 4122 proconsuli.

536 4166 869 4242 Ignoseenda
892 4165 1082 4223 isthmc
1097 4207 1114 4234 ,
1147 4179 1213 4220 an
1235 4164 1610 4236 cognoscenda
1632 4165 1833 4232 rearis;

606 4263 825 4317 Attento
842 4306 856 4330 ,
883 4257 1137 4330 Drepani,
1164 4257 1380 4329 perlege
1401 4257 1624 4328 judicio.

536 4355 890 4426 Equanimus
921 4356 1044 4408 liam
1075 4362 1126 4408 te
1152 4351 1333 4422 judice
1365 4370 1378 4404 :
1407 4351 1521 4406 sive
1544 4349 1770 4421 legenda
1791 4390 1808 4416 ,

609 4447 735 4504 Sive
765 4446 992 4516 tegenda
1022 4447 1180 4515 putes
1199 4444 1471 4510 carmina,
1506 4458 1624 4513 quae
1655 4442 1927 4498 dedimus.

533 4538 668 4595 Nam
693 4539 924 4608 primum
955 4545 1040 4592 est
1060 4536 1322 4592 meruisse
1369 4545 1518 4591 tuum
1539 4576 1554 4601 ,
1589 4533 1780 4590 Pacate
1800 4575 1815 4602 ,
1841 4531 2119 4588 favorem:

608 4634 860 4689 Proxima
891 4628 1105 4686 defensi
1137 4643 1272 4685 cura
1301 4620 1522 4699 pudoris
1546 4627 1671 4683 erit.
2009 4637 2015 4642 '

537 4727 764 4783 Possum
795 4738 895 4795 ego
923 4737 1207 4780 censuram
1234 4721 1453 4777 lectoris
1484 4720 1622 4776 ferre
1643 4719 1824 4776 severi
1858 4734 1873 4773 :

606 4817 674 4871 Et
706 4828 921 4886 possum
969 4811 1180 4868 modica
1209 4811 1369 4868 laude
1396 4811 1608 4881 placere
1635 4809 1787 4864 mihi.

534 4909 698 4965 Novit
725 4922 896 4978 equus
920 4906 1124 4976 plausae
1144 4904 1376 4960 sonitum
1406 4902 1635 4959 cervicis
1665 4915 1848 4957 amare
1872 4914 1890 4957 :

605 5000 763 5056 Novit
789 5007 844 5055 et
870 4995 1168 5067 intrepidus
1194 4995 1423 5051 verbera
1454 4995 1600 5050 lenta
1624 4993 1754 5061 pati.

536 5092 762 5149 Maronio
790 5091 1009 5162 qualem
1034 5090 1235 5145 cultum
1267 5086 1517 5159 quaesivit
1547 5087 1781 5142 Homero

602 5184 812 5241 Censor
841 5183 1215 5250 Aristarchus,
1243 5196 1545 5252 numaque
1568 5178 1848 5236 Zenodoti.

535 5278 682 5335 Pone
703 5278 890 5334 obelos
917 5277 1076 5348 igitur
1097 5275 1404 5346 spuriorum
1429 5275 1680 5344 stigmata
1707 5279 1908 5328 vatum.

604 5368 849 5435 Palmas,
875 5383 981 5423 non
1010 5367 1200 5437 culpas
1229 5379 1351 5421 esse
1379 5366 1581 5435 putabo
1612 5379 1782 5421 meas.

535 5465 602 5520 Et
623 5471 869 5520 correcta
899 5463 1098 5531 magis,
1129 5475 1292 5531 quam
1319 5458 1675 5514 condemnem
1702 5455 1935 5523 vocabo,

600 5559 851 5626 Apponet
877 5553 1018 5608 docti
1046 5568 1166 5623 qua:
1197 5550 1326 5606 mihi
1359 5551 1484 5604 lima
1529 5549 1652 5604 viri.
1772 5621 1775 5623 ί

532 5651 748 5705 interea
785 5646 994 5702 arbitrii
1021 5645 1295 5701 subiturus
1325 5641 1561 5714 pondera
1586 5641 1716 5697 tanti
1740 5683 1755 5706 ,

603 5741 813 5813 Optabo
832 5781 847 5810 ,
870 5748 927 5797 ut
949 5739 1186 5814 placeam
1215 5757 1225 5791 :
1250 5740 1332 5795 sin
1373 5738 1550 5796 minus
1569 5779 1586 5806 ,
1613 5744 1672 5792 ut
1701 5734 1914 5792 lateam.

2143 4431 2199 4492 D

2881 4165 3158 4239 Prologus.

2363 4258 2582 4331 Septem
2612 4261 2886 4332 sapientes
2905 4303 2922 4330 ,
2953 4275 3147 4317 nomen
3164 4258 3358 4332 quibus
3396 4260 3534 4319 istud
3565 4263 3694 4321 dedit

2367 4351 2625 4421 Superior
2651 4361 2812 4419 tetas,
2843 4367 2941 4408 nec
2966 4361 3146 4408 secuta
3177 4351 3426 4420 sustulit,
3531 4348 3543 4364 “

2363 4441 2536 4497 Hodie
2567 4442 2620 4497 in
2645 4441 2980 4498 orchestram
3013 4443 3215 4514 palliati
3244 4445 3528 4513 prodeunt.

2364 4534 2502 4602 Quid
2531 4534 2802 4590 erubescis
2827 4543 2905 4603 tu,
2938 4543 3116 4606 togate
3140 4533 3401 4602 Romule,

2363 4625 2592 4683 Scen'am
2619 4625 2761 4696 quod
2794 4627 3094 4683 introibunt
3121 4637 3228 4682 tam
3257 4628 3388 4682 clari
3418 4628 3514 4683 viri
3542 4629 3564 4682 τ

2359 4719 2524 4775 Nobis
2548 4719 2854 4791 pudendum
2883 4720 3014 4786 hoc,
3049 4735 3152 4776 non
3173 4728 3230 4775 et
3257 4720 3450 4776 Atticis
3474 4735 3689 4792 quoque,

2363 4811 2569 4878 Quibus
2598 4810 3057 4867 tbeatrum’curia:
3083 4812 3289 4881 praebet
3313 4813 3506 4869 vicem.

2363 4901 2575 4958 Nostris
2605 4903 2834 4973 negotiis
2860 4917 2957 4958 sua
2984 4903 3102 4958 loca
3126 4905 3321 4959 sortito
3347 4905 3468 4960 data
3496 4921 3512 4961 :

2362 4991 2597 5064 Campus
2625 4995 2890 5063 comitiis,
2921 5003 2983 5048 ut
3007 4993 3342 5066 Conscriptis
3362 4996 3506 5051 curia
3533 5010 3548 5050 :

2358 5085 2587 5152 Forum,
2619 5094 2780 5155 atque
2812 5085 3008 5140 Rostra
3037 5086 3300 5156 separatis
3322 5086 3533 5141 civium.

2355 5176 2472 5233 Una
2503 5186 2586 5233 est
2611 5176 2866 5244 Athenis,
2892 5185 3055 5248 atque
3081 5177 3133 5233 in
3162 5179 3309 5232 omni
3338 5175 3530 5233 Crzcia
3550 5215 3565 5242 ,

2360 5269 2441 5324 Ad
2471 5263 2860 5324 consulendum
2887 5269 3088 5340 publici
3119 5269 3276 5326 sedes
3308 5269 3408 5325 loci
3436 5287 3450 5323 :

2357 5362 2527 5431 Quam
2559 5361 2612 5416 in'
2629 5354 2772 5417 itrbe
2791 5369 2974 5417 nostra
2998 5361 3295 5418 seroluxus
3325 5360 3566 5417 condidit.

2357 5453 2550 5508 Edilis
2573 5452 2697 5508 olim
2725 5467 2942 5508 scenam
2968 5453 3437 5524 tabulatajmdabat

2357 5546 2549 5603 Subito
2571 5546 2854 5602 excitatam
2887 5547 3030 5601 nulla
3061 5547 3202 5602 mole
3226 5556 3411 5602 saxea.

2357 5637 2589 5693 Muraena
2615 5637 2693 5693 sic
2719 5676 2738 5704 ,
2764 5645 2819 5692 et
2843 5636 3065 5693 Gallius.
3090 5636 3222 5693 Nota
3248 5638 3480 5714 cioquar.

2359 5728 2646 5800 Postquam
2669 5726 2938 5799 potentes,
2963 5745 3060 5786 nec
3089 5739 3338 5787 verentes
3364 5737 3655 5802 sumptuum.
