3908 6342
91 207 219 266 ενδ

88 324 328 381 Nomen
360 339 601 395 perenne
628 326 1016 395 crediderunt,
1048 327 1093 382 si
1118 329 1286 384 semel

88 418 444 477 Constructa
478 421 653 479 moles
673 436 841 478 saxeo
870 419 1191 477 fundamine

93 510 162 587 In
194 527 371 569 omne
398 520 612 584 tempus
641 514 901 571 conderet
929 512 1072 568 ludis
1094 512 1271 569 locum
1306 532 1320 569 :

93 604 362 662 Cuneata
390 607 564 663 crevit
589 607 707 663 lucc
733 606 932 663 theatri
964 606 1297 661 immanitas.

101 698 417 769 Pompeius
440 698 579 755 hanc
602 708 705 766 ,‘et
733 698 931 754 Balbus
948 741 963 767 ,
989 707 1044 754 et
1069 698 1253 753 Caesar
1279 696 1430 753 dedit

100 789 455 848 Octavianus
480 834 495 860 ,
517 800 902 847 cuncertantes
922 790 1251 863 sumptibus.

102 886 227 943 Sed
262 900 371 957 ego
399 887 528 958 quid
562 886 756 943 isthmc
782 889 805 941 ?
836 902 943 943 non
974 886 1075 942 hac
1098 902 1258 943 causa
1287 886 1393 943 huc
1422 886 1632 959 prodii,

105 978 188 1052 Ut
219 979 545 1050 expedirent
565 1021 580 1046 ,
607 980 728 1049 quis
754 978 994 1045 theatra,
1025 979 1146 1052 quis
1172 979 1376 1050 forum,

103 1073 256 1141 Quis
283 1072 627 1129 condidisset
660 1073 841 1143 privas
872 1082 1058 1144 partes
1089 1074 1353 1130 mmnium
1385 1089 1399 1127 :

106 1167 228 1221 Sed
264 1174 329 1220 ut
351 1165 623 1221 verendos
642 1208 656 1230 ,
696 1164 893 1237 disque
915 1165 1165 1221 laudatos
1185 1166 1334 1220 viros

107 1258 507 1331 Prtegrederer
524 1300 538 1325 ,
561 1273 625 1314 ac
658 1259 919 1315 referrem
940 1298 957 1325 ,
979 1258 1111 1331 quid
1144 1258 1346 1315 vellent
1370 1258 1497 1314 sibi.

107 1350 486 1408 Pronuntiare
516 1366 644 1407 suas
670 1352 852 1408 solent
877 1354 1209 1422 sententias,

107 1443 269 1511 Quas
298 1443 530 1515 quisque
559 1444 962 1514 providentium
990 1445 1368 1502 anteverterit.

108 1540 292 1597 Scitis
319 1540 567 1609 profecto
596 1557 719 1611 qua:
747 1543 857 1597 sint
885 1556 901 1597 :
931 1540 1027 1598 sed
1058 1541 1102 1597 si
1131 1538 1395 1597 memoria

113 1633 312 1690 ltebus
332 1634 559 1689 vetustis
589 1632 764 1689 cludit
788 1678 805 1703 ,
826 1634 1010 1690 veniet
1038 1634 1242 1691 Ludius
1272 1621 1284 1627 ’

113 1725 501 1783 Edissertator
527 1727 716 1782 harum
735 1768 750 1793 ,
777 1741 913 1797 quas
945 1736 1104 1783 teneo
1129 1727 1332 1783 minus.

819 1843 1041 1899 Ludius.

192 1961 421 2032 Delphis
442 1961 701 2020 Solonem
727 1961 938 2032 scripse
960 1960 1102 2017 fama
1128 1968 1213 2017 est
1240 1958 1477 2016 Atticum
1502 2002 1518 2030 ,

115 2060 276 2113 Γνῶθι
304 2058 521 2115 σεαυτὸν
542 2098 556 2123 ,
585 2056 731 2127 quod
762 2056 1016 2111 Latinum
1044 2064 1159 2122 est,
1187 2054 1363 2111 Nosce
1387 2064 1462 2112 te.

114 2150 274 2206 Multi
305 2151 409 2207 hoc
438 2152 670 2207 Laconis
699 2166 824 2207 esse
854 2148 1096 2206 Chilonis
1126 2157 1333 2220 putant.

114 2246 390 2313 Spartane
414 2244 611 2302 Chilon
644 2246 717 2300 sit
746 2255 897 2300 tuum
922 2286 937 2310 ,
968 2258 1173 2310 necne,
1215 2243 1527 2315 ambigunt,

116 2338 278 2407 Quod
302 2339 649 2407 introiertur,
680 2338 777 2417 ὅρα
805 2342 946 2403 τέλος
983 2345 1180 2417 μακροῦ
1212 2341 1327 2413 βίου
1349 2382 1365 2409 ,

119 2431 317 2487 Finem
342 2433 545 2489 intueri
570 2438 749 2504 longae
785 2435 909 2488 vitae
934 2449 1039 2504 quo
1056 2433 1235 2503 jubes.

118 2524 275 2580 Multi
305 2524 410 2581 hoc
432 2526 690 2583 Solonem
726 2525 855 2580 dixe
885 2524 1077 2580 Croeso
1108 2523 1441 2579 existimant.

119 2616 191 2673 Et
212 2618 480 2673 Pittaeum
514 2617 721 2673 dixisse
746 2618 888 2672 fama
912 2624 1000 2671 est
1027 2614 1282 2672 Lesbium
1305 2656 1321 2681 ,

121 2716 382 2787 Γίγνωσκε
408 2714 582 2788 καιρόν
613 2730 624 2764 :
657 2719 872 2782 tempus
899 2720 959 2765 ut
988 2711 1141 2767 noris
1162 2750 1177 2776 ,
1206 2709 1382 2779 jubet.

123 2808 235 2865 Sed
267 2809 439 2884 καιρὸς
472 2809 607 2873 iste,
639 2806 1029 2877 tempestivum
1060 2814 1276 2875 tempus
1297 2811 1402 2859 est.

121 2901 252 2957 Bias
283 2902 546 2957 Prieneus
563 2900 701 2957 dixit
720 2942 734 2967 ,
767 2901 1074 2957 οἱπλεῖστοι
1114 2902 1258 2956 κακοί
1284 2915 1299 2953 :

120 2995 276 3063 Quod
310 3004 396 3052 est
424 2995 673 3052 Latinum
698 3038 713 3061 ,
749 2996 940 3051 Plures
959 2994 1237 3050 hominum
1261 3001 1389 3050 sunt
1414 2992 1546 3049 mali
1570 3007 1585 3047 :

120 3089 232 3145 Sed
263 3088 547 3159 imperitos
578 3091 718 3145 scito
740 3133 754 3157 ,
784 3103 921 3160 quos
950 3088 1089 3143 dixit
1114 3086 1308 3143 malos.

120 3183 323 3242 Μελέτη
348 3184 409 3240 τὸ
439 3189 544 3239 πᾶν
570 3224 584 3249 ,
620 3182 899 3239 Periandri
920 3191 1005 3237 est
1032 3180 1302 3236 Corinthii
1328 3221 1342 3243 ,

123 3277 261 3333 Esse
290 3275 697 3332 Meditationem
732 3285 903 3331 totum
933 3275 1021 3346 qui
1054 3280 1229 3344 putat.

122 3368 374 3448 Ἀριστον
403 3372 591 3446 μέτρον
620 3383 745 3425 esse
779 3368 919 3423 dixit
942 3366 1171 3423 Lindius

121 3462 446 3529 Cleobulus,
478 3461 583 3517 hoc
608 3470 726 3526 est,
758 3461 1006 3531 Optimus
1031 3457 1244 3514 cunctis
1268 3456 1480 3513 modus.

123 3555 329 3612 Thales
349 3598 364 3623 ,
396 3553 603 3630 Ἐγγύα,
634 3556 858 3632 πάρεστι
886 3552 931 3610 δ’
957 3550 1078 3621 ἄτη,
1103 3552 1347 3624 protulit.

123 3649 410 3720 Spondere
438 3650 531 3722 qui
557 3664 689 3717 nos,
714 3664 859 3705 noxa
887 3648 1033 3719 quod
1057 3632 1201 3717 praes
1228 3655 1315 3703 est
1337 3655 1505 3703 vetat.

124 3741 241 3798 Iloc
268 3758 370 3799 nos
392 3757 621 3799 monere
649 3783 665 3809 ,
698 3740 962 3798 feneratis
990 3756 1101 3796 non
1123 3741 1320 3811 placet.

198 3835 343 3893 Dixi.
373 3836 670 3895 Recedam.
699 3835 917 3909 Legifer
943 3836 1092 3893 venit
1120 3835 1313 3893 Solon.

830 3952 1015 4009 Solon.

198 4068 277 4127 De
303 4054 457 4125 mero
485 4069 678 4128 ϐιοτεεο
706 4068 914 4141 prodeo
944 4069 997 4124 in
1024 4080 1247 4125 scenam
1278 4066 1448 4123 Solon
1473 4106 1489 4133 ,

125 4163 347 4235 Septem
375 4162 696 4234 Sapientum
730 4161 873 4217 fama
901 4161 987 4218 cui
1013 4160 1251 4232 palmam
1282 4158 1448 4215 dedit.

128 4258 242 4315 Sed
270 4260 411 4314 fama
435 4273 541 4314 non
569 4267 653 4314 est
667 4256 867 4328 judicii
887 4255 1174 4314 severitas.

126 4350 311 4421 Neque
332 4367 421 4407 me
450 4366 573 4407 esse
597 4351 853 4422 primum,
876 4357 1118 4405 vestrum
1141 4355 1233 4404 aut
1259 4348 1427 4402 imum
1451 4343 1726 4413 existimo,

127 4445 433 4516 Equalitas
460 4444 602 4515 quod
628 4444 874 4501 ordinem
897 4445 1073 4500 nescit
1100 4445 1232 4514 pati.

129 4539 295 4595 Recte
313 4538 440 4594 olim
472 4539 713 4609 ineptum
736 4539 1035 4611 Delphicus
1060 4538 1230 4609 jussit
1258 4537 1404 4593 Deus

128 4637 504 4702 Qumrentem,
536 4633 783 4706 quisnam
806 4634 1011 4705 primus
1035 4634 1340 4705 sapientum
1372 4632 1547 4699 foret,

133 4727 199 4783 Ut
228 4727 278 4783 in
304 4728 436 4784 orbe
467 4730 623 4784 tereti
655 4728 871 4783 nomina
894 4742 1084 4783 eorum
1116 4726 1387 4784 incideret
1421 4746 1433 4782 :

127 4820 208 4876 Nc
229 4820 431 4892 primus
452 4830 634 4890 esset,
669 4837 736 4879 ne
758 4822 841 4879 vel
868 4822 1012 4878 imus
1042 4822 1330 4894 quispiam.

129 4918 331 4973 Eorum
362 4934 392 4974 e
418 4918 599 4974 medio
622 4919 825 4987 prodeo
851 4934 987 4990 gyro
1014 4917 1200 4975 Solon.

129 5009 200 5066 Ut
222 5009 347 5081 quid
364 5010 567 5066 dixisse
587 5009 777 5068 Croeso
807 5010 919 5081 regi
950 5012 1263 5077 existimor,

129 5103 187 5158 Id
219 5104 391 5159 omnis
421 5104 706 5160 hominum
732 5112 881 5160 secta
914 5104 1018 5159 sibi
1048 5104 1254 5160 dictum
1286 5113 1455 5175 putet.

128 5198 315 5254 Crzeee
343 5206 593 5253 coactum
618 5196 722 5275 τῖρα
746 5199 885 5259 τέλος
904 5204 1105 5274 μακροῦ
1130 5200 1247 5269 βίον
1281 5215 1293 5252 ζ

128 5288 281 5355 Quod
303 5289 517 5361 longius
546 5289 634 5356 fit,
658 5290 705 5345 si
731 5289 925 5344 Latine
953 5289 1223 5344 edisseras
1255 5306 1268 5342 :

132 5370 375 5455 Spectaré
402 5386 520 5439 vita:
532 5383 693 5456 jubeo
719 5393 930 5439 cunctos
953 5384 1248 5438 tenninum.

131 5474 363 5531 Proinde
379 5474 613 5532 miseros
630 5518 645 5545 ,
671 5485 763 5532 aut
787 5476 977 5532 beatos
999 5475 1180 5530 dicere

134 5568 282 5623 Evita
309 5587 320 5622 :
362 5569 507 5639 quod
529 5578 658 5623 sunt
685 5584 902 5640 semper
921 5568 1146 5641 ancipiti
1174 5576 1341 5624 statu.

134 5660 189 5721 Id
212 5661 343 5719 adeo
369 5662 451 5718 sic
471 5670 577 5717 est.
607 5661 664 5718 Si
694 5678 889 5733 queam
914 5705 930 5732 ,
964 5664 1157 5734 paucis
1186 5663 1399 5733 loquar.

146 5814 154 5822 ,
202 5757 342 5827 Rex,
368 5770 436 5810 an
470 5764 763 5825 tyrannus,
787 5756 973 5828 Lydia:
1001 5757 1223 5815 Crassus
1254 5755 1354 5814 fuit

405 5848 686 5914 PATROL.
732 5848 912 5911 XIX.

1296 211 1525 271 LUDUS
1562 204 1843 268 SEPTEM
1888 211 2311 279 SAPIENTUM.

1743 325 1793 385 Α
1827 325 1923 382 llis
1954 328 2006 383 in
2031 328 2236 397 beatis,
2266 329 2425 385 dives
2454 327 2707 384 insanum
2734 327 2788 382 in
2817 325 3067 392 modum,

3322 222 3428 276 87$

1829 420 2117 478 Lateribus
2140 422 2321 478 aureis
2343 423 2543 492 templa
2573 422 2665 495 qui
2695 416 2835 478 divis
2856 421 3045 477 dabat.

1828 511 1988 570 ls-me
2013 516 2285 571 evocavit.
2318 514 2491 572 Venio
2512 516 2659 572 dicto
2690 515 2955 573 obediens
2982 557 2997 586 ,

1829 603 2051 661 Meliore
2072 614 2132 661 ut
2159 606 2237 663 uti
2269 622 2400 677 rege
2434 609 2643 677 possint
2672 608 2853 681 Lydii.

1830 694 2036 767 Rogat,
2069 697 2289 754 beatum
2314 698 2541 769 prodam
2562 742 2577 769 ,
2609 700 2655 757 si
2682 702 2845 772 quem
2872 701 3116 758 noVerim
3141 718 3157 768 ;

1830 787 2035 845 Telana
2065 789 2190 846 dico
2220 790 2395 847 civem
2430 807 2537 847 non
2570 793 2890 863 ignobilem.

1832 880 1937 937 Pro
1968 885 2145 954 patria
2170 901 2415 956 pugnans
2444 886 2551 942 iste
2580 888 2745 943 vitam
2766 886 3073 958 obiecerat.

1831 974 2111 1046 Despexit.
2142 979 2323 1034 Alium
2354 981 2575 1051 qu:crit.
2611 980 2797 1037 Inveni
2829 980 3059 1053 Aglaum
3087 998 3101 1047 ;

1831 1066 1996 1124 Fines
2026 1069 2118 1141 qui
2146 1070 2309 1141 agelli
2339 1072 2545 1144 proprii
2569 1088 2866 1143 numquam
2892 1082 3227 1129 excesserat.

1832 1163 1904 1219 At
1926 1165 2017 1222 ille
2037 1166 2260 1235 ridens,
2288 1168 2409 1237 Quo
2435 1170 2562 1227 dein
2592 1186 2679 1226 me
2707 1172 2866 1241 ponis
2888 1171 3046 1239 loco,

1833 1256 2033 1313 Beatus
2062 1260 2198 1316 orbe
2226 1269 2340 1316 toto
2366 1262 2459 1332 qui
2482 1263 2633 1317 solos
2656 1264 2856 1319 vocor?

1835 1348 2212 1419 Spectandum
2239 1353 2363 1409 dico
2386 1353 2679 1409 terminum
2702 1353 2827 1409 vita:
2860 1354 3012 1423 prius
3042 1370 3077 1408 εν

1833 1442 1977 1499 Tum
1998 1444 2355 1515 judicandum
2378 1491 2393 1516 ,
2424 1446 2469 1502 si
2499 1454 2687 1502 manet
2714 1445 2971 1503 felicitas.

1836 1537 2049 1593 Dictum
2083 1539 2313 1595 moleste
2336 1538 2567 1596 Crassus
2597 1540 2835 1610 accepit.
2861 1540 2930 1596 At
2954 1555 3057 1611 ego

1836 1628 2108 1701 Relinquo
2130 1646 2338 1703 regem.
2374 1632 2708 1689 Bellumille
2744 1633 2796 1688 in
2826 1632 3025 1689 Persas
3050 1643 3228 1703 parat.

1753 1722 1803 1784 B
1837 1723 2145 1792 Profectus,
2174 1724 2372 1793 victus,
2405 1726 2644 1793 vinctus,
2680 1726 2797 1798 regi
2828 1725 3069 1803 deditus.

1834 2053 1953 2121 Qua
1982 2054 2201 2110 flamma
2220 2063 2396 2111 totum
2429 2071 2489 2112 se
2513 2071 2612 2127 per
2644 2055 2911 2112 ambitqu
2940 2056 3104 2112 dabat
3130 2098 3147 2125 ,

1837 2146 2076 2203 Volvens
2097 2147 2152 2202 in
2179 2149 2348 2204 altum
2380 2147 2621 2205 fumidus
2643 2160 2778 2205 testu
2807 2150 3023 2222 globos.
3177 2196 3181 2199 .

1835 2228 1907 2295 At
1935 2256 2075 2311 pene
2100 2256 2228 2298 sero
2255 2241 2478 2300 Crmsus
2501 2233 2708 2314 ingenti
2731 2258 2871 2310 sono
2888 2287 2904 2312 ,
3111 2231 3117 2237 ’

1836 2334 1881 2389 0
1913 2350 2041 2391 vere
2069 2343 2258 2402 vates,
2286 2336 2462 2407 inquit
2490 2377 2508 2403 ,
2540 2354 2572 2391 ο
2598 2336 2800 2405 Solon,
2824 2336 2997 2393 Solon
3031 2326 3071 2392 ε’

1836 2428 2092 2486 Clamore
2119 2446 2321 2502 magno
2354 2440 2439 2486 ter
2463 2431 2726 2487 Solonem
2751 2443 3055 2503 nuncupat.

1836 2522 1955 2590 Qua
1977 2538 2111 2580 voce
2136 2524 2313 2596 Cyrus
2343 2534 2547 2593 motus,
2571 2526 2844 2598 exstingui
2862 2527 3019 2597 jubet

1838 2614 2043 2686 Cyrum
2072 2632 2174 2687 per
2202 2632 2422 2673 omnem
2446 2658 2460 2683 ,
2492 2627 2548 2674 et
2577 2618 2787 2675 destrui
2816 2618 3102 2676 ardentem
3134 2636 3347 2692 pyram.

1838 2706 2274 2765 Etcommodum
2332 2707 2590 2779 profusus
2622 2709 2797 2766 imber
2827 2710 3066 2766 nubibus

1838 2799 2123 2872 Repressit
2148 2803 2352 2873 ignem.
2374 2802 2603 2860 Crassus
2626 2805 2691 2859 ad
2720 2820 2906 2876 regem
2940 2806 3089 2861 illico
3186 2827 3190 2831 ·

1838 2892 2119 2950 Deductus
2143 2895 2339 2951 lectam
2366 2895 2867 2966 per'ministrorum
2902 2914 3125 2954 manum

1836 2984 2216 3058 Interrogatus
2238 3032 2252 3057 ,
2277 3002 2438 3058 quem
2458 2987 2716 3061 Solonem
2747 2988 2960 3046 diceret
2988 3008 3001 3043 :

1841 3078 1911 3134 Et
1938 3095 2103 3150 quam
2130 3080 2310 3137 ciendi
2340 3095 2562 3137 causam
2594 3081 2823 3139 haberet
2850 3084 3121 3155 nominis,

1837 3172 2047 3228 Seriem
2078 3188 2421 3243 peremnem
2454 3183 2651 3230 cuncta
2687 3177 2797 3245 regi
2830 3177 3111 3233 edisserit.

1838 3266 2133 3322 Miseratur
2158 3267 2252 3324 ille
2284 3268 2543 3345 :ylmque
2573 3268 2809 3326 fortuna:
2834 3266 3063 3341 videns,

1838 3358 2049 3414 Laudat
2083 3358 2345 3417 Solonem
2377 3377 2392 3417 :
2422 3362 2670 3418 Crassum
2695 3362 2748 3418 in
2775 3364 2966 3420 amicis
2994 3365 3179 3423 habet.

1820 3451 2205 3524 -Vinctumque
2239 3454 2445 3525 pedicis
2474 3456 2659 3512 aureis
2686 3472 2873 3514 secum
2900 3458 3061 3529 jubet

1836 3545 2156 3618 Reliquum,
2183 3549 2326 3619 quod
2358 3558 2509 3605 esset
2535 3550 2694 3617 vitae,
2728 3560 2900 3608 totum
2922 3554 3145 3625 degere.

1836 3639 1959 3713 Ego
1979 3641 2209 3698 duorum
2230 3658 2421 3716 regum
2448 3644 2765 3701 testimonio

1837 3733 2115 3792 Laudatus
2132 3777 2148 3803 ,
2174 3743 2231 3792 et
2261 3735 2526 3807 probatus
2549 3736 2821 3793 ambobus
2848 3736 2947 3793 fui.

1836 3828 2101 3900 Quodque
2159 3828 2253 3884 uni
2320 3828 2523 3885 dictum
2591 3836 2707 3898 est,
2764 3830 2998 3902 quisque
3058 3832 3167 3889 sibi
3235 3834 3443 3895 dictum

3171 3926 3366 3997 [putet.

1908 4016 2025 4088 Ego
2045 4016 2157 4088 jam
2187 4016 2371 4087 peregi
2396 4061 2410 4086 ,
2439 4031 2544 4088 qua
2577 4015 2645 4073 de
2675 4030 2841 4073 causa
2871 4018 2978 4073 huc
3012 4016 3210 4088 prodii.

1838 4108 2153 4167 Venitecee
2177 4108 2396 4166 Chilon.
2433 4108 2543 4165 Vos
2566 4110 2745 4166 valete
2765 4150 2779 4177 ,
2811 4118 2867 4165 et
2898 4109 3159 4180 plaudite.

2528 4224 2741 4279 Chilon.

1907 4351 2103 4408 Lumbi
2133 4351 2408 4421 sedendo,
2442 4351 2701 4423 oculique
2724 4352 3026 4422 spectando
3055 4354 3243 4413 dolent
3266 4399 3281 4426 ,

1837 4446 2108 4502 Manendo
2132 4445 2388 4502 Solonem
2419 4444 2598 4515 quoad
2626 4459 2752 4501 sese
2785 4444 3033 4515 recipiat.

1755 4512 1811 4574 Β
1838 4540 1940 4597 llui
1962 4587 1975 4611 ,
2006 4555 2167 4611 quam
2192 4554 2360 4609 pauca
2385 4512 2549 4609 quam
2573 4538 2664 4594 diu
2688 4512 2991 4609 loquuntur
3018 4540 3203 4597 Attici.

1834 4632 2007 4690 Unam
2042 4633 2299 4690 trecentis
2334 4630 2583 4689 versibus
2605 4633 2935 4689 sententiam

1832 4724 2076 4783 Tandem
2110 4726 2360 4796 peregit;
2388 4718 2585 4796 meque
2616 4734 2934 4795 respectans
2962 4727 3120 4783 abiit.

1806 4892 1810 4896 _
1832 4818 2139 4891 Spartanus
2166 4834 2269 4890 ego
2291 4833 2411 4873 sum
2436 4816 2627 4885 Chilo,
2661 4819 2751 4889 qui
2786 4833 2929 4873 nunc
2952 4821 3179 4889 prodeo.

1722 4976 1745 4995 ,η
1833 4911 2114 4989 Brevitate
2148 4922 2274 4967 nota
2294 4956 2307 4981 ,
2333 4925 2437 4982 qua
2466 4909 2711 4965 Lacones
2734 4908 2966 4977 utimur,

1782 5030 1787 5034 ν
1823 4996 2172 5073 Commendo
2196 5012 2441 5058 nostrum
2466 5003 2613 5076 γνῶθι
2637 5000 2884 5067 σεαυτὸν,
2917 5000 3095 5059 Nosce
3118 5014 3168 5060 te
3191 5049 3207 5075 ,

1831 5096 1986 5166 Quod
2016 5097 2069 5151 in
2098 5096 2350 5150 columna
2376 5093 2489 5163 jam
2521 5100 2736 5146 tenetur
2766 5091 3047 5162 Delphica.

1832 5190 2011 5245 Labor
2043 5189 2310 5244 molestus
2328 5187 2429 5241 iste
2448 5227 2462 5253 ,
2488 5183 2647 5239 fructi
2672 5191 2757 5238 est
2777 5184 3001 5255 Optimi,

1832 5282 1973 5352 Quid
1992 5282 2134 5339 ferre
2164 5281 2371 5353 possis,
2397 5276 2596 5348 quidve
2621 5293 2731 5332 non
2750 5318 2765 5344 ,
2799 5277 3129 5350 dignoscere
3159 5304 3173 5341 :

1831 5375 2035 5444 Noctu,
2067 5374 2274 5444 diuque
2301 5386 2421 5441 qua:
2451 5385 2643 5441 geras,
2671 5386 2793 5441 qua:
2820 5375 3059 5443 gesseris
3078 5417 3093 5443 ,

1830 5471 2090 5541 Adusque
2123 5465 2304 5537 puncti
2330 5464 2508 5519 tenuis
2538 5464 2712 5519 instar
2744 5481 3017 5537 quaerere.

1830 5563 2022 5620 Ofﬁcia
2046 5568 2239 5617 cuncta
2262 5601 2276 5627 ,
2306 5555 2509 5628 pudor,
2544 5555 2753 5629 honor,
2788 5562 3131 5632 constantia,

1831 5659 1889 5716 In
1916 5658 2019 5712 hoc
2052 5673 2065 5709 :
2095 5665 2149 5711 et
2171 5653 2260 5708 illa
2284 5660 2471 5723 spreta
2495 5652 2653 5708 nobis
2680 5654 2879 5724 gloria.

1904 5749 2045 5818 Dixi.
2077 5748 2262 5805 Valete
2292 5761 2585 5804 memores.
2618 5746 2874 5823 Plausum
2900 5766 3011 5805 non
3044 5766 3249 5810 moror.
3281 5826 3287 5831 η

2923 5846 3005 5907 28
