3884 6326
559 143 666 204 875
1964 147 2144 214 DECII
2183 151 2457 220 ΑΒΕ,οΝιί
3728 157 3796 218 illi

1215 266 1518 322 Cleobulus.

630 360 926 418 Cleobulus
956 375 1057 432 ego
1082 375 1235 428 sum,
1265 376 1446 430 parvae
1470 357 1603 418 civis
1635 361 1859 433 insulae,

553 450 762 524 Magnae
785 453 881 508 sed
913 460 1134 519 auctor,
1167 465 1269 522 qua
1295 451 1484 519 clueo,
1518 454 1807 510 sententiae
1838 471 1854 510 ε

550 542 800 620 Ἄριστον
828 546 1010 620 μέτρον
1041 558 1201 614 quem
1227 543 1433 600 dixisse
1454 545 1794 602 existimant.

551 639 912 709 Interpretare
947 647 999 693 tu
1019 680 1033 704 ,
1066 639 1160 709 qui
1188 639 1487 696 orchestrm
1519 641 1827 711 proximus,

548 731 820 788 Cradibus
846 731 1172 802 propinquis
1202 732 1254 786 in
1285 733 1702 803 quatuordecim
1725 731 1916 790 sedes:

543 821 787 902 Ἀριστον
816 827 1001 901 μέτρον
1029 839 1098 880 an
1130 825 1202 881 sit
1227 827 1452 896 Optimus
1484 825 1689 881 modus.

543 915 640 970 Dic
664 958 679 985 ,
705 918 980 984 annuisti,
1011 917 1241 988 gratiam
1273 918 1484 986 habeo,
1515 933 1814 989 persequar

539 1009 645 1067 Per
674 1011 925 1068 ordinem
954 1056 969 1080 ,
1001 1021 1162 1084 poeta
1188 1014 1314 1070 dixe
1342 1015 1520 1070 isthoc
1553 1018 1676 1070 loco

536 1103 671 1167 Afer
694 1105 910 1161 videtur
933 1117 1148 1180 vester,
1183 1108 1270 1166 UT
1299 1108 1390 1164 NE
1418 1108 1585 1178 QUID
1613 1108 1821 1168 NIMIS.

532 1195 608 1252 Et
640 1207 825 1254 noster
852 1199 1073 1269 quidam
1092 1245 1106 1270 ,
1141 1200 1296 1273 μηδὲν
1321 1199 1447 1275 ἄγαν
1467 1245 1480 1270 ,
1516 1203 1622 1269 huc
1647 1205 1888 1274 pertinet

531 1288 778 1362 Uterque
801 1308 999 1350 sensus
1019 1339 1034 1365 ,
1068 1296 1237 1352 Italus
1270 1340 1284 1364 ,
1310 1312 1405 1353 seu
1435 1297 1634 1354 Dor-ius
1662 1315 1676 1352 :

532 1383 709 1441 Fandi
730 1427 745 1454 ,
772 1387 1021 1457 tacendi,
1048 1391 1264 1457 somni,
1297 1391 1498 1462 vigiliae
1524 1402 1608 1448 est
1634 1385 1830 1449 modus
1850 1441 1864 1465 ,
1918 1392 1922 1394 ⁷

533 1478 942 1537 Beneﬁciorum
962 1522 978 1549 ,
1011 1485 1312 1554 gratiarum
1330 1525 1344 1551 ,
1372 1482 1590 1554 injuriae
1611 1525 1626 1550 ,

528 1569 706 1626 Studii
726 1617 740 1641 ,
768 1571 1041 1629 laborum.
1078 1575 1199 1630 Vita
1233 1576 1288 1630 in
1309 1576 1458 1630 omni
1490 1575 1753 1647 quidquid
1777 1585 1898 1643 est,

525 1662 696 1722 Istum
720 1669 953 1739 requirit
986 1670 1208 1740 optima:
1236 1685 1420 1743 pausae
1453 1670 1694 1726 modum.

601 1761 754 1831 Dixi,
779 1762 1069 1834 recedam,
1100 1775 1156 1822 ut
1183 1766 1255 1822 sit
1282 1766 1498 1823 modus.
1544 1767 1709 1824 Venit
1735 1767 1957 1825 Thales.

1234 1861 1447 1918 Thales.
1970 1846 1979 1855 ’

559 1964 567 1981 ’
595 1952 1060 2017 Milesius’Th‘ale’s
1089 1974 1206 2015 sum
1234 1975 1248 2025 ;
1280 1959 1528 2028 AQUAM
1551 1959 1642 2031 qui
1674 1959 1973 2030 principem

524 2048 706 2113 ltebus
732 2055 986 2112 creandis
1009 2053 1153 2124 dixi,
1194 2063 1251 2110 ut
1275 2064 1424 2111 vates
1448 2054 1740 2111 Pindarus.

631 2185 652 2207 ο
738 2185 766 2206 Δ

519 2187 541 2204 ο
631 2185 652 2207 ο
738 2185 766 2206 Δ
871 2187 890 2206 0
966 2186 984 2204 0
1063 2187 1079 2203 ο
1157 2186 1177 2207 0
1253 2189 1268 2204 δ
1350 2186 1367 2206 0
1446 2188 1460 2204 ο
1544 2186 1562 2204 0
1637 2186 1656 2206 0
1733 2185 1752 2206 0
1831 2184 1848 2203 ο
1926 2185 1944 2204 0
2021 2182 2039 2202 0
2115 2182 2134 2203 ο

519 2240 736 2297 Dedere
763 2242 1070 2311 piscatores
1097 2248 1406 2297 extractum
1436 2242 1596 2296 mari.

519 2333 766 2406 Namque
796 2334 853 2389 hi
887 2333 1117 2404 jubente
1137 2333 1292 2390 Delio
1324 2350 1411 2390 me
1441 2334 1691 2405 legerant
1717 2349 1729 2388 :

527 2428 685 2496 Quod
709 2428 800 2484 ille
823 2443 1020 2485 munus
1044 2428 1148 2484 hoc
1179 2429 1416 2500 sapienti
1444 2429 1692 2483 miserat.

517 2523 639 2595 Ego
659 2539 922 2580 recusans
949 2538 1058 2579 non
1087 2523 1269 2593 recepi
1303 2537 1317 2577 :
1346 2532 1400 2577 at
1428 2521 1642 2578 reddidi

519 2616 830 2674 Ferendum
849 2617 915 2671 ad
949 2616 1088 2670 alios
1107 2657 1121 2681 ,
1146 2629 1284 2685 quos
1309 2615 1523 2685 priores
1541 2612 1846 2670 crederem.

517 2710 659 2767 Dein
685 2724 788 2776 per
812 2722 1005 2787 omnes
1032 2715 1244 2778 septem
1273 2707 1552 2777 sapientes
1583 2705 1729 2761 viros

515 2803 772 2870 Missum,
799 2817 864 2857 ac
889 2800 1185 2856 remissum
1217 2813 1405 2854 rursus
1436 2800 1502 2854 ad
1530 2814 1616 2854 me
1649 2797 1912 2854 referunt.

516 2897 635 2970 Ego
662 2909 945 2968 receptum
977 2895 1291 2952 consecravi
1321 2893 1589 2964 Apollini.

513 2990 648 3047 Nam
669 3033 684 3057 ,
709 2992 756 3046 si
779 2991 1083 3060 sapientem
1116 2987 1280 3059 deligi
1314 2987 1554 3044 Phoebus
1579 2985 1766 3057 jubet,

511 3087 634 3143 Non
665 3086 948 3141 hominem
968 3096 1307 3155 quemquam
1330 3080 1474 3148 ,‘sed
1502 3079 1662 3136 deum
1692 3078 1843 3136 credi
1874 3079 2054 3137 decet.

513 3179 569 3237 Is
591 3179 756 3251 igitur
777 3193 878 3249 ego
905 3191 1045 3232 sum.
1078 3177 1256 3231 Causa
1291 3174 1387 3229 sed
1420 3176 1472 3228 in
1497 3188 1717 3230 scenam
1743 3174 1844 3232 fuit

519 3267 652 3326 Mihi
679 3268 1022 3340 prodeundi,
1057 3283 1179 3338 qum
1207 3266 1420 3322 duobus
1452 3271 1582 3322 ante
1605 3281 1690 3322 me
1723 3284 1734 3318 :

518 3364 792 3420 Assertor
810 3373 872 3417 ut
893 3363 1182 3418 sententia:
1211 3362 1398 3434 fierem
1432 3376 1594 3416 mete.

516 3456 598 3512 Ea
628 3457 975 3528 displicebit;
1005 3471 1114 3512 non
1145 3465 1328 3510 tamen
1358 3454 1754 3526 prudentibus,

517 3549 667 3619 Quos
687 3548 873 3605 docuit
895 3564 1026 3604 usus
1043 3590 1058 3614 ,
1083 3555 1140 3603 et
1170 3543 1382 3617 peritos
1404 3546 1664 3603 reddidit.

514 3641 629 3698 Nos
657 3645 820 3718 ἐγγύα
839 3686 854 3712 ,
887 3644 1111 3720 πάρεστι
1138 3640 1183 3698 δ’
1215 3639 1311 3700 ἅτη
1332 3683 1347 3710 ,
1374 3627 1607 3697 dicimus
1630 3658 1643 3695 :

509 3735 766 3794 Latinum
797 3746 922 3806 est,
960 3738 1180 3809 Sponde
1210 3752 1229 3791 :
1257 3737 1416 3792 noxia
1447 3745 1518 3791 est
1545 3745 1737 3815 pl’tBSlO
1762 3737 1876 3791 tibi.

508 3831 618 3890 Per
650 3834 799 3890 mille
827 3848 1049 3905 possum
1071 3848 1297 3890 currere
1324 3833 1578 3905 exempla
1596 3878 1610 3904 ,
1637 3843 1697 3890 ut
1718 3837 1946 3907 probem

509 3925 743 3983 Prmdes
774 3927 1053 4000 vadesque
1087 3927 1447 3998 paenitudinis
1478 3943 1623 3984 reos.
2001 3935 2007 3941 '

510 4021 622 4080 Sed
648 4023 779 4078 nolo
807 4038 1140 4094 quemquam
1172 4023 1500 4078 nominatim
1519 4014 1729 4079 dicere.

507 4113 625 4171 Sibi
653 4116 884 4187 quisque
909 4126 1156 4171 vestrum
1187 4115 1372 4181 dicat,
1405 4123 1461 4170 et
1491 4128 1681 4170 secum
1707 4123 1893 4185 putet,

513 4208 797 4279 Spondere
818 4210 1038 4281 quantis
1065 4209 1267 4265 damno
1290 4208 1451 4264 fuerit
1481 4216 1536 4262 et
1565 4208 1729 4262 malo.

441 4366 444 4367 ν
513 4303 742 4360 Gratum
765 4303 869 4359 hoc
899 4303 1145 4359 officium
1179 4310 1402 4359 maneat
1421 4289 1691 4358 ambobus
1724 4310 1925 4357 tamen.

588 4397 724 4452 Pars
754 4395 998 4467 plaudite
1022 4412 1153 4468 ergo
1187 4413 1202 4453 :
1235 4411 1365 4467 pars
1389 4395 1580 4453 offensi
1612 4395 1947 4478 explaudite.

2179 1682 2228 1743 B

2197 281 2250 343 Α
2449 319 2457 326 -
2993 279 3138 335 Bias.

2343 373 2465 428 Bias
2491 371 2753 428 Prieneus
2775 371 2886 428 dixi
2909 414 2925 441 ,
2957 375 3001 429 οἱ
3022 374 3260 431 πλεῖστοι
3287 376 3450 429 κακοί.

2267 467 2456 521 Latine
2477 465 2680 521 dictum
2701 467 2953 536 suspicor
2970 509 2984 533 ,
3015 465 3202 522 Plures
3228 468 3380 521 mali.

2228 597 2233 603 ι
2267 558 2484 614 Dixisse
2511 558 2740 626 nollem,
2771 557 3072 616 VERITAS
3099 560 3315 617 ODIUM
3341 559 3561 616 PARIT.

2265 650 2433 705 Malos
2461 650 2554 705 sed
2583 649 2871 721 imperitos
2899 652 3037 717 dixi,
3073 662 3129 708 et
3159 653 3420 710 barbaros
3447 671 3460 705 :
3532 673 3538 680 -

2262 744 2363 811 Qui
2386 744 2495 815 jus,
2530 754 2585 800 et
2622 760 2839 815 tequum
2867 755 2922 801 et
2953 761 3140 804 sacros
3161 762 3348 803 mores
3379 746 3652 818 negligant.

2261 837 2393 905 Nam
2423 838 2661 908 populus
2693 839 2816 906 iste,
2849 855 2957 910 quo
2989 840 3258 897 theatrum
3289 842 3540 912 cingitur,

2261 930 2429 986 'I‘otus
2456 931 2723 988 bonorum
2748 942 2832 989 est
2863 949 2878 987 :
2914 933 3150 990 hostium
3185 935 3349 1011 tellus
3377 935 3554 1003 habet,

2261 1025 2474 1081 Dixisse
2496 1041 2632 1098 quos
2656 1043 2744 1085 me
2769 1028 3016 1097 creditis,
3044 1028 3461 1085 Pluresmalos.
3505 1035 3515 1044 ‘

2259 1117 2369 1174 Sed
2400 1134 2566 1174 nemo
2595 1120 2885 1191 quisquam
2918 1130 3028 1176 tam
3057 1122 3237 1176 malus
3261 1122 3428 1192 judex
3454 1121 3577 1188 fuat,

2256 1198 2358 1280 Qui
2379 1226 2487 1268 non
2513 1212 2784 1270 bonorum
2815 1215 3062 1285 partibus
3085 1229 3147 1271 se
3175 1215 3423 1286 copulet.
3505 1197 3508 1202 ’

2255 1305 2382 1362 Sive
2405 1306 2496 1362 ille
2525 1322 2653 1363 vere
2681 1308 2860 1363 bonus
2881 1317 2985 1378 est,
3010 1325 3109 1364 seu
3132 1308 3242 1365 dici
3275 1308 3473 1376 studet,

2253 1401 2374 1455 Jam
2399 1399 2536 1472 fugit
2565 1400 2697 1456 illud
2729 1417 2931 1458 nomen
2960 1402 3195 1457 invisum
3225 1402 3379 1457 mali.

2324 1489 2727 1561 Abeo,'valete,
2754 1503 2810 1552 et
2838 1494 3111 1565 plaudite,
3145 1495 3331 1564 plures
3358 1494 3502 1551 boni.

2713 1584 2718 1586 ’
2925 1586 3188 1642 Pittacus.

2326 1681 2582 1753 Mitylena
2612 1681 2880 1738 oriundus
2909 1680 3152 1737 Pittacus
3184 1695 3304 1736 sum
3330 1679 3568 1745 Lesbius,

2247 1780 2500 1848 Γίγνωσκε
2549 1778 2748 1849 καιρὸν,
2778 1776 2868 1846 qui
2904 1774 3022 1832 dixi
3048 1774 3400 1832 sententiam.

2242 1867 2351 1923 Sed
2381 1870 2485 1923 iste
2514 1870 2712 1944 καιρὸς,
2747 1877 2963 1939 tempus
2989 1876 3048 1923 ut
3071 1869 3243 1937 noris,
3278 1875 3463 1922 monet
3493 1885 3503 1919 :

2243 1960 2312 2015 Et
2336 1976 2459 2016 esse
2489 1963 2687 2038 καιρὸν,
2721 1963 3105 2030 tempestivum
3131 1960 3276 2032 quod
3316 1967 3531 2014 vocant.

2244 2053 2495 2110 Romana
2522 2055 2602 2110 sic
2633 2063 2720 2110 est
2747 2069 2872 2120 vox,
2913 2054 3099 2109 Verrito
3122 2056 3173 2107 in
3202 2064 3469 2124 tempore:

2239 2147 2435 2205 VeSter
2463 2153 2683 2222 quoque
2708 2150 2801 2204 ille
2825 2148 3068 2205 comicus
3091 2148 3406 2213 Terentius,
3663 2208 3670 2215 _

2239 2242 2447 2300 Rerum
2475 2243 2720 2299 omnium
2751 2242 2986 2312 primum
3025 2253 3150 2298 esse
3181 2251 3398 2311 tempus
3424 2247 3664 2304 autumat,

2239 2336 2322 2391 Ad
2347 2335 2684 2407 Antiphilam
2714 2349 2826 2407 quo
2857 2342 3089 2391 venerat
3111 2348 3304 2388 servus
3332 2333 3531 2387 Dromo

2237 2427 2400 2484 Nullo
2430 2427 2770 2500 impeditam,
2806 2429 3073 2500 temporis
3104 2441 3336 2484 servans
3367 2427 3554 2481 vicem.

2239 2520 2512 2600 Reputate
2534 2522 2738 2588 cuncti,
2763 2523 3021 2593 quotiens
3043 2516 3305 2578 offensam
3338 2519 3557 2588 incidat,

2155 2639 2163 2641 -
2237 2613 2494 2684 Spectata
2525 2614 2614 2669 cui
2644 2627 2751 2669 non
2787 2614 2955 2669 fuerit
2980 2615 3382 2684 opportunitas.

2309 2703 2549 2776 Tempus
2574 2720 2659 2761 me
2683 2705 2862 2775 abire,
2896 2722 2966 2761 ne
2997 2707 3265 2762 molestus
3299 2723 3312 2762 :
3346 2703 3594 2776 plaudite.

2878 2797 3226 2867 Periander},

2293 2890 2516 2962 Ephyra
2547 2901 2766 2948 creatus
2798 2889 2906 2947 huc
2934 2891 3236 2948 Periander
3259 2891 3487 2962 prodeo,

2233 2985 2419 3044 Μελέτη
2445 2985 2504 3042 τὸ
2532 2989 2638 3042 πᾶν
2664 2983 2758 3056 qui
2783 2984 2896 3040 dixi
2922 3003 2936 3038 :
2963 2996 3017 3040 et
3048 2986 3138 3056 qui
3161 2985 3367 3041 dicutm
3399 2983 3581 3056 probo,

2159 3072 2205 3138 C
2238 3080 2635 3136 Meditationem
2664 3082 2718 3136 id
2746 3097 2854 3138 esse
2879 3077 3066 3149 totum,
3106 3083 3247 3153 quod
3278 3098 3451 3153 geras.

2236 3174 2289 3230 ls
2318 3176 2519 3246 quippe
2551 3175 2705 3230 solus
2724 3174 2804 3230 rei
2833 3174 3090 3246 gerenda:
3120 3183 3206 3230 est
3234 3174 3450 3240 efﬁcax,

2239 3266 2530 3323 Meditatur
2557 3282 2718 3322 omne
2741 3267 2832 3339 qui
2853 3267 3013 3336 prius
3046 3268 3354 3338 negotium.

2237 3360 2482 3417 Adversa
2514 3375 2718 3431 rerum,
2745 3361 2832 3418 vel
2853 3361 3094 3418 secunda
3124 3361 3385 3431 praedicat

2237 3454 2545 3512 Meditanda
2569 3456 2782 3512 cunctis
2809 3455 3052 3512 comicus
3078 3455 3386 3510 Terentius.

2234 3548 2447 3606 Locare
2469 3549 2651 3616 sedes,
2681 3548 2886 3606 bellum
2909 3558 3125 3620 gerere,
3149 3555 3243 3601 aut
3267 3559 3471 3618 ponere
3495 3562 3508 3600 :

2236 3643 2481 3714 Magnas,
2517 3641 2871 3713 modicasque
2912 3657 3001 3698 res
3033 3642 3220 3708 etiam,
3255 3653 3452 3719 parvas
3481 3651 3676 3709 quoque

2233 3736 2411 3808 Agere
2440 3736 2737 3806 volentem,
2766 3742 2983 3805 semper
3012 3733 3267 3790 meditari
3293 3733 3467 3790 decet.

2232 3829 2365 3885 Nam
2388 3825 2677 3901 segniores
2699 3843 2890 3885 omnes
2917 3830 2972 3884 in
3001 3829 3198 3899 emptis
3227 3827 3408 3897 novis,

2231 3910 2515 3980 Meditatio
2545 3925 2591 3980 si
2618 3925 2697 3980 rei
2729 3923 2985 3994 gerendae
3013 3922 3209 3979 defuit.

2231 4019 2377 4075 Nihil
2410 4026 2514 4090 est,
2544 4017 2691 4090 quod
2716 4018 3037 4089 ampliorem
3063 4032 3252 4079 curam
3285 4015 3538 4089 postulet,

2230 4114 2403 4184 Quam
2433 4115 2698 4186 cogitare,
2731 4113 2858 4184 quid
2888 4112 3189 4184 gerendum
3213 4112 3286 4167 sit
3315 4130 3326 4165 :
3361 4110 3548 4166 dehinc

2231 4201 2604 4278 Incogitantes
2631 4207 2766 4274 fors,
2794 4220 2905 4264 non
2927 4205 3217 4260 consilium
3237 4204 3408 4274 regit.

2302 4299 2414 4357 Sed
2440 4315 2541 4370 ego
2572 4314 2662 4356 me
2688 4298 2756 4354 ad
2788 4309 2973 4369 patres
2994 4297 3102 4370 iam
3133 4295 3343 4367 recipio
3370 4315 3384 4352 :
3412 4293 3654 4366 plaudite,

2232 4393 2498 4462 Meditati,
2526 4404 2586 4449 ut
2614 4402 2858 4451 vestram
2886 4408 3004 4450 rem
3031 4390 3238 4448 curetis
3265 4383 3548 4462 publicam.

517 4562 3761 4605 MM

1174 4736 1638 4827 SEPTEM
1694 4742 2384 4831 SAPIENTUM
2457 4740 3180 4837 SENTENTUE,

1365 4903 1656 4987 Septenis
1686 4907 1970 4970 versibus
2002 4907 2076 4971 ab
2107 4908 2318 4972 eodem
2346 4909 2635 4983 Ausonio
2675 4907 3028 4990 explicatae.

1103 5052 1234 5111 Bias
1273 5050 1551 5112 Prienem.

502 5176 503 5179 “
577 5174 836 5244 Qumnam
855 5172 1252 5230 summaboni?
1272 5172 1445 5242 Mens,
1463 5188 1583 5244 qua:
1607 5171 1712 5230 sibi
1735 5174 1950 5230 conscia
1965 5176 2123 5233 recti.

510 5267 798 5325 Pernicies
832 5265 1041 5320 homini
1065 5281 1188 5336 quae
1215 5263 1486 5320 maxima?
1513 5263 1675 5322 Solus
1708 5265 1873 5320 homo
1904 5266 2063 5321 alter.

500 5365 636 5432 Quis
669 5361 864 5419 dives?
896 5362 997 5428 Qui
1029 5361 1103 5414 nil
1144 5360 1350 5430 cupiat.
1380 5359 1513 5428 Quis
1544 5360 1793 5432 pauper?
1821 5361 2065 5416 Avarus.

496 5458 629 5527 Quae
657 5456 758 5512 dos
783 5463 1050 5510 matrona:
1075 5452 1479 5524 pulcherrima?
1511 5453 1634 5509 Vita
1663 5453 1880 5525 pudica.

495 5554 631 5622 Quae
661 5559 811 5608 casta
842 5548 965 5606 est?
997 5549 1070 5604 De
1102 5562 1206 5619 qua
1248 5547 1467 5603 mentiri
1501 5545 1646 5604 fama
1674 5557 1916 5606 veretur.

500 5643 657 5713 Quod
691 5641 979 5716 prudentis
1016 5640 1198 5712 opus?
1227 5637 1366 5696 Cum
1394 5641 1589 5713 possit,
1618 5644 1768 5702 nolle
1795 5658 2019 5702 nocere.

491 5734 632 5806 Quid
661 5734 812 5796 stulti
844 5734 1164 5808 proprium?
1193 5732 1311 5794 Non
1344 5747 1527 5808 posse,
1558 5745 1614 5796 et
1638 5736 1781 5797 velle
1813 5749 2040 5800 nocere.

2152 5060 2207 5122 D

2694 5102 2698 5105 .
2718 5032 2958 5116 Pittacus
2998 5056 3349 5130 Mitylenaeas.

2300 5175 2474 5249 Loqui
2503 5175 2797 5248 ignorabit,
2828 5176 2920 5247 qui
2955 5184 3138 5231 tacere
3168 5173 3396 5231 nesciet.

2225 5269 2376 5326 Bono
2401 5270 2619 5341 probari
2649 5270 2818 5338 malo,
2852 5284 3013 5341 quam
3042 5267 3228 5324 multis
3251 5267 3445 5325 malis..

2227 5361 2463 5420 Demens
2485 5363 2738 5434 superbis
2776 5362 2984 5419 invidet
3015 5360 3292 5418 felicibus.

2227 5454 2460 5512 Demens
2481 5456 2728 5513 dolorem
2763 5455 2902 5512 ridet
2924 5455 3245 5511 infelicium.

2230 5552 2426 5610 Pareto
2458 5554 2588 5627 legi,
2620 5555 2848 5627 quisque
2887 5556 3059 5627 legem
3091 5555 3357 5613 sanxeris.

2159 5710 2164 5715 ,
2231 5644 2423 5704 Plures
2452 5648 2656 5729 amicos
2686 5664 2748 5706 re
2777 5645 3019 5707 secunda
3041 5664 3318 5723 compara.

2228 5736 2438 5798 Paucos
2465 5737 2668 5800 amicos
2698 5739 2864 5800 rebus
2893 5739 3141 5803 adversis
3168 5743 3355 5815 proba.
