3826 6406
441 419 544 472 itif.

1563 416 1625 476 ρ.
1672 408 2010 468 Apustius
2052 406 2486 464 SYMMACIIES.

3566 406 3679 458 2‘15

445 550 598 599 quam
628 535 718 586 tilii
749 551 885 602 smpc
916 535 1196 594 deferrem,
1219 534 1261 584 si
1284 542 1421 584 esset
1459 529 1608 581 facile
1628 527 1830 578 similes
1861 525 2000 575 inve-
2030 521 2071 575 A
2104 521 2239 583 quod
2283 536 2402 573 cum
2449 521 2540 573 illo
2585 521 2753 574 honor
2790 522 3014 574 amissus
3059 521 3276 575 revertit
3322 521 3372 573 in
3411 521 3677 588 gratiam.

449 639 580 676 nire.
614 625 780 678 Rarus
815 625 968 693 igitur
995 634 1075 678 est
1107 639 1311 684 sermo,
1342 623 1463 688 quia
1505 635 1622 672 rara
1653 629 1730 670 est
1767 617 1885 669 talis
1914 629 2002 667 oc—

447 716 610 768 casio.
643 717 714 769 De
737 716 850 784 ipso
877 717 1004 768 nihil
1031 715 1273 767 dicimus.
1303 713 1470 766 Meriti
1493 711 1631 764 enim
1655 708 1851 775 proprii
1873 721 2002 759 con-

451 805 611 869 scius,
642 806 965 872 SllSpiCIUtleS
994 806 1173 871 gratia:
1220 804 1376 871 fugit,
1419 811 1472 854 et
1512 801 1563 852 in
1595 812 1816 852 examen
1859 805 2004 848 tuum

451 893 664 947 veniens
709 912 810 947 non
853 897 961 947 vult
996 895 1075 947 sui
1115 893 1634 948 commendationem
1685 889 1804 944 testi
1839 887 2008 954 magis

452 984 646 1039 debere
676 999 830 1053 quain
852 985 1036 1052 judici.
1071 985 1215 1038 Vale.

1065 1077 1275 1130 EPIST.
1322 1075 1406 1127 IV.

930 1181 1232 1221 SYIIIACBUS
1259 1181 1532 1220 STILICONI.

522 1256 659 1321 Quid
707 1257 773 1310 de
821 1257 1065 1310 Afrorum
1111 1258 1296 1310 dolore
1334 1266 1388 1310 et
1430 1255 1734 1308 militarium
1780 1233 2014 1304 virornni

454 1349 682 1414 querelis
708 1349 978 1400 consultus
1015 1360 1276 1415 pra-cepto
1308 1361 1462 1400 sacro
1491 1344 1849 1411 amplissimus
1884 1341 2016 1394 ordo

455 1439 745 1498 censuerit,
778 1439 926 1504 plane
951 1451 1104 1506 atque
1127 1449 1305 1506 aperte
1333 1442 1605 1504 gestorum
1630 1435 1908 1487 curialium
1935 1435 2013 1484 in-

457 1527 724 1592 spectione
753 1520 1059 1592 cognosci-sl
1082 1526 1184 1579 Sed
1207 1526 1326 1594 quia
1351 1540 1432 1578 me
1450 1539 1659 1592 quoque
1690 1523 2019 1575 familiariter

460 1616 683 1669 inlicem
711 1627 870 1682 gestze
913 1618 983 1667 rei
1013 1630 1131 1669 esse
1167 1615 1388 1681 jtissisti,
1422 1613 1723 1667 summatim
1768 1627 1884 1678 qua:
1929 1612 2019 1663 de-

460 1716 602 1759 creta
633 1717 753 1760 sunt
784 1722 884 1758 non
919 1707 1120 1760 tacebo.
1154 1705 1330 1759 Lectis
1372 1704 1572 1757 domini
1603 1703 1766 1755 nostri
1801 1702 2020 1754 Honorii

462 1800 594 1867 Aug.
637 1798 823 1851 litteris
857 1808 1013 1863 atque
1050 1797 1347 1860 sententiis,
1391 1794 1733 1860 decursiSque
1775 1792 2022 1845 omnibus

2106 612 2328 665 Senatus
2377 613 2603 679 bonique
2645 627 2848 672 omnes,
2897 612 3030 664 hanc
3069 613 3205 664 inter
3242 627 3301 664 se
3341 612 3674 678 partiuntur.

2106 702 2358 766 Quocirca
2399 703 2618 753 arduum
2659 711 2760 764 est,
2802 713 2849 752 ut
2893 703 3046 753 unius
3091 715 3271 753 sermo
3309 707 3635 766 compenset
3663 738 3676 760 ,

2107 791 2243 858 quod
2273 803 2532 843 tantorum
2555 791 3062 844 affectio‘contraxit.
3093 792 3250 844 Dahis
3273 792 3428 860 igitur
3449 793 3677 844 veniam

2109 897 2202 948 pro
2228 891 2278 933 te
2321 895 2481 947 pauca
2529 882 2744 934 dicenti.
2791 881 2956 947 Majus
2985 881 3234 950 quiddam
3277 891 3361 934 est
3404 881 3678 934 honorem

2111 971 2388 1022 restituere
2418 986 2571 1037 quam
2601 971 2826 1025 dedisse.
2864 972 2984 1024 Ilaec
3011 971 3151 1026 enim
3177 972 3285 1024 fieri
3310 970 3515 1024 fortuna
3542 985 3678 1024 con-

2110 1061 2263 1114 sentit
2289 1079 2299 1111 :
2324 1061 2444 1113 illud
2469 1071 2648 1114 contra
2673 1063 2836 1120 ipsam
2861 1072 3074 1127 prmstat
3103 1064 3418 1115 humanitas.
3450 1062 3679 1114 Prctni-

2113 1161 2253 1203 serat
2279 1151 2375 1202 alia
2415 1155 2654 1217 exempla
2699 1153 2991 1205 clementiae
3021 1159 3266 1219 recet-ttis
3299 1153 3438 1206 caelo
3468 1154 3675 1220 princi-

2115 1257 2236 1309 pum
2269 1256 2479 1308 parens,
2503 1253 2553 1294 et
2587 1243 2834 1296 Flaviano
2864 1259 2982 1297 meo
3009 1246 3167 1296 multa
3195 1245 3408 1297 casibus
3432 1243 3683 1298 detracta

2117 1333 2432 1387 reddiderat.
2467 1334 2781 1387 Reservatus
2808 1346 2890 1388 est
2918 1350 3052 1388 unus
3081 1346 3135 1388 et
3176 1337 3481 1402 potissimus
3523 1336 3687 1388 boni-

2121 1428 2240 1478 tatis
2268 1426 2448 1478 titulus
2482 1425 2698 1492 hteredi,
2732 1408 2885 1494 quem
2923 1428 3299 1496 magnitudinis
3330 1437 3434 1481 tua:
3465 1430 3685 1482 monitu

2121 1518 2356 1585 paternis
2386 1519 2653 1571 beneficiis
2683 1518 2928 1570 dominus
2958 1519 3224 1571 Ilonorins
3261 1518 3475 1586 adjecit,
3504 1519 3684 1573 inter-

2124 1616 2358 1673 pretatus
2387 1608 2590 1660 scilicet
2618 1607 2743 1659 divo
2786 1607 3006 1676 principi
3039 1617 3265 1674 tempus,
3295 1623 3400 1661 non
3443 1609 3691 1662 animum

2121 1697 2371 1751 defuisse.
2414 1697 2560 1751 Nunc
2601 1698 2832 1765 perfecta
2861 1705 2986 1750 sunt
3014 1715 3040 1749 a
3068 1712 3379 1752 successore
3416 1698 3690 1751 consimili

2124 1787 2413 1852 interrupta
2448 1786 2553 1839 fato
2574 1801 2734 1852 Opera
2765 1774 3078 1840 clementiie.
3111 1786 3394 1853 Fastigium
3418 1786 3692 1854 quoddam

464 1858 696 1956 paginis,
733 1905 850 1955 qua,
880 1858 1117 1942 ϐίιάοηίε
1147 1858 1371 1942 crimini
1406 1858 1772 1945 continebant,
1803 1897 1898 1949 par
1927 1881 2026 1933 bo-
2058 1858 2104 1915 Β
2132 1875 2430 1927 lenissimus
2451 1885 2501 1928 et
2526 1877 2929 1942 augustissimus
2950 1875 3192 1944 princeps
3213 1877 3403 1941 cmptis
3427 1867 3694 1944 genitoris

465 1994 651 2032 norum
685 1988 857 2030 motus
888 1980 1081 2043 erupit.
1110 1977 1367 2037 Consulti~
1390 1977 1546 2044 igitur
1579 1977 1630 2027 in
1662 1981 1850 2026 senatu
1882 1986 2029 2024 more

468 2069 728 2135 majorum
759 2070 964 2135 (neque
992 2069 1131 2120 cnim
1161 2067 1394 2132 legitimo
1418 2065 1602 2118 ordine
1629 2063 1813 2133 judicii
1841 2071 2028 2114 aucto-

468 2161 596 2213 ritas
625 2170 764 2211 stare
793 2161 1097 2226 potuisset),
1133 2157 1330 2226 ingenti
1370 2171 1545 2210 musae
1574 2153 1779 2208 devotis
1818 2159 2032 2206 senten—

472 2249 558 2300 tiis
598 2247 966 2301 satisfeciint-s.
1011 2249 1227 2312 Adjccta
1259 2234 1334 2299 est
1367 2256 1484 2314 post
1519 2245 1595 2299 rei
1639 2243 2030 2296 damnationem

476 2356 570 2407 pro
596 2340 860 2393 alimentis
890 2341 1064 2406 populi
1093 2339 1245 2391 Rom.
1273 2339 1606 2407 supplicatio.
1640 2327 1694 2390 In
1724 2345 1864 2389 metu
1890 2335 2030 2387 enim

475 2445 680 2497 sumtis,
713 2446 776 2482 ne
807 2431 944 2482 obsit
968 2430 1348 2482 commeatibus
1379 2427 1687 2480 annonariis
1715 2426 1870 2479 medii
1901 2434 2036 2476 tem-

475 2522 615 2587 poris
658 2533 823 2581 niora,
857 2530 909 2571 et
940 2517 1262 2585 perturbatio
1296 2517 1462 2583 plebis
1503 2517 1723 2569 oriatur.
1775 2514 1960 2566 Veniet
1983 2512 2032 2564 in

477 2626 665 2664 manus
691 2621 823 2670 tuas,
859 2608 979 2675 quid
1011 2610 1480 2678 pronuntiaverim.
1525 2607 1780 2671 Reperies
1818 2615 1870 2657 et
1913 2603 2036 2658 facti

479 2700 634 2767 hujus
668 2716 750 2752 tne
791 2700 1084 2752 asseruisse
1121 2699 1406 2766 justitiam,
1446 2709 1497 2752 et
1532 2697 1670 2763 apud
1698 2696 1761 2748 D.
1797 2704 2036 2747 nostrum

479 2789 761 2845 Arcadium
793 2803 1004 2842 causam
1044 2789 1264 2855 publica
1294 2788 1468 2853 egisse
1497 2784 1817 2838 concordia.
1855 2783 1998 2836 Vale.

1104 2877 1310 2931 EPIST.
1359 2869 1420 2928 ν.

954 2986 1008 3022 δι’
1020 2984 1258 3022 HIACIIUS
1287 2983 1561 3022 STIIJCONI.

550 3061 1074 3114 Commomlationcm
1121 3075 1224 3112 non
1265 3059 1559 3120 desiderat,
1600 3058 1686 3126 qui
1718 3057 1782 3109 aui
1813 3055 2042 3125 agendas

480 3154 674 3221 gratias
707 3154 892 3220 pergit.
937 3152 999 3205 Et
1031 3152 1148 3204 ideo
1189 3149 1471 3203 Flavianus
1514 3149 1648 3201 ﬁlius
1691 3161 1840 3201 meus
1879 3148 2039 3200 fretus

479 3242 723 3297 culminis
752 3243 824 3294 tui
861 3241 1128 3293 beneficiis
1165 3239 1301 3292 levat
1327 3237 1619 3290 istiusmodi
1648 3236 1828 3290 labore
1850 3251 2031 3289 curam

483 3334 732 3401 parentis.
772 3332 968 3392 Restat.
1004 3339 1058 3384 ut
1088 3331 1335 3395 scribam,
1367 3330 1502 3399 quod
1536 3329 1677 3383 illius
1711 3343 1889 3381 coram
1921 3344 2042 3396 gra-

483 3426 664 3478 tulatio
693 3436 972 3489 sequetur,
1008 3421 1135 3474 nihil
1179 3436 1298 3476 esse
1325 3422 1388 3473 ad
1436 3421 1774 3487 integrandas
1807 3418 2046 3472 fortunas

484 3517 752 3568 hominum
778 3512 1052 3566 virtutibus
1074 3513 1178 3564 tuis
1201 3513 1510 3579 promptius.
1543 3512 1872 3565 Reddideras
1897 3511 2046 3563 incli-

485 3614 664 3658 natum
694 3605 968 3670 pristinum
1007 3612 1198 3655 statum
1221 3648 1233 3669 ,
1266 3612 1320 3656 et
1349 3603 1618 3670 pntaharis
1649 3604 2048 3669 consumpsisse

484 3693 802 3760 praestanda.
827 3693 972 3746 Nunc
999 3693 1200 3760 adjecta
1231 3705 1310 3746 est
1339 3695 1385 3745 ei
1413 3693 1744 3744 honorabilis
1781 3693 2044 3744 evocatio.

484 3798 639 3850 quam
681 3783 965 3836 testimonii
998 3785 1069 3835 tui
1109 3783 1240 3850 juvit
1268 3785 1576 3838 auctoritas.
1624 3783 1802 3834 Novos
1850 3781 2049 3834 benefi-

485 3877 686 3927 ciorum
718 3872 910 3942 gradus
948 3873 1168 3934 invenis,
1203 3881 1254 3925 et
1281 3873 1669 3924 inconstantem
1714 3883 1868 3938 putas
1896 3885 2048 3922 amo-

488 3977 622 4027 rem,
661 3964 749 4030 qui
792 3961 1112 4015 incrcmenta
1144 3977 1247 4014 non
1279 3961 1500 4029 accepit.
1545 3962 1587 4014 0
1633 3959 1802 4013 felicis
1847 3960 2050 4026 ingenii

489 4054 895 4122 benignitatem!
929 4053 1062 4118 Quid
1092 4054 1344 4107 Flaviano
1375 4070 1494 4106 meo
1515 4056 1743 4121 amplius
1774 4055 1931 4109 velim
1957 4069 2052 4106 ne-

488 4133 619 4207 scio,
650 4158 768 4197 cum
801 4153 853 4196 tu
882 4156 1069 4210 sponte
1100 4159 1427 4209 praecurrens
1472 4145 1803 4211 impudentes
1843 4158 1939 4197 nos
1973 4145 2048 4196 fa-

491 4235 600 4288 cias
628 4234 900 4297 aestimari,
927 4234 971 4287 si
1000 4234 1169 4286 adhuc
1191 4235 1386 4301 aliquid
1418 4245 1682 4302 optamus.
1713 4235 1860 4288 Vale.

1108 4324 1320 4379 EPIST.
1359 4325 1446 4378 VI.

971 4429 1273 4468 εγεκΑοιιυε
1300 4429 1577 4470 ετιιιοοιιι.

569 4504 884 4558 Evcctiones
914 4504 1227 4570 impetrasse
1255 4519 1338 4557 me
1372 4505 1597 4572 gaudeo,
1634 4504 1824 4570 quibus
1859 4514 2054 4569 praatu-

502 4611 613 4648 ram
644 4594 733 4646 filii
763 4594 887 4658 n‘iei,
923 4595 1117 4646 virtute
1141 4611 1241 4661 qua
1273 4597 1458 4662 polles,
1483 4595 1669 4664 jnvare
1700 4596 1944 4663 dignatus
1974 4609 2053 4647 es.
2080 4638 2087 4643 .

502 4685 686 4736 ltestat
716 4695 768 4736 ut
797 4684 1032 4736 cumules
1059 4699 1174 4749 qua:
1203 4685 1463 4751 magnifici
1489 4685 1648 4737 animi
1673 4686 2056 4741 consuetudine

498 4774 808 4840 praastitisti,
835 4783 888 4827 et
913 4773 1195 4827 familiares
1219 4789 1366 4827 mcos
1393 4775 1442 4827 in
1474 4775 1745 4842 Hispania,
1777 4775 1966 4830 missos
1988 4779 2055 4828 oh

499 4877 753 4930 equorum
783 4863 1044 4916 curulium
1082 4867 1505 4929 coemptionem,
1536 4875 1896 4919 transcurrere
1938 4882 2058 4931 pro-

500 4954 867 5022 tinusjubeas,
885 4954 1007 5024 quia
1042 4965 1278 5021 tempore
1309 4955 1497 5007 futurae
1522 4956 1768 5008 editionis
1790 4972 2056 5024 urgemur.

499 5043 629 5095 Hlud
658 5055 830 5096 autem
871 5045 937 5098 de
965 5053 1015 5097 te
1043 5056 1224 5112 petere
1263 5060 1366 5098 non
1404 5045 1592 5105 audeo,
1627 5045 1719 5097 sed
1760 5056 1850 5098 tuo
1892 5046 2057 5098 relin-

500 5149 606 5200 quo
639 5133 866 5201 judicio,
899 5146 965 5187 an
997 5135 1240 5186 effectum
1269 5135 1517 5188 desiderii
1551 5139 1649 5188 mei
1681 5136 1816 5188 datis
1842 5137 1906 5188 ad
1934 5136 2064 5188 ami-

501 5237 594 5276 cos
616 5224 810 5278 litteris
840 5225 1114 5294 praecipias
1144 5224 1405 5292 athttVuri.
1441 5226 1588 5279 Vale.

1094 5315 1305 5368 EI'IST.
1353 5313 1462 5367 VII.

975 5421 1111 5460 8111
1128 5421 1285 5460 \ClllJS
1313 5423 1586 5462 δτιωςοιιι.

569 5498 800 5566 Agendis
823 5498 916 5552 tibi
943 5500 1125 5568 gratiis
1156 5513 1251 5564 pro
1279 5498 1528 5552 Flaviano
1554 5499 1663 5552 filio
1692 5512 1835 5562 meo,
1870 5512 2063 5565 usque-

497 5604 703 5657 quaque
725 5589 978 5657 imparem
1001 5605 1087 5644 me
1109 5591 1302 5644 sentio.
1338 5589 1403 5642 Et
1423 5604 1542 5644 cum
1575 5590 1679 5642 sint
1713 5589 1874 5642 verba
1900 5590 2061 5642 rebus

505 5679 759 5746 faciliora,
801 5679 1040 5735 beneficii
1087 5681 1158 5732 tui
1206 5679 1618 5747 magnitudinem
1649 5679 1804 5733 dictis
1853 5695 2063 5746 aequare

500 5786 606 5823 uon
633 5785 867 5839 possum.
901 5770 1080 5838 Neque
1110 5770 1250 5824 enim
1275 5785 1388 5824 inea
1418 5778 1616 5826 tantum
1645 5769 1925 5837 gratulatio
1958 5781 2060 5835 est,

2129 1964 2404 2031 imposuit;
2437 1967 2520 2019 cui
2547 1965 2612 2018 ad
2642 1968 2810 2019 vicem
2841 1967 3022 2034 gratiae
3052 1974 3104 2018 te
3132 1980 3196 2026 ac
3226 1967 3298 2019 tui
3339 1966 3540 2019 similes
3564 1977 3696 2034 opto

2130 2059 2438 2112 monitores.
2479 2058 2609 2111 Nam
2652 2059 2870 2112 summis
2901 2058 3103 2124 imperii
3150 2057 3578 2111 moderawribns
3611 2059 3696 2125 pia

2130 2157 2184 2201 et
2211 2149 2402 2200 decora
2434 2148 2719 2200 suadentes
2743 2189 2757 2211 ,
2789 2148 3134 2200 instrumenta
3165 2155 3288 2198 sunt
3329 2145 3453 2198 boni
3486 2147 3698 2201 saeculi.

2134 2238 2226 2290 Est
2251 2236 2462 2304 quidem
2490 2239 2684 2308 rectori
2718 2237 2897 2289 nostr‘o
2928 2226 3089 2289 divini
3123 2235 3281 2288 fontis
3312 2234 3612 2303 ingenium,
3646 2248 3698 2289 et

2133 2316 2465 2381 ad'omninm
2495 2329 2744 2381 virtutum
2773 2343 2987 2380 cursum
3020 2337 3263 2396 prompta
3294 2338 3498 2380 natura.
3544 2328 3657 2382 Sed
3685 2369 3699 2390 .

2137 2430 2190 2470 ut
2237 2419 2465 2484 imagine
2513 2418 2642 2471 mihi
2686 2419 2755 2470 uti
2800 2418 2985 2480 liceat,
3035 2418 3266 2485 optimos
3314 2418 3701 2490 gubernatores

2138 2509 2273 2560 haud
2311 2507 2647 2562 mediocriter
2683 2509 2840 2560 etiam
2886 2509 3143 2574 remigum
3187 2522 3378 2561 manus
3409 2509 3582 2572 juvat.
3626 2508 3702 2562 Te

2138 2615 2262 2651 vero
2299 2598 2449 2651 fama:
2476 2598 2592 2665 ejus
2630 2598 2975 2650 amicitiorem
3005 2612 3124 2650 cum
3158 2596 3288 2651 fides
3329 2598 3554 2663 militia,
3592 2607 3702 2652 tum

2141 2690 2539 2742 necessitudinis
2567 2687 2772 2742 affectio
2799 2688 2989 2742 reddit.
3023 2688 3157 2742 Hinc
3177 2698 3280 2752 est,
3311 2690 3450 2754 quod
3479 2689 3550 2742 illi
3579 2704 3704 2753 pro-

2140 2781 2374 2832 merendi
2413 2779 2641 2846 undique
2667 2781 2863 2832 amoris
2905 2781 3014 2831 vias
3055 2778 3292 2843 invenis;
3325 2789 3379 2833 et
3408 2779 3703 2846 majoribus

2139 2881 2450 2936 occupatum
2505 2885 2687 2923 mones
2740 2872 2938 2936 privata
2989 2870 3091 2923 fata
3139 2871 3424 2939 respicere.
3475 2870 3703 2924 Humani

2142 2972 2297 3011 casus
2319 2959 2369 3011 in
2393 2957 2565 3026 fugam
2598 2960 2732 3013 versi
2756 2971 2898 3024 sunt,
2920 2960 3154 3028 nihilque
3177 2962 3226 3013 in
3245 2969 3433 3014 senatu
3455 2971 3705 3016 moestum

2146 3051 2359 3104 resedit.
2385 3052 2518 3106 Aliis
2542 3052 2789 3116 tributus,
2814 3053 2930 3106 aliis
2961 3055 3252 3122 integratus
3273 3063 3353 3107 est
3384 3053 3576 3106 honor.
3608 3055 3704 3108 Uni

2147 3143 2358 3196 familiae
2406 3143 2647 3208 debetur,
2691 3143 2941 3211 quidquid
2975 3144 3167 3212 singuli
3213 3159 3419 3197 sumus.
3455 3142 3560 3199 Sed
3598 3144 3705 3213 jam

2146 3236 2369 3290 servabo
2397 3234 2633 3304 epistolae
2657 3236 2908 3289 terminos
2934 3252 2946 3287 :
2973 3251 3158 3290 vereor
3180 3236 3322 3290 enim
3353 3252 3421 3292 ne
3450 3236 3566 3293 hac
3597 3238 3706 3307 ipsa

2147 3326 2369 3380 aﬂ‘erant
2417 3326 2680 3378 fastidium
2726 3327 2993 3393 praeclara:
3031 3328 3361 3381 verecundia:
3410 3339 3536 3394 tua,
3582 3343 3704 3384 cum

2148 3432 2359 3485 aequare
2385 3428 2487 3470 n0n
2525 3418 2724 3482 possint
2752 3417 2922 3470 vicem
2955 3420 3157 3483 gratiae.
3193 3418 3282 3470 Illa
3313 3419 3492 3486 potius
3519 3419 3706 3487 gaudia

2151 3523 2201 3564 te
2232 3521 2595 3575 munerentur,
2625 3527 2741 3578 qua:
2764 3512 3072 3564 meritorum
3099 3511 3357 3563 securitas
3387 3512 3545 3579 parit.
3577 3511 3708 3566 Nolo

2150 3617 2211 3655 ex
2252 3603 2426 3654 verbis
2453 3603 2761 3670 cujusquam
2800 3617 2982 3671 speres
3025 3603 3153 3655 tanti
3187 3601 3432 3656 beneficii
3478 3603 3703 3656 solutio-

2153 3709 2291 3746 nem.
2339 3694 2450 3747 Ρη
2488 3695 2696 3748 caeteris
2727 3695 2863 3749 nosti
2893 3735 2908 3757 ,
2953 3695 3124 3748 solum
3166 3695 3508 3748 conscientiae
3556 3697 3707 3751 bona:

2154 3783 2422 3850 pl‘ztmitlm
2489 3785 2792 3838 satisfacere
2848 3789 3004 3850 posse
3069 3799 3256 3852 magna
3315 3787 3706 3851 prazstantibns.

2155 3873 2325 3926 Unum
2351 3883 2522 3928 tamen
2547 3884 2791 3944 tanquam
2812 3875 3189 3928 iininoderatus
3207 3875 3418 3945 adjicio,
3443 3884 3501 3929 ut
3518 3877 3706 3946 jugiter

2151 3965 2204 4017 in
2237 3965 2485 4018 Flaviano
2512 3980 2631 4018 meo
2663 3967 2916 4020 beneficia
2948 3975 3036 4018 tua
3066 3964 3278 4034 diligas.
3314 3964 3460 4020 Vale.

2739 4059 2952 4112 EPIST.
3001 4057 3130 4110 VIII.

2652 4162 2957 4201 SYIIACEUS
2985 4161 3266 4200 STILICONI.

2227 4238 2465 4308 Intelligo
2500 4254 2562 4292 ex
2605 4254 2750 4292 mora
2780 4249 2832 4292 et
2861 4237 3197 4293 cunctatione
3239 4239 3480 4308 resciipti
3517 4239 3706 4304 divini,

2157 4332 2350 4399 aliquid
2375 4330 2429 4383 in'
2451 4330 2551 4393 his,
2575 4347 2694 4399 qure
2716 4331 2960 4398 pra-toria
2989 4329 3077 4382 filii
3101 4330 3203 4383 mei
3226 4330 3540 4398 supplicatio
3563 4345 3710 4384 com-

2163 4422 2466 4488 prehendit,
2499 4423 2844 4486 incongruum
2871 4419 2952 4471 vel
2993 4419 3210 4471 dubium
3251 4417 3499 4486 judicari.
3546 4419 3711 4486 Atque

2090 4549 2136 4605 υ
2165 4512 2282 4563 ideo
2310 4511 2485 4562 denuo
2515 4508 2606 4561 tibi
2637 4510 2947 4576 petitionum
2980 4522 3215 4560 mearum
3257 4507 3425 4577 debeo
3464 4518 3711 4574 praestare

2164 4601 2441 4653 rationem.
2475 4600 2545 4652 De
2567 4599 2715 4666 equis
2737 4599 2804 4648 ob
2825 4598 3048 4649 natalem
3073 4597 3275 4650 domini
3302 4597 3468 4650 nostri
3496 4597 3710 4653 IIonorii

2160 4702 2211 4742 et
2257 4689 2583 4741 invictissimi
2627 4688 2876 4755 principis
2917 4687 3220 4756 largiendis,
3264 4685 3388 4739 lieet
3428 4687 3530 4742 hoc
3571 4704 3704 4742 anno

2163 4779 2402 4846 obsequii
2425 4779 2577 4832 istius
2598 4787 2802 4843 tempus
2825 4776 3106 4839 efﬂuxerit,
3131 4778 3320 4843 opinor
3341 4787 3520 4830 votum
3543 4795 3709 4834 meum

2165 4883 2266 4918 non
2296 4869 2529 4934 potuisse
2554 4867 2887 4933 reprehendi.
2920 4866 3082 4931 Aqua:
3103 4881 3230 4919 vero
3251 4865 3531 4932 theatralis
3548 4879 3602 4922 et
3623 4871 3710 4922 ho-

2164 4958 2505 5010 losericarum
2543 4959 2765 5010 vestium
2798 4957 3114 5022 impetratio,
3142 4957 3302 5009 etiam
3328 4955 3448 5009 aliis
3481 4969 3606 5011 ante
3635 4974 3710 5014 me

2167 5049 2474 5114 plerumque
2499 5047 2670 5100 delata
2703 5056 2784 5100 est
2805 5064 2818 5099 :
2838 5057 2889 5099 et
2912 5047 3030 5099 ideo
3051 5046 3267 5112 juvatttr
3294 5047 3570 5115 e'xemplis.
3598 5050 3714 5103 Ain-

2171 5138 2577 5206 pliitlieatricum
2615 5135 2998 5204 spectaculum,
3043 5134 3184 5202 quod
3221 5135 3441 5189 editioni
3485 5134 3580 5190 filii
3621 5138 3714 5191 tuei

2172 5239 2385 5294 propter
2423 5229 2766 5295 capacitatem
2806 5225 2902 5278 loci
2933 5233 3058 5290 opto
3085 5225 3334 5289 concedi;
3384 5225 3548 5280 etiam
3592 5227 3716 5282 ludi-

2169 5319 2274 5370 cris
2318 5326 2638 5385 qumtorum
2680 5315 3082 5381 praelusionibus
3111 5329 3214 5369 non
3245 5323 3525 5384 negatum,
3571 5319 3713 5372 testi-

2172 5411 2350 5462 monio
2373 5419 2496 5463 sunt
2526 5411 2806 5474 rescripta;
2838 5423 3005 5476 neque
3034 5407 3304 5475 privilegio
3333 5407 3461 5460 solis
3492 5421 3597 5462 non
3628 5424 3711 5478 pa-

2173 5511 2282 5553 tere
2308 5500 2632 5554 consulibus.
2661 5499 2809 5553 Scias
2831 5514 2858 5551 a
2882 5513 2964 5552 me
2995 5498 3191 5552 dudum
3222 5497 3296 5551 rei
3328 5496 3482 5549 istius
3509 5513 3714 5566 proces-

2173 5592 2307 5644 sisse
2354 5590 2662 5657 principium
2699 5606 2712 5641 ε
2746 5606 2848 5642 non
2896 5600 2951 5642 ut
2996 5588 3205 5654 fastigio
3246 5587 3542 5652 consulari,
3586 5588 3712 5658 quod

2173 5682 2406 5749 proxime
2434 5679 2505 5732 tui
2534 5678 2778 5731 culminis
2813 5678 2956 5732 felix.
2984 5685 3039 5731 et
3059 5677 3185 5729 olim
3213 5675 3420 5730 debitus
3450 5679 3712 5748 magistra-

2171 5782 2252 5826 tus
2291 5770 2524 5835 ornavit,
2563 5785 2628 5826 ex
2660 5771 2759 5826 hoc
2789 5769 2982 5836 aliquid
3029 5767 3546 5834 adderetur(neque
3584 5769 3708 5823 enim
