3884 6348
130 311 222 368 iter
325 282 332 306 ³
1617 294 1913 366 tnvLuA.

1739 417 1793 478 Α

632 426 903 482 Cleobulus
943 393 1180 476 Lindius.

189 563 395 631 Quanto
422 565 541 635 plus
570 564 748 631 liceat,
781 573 888 616 tam
918 560 1085 615 libeat
1113 558 1313 612 minus.

126 657 364 712 Fortuntc
391 657 608 712 invidi-.c
647 666 729 712 est
761 655 1068 710 immeritus
1092 652 1279 707 miser.

123 752 261 808 Felix
301 751 838 808 criminibus-nulltts
867 750 974 804 erit
1003 747 1118 803 diu.
1217 815 1219 817 ι

123 849 362 923 Ignoscas
387 849 518 905 aliis
551 848 714 903 multa
740 865 753 900 :
789 845 925 902 nihil
955 844 1073 901 libi.

123 940 291 994 Parcit
318 939 548 1012 quisque
577 940 756 1006 malis,
791 937 1026 1009 perdere
1055 935 1172 990 vult
1204 935 1399 999 bonos.

119 1033 378 1103 Maiorum
402 1035 615 1090 meritis
643 1031 815 1105 gloria
850 1047 956 1088 non
989 1030 1170 1089 datur.

122 1128 306 1201 Turpis
327 1145 474 1202 sazpe
497 1129 656 1185 datur
678 1128 819 1184 fama
852 1127 1178 1188 minoribus,

510 1251 516 1262 ’
586 1263 874 1318 Periander
915 1260 1234 1317 Corinthius.

184 1398 488 1470 Numquam
519 1398 792 1470 discrepat
818 1398 949 1454 utile
973 1414 1003 1454 a
1033 1397 1257 1454 decoro.

122 1490 245 1547 Plus
272 1503 359 1547 est
390 1492 681 1561 sollicitus,
715 1495 887 1564 magis
915 1492 1130 1548 beatus.

118 1584 334 1641 Mortem
359 1597 552 1657 optare
582 1587 805 1653 malum,
843 1587 1037 1650 timere
1067 1585 1242 1660 pejus.

120 1681 272 1737 Faxis
301 1692 362 1737 ut
392 1683 586 1751 libeat,
619 1684 768 1754 quod
809 1693 893 1740 est
919 1699 1167 1742 necesse.

119 1776 294 1831 Multis
326 1777 613 1844 terribilis,
643 1787 834 1834 caveto
865 1778 1090 1834 multos.

116 1867 168 1923 Si
198 1867 414 1923 fortuna
435 1870 608 1939 juvat,
635 1879 827 1925 caveto
864 1870 998 1924 tolli.

115 1960 168 2017 Si
198 1962 415 2019 furtuna
448 1972 618 2032 tonat,
653 1974 846 2021 caveto
878 1964 1071 2036 mergi.

637 2103 799 2159 Solon
841 2103 1191 2160 Atheniensis.
1248 2159 1251 2162 .

183 2239 320 2297 Dico
355 2250 491 2298 tunc
522 2241 740 2298 beatam
782 2243 946 2307 vitam
975 2257 1098 2301 cum
1130 2249 1353 2320 peracta
1385 2240 1491 2299 fata
1514 2241 1642 2297 sint.

120 2335 220 2392 Par
248 2336 367 2407 pari
395 2335 870 2412 jugator‘conjux.
917 2336 1194 2405 Quidquid
1237 2337 1433 2410 impar:
1464 2335 1715 2400 dissidet.

113 2429 225 2487 Non
247 2438 415 2486 erunt
445 2430 683 2496 honores
711 2447 969 2504 umquam
1003 2429 1215 2493 fortuiti
1241 2430 1509 2487 muneris.

115 2523 258 2580 Clam
281 2539 554 2597 coarguas
588 2525 982 2604 propinquum,
1016 2524 1297 2599 propalam
1341 2522 1676 2584 laudaveris.

114 2615 404 2674 Pulchrius
437 2617 612 2674 multo
645 2617 847 2686 parari,
882 2632 1042 2693 quam
1076 2617 1251 2681 creari
1283 2615 1543 2672 nobilem.

115 2707 270 2766 Certa
302 2712 348 2768 si
373 2711 603 2768 decreta
632 2725 754 2766 sors
780 2719 889 2777 est,
921 2710 1053 2780 quid
1085 2708 1577 2785 cavere-proderit?

115 2801 239 2859 Sive
269 2803 384 2866 sint
417 2805 624 2860 incerta
658 2813 875 2873 cuncta,
905 2804 1033 2875 qttid
1065 2803 1256 2864 timere
1271 2805 1562 2870 convenit?

3305 292 3410 351 878

1983 491 2005 512 ο
2292 432 2441 488 Chilo
2482 431 2930 488 Laccdcemouius.

1891 523 2025 580 Nolo
2055 525 2234 580 minor
2263 541 2350 581 me
2380 527 2594 593 timeat,
2628 525 2988 596 dispiciatque
3021 522 3217 593 major.

1822 616 1954 671 Vive
1976 633 2184 672 memor
2213 619 2542 686 mortis,-uti
2576 619 2650 674 sis
2682 632 2891 674 memor
2919 626 2973 673 et
3003 616 3234 679 salutis;

1816 709 2016 766 Tristia
2042 722 2234 768 cuncta
2265 728 2600 782 exsuperans
2622 724 2716 769 aut
2746 715 2953 790 animo,
2988 721 3082 767 aut
3104 713 3305 768 amico.

1817 802 1898 857 Tu
1929 801 2068 857 bene
2096 805 2138 856 si
2170 803 2300 873 quid
2329 801 2516 872 facias,
2551 820 2660 860 non
2693 805 3006 860 meminisse
3031 802 3112 859 fas
3140 813 3247 860 est.

1817 898 1952 965 Quae
1983 897 2122 952 bene
2152 897 2289 952 faeta
2321 899 2583 969 accipias,
2615 911 2873 970 perpetuo
2905 909 3201 955 memento.

1818 989 1983 1045 Grata
2013 1001 2270 1046 senectus
2300 991 2529 1061 homini,
2563 1007 2683 1063 qua:
2709 993 2899 1062 parilis
2923 993 3182 1063 juventae,

1818 1082 1910 1138 llla
1934 1083 2155 1154 juventa
2184 1095 2264 1140 est
2289 1085 2526 1156 gravior,
2551 1101 2671 1155 qua:
2694 1085 2884 1140 similis
2910 1097 3163 1143 senectte.

2383 1178 2578 1234 Thales
2608 1179 2861 1235 Milesius.

1892 1272 2072 1344 Turpe
2104 1275 2231 1345 quid
2265 1289 2520 1344 ausurus,
2559 1283 2610 1330 te
2640 1276 2757 1331 sine
2784 1283 2923 1331 teste
2958 1276 3086 1333 time
3118 1296 3128 1330 :

1824 1364 1942 1419 Vita
1984 1368 2142 1435 perit,
2175 1367 2364 1422 mortis
2385 1367 2558 1439 gloria
2585 1383 2689 1422 non
2720 1368 2975 1426 moritur.

1819 1458 1974 1526 Quod
2009 1461 2248 1532 facturus
2276 1463 2407 1530 eris,
2442 1462 2626 1520 dicere
2653 1464 2958 1526 sustuleris.

1819 1554 1962 1611 Cru’x
1989 1567 2092 1626 est,
2125 1558 2169 1615 s'i
2194 1570 2424 1632 metuas,
2465 1561 2682 1617 vincere
2711 1561 2851 1632 quod
2881 1575 3140 1638 nequeas.

1819 1651 1954 1705 Cum
1978 1667 2105 1708 vere
2135 1653 2418 1726 objurgas,
2447 1654 2527 1710 sic
2555 1653 2773 1710 inimice
2795 1654 2979 1725 jnvas.

1820 1744 1956 1799 Cum
1983 1745 2118 1800 falso
2147 1747 2356 1814 laudas,
2379 1748 2460 1824 sic
2481 1757 2534 1804 et
2557 1749 2730 1804 amice
2754 1763 2938 1804 noces.

1749 1809 1798 1870 Β
1825 1835 1909 1890 Nil
1942 1837 2164 1894 nimium
2198 1840 2330 1895 satis
2356 1811 2462 1909 esi,
2494 1855 2562 1896 ne
2591 1841 2662 1898 sit
2689 1840 2865 1896 ethoc
2887 1842 3137 1898 nimium.

2028 1952 2109 2021 De
2135 1955 2315 2017 iisdem
2339 1964 2532 2026 septem
2564 1955 2931 2037 quientibus,
2959 1972 2984 2011 ε
3012 1955 3213 2027 ereo.

1899 2045 2156 2118 Seplcnis
2189 2049 2416 2119 patriam
2449 2047 2783 2121 sapientum,
2818 2049 3060 2116 nomina,
3089 2065 3274 2116 voces,

1827 2137 2090 2198 Versibus
2109 2141 2421 2213 expediam:
2445 2157 2542 2207 sua
2564 2156 2835 2222 quemque
2850 2142 3190 2198 rnonosticha
3208 2142 3422 2198 dicent:

1825 2233 1987 2289 Chilo
2015 2234 2100 2290 cui
2132 2235 2307 2316 patria
2334 2245 2418 2292 est
2437 2233 3331 2320 ,LacedaemonnNOSm-teipsum.

1825 2327 2142 2407 Periander,
2176 2327 2470 2400 Trepidant
2503 2327 2816 2407 moderare,
2849 2326 3188 2398 Corinthius,
3221 2329 3382 2392 iram.

1829 2425 1907 2481 Ex
1937 2397 2542 2500 Mitylenmis,_Nimium
2571 2397 2670 2495 nil,
2700 2397 2941 2489 Pittacus
2965 2425 3097 2481 oris.

1829 2520 2138 2585 Mensuram
2164 2523 2454 2602 optimum,
2484 2521 2561 2578 ait
2587 2521 2884 2578 Cleobulus
2916 2520 3168 2588 Lindius,
3203 2520 3256 2577 in
3289 2537 3368 2579 re.

1826 2615 2156 2686 Exspectare
2182 2615 2349 2673 Solon
2374 2615 2536 2676 finem
2562 2614 2744 2687 docet,
2777 2617 2930 2670 ortus
2965 2613 3214 2670 Athenis.

1828 2708 2019 2765 Plures
2049 2724 2171 2767 esse
2194 2709 2318 2768 Bias
2350 2725 2573 2780 pravos,
2607 2724 2767 2780 quem
2802 2708 2950 2764 clara
2983 2707 3197 2765 Priene.

1826 2804 2012 2871 Mileti,
2042 2804 2302 2876 Fugisse.-
2324 2805 2544 2877 Thales,
2571 2804 2906 2871 vadimonia,
2940 2802 3211 2882 alumnus.

1557 2928 2074 3063 IDYLLIA.

708 3097 1044 3157 IDYLLIUM
1083 3099 1123 3153 Ι.

474 3209 670 3268 Versus
699 3211 986 3267 Pinc/tales
1017 3213 1186 3266 Proco
1218 3212 1362 3266 dicti.

185 3329 385 3385 Sancta
417 3325 685 3384 salutiferi
722 3327 1245 3397 redeuntsolemnia
1285 3325 1555 3384 CHRISTI
1592 3343 1604 3380 :

120 3425 184 3479 Et
210 3424 407 3480 devota
441 3423 512 3494 pii
538 3423 815 3478 celebrant
839 3421 1044 3494 jejunia
1077 3433 1290 3495 tnystre.

125 3517 193 3573 At
218 3532 317 3573 nos
348 3525 616 3572 aeternum
649 3517 970 3572 cohibentes
1004 3526 1229 3587 pectore
1265 3517 1493 3584 cultum,

129 3611 591 3668 lntemeratorum
621 3611 732 3665 vim
778 3610 1166 3666 continuamus
1198 3611 1488 3666 honorum.

121 3706 311 3762 Annua
345 3717 483 3760 cura
516 3703 710 3768 sacris,
738 3704 883 3775 jugis
925 3704 1232 3761 reverentia
1264 3702 1442 3758 nobis.

192 3799 387 3870 Magne
413 3799 580 3854 Pater
610 3814 818 3866 rerum,
847 3799 931 3854 cui
964 3809 1132 3869 terra,
1166 3811 1220 3855 et
1244 3793 1470 3870 pontus,
1495 3807 1551 3853 et
1576 3812 1689 3864 aer,
1725 3865 1727 3867 ι

124 3891 466 3963 Tartaraque
489 3900 545 3947 et
576 3891 701 3963 picti
728 3883 903 3949 servit
936 3894 1088 3964 plaga
1119 3893 1289 3948 lactea
1319 3892 1444 3949 coeli
1471 3909 1486 3947 :

125 3986 294 4042 Noxia
321 4002 488 4058 quem
522 3986 789 4041 scelerum
815 3987 999 4058 plebes
1020 3987 1222 4064 tremit,
1242 3987 1492 4058 almaque
1516 4000 1730 4043 rursum

125 4078 491 4137 Concelebrat
510 4081 650 4136 votis
681 4083 984 4137 animarum
1017 4081 1174 4138 turba
1204 4082 1412 4153 piarum
1440 4101 1453 4134 :

127 4174 203 4229 Tu
235 4176 422 4232 brevis
452 4177 599 4230 hunc
626 4177 728 4231 :evi
754 4192 1001 4244 cursum,
1032 4179 1378 4248 celeremque
1404 4177 1626 4234 Caducae

126 4266 317 4324 Finem
349 4269 556 4324 anima:
578 4268 749 4325 donas
790 4279 1010 4326 attenta:
1038 4285 1263 4325 munere
1296 4271 1442 4325 vitae.

125 4359 203 4416 Tu
226 4363 391 4418 mites
433 4362 615 4433 legum
647 4365 904 4432 monitus,
931 4379 1226 4433 sacrosque
1269 4363 1566 4435 prophetas

127 4455 381 4511 liumano
414 4456 666 4524 impertis
685 4457 897 4527 generi,
933 4471 1229 4530 servasque
1270 4466 1520 4529 nepotes,

129 4547 429 4619 Deceptum
461 4548 754 4604 miseratus
785 4550 957 4603 Adam
994 4568 1006 4603 :
1045 4565 1205 4619 quem
1229 4560 1386 4620 capta
1410 4551 1634 4607 venenis

129 4642 410 4714 Implicuit
436 4642 648 4698 socium
672 4643 903 4699 blandis
935 4645 1215 4700 erroribus
1246 4644 1378 4700 Eva.

128 4733 208 4789 Tu
231 4735 489 4801 verbum,
515 4734 672 4790 Pater
697 4735 866 4801 alme,
895 4744 1072 4803 tuum,
1101 4746 1419 4809 natumque,
1445 4737 1740 4811 deumque,

132 4829 400 4890 Concedis
426 4832 592 4888 terris
624 4840 816 4899 totum,
849 4833 1212 4906 similemque,
1245 4851 1565 4907 paremque,

132 4927 208 4982 Ex
241 4945 377 4984 vero
409 4943 631 4995 verum,
668 4929 900 5000 vivaque
929 4929 997 4984 ab
1028 4930 1236 5000 origine
1265 4913 1470 4987 vivum.

131 5019 222 5076 Ille
251 5024 361 5078 tuis
394 5021 598 5078 doctus
627 5021 852 5077 monitis
881 5022 983 5079 hoc
1015 5022 1225 5078 addidit
1256 5039 1424 5080 unum
1461 5042 1474 5078 :

133 5114 203 5170 Ut
233 5131 406 5187 super
432 5130 724 5186 aequoreas
757 5117 919 5171 nabat
945 5117 1036 5188 qui
1070 5119 1308 5188 Spiritus
1335 5120 1532 5188 undas,

135 5209 290 5280 Pigra
325 5208 631 5265 immortali
661 5219 940 5281 vegetaret
967 5207 1210 5268 membra
1255 5214 1494 5269 lavacro.
1549 5268 1554 5272 .

134 5303 299 5360 Trina
338 5304 503 5375 fides,
540 5313 762 5361 auctore
793 5322 931 5373 uno;
974 5322 1100 5378 spes
1127 5319 1274 5364 certa
1307 5310 1500 5390 saluti‘s

137 5394 291 5451 iiunc
325 5412 623 5452 numerum
650 5397 856 5468 junctis
887 5400 1186 5456 virtutibus
1215 5402 1591 5471 amplectenti.

138 5487 267 5544 Tale
297 5499 356 5545 et
387 5492 629 5545 terrenis
663 5491 940 5562 specimen
979 5501 1258 5563 spectatur
1287 5495 1339 5548 in
1368 5494 1480 5549 oris

139 5581 424 5653 Augustus
455 5582 696 5653 genitor,
735 5586 1014 5654 geminum
1049 5596 1198 5642 sator
1227 5588 1616 5657 Augustorum.

141 5676 240 5744 Qui
266 5677 522 5748 fratrem,
556 5687 873 5748 natumque,
903 5682 989 5750 pio
1022 5682 1338 5759 complexus
1377 5689 1670 5753 utrumque

144 5771 401 5838 Numine,
434 5772 680 5842 partitur
709 5789 959 5846 regnum,
1002 5794 1179 5849 neque
1209 5779 1403 5836 dividit
1427 5796 1616 5848 unum,

149 5869 342 5928 Omnia
372 5868 527 5927 solus
549 5866 786 5942 habens,
812 5881 977 5944 atque
1006 5874 1189 5932 omnia
1213 5876 1519 5949 dilargitus.

1751 3094 1796 3158 C
1831 3095 1944 3151 Hos
1968 3096 2134 3168 igitur
2160 3097 2314 3158 nobis
2345 3097 2487 3156 trina
2510 3097 2709 3169 pietate
2739 3097 3010 3169 vigentes.

1833 3190 2097 3261 [tectores
2121 3199 2280 3246 terra:
2308 3189 2583 3261 placidos,
2607 3190 2838 3262 coelique
2863 3192 3163 3262 ministros,

1831 3285 2052 3349 Christe
2081 3287 2222 3358 apud
2249 3295 2519 3344 aeternum
2548 3285 2835 3357 placabilis
2865 3301 3055 3348 assere
3085 3297 3320 3359 patrem.

2411 3401 2745 3459 IDYLLIUM
2787 3403 2854 3460 ll.
2935 3467 2938 3470 ,

1962 3496 2246 3571 Ερὶεειιὶοη
2273 3500 2329 3555 in
2360 3508 2557 3569 patrem
2580 3516 2734 3554 suum
2763 3498 2968 3556 Iulium
2994 3500 3304 3558 Ausonium.

1833 3616 2062 3674 Nomine
2087 3633 2189 3689 ego
2216 3617 2510 3688 Ausonius,
2552 3633 2658 3672 non
2694 3617 2920 3676 ultimus
2947 3627 3063 3674 arte
3094 3621 3351 3690 medendi
3378 3637 3391 3676 :

1905 3710 2118 3765 ELmea
2142 3709 2188 3764 si
2212 3724 2400 3765 nosses
2433 3720 2698 3781 tempora,
2725 3710 2934 3780 primus
2961 3725 3138 3766 eram.

1837 3801 2057 3859 Vieinas
2091 3802 2255 3858 urbes
2289 3803 2428 3857 colui
2460 3803 2748 3874 patriaque
2777 3803 3072 3874 domoque,

1909 3893 2133 3951 vasates
2159 3877 2357 3966 patria,
2388 3893 2483 3951 sed
2525 3894 2638 3951 lare
2669 3895 3037 3965 Burdigalam.

1836 3989 1998 4046 Curia
2025 3979 2112 4044 me
2144 3988 2363 4058 duplex,
2398 3996 2462 4043 et-
2480 3997 2704 4059 uterque
2733 3999 2954 4043 senatus
2984 3988 3217 4046 habebat

1908 4083 2145 4140 Muneris
2162 4092 2458 4149 exsortem,
2485 4083 2706 4139 nomine
2726 4082 3065 4152 participem.

1837 4177 1955 4234 Non
1980 4178 2231 4249 epulens,
2267 4193 2365 4233 nec
2386 4191 2575 4255 egens,
2610 4191 2805 4247 parcus
2835 4176 2956 4232 sine
2987 4175 3238 4232 sordibus
3270 4177 3377 4247 egi.

1912 4273 2147 4339 Victum,
2180 4255 2443 4340 habitum,
2477 4287 2656 4327 mores
2685 4286 2900 4341 semper
2927 4270 3118 4327 eadem
3149 4273 3339 4328 habui.

1839 4366 2106 4422 Sermone
2136 4362 2493 4435 impromptus
2523 4363 2674 4419 Latio
2713 4382 2725 4419 :
2755 4379 2943 4419 verum
2977 4365 3154 4420 Attica
3184 4365 3364 4436 lingua

1913 4459 2139 4516 Suffecit
2168 4458 2295 4514 culti
2331 4456 2553 4513 vocibus
2584 4457 2810 4531 eloquii.

1843 4555 2026 4612 Obtuli
2058 4569 2216 4625 opem
2250 4553 2460 4609 cunctis
2487 4552 2840 4622 poscentibus
2862 4552 2994 4606 artis
3021 4551 3315 4624 inemptrc:

1913 4648 2268 4721 Officiumque
2294 4661 2475 4702 meum
2511 4661 2634 4701 cum
2668 4646 2863 4715 pietate
2897 4645 3012 4700 fuit.

1845 4743 2118 4800 Judicium
2143 4741 2211 4796 de
2234 4756 2320 4795 me
2349 4739 2538 4795 studui.
2564 4747 2819 4810 prmstare
2842 4738 3105 4794 bonorum
3139 4757 3150 4792 :

1917 4838 2034 4909 Ipse
2065 4835 2196 4891 mihi
2229 4849 2544 4906 numquam,
2571 4833 2753 4905 judice
2783 4847 2890 4898 me,
2918 4832 3116 4904 placui.

1850 4931 2038 4990 Ofﬁcia
2067 4930 2123 4986 in
2154 4930 2358 4985 multos
2387 4927 2603 4983 diverso
2639 4926 2818 4982 debita
2860 4924 3005 4979 cultu
3030 4966 3043 4986 ,

1924 5023 2205 5094 Personis,
2239 5021 2468 5089 meritis,
2503 5029 2743 5093 tempore
2774 5016 3047 5071 distribui.

1774 5158 1779 5164 -
1855 5118 2070 5174 Litibns
2099 5114 2332 5173 abstinui
2366 5133 2379 5171 :
2413 5129 2520 5170 non
2548 5109 2694 5178 auxi,
2726 5124 2831 5164 non
2864 5107 3033 5162 minui
3062 5122 3214 5163 rem.

1926 5213 2111 5271 Indice
2141 5228 2227 5268 me
2267 5211 2465 5274 nullus,
2495 5206 2590 5262 sed
2615 5218 2787 5275 neque
2821 5213 2957 5258 teste
2980 5202 3143 5278 perit.

1861 5308 2030 5364 Invidi
2063 5319 2369 5376 numquam.
2402 5301 2612 5370 Cupere
2638 5306 2798 5381 atque
2824 5287 3031 5352 ambire
3062 5294 3260 5368 refugi.

1932 5403 2144 5471 Jurare,
2180 5407 2273 5453 aut
2302 5396 2492 5450 falsum
2519 5391 2724 5456 dicere,
2757 5405 2857 5459 par
2888 5388 3078 5444 habui.

1864 5499 2050 5554 Foetio
2080 5511 2164 5550 me
2191 5491 2292 5548 sibi
2321 5505 2451 5557 non,
2479 5503 2593 5543 non
2625 5485 2933 5557 conjuratio
2957 5483 3164 5557 junxit.

1935 5590 2160 5648 Sincero
2189 5584 2329 5642 colui
2360 5582 2566 5638 fuedere
2595 5579 2887 5636 amicitias.

1866 5685 2102 5742 Felicem
2129 5680 2283 5749 scivi,
2317 5693 2425 5733 non
2456 5675 2572 5747 qui,
2603 5673 2750 5754 quod
2773 5671 2960 5742 vellet,
2989 5672 3213 5729 haberet
3239 5689 3250 5725 :

1939 5775 2046 5833 Sed
2076 5773 2169 5844 qui
2199 5787 2292 5843 per
2317 5770 2484 5826 fatum
2511 5783 2619 5824 non
2645 5766 2773 5823 data
2801 5780 2909 5821 non
2937 5775 3181 5835 cuperet.
3241 5823 3246 5838 Σ

1871 5869 1987 5928 Νοη
2014 5874 2351 5934 oceursator,
2379 5877 2488 5921 non
2519 5861 2796 5934 garrulus,
2825 5856 2984 5917 obvia
3010 5870 3262 5928 cernens,
