3908 6320
536 165 640 224 sui
1115 242 1120 248 _

497 306 502 311 ι
604 279 786 337 Valvis
810 285 865 335 et
886 277 1008 335 velo
1041 273 1260 331 condita
1291 286 1398 327 non
1421 269 1552 325 adii.

531 375 774 444 Famam,
801 389 919 444 qum
952 381 1133 443 posset
1155 368 1320 422 vitam
1349 366 1591 421 lacerare
1618 362 1906 428 bonorum,

601 468 718 527 Non
743 469 869 523 ﬁnxi
895 481 907 525 :
936 476 993 539 vet
1022 459 1206 520 verani
1236 462 1282 517 si
1305 459 1546 528 scierim,
1582 456 1741 513 tacui.

523 564 615 623 Ira
642 563 827 636 procul
855 581 868 616 :
899 575 1026 629 spes
1048 554 1405 626 vana'procul
1437 573 1451 610 :
1487 551 1675 624 procul
1697 550 1858 606 anxia
1885 560 2050 617 cura;
2108 583 2111 586 -

476 714 479 717 _
599 659 763 728 Inque
783 655 942 711 bonis
973 653 1253 708 hominum
1277 649 1473 722 gaudia
1506 647 1641 704 falsa
1666 646 1878 718 procul.

527 747 692 806 Vitati
711 757 907 814 coctus,
933 746 1237 818 ejurattqne
1259 742 1547 812 tumultus,

520 843 589 900 Et
611 839 829 912 semper
855 842 997 896 lictre
1024 838 1329 910 principum
1359 833 1634 892 amicitiae.

521 935 830 1007 Deliquisse
861 933 1000 988 nihil
1041 946 1334 1002 numquam
1366 927 1582 986 laudem
1611 939 1734 982 esse
1769 923 1979 996 putavi,

589 1033 768 1109 Atque
794 1029 966 1086 bonos
995 1041 1176 1083 mores
1201 1010 1412 1096 legibus
1433 1020 1685 1078 antetuli.

423 1182 429 1189 ,
527 1124 695 1183 Irasci
725 1133 1036 1194 promptus,
1072 1116 1361 1192 properavi
1385 1115 1627 1173 condere
1657 1121 1893 1170 motum:

589 1217 766 1289 Atque
798 1218 930 1272 mihi
967 1229 1158 1288 pmuas
1189 1228 1285 1286 pro
1315 1212 1543 1268 levitate
1569 1208 1721 1265 dedi.

513 1310 839 1383 Coniugium
871 1325 969 1382 per
997 1309 1169 1364 lustra
1194 1322 1412 1372 novem,
1454 1304 1572 1359 sine
1597 1301 1850 1369 crimine,
1888 1312 2119 1357 concors

590 1403 769 1461 Unum
805 1403 969 1458 habui
999 1421 1012 1456 :
1044 1411 1232 1473 gnatus
1257 1409 1512 1472 quattuor
1540 1396 1830 1455 edidimus.
2105 1385 2110 1390 ’

514 1497 696 1554 Prima
723 1487 860 1552 Obiit
877 1495 1119 1560 lactans;
1150 1493 1316 1564 atqui
1349 1492 1448 1547 fuit
1471 1487 1842 1556 ultimusrevi,

584 1590 878 1647 I’ubertate
905 1589 1025 1645 rudi
1058 1604 1165 1644 non
1191 1585 1340 1663 rudis
1363 1583 1591 1642 interiit.

1921 98 2102 205 occa
2143 139 2417 203 ausonu
3078 130 3079 133 ‘
3722 132 3805 193 su

2299 255 2554 324 Noveris,
2584 263 2641 310 et
2665 253 2813 311 noris
2841 260 2893 310 te
2924 266 3162 326 quoque,
3177 252 3226 310 si
3262 251 3409 324 potis
3431 265 3494 307 cs
3527 265 3542 303 :

2231 352 2564 422 Quamquam
2592 341 2816 405 difticile
2845 358 2928 404 est
2953 362 3015 403 se
3056 360 3303 404 noscere.
3330 347 3485 405 Γνῶθι
3514 343 3752 399 σεαυτὸν.
3785 377 3789 379 -
3873 341 3879 400 l

2299 444 2470 514 Quam
2501 459 2736 515 propere
2759 443 3014 514 legimus,
3047 455 3154 499 tam
3193 442 3301 498 cito
3333 439 3685 512 negligimus.

2226 537 2356 610 Agri
2380 537 2467 612 bis
2494 550 2712 594 centum
2736 539 2860 594 colo
2885 537 3114 610 jugera;
3149 537 3307 593 vinea
3338 546 3559 592 centum

2297 631 2589 703 Jugeribus
2610 630 2834 700 colitur,
2857 640 3121 704 prataque
3141 630 3448 687 dimidium.

2223 724 2375 783 Silva
2403 739 2566 796 supra
2589 723 2820 795 duplum
2853 738 3019 794 quam
3043 734 3222 796 prata,
3245 733 3300 780 et
3328 724 3593 788 vinea,.et
3614 733 3813 774 arvum.

2247 857 2259 869 .
2295 815 2487 874 Cultor
2508 817 2624 889 agri
2642 816 2815 897 nobis
2837 831 2940 873 nec
2967 825 3243 888 superest,
3277 832 3376 872 nec
3403 816 3584 873 abest.

2225 912 2370 971 Fons
2401 922 2624 984 propter
2653 922 2954 984 puteusque
2984 911 3188 979 brevis,
3217 920 3329 968 tum
3354 925 3526 981 purus
3549 918 3606 966 et
3624 905 3811 964 amnis.

2293 1010 2527 1082 Naviget-
2548 1010 2637 1066 hic
2656 1009 2864 1067 refluus
2891 1025 2978 1066 me
3003 1009 3174 1077 vehit,
3214 1016 3279 1065 ac
3306 1009 3539 1066 revehit.

2222 1105 2545 1162 Condantur
2572 1104 2788 1161 fructus
2812 1105 3093 1176 geminum
3109 1103 3241 1160 mihi
3265 1118 3482 1172 semper
3515 1104 3569 1158 in
3598 1117 3812 1158 annum.

2291 1202 2391 1258 Cui
2417 1216 2527 1257 non
2557 1194 2721 1272 longa
2751 1214 2944 1272 penus,
2969 1199 3094 1257 huic
3110 1215 3326 1271 quoque
3349 1206 3605 1271 prompta
3627 1198 3808 1253 fames.

2219 1293 2345 1351 llaec
2382 1293 2515 1350 mihi
2547 1309 2647 1351 nec
2681 1293 2875 1366 procul
2924 1293 3058 1351 urbe
3086 1293 3190 1349 sita
3219 1303 3319 1360 est,
3343 1309 3348 1312 ·
3369 1307 3469 1348 nec
3499 1304 3729 1364 prorsus
3754 1288 3814 1344 ad

3553 1378 3566 1449 Ι
3591 1375 3774 1432 urbem
3799 1387 3817 1429 :

2289 1479 2367 1535 Ne
2389 1479 2564 1552 patiar
2590 1477 2770 1546 turba,
2802 1485 2971 1549 utque
2998 1476 3159 1533 bonis
3189 1477 3380 1546 potiar.

2221 1572 2288 1630 Et
2315 1573 2568 1644 quotiens
2595 1579 2809 1628 mutare
2839 1572 3015 1629 locum
3048 1569 3266 1626 fastidia
3287 1579 3506 1639 cogunt.

521 1683 786 1740 Maximus
816 1682 883 1738 ad
909 1697 1182 1737 summum
1207 1662 1432 1735 culmen
1466 1675 1718 1748 pervenit
1747 1674 2040 1742 honorum,
2143 1671 2194 1733 B
2289 1668 2532 1725 Transeo
2561 1683 2574 1722 :
2604 1675 2662 1724 et
2690 1664 2918 1722 alternis
2946 1679 3096 1732 rure,
3120 1663 3205 1720 vel
3231 1663 3365 1721 urbe
3395 1662 3569 1720 fruor.

583 1776 881 1832 Praefectus
900 1775 1092 1842 Gallis,
1125 1783 1181 1830 et
1203 1773 1412 1845 Libyae,
1445 1781 1500 1828 et
1533 1771 1711 1838 Latio,

509 1869 882 1940 Tranquillus,
910 1868 1172 1938 clemens,
1205 1867 1399 1932 oculis,
1429 1882 1580 1934 voce,
1615 1880 1710 1920 ore
1746 1880 2000 1933 serenus,

582 1964 638 2019 In
669 1965 916 2036 genitore
945 1979 1046 2019 suo
1078 1971 1262 2020 mente
1290 1962 1580 2032 animoque
1611 1969 1785 2032 pater.

513 2055 685 2126 Ilujus
711 2072 813 2129 ego
841 2067 894 2112 et
922 2066 1129 2122 natum,
1159 2065 1214 2113 et
1243 2070 1499 2128 generum
1525 2068 1625 2124 pro
1649 2051 1877 2109 consule
1902 2051 2032 2117 vidi.

578 2148 779 2206 Consul
814 2158 873 2205 ut
895 2150 1012 2221 ipse
1043 2149 1206 2218 foret,
1231 2165 1356 2219 spes
1389 2147 1518 2203 mihi
1547 2155 1696 2202 certa
1733 2145 1853 2200 fuit.

507 2244 801 2300 hlatronalc
826 2236 990 2300 decus
1013 2243 1254 2316 possedit
1281 2242 1409 2297 ﬁlia.
1438 2240 1606 2311 Cujus

579 2337 811 2410 Egregia
838 2346 892 2392 et
923 2347 1102 2407 nupta:
1128 2336 1247 2391 laus
1277 2345 1415 2403 erat,
1450 2346 1505 2390 et
1530 2333 1744 2392 viduae:

502 2427 637 2498 Qua:
675 2429 810 2494 nati,
839 2428 1169 2500 generisque
1211 2435 1264 2483 et
1295 2425 1608 2499 progeneri.
1651 2425 1828 2486 Simul
1857 2424 2106 2482 omnium

577 2520 857 2590 Multiplici
887 2521 1130 2576 illustres
1163 2519 1300 2575 vidit
1333 2521 1543 2576 honore
1568 2520 1783 2575 domus.

498 2613 622 2686 Ipse
649 2628 750 2670 nec
777 2613 1063 2682 aﬂ‘ectans,
1098 2605 1200 2668 nec
1231 2613 1567 2669 detrectator
1602 2613 1895 2684 honorum,

574 2707 867 2763 Prmfcctus
895 2706 1072 2778 magni
1101 2722 1384 2777 nnncupor
1407 2706 1634 2778 Illyrici.

504 2798 634 2856 Ilaec
662 2816 748 2856 me
777 2800 1010 2856 fortuna:
1041 2801 1189 2872 larga
1217 2799 1553 2872 indulgentia
1585 2801 1778 2869 suasit,

574 2892 807 2949 Numine
833 2893 1081 2960 adorato,
1109 2896 1233 2950 vitae
1256 2895 1461 2951 abitum
1494 2903 1703 2965 petere.

504 2984 581 3042 Ne
613 2985 904 3042 fortunata:
936 2988 1169 3056 spatium
1204 2986 1520 3043 inviolabile
1546 2988 1674 3044 vita:

466 3110 476 3116 -
574 3076 746 3132 Fatali
775 3078 1034 3133 admorsu
1073 3081 1373 3151 stringeret
1396 3079 1504 3134 ulla
1533 3079 1670 3134 dies.
1771 3069 1775 3073 ’

424 3178 432 3183 ’
502 3170 723 3228 Obtinui
753 3189 766 3224 :
816 3172 1122 3244 auditazque
1165 3188 1355 3244 preces
1387 3189 1402 3231 :
1436 3189 1611 3244 spem,
1643 3181 1789 3244 vota,
1820 3173 2097 3245 timorem,

573 3265 795 3336 Sopitus
828 3262 1042 3348 placido
1066 3268 1194 3333 line,
1222 3267 1474 3340 relinquo
1495 3269 1640 3324 aliis.

499 3357 645 3415 Inter
671 3368 984 3428 mter-entes,
1017 3362 1115 3416 sed
1145 3378 1251 3417 non
1280 3377 1382 3434 ego
1410 3374 1659 3430 mrestus,
1694 3367 1901 3422 amicos

575 3450 864 3522 Dispositis
888 3452 1032 3523 iacui
1064 3453 1271 3510 funeris
1297 3455 1557 3512 arbitriis.

500 3541 806 3612 Nonaginta
829 3558 1004 3600 annos
1032 3545 1227 3601 baculo
1253 3546 1397 3616 sine,
1428 3562 1663 3620 corpore
1695 3558 1813 3608 toto

503 3632 694 3706 Exegi,
724 3635 935 3691 eunetis
963 3635 1176 3708 integer
1205 3637 1421 3706 ciliciis.
1700 3653 1706 3659 '

501 3724 630 3782 Ilaec
658 3727 988 3800 quicumque
1025 3730 1195 3801 leges,
1238 3747 1344 3787 non
1378 3736 1745 3804 aspernabere
1772 3737 1868 3795 fari
1896 3757 1909 3795 :

570 3817 715 3876 Talis
737 3820 847 3876 vita
873 3821 996 3890 tibi,
1039 3823 1220 3894 qualia
1251 3834 1374 3880 vota
1403 3827 1556 3883 tnihi.
1620 3823 1629 3830 ’

1066 3957 1396 4016 IDYLLIUM
1446 3957 1528 4018 III.

1074 4076 1292 4131 Ausonii
1314 4076 1517 4134 villula.

511 4189 672 4246 Salve
698 4188 1052 4247 haerediolnm
1075 4192 1342 4262 majorum
1374 4211 1538 4267 regna
1571 4212 1840 4270 meorum,

571 4283 727 4351 Quod
754 4300 1009 4355 proavus,
1041 4286 1183 4356 quod
1205 4303 1360 4356 avus,
1388 4291 1529 4361 quod
1560 4294 1992 4368 paterexcoluit.

500 4377 656 4446 Quod
686 4377 817 4431 mihi
837 4375 948 4446 jam
979 4379 1180 4448 senior,
1205 4393 1491 4452 preperata
1518 4397 1717 4454 morte,
1745 4388 2018 4460 relinquit.

573 4469 726 4526 Eheu
753 4471 765 4524 l
799 4469 1080 4526 nolueram
1109 4481 1218 4528 tam
1250 4475 1358 4530 cito
1387 4491 1548 4546 posse
1580 4479 1707 4535 frui.

497 4565 655 4620 Justa
684 4561 902 4632 quidem
931 4563 1103 4619 series
1130 4567 1268 4634 patri
1299 4570 1592 4626 succedere
1625 4563 1846 4629 :‘verum

570 4656 704 4711 Esse
729 4654 889 4710 simul
917 4654 1192 4723 dominos,
1223 4659 1430 4727 gratior
1451 4661 1585 4718 ordo
1614 4665 1734 4734 piis.

497 4747 653 4806 Nunc
685 4748 839 4804 labor
864 4756 921 4804 et
939 4762 1085 4804 cura:
1114 4764 1232 4806 mea
1263 4761 1410 4806 sunt.
1435 4752 1564 4809 Sola
1593 4766 1720 4814 ante
1745 4760 1993 4832 voluptas

571 4839 826 4896 Partibus
865 4840 918 4896 in
949 4842 1169 4897 nostris.
1189 4842 1397 4900 Cretera
1431 4847 1602 4914 patris
1626 4860 1801 4906 erant.

499 4930 731 4986 Parvum
758 4929 1137 5002 hacrediolum,
1173 4932 1346 4990 fateor
1372 4977 1385 4999 ,
1415 4936 1510 4992 sed
1538 4939 1683 4994 nulla
1710 4939 1810 4996 fuit
1835 4958 1922 4999 res

482 5089 492 5094 ἦ
570 5022 742 5077 Parva
771 5038 1023 5094 umquam
1054 5027 1373 5096 mquanimis
1403 5044 1416 5081 :
1447 5028 1586 5085 adde
1609 5031 1770 5088 etiam
1796 5037 2086 5094 unanimis.

495 5115 578 5173 Es
605 5117 786 5174 animo
807 5135 922 5175 rem
947 5129 1094 5176 stare
1113 5136 1327 5192 aequum
1349 5132 1501 5194 puto,
1523 5142 1630 5182 non
1651 5130 1888 5187 animum
1909 5148 1973 5190 ex
2003 5148 2084 5192 re.

564 5209 772 5266 Cuncta
801 5212 948 5282 cupit
983 5213 1222 5283 Crmsus,
1255 5215 1523 5287 Diogenes
1555 5219 1825 5291 nihilum;

489 5299 708 5374 Spargit
727 5301 1035 5375 Aristippus
1066 5305 1258 5361 mediis
1288 5309 1342 5362 in
1370 5307 1628 5382 Syrtibus
1653 5329 1880 5386 aurum;

558 5400 738 5457 Aurea
760 5416 869 5456 non
892 5402 1027 5456 satis
1057 5411 1139 5456 est
1170 5402 1334 5474 Lydia
1367 5414 1478 5462 tota
1502 5409 1679 5467 Midas.

482 5491 580 5548 Cui
612 5491 795 5548 nullus
825 5492 947 5548 linis
977 5493 1252 5563 cupiendi,
1283 5507 1365 5552 est
1394 5501 1571 5559 nullus
1603 5504 1857 5563 habendi.

550 5582 646 5640 Ille
674 5584 869 5656 opibus
890 5584 1086 5641 modus
1114 5595 1214 5654 est,
1248 5603 1406 5658 quem
1444 5603 1652 5652 statuas
1683 5599 1888 5656 animo.

479 5672 676 5734 Verum
704 5692 833 5750 ager
860 5677 965 5735 iste
989 5692 1142 5736 meus
1163 5691 1394 5752 quantus
1423 5686 1517 5760 sit,
1541 5705 1744 5750 nosce:
1771 5695 1935 5752 etiam
1982 5712 2071 5756 me

2684 1811 2688 1816 '
2769 1799 3110 1858 IDYLLIUM
3151 1799 3241 1855 IV.

2214 1915 2297 1972 Ad
2325 1925 2560 1989 nepotem
2587 1917 2878 1974 Ausonium
2906 1905 3260 1990 protrepticon
3287 1915 3354 1971 de
3388 1914 3570 1972 studio
3605 1916 3800 1988 puerili.

2459 1997 2747 2089 Δυεομιυέ
2770 2032 3048 2089 Hasrznto
3075 2030 3190 2102 ﬁlio
3211 2047 3306 2087 suo
3332 2030 3582 2086 salutem.

2285 2147 2570 2217 Libellum,
2593 2165 2748 2220 quem
2777 2149 2845 2203 ad
2872 2148 3177 2220 nepotulum
3197 2163 3370 2203 meum
3396 2147 3604 2202 sororis
3632 2155 3730 2201 tute
3754 2146 3811 2215 ﬁ-

2211 2240 2343 2295 lium
2363 2240 2531 2296 instar
2560 2239 2865 2310 protreptici
2887 2239 3140 2308 luserant,
3173 2249 3414 2295 venturus
3449 2239 3555 2308 ipsi
3597 2237 3810 2309 promisi

2210 2333 2502 2403 legendum.
2538 2331 2653 2387 Hoc
2677 2335 2812 2388 enim
2837 2333 3004 2388 malui
3030 2350 3185 2403 quant
3207 2333 3322 2405 ipse
3343 2334 3591 2409 recitare,
3619 2341 3747 2386 esset
3765 2339 3810 2384 ut

2209 2425 2302 2480 tibi
2329 2442 2547 2482 censura
2576 2426 2813 2497 liberior,
2841 2444 2956 2501 qua:
2987 2427 3188 2484 duabus
3235 2411 3406 2483 causis
3455 2426 3705 2500 impediri
3737 2443 3811 2480 so-

2208 2517 2322 2574 let:
2357 2519 2509 2587 Quod
2537 2521 2712 2575 aureis
2739 2531 2944 2577 nostras
2985 2521 3168 2576 audita
3208 2521 3438 2576 velocius
3481 2536 3647 2592 quam
3690 2520 3809 2575 lecta

2208 2619 2543 2682 praztereunt,
2574 2620 2622 2666 et
2651 2611 2794 2681 quod
2807 2594 3086 2667 sinceritas
3098 2611 3386 2685 judicandi
3429 2612 3715 2682 prtesentia
3739 2627 3809 2665 re-

2206 2702 2417 2758 citantis
2440 2713 2707 2758 oneratur.
2732 2703 2891 2758 Nunc
2921 2703 3014 2758 tibi
3043 2712 3319 2774 utrumque
3365 2705 3636 2776 integrum
3679 2704 3807 2776 (non

2205 2793 2373 2848 obstat
2399 2796 2562 2848 nostri
2583 2795 2944 2867 verecundia).
2977 2795 3085 2852 Sed
3107 2795 3235 2869 heus
3258 2806 3337 2864 tu,
3371 2797 3454 2863 ﬁli
3484 2797 3804 2864 dulcissime,

2204 2886 2370 2944 habeo
2399 2887 2542 2957 quod
2563 2888 2896 2958 admoneam,
2924 2889 2969 2944 si
2993 2905 3097 2957 qua
3137 2888 3227 2943 tibi
3248 2889 3414 2944 multo
3452 2891 3561 2945 sint
3590 2891 3804 2962 facetius

2206 2982 2542 3052 concinnata,
2567 2999 2724 3053 quam
2746 2983 2938 3049 verius,
2970 2991 3019 3038 et
3053 2983 3171 3055 plus
3212 2983 3422 3051 coloris,
3470 3000 3638 3054 quam
3684 2985 3805 3040 succi

2126 3067 2173 3132 C
2205 3073 2393 3130 habere
2414 3076 2709 3144 rideantur,
2732 3076 2844 3149 ipse
2873 3076 3042 3132 sciens
3059 3080 3226 3148 ﬂuere
3247 3079 3500 3148 permisi,
3543 3079 3802 3135 matula

2208 3176 2263 3221 ut
2287 3177 2453 3222 essent
2483 3168 2671 3241 magis,
2695 3185 2853 3241 quam
2881 3168 3152 3239 forticula,
3181 3171 3348 3226 instar
3377 3170 3668 3243 virginum,
3691 3190 3800 3244 quas

2206 3270 2398 3315 matres
2427 3261 2637 3317 student
2661 3259 3182 3330 demissis'ltumeris,
3203 3265 3400 3336 junceo
3428 3273 3644 3335 pectore
3670 3281 3798 3330 esse,

2206 3365 2262 3410 ut
2290 3356 2514 3428 graciles
2544 3359 2669 3412 sint.
2700 3357 2858 3413 Nosti
2879 3345 3088 3414 cetera.
3118 3358 3463 3431 Superest,ut
3478 3361 3650 3428 dicas,
3677 3361 3801 3430 Quid

2203 3449 2422 3504 moraris
2438 3450 2828 3521 judicationem
2850 3467 3015 3507 meam
3043 3451 3108 3507 de
3139 3468 3221 3518 eo,
3248 3453 3390 3524 quod
3418 3454 3534 3524 ipse
3577 3471 3801 3524 pronun-

2201 3541 2303 3597 tias
2328 3558 2437 3598 ease
2479 3543 2832 3599 mendosum?
2873 3541 3062 3599 Dicam
3103 3545 3326 3611 scilicet,
3379 3563 3464 3601 me
3505 3547 3800 3619 ἔδει]υωὶ

2199 3635 2431 3691 versibus
2451 3638 2582 3707 foris
2603 3636 2900 3693 erubescere
2927 3679 2944 3708 ,
2974 3638 3086 3694 haec
3106 3638 3259 3694 annis
3284 3640 3429 3694 illius
3461 3642 3634 3712 magis
3653 3657 3799 3713 quam

2198 3729 2324 3784 meis
2344 3730 2552 3804 scripsi,
2575 3741 2663 3786 aut
2685 3732 2907 3804 fortasse
2935 3740 2982 3790 et
3000 3734 3150 3800 meis,
3171 3733 3251 3796 δὶς
3273 3733 3464 3798 παῖδες
3484 3738 3532 3792 oi
3552 3740 3796 3813 γέροντες.

2197 3821 2281 3875 Ad
2301 3838 2574 3893 summam,
2611 3825 2780 3881 valeat
2805 3828 3095 3882 austeritas
3119 3836 3233 3896 tua,
3260 3828 3390 3883 mihi
3430 3846 3556 3884 cum
3605 3830 3798 3902 infante

2198 3916 2334 3971 ratio
2357 3928 2457 3973 est.
2495 3917 2641 3988 Vale,
2672 3919 2753 3990 ﬁli
2777 3918 3103 3977 dulcissime.

2271 4031 2413 4088 Sunt
2441 4032 2606 4089 etiam
2633 4033 2802 4090 Musis
2822 4050 2923 4091 sua
2953 4035 3199 4103 ludicra;
3231 4036 3392 4093 mista
3417 4037 3695 4096 Camenis

2198 4121 2320 4178 Otia
2346 4133 2493 4205 sunt,
2527 4125 2737 4182 mellite
2765 4141 2936 4196 nepos
2961 4141 2977 4193 ;
3004 4142 3106 4184 nec
3130 4143 3349 4199 semper
3368 4119 3561 4186 acerbi

2201 4213 2435 4270 Exercet
2457 4230 2657 4282 pueros
2679 4231 2783 4273 vos
2814 4216 3106 4288 imperiosa
3135 4221 3404 4292 magistri.

2198 4302 2306 4360 Sed
2335 4306 2527 4375 requie
2556 4306 2836 4378 studiique
2862 4308 3012 4366 vices
3034 4317 3148 4366 rata
3175 4320 3423 4382 tempora
3447 4325 3687 4371 servant.

2202 4395 2271 4452 Et
2296 4396 2430 4454 satis
2453 4408 2539 4455 est
2563 4415 2735 4471 puero
2764 4403 2995 4460 memori
3029 4403 3226 4475 legisse
3253 4404 3508 4463 libenter.

2117 4459 2175 4521 Β
2200 4489 2515 4550 Etcessare
2537 4459 2680 4551 licet.
2713 4494 2876 4552 Graio
2899 4459 3112 4554 Schol;
3130 4459 3524 4558 nomine
3550 4511 3655 4571 est,

2195 4583 2352 4641 Iusta
2385 4585 2697 4644 laboriferis
2727 4588 3035 4646 tribuantur
3073 4600 3130 4646 ut
3150 4591 3261 4648 otia
3291 4591 3476 4650 Musis.

2192 4674 2310 4745 Quo
2338 4679 2509 4750 magis
2537 4678 2810 4736 alternum
2831 4689 3019 4738 certus
3043 4682 3340 4741 succedere
3362 4684 3572 4756 ludum,

2196 4770 2357 4827 Disce
2379 4772 2571 4829 libens.
2604 4773 2850 4846 Longum
2875 4776 3182 4833 delenitura
3224 4777 3469 4838 laborem

2194 4862 2486 4920 Intervalla
2518 4864 2729 4922 damus.
2763 4865 3010 4924 Studium
3043 4869 3253 4941 puerile
3281 4870 3504 4940 fatiscit,

2193 4953 2342 5010 Laeta
2370 4956 2476 5012 nisi
2502 4959 2737 5015 austeris
2765 4960 3041 5018 varientur
3069 4963 3205 5020 festa
3233 4965 3511 5034 profestis.

2190 5046 2349 5102 Disce
2371 5047 2568 5119 libens,
2601 5053 2777 5109 tetrici
2802 5068 2904 5110 nec
2932 5055 3286 5126 praeceptoris
3323 5056 3572 5114 habenas

2192 5139 2498 5213 Detestare,
2533 5161 2723 5216 nepos.
2751 5146 3056 5222 Numquam
3082 5148 3304 5206 horrida
3325 5149 3500 5208 forma
3517 5155 3776 5228 magistri.

2187 5233 2286 5292 Ille
2308 5235 2435 5293 licet
2465 5239 2638 5295 tristis
2663 5242 2820 5299 senio
2837 5285 2851 5310 ,
2880 5258 2985 5299 nec
3010 5258 3146 5301 voce
3173 5258 3425 5314 serenus,

2187 5327 2396 5400 Aspera
2425 5342 2720 5390 contracta}
2747 5335 3030 5392 minitetur
3053 5337 3240 5408 jurgia
3276 5337 3493 5407 frontis,

2183 5418 2486 5492 Numquam
2519 5426 2769 5483 immanis
2801 5428 2909 5484 erit
2937 5429 3133 5500 placita
3165 5413 3518 5491 assuetudine
3537 5436 3738 5510 vultus,

2182 5513 2283 5581 Qui
2309 5518 2477 5574 semel
2502 5519 2780 5578 imbuerit.
2811 5521 2990 5595 Rogas
3023 5524 3255 5582 nutricis
3283 5527 3508 5600 amabit,

2180 5608 2282 5676 Qui
2310 5611 2510 5684 refugit
2529 5623 2783 5672 matrem.
2814 5618 3052 5690 Pappos,
3081 5622 3344 5695 aviasque
3375 5633 3669 5685 trementes

2176 5701 2508 5763 Anteferunt
2533 5708 2782 5779 patribus
2809 5710 2914 5768 seri
2945 5727 3087 5770 nova
3116 5728 3247 5771 cura
3273 5724 3524 5788 nepotes.

2652 6305 2719 6307 _
