3908 6324
408 200 411 201 ί
473 194 581 253 ass
1368 178 1371 181 ’
1871 187 2052 248 nec“
2092 142 2372 250 ausum"
2720 188 2731 197 '
3465 148 3473 161 ’
3686 193 3776 253 est

472 311 563 367 isti
601 310 776 380 utique
816 305 1191 365 etnnentinisti.
1248 303 1445 359 Treviri
1492 303 1683 374 quippe
1738 304 1793 358 in
1850 305 2078 359 triclinio
2108 307 2158 368 Α
2184 305 2496 374 Quasinter
2523 304 2730 361 medias
2760 305 2928 364 furva:
2959 305 3206 380 caliginis
3226 308 3480 369 umbram

476 402 629 463 onli
659 394 847 475 fucata
880 410 952 458 est
984 402 1199 471 pictura
1240 398 1351 453 [nec
1384 414 1403 453 :
1427 395 1737 471 cupidinem
1771 400 1914 453 rrttci
1962 401 2080 471 afﬁ-
2186 398 2417 470 Dispulit
2446 388 2787 457 inconsultus
2818 403 2985 459 Amor
3008 401 3371 462 stridentibus
3396 406 3533 463 alis.
3571 410 3575 413 ’

426 516 433 522 ·
483 511 614 574 gunt
646 500 880 554 mulieres
911 495 1208 558 amatrices,
1232 509 1337 547 non
1362 492 1477 548 istae
1516 478 1580 547 de
1621 501 1800 547 nostra
1839 497 2032 551 swcnlo
2058 534 2075 560 ,
2184 494 2472 564 Agnovere
2500 508 2692 550 omnes
2716 510 2943 568 puerum
2979 513 2993 550 :
3031 500 3378 571 memorique
3408 515 3642 557 recursu

484 605 809 671 qua:_sponte
833 598 1067 661 peccant,
1100 586 1192 643 sed
1215 586 1322 643 ίιιω
1347 588 1597 655 heroicae,
1630 602 1747 658 qua
1784 588 1884 643 sibi
1928 581 2027 661 igitt

2237 583 2539 644 ommunem
2568 603 2795 648 sensere
2809 607 2962 648 reum
2973 634 2986 658 ,
3003 607 3331 664 quamquam
3349 607 3381 650 ιι
3390 595 3573 654 umida
3586 596 3780 653 circum

485 698 653 752 scnnt,
681 696 727 740 et
748 674 980 754 plectunt
1006 682 1179 747 deum,
1204 695 1427 753 quarum
1457 690 1653 754 partem
1685 681 1741 736 in
1782 681 2080 754 lugentibus
2182 682 2378 740 Nubila
2410 693 2466 740 et
2493 686 2699 742 auratis
2728 686 2989 759 fulgentia
3020 689 3235 761 cingula
3255 688 3421 747 bullis
3441 735 3457 760 ,

482 781 678 854 corripis
703 775 855 831 Maro
878 765 1050 843 nocte}
1064 772 1351 857 enumerat.
1371 773 1530 831 Hanc
1552 790 1646 848 ego
1667 774 1945 848 imaginem
1964 790 2082 844 spe-
2187 779 2252 835 Et
2280 778 2618 852 pharetram,
2651 791 2708 838 et
2729 783 2909 851 rutila:
2931 782 3207 841 fuscarent
3231 784 3516 859 lampades
3555 788 3733 861 ignem
3764 806 3778 845 :

481 878 557 932 cie
581 884 629 931 et
665 880 965 946 argumento
1002 871 1227 925 miratus
1268 887 1403 927 sum.
1440 868 1675 942 Denique
1702 868 1934 923 mirandi
1961 878 2080 924 stn-
2184 870 2506 947 Agnoscunt
2535 886 2716 934 tamen
2752 890 2848 936 εει
2872 896 3070 937 vanum
3100 880 3317 938 γεω-πε
3343 884 3589 954 vigorem

487 984 661 1041 parem
686 965 931 1021 transtuli
979 964 1049 1018 ad
1097 964 1343 1037 ineptiam
1389 962 1657 1035 poetandi.
1714 961 1847 1016 Mihi
1892 972 2085 1051 prwter
2183 966 2848 1044 0ccipiunt:bOstemque
2879 989 3046 1028 unum
3076 973 3196 1030 loca
3216 967 3338 1030 'non
3377 990 3478 1032 sua
3528 987 3778 1046 nactum,

412 1076 419 1081 '
479 1066 666 1119 lemma
681 1053 813 1115 nihil
834 1058 1025 1132 placet.
1049 1057 1155 1114 Sed
1170 1057 1473 1137 commendo
1498 1055 1590 1110 tibi
1616 1071 1842 1111 errorem
1862 1072 2035 1111 meum
2060 1072 2080 1111 :
2185 1059 2320 1115 Cum
2357 1059 2537 1133 pigros
2565 1073 2752 1135 ageret
2772 1064 2940 1121 densa
2966 1066 3066 1123 sub
3091 1076 3252 1124 nocte
3281 1068 3526 1137 volatus,

479 1172 650 1213 nantes
676 1164 899 1218 nostros,
930 1161 977 1208 et
1000 1151 1268 1207 cicatrices
1314 1166 1582 1218 amamus;
1619 1166 1710 1204 nec
1758 1150 1858 1204 soli
1902 1158 2082 1204 nostra
2184 1153 2349 1217 Facta
2380 1154 2524 1210 nube
2556 1159 3221 1231 premunt;trcpidantem
3252 1161 3306 1218 et
3337 1177 3490 1219 cassa
3506 1173 3780 1235 parantem

476 1251 602 1305 uitio
632 1265 870 1321 peccasse
900 1246 1159 1319 contenti,
1190 1243 1498 1313 affectamus
1526 1255 1581 1299 ut
1597 1254 1854 1300 amentur.
1893 1243 2083 1299 Verum
2183 1245 2446 1317 Sullngia,
2482 1248 2537 1303 in
2566 1259 2774 1306 coetum
2807 1253 3002 1309 media:
3032 1265 3249 1311 traxere
3278 1266 3538 1313 catervae.

485 1344 613 1416 quid
642 1360 735 1415 ego
762 1342 886 1398 huic
912 1342 1103 1414 eclogas
1128 1340 1364 1396 studiose
1387 1336 1913 1411 patrocinor?Certus
1940 1334 2079 1406 sunt,
2188 1339 2427 1411 Eligitur
2456 1349 2654 1396 moesto
2679 1352 2892 1415 myrtus
2924 1345 3210 1402 notissima
3242 1347 3391 1414 luco,

484 1438 848 1509 qnodcumqtte
870 1450 1041 1490 meum
1068 1433 1266 1498 scieris,
1296 1431 1514 1499 amabis,
1545 1432 1693 1504 quod.
1710 1431 1874 1503 magis
1896 1446 2081 1502 spero,
2184 1433 2454 1493 Invidiosa
2479 1435 2640 1493 deum
2669 1439 2869 1509 plenis.
2895 1438 3245 1499 Cruciaverat
3273 1443 3385 1500 illic

484 1547 639 1604 quam
666 1539 721 1584 ut
746 1526 954 1583 laudes.
988 1526 1136 1595 Vale.
1170 1541 1233 1580 ac
1261 1525 1421 1597 dilige
1448 1524 1733 1611 ρανεηιιίηιτ
2048 1529 2052 1532 ⁴
2190 1532 2386 1603 Spreta
2417 1533 2546 1589 olim
2576 1549 2877 1591 memorem
2910 1535 3142 1593 Veneris
3171 1538 3504 1612 Proserpina
3552 1542 3778 1600 Adonin.

788 1620 791 1623 ’
1530 1694 1535 1697 ν
1827 1648 1830 1680 ;
2021 1675 2024 1679 .
2116 1693 2159 1704 _
2191 1628 2362 1700 Hujus
2389 1628 2443 1685 in
2469 1629 2696 1686 excelso
2723 1644 3053 1702 suspensum
3082 1632 3271 1702 stipite
3302 1633 3614 1704 Amorem,-
3670 1674 3673 1675 ν

558 1730 718 1787 Aeris
749 1729 802 1785 in
824 1727 1060 1799 campis,
1091 1736 1355 1784 memorat
1383 1741 1520 1799 quos
1546 1726 1694 1782 Musa
1719 1724 1952 1783 Maronis
1981 1770 1995 1793 ,
2114 1693 2165 1755 Β
2191 1725 2512 1782 Devinctum
2542 1734 2663 1795 post
2686 1733 2843 1798 terga
2859 1738 3077 1795 manus,
3107 1727 3514 1799 substrictaque
3559 1693 3749 1800 plantis

481 1826 723 1899 Myrtebs
752 1832 1001 1880 amentes
1028 1823 1122 1879 ubi
1151 1826 1307 1880 lucus
1332 1831 1531 1897 opacat
1551 1808 1826 1890 amantes,
2190 1819 2416 1875 Vincula
2444 1830 2790 1888 maerentem,
2823 1818 2977 1875 nullo
3005 1819 3376 1877 moderamine
3404 1836 3583 1891 ptenze

484 1920 646 1992 Orgia
672 1917 943 1975 ducebant
964 1915 1255 1985 Heroides,
1277 1926 1332 1974 et
1355 1931 1450 1972 sua
1482 1931 1737 1988 qumque,
2191 1910 2432 1984 Afligunt
2465 1929 2479 1965 :
2509 1927 2639 1967 reus
2667 1921 2753 1967 est
2780 1912 2901 1969 sine
2931 1912 3181 1981 crimine,
3210 1914 3399 1985 judice
3429 1915 3582 1971 nullo

454 2006 457 2009 ’
486 2013 558 2070 Ut
586 2011 861 2085 quondam
890 2010 1227 2080 occiderant,
1249 2010 1383 2067 letbi
1411 2019 1733 2082 argumenta
1755 2008 2047 2081 gerebant,
2191 2004 2493 2060 Accusatus
2516 2004 2706 2061 Amor.
2737 1995 2807 2061 Se
2833 2004 3067 2077 quisque
3091 2005 3387 2063 absolvere
3412 2008 3598 2078 gestit,

487 2107 750 2163 Errantes
774 2106 910 2162 silva
934 2104 989 2161 in
1030 2120 1248 2176 magna,
1272 2116 1328 2161 et
1357 2104 1458 2159 sub
1488 2104 1606 2159 luce
1634 2101 1865 2174 maligna
2191 2099 2508 2156 Transierat
2531 2109 2588 2157 ut
2621 2103 2867 2174 proprias
2897 2099 3073 2158 aliena
3102 2104 3153 2157 in
3181 2104 3411 2159 crimina
3439 2094 3646 2177 culpas.
3729 2091 3732 2093 λ

486 2201 636 2256 Inter
666 2199 1105 2272 arundineasque
1135 2212 1319 2254 comas
1340 2238 1356 2265 ,
1387 2182 1782 2268 gravidamque
1825 2203 2085 2267 papaver,
2189 2192 2413 2249 Cuncta:
2443 2195 2843 2263 exprobrantes
2874 2194 3088 2250 tolerati
3114 2195 3343 2267 insignia
3371 2197 3504 2253 lethi

484 2295 553 2351 Et
580 2297 771 2352 tacitos
801 2296 918 2351 sine
943 2294 1064 2350 labe
1089 2293 1263 2360 lacus,
1294 2292 1415 2348 sine
1445 2305 1722 2348 murmure
1744 2290 1890 2345 rivos
1923 2307 1937 2343 :
2191 2286 2518 2357 Expedinnt.
2553 2285 2679 2341 ":00
2710 2302 2864 2342 arma
2893 2291 3108 2358 puumt,
3134 2287 3253 2345 haec
3284 2288 3422 2344 ultio
3452 2290 3644 2368 dulcis,
3727 2281 3737 2287 ”

486 2390 725 2457 Quorum
749 2403 845 2458 per
872 2388 1020 2459 ripas
1045 2387 1308 2443 nebuloso
1334 2384 1537 2441 lumine
1566 2392 1816 2455 marcent
2192 2380 2265 2438 Ut
2291 2396 2401 2452 quo
2427 2395 2658 2460 quaeque
2691 2379 2873 2451 periit,
2907 2380 3124 2437 studeat
3146 2382 3344 2453 punire
3364 2380 3582 2440 dolere.

486 2481 626 2538 Fleti
652 2481 780 2536 olim
812 2495 1001 2550 regum
1030 2489 1084 2535 et
1114 2494 1405 2550 puerorum
1437 2479 1657 2533 nomina
1680 2476 1901 2546 liores“
2062 2500 2063 2503 η
2160 2536 2166 2545 ,
2194 2474 2323 2530 Haec
2347 2474 2602 2546 laqueum
2636 2482 2813 2545 tenet,
2845 2474 2962 2531 haec
2984 2476 3223 2547 speciem
3260 2478 3541 2535 mucronis
3580 2480 3775 2535 inanem

489 2577 719 2635 Mirator
746 2575 1056 2645 Narcissus;
1087 2584 1142 2631 et
1168 2569 1463 2631 (Ebalides
1486 2566 1843 2647 Hyacinthus,
2197 2567 2434 2639 Ingerit:
2469 2566 2559 2622 illa
2589 2582 2754 2623 cavos
2781 2582 2992 2632 amnes,
3028 2584 3330 2639 rupemque
3358 2568 3660 2640 fragosam,

491 2670 562 2726 Et
588 2667 793 2727 Crocus
821 2667 1186 2731 auricomans,
1221 2673 1276 2722 et
1304 2668 1514 2722 murice
1545 2665 1722 2736 pictus
1750 2666 1979 2735 Adonis,
2120 2651 2124 2655 ’
2197 2658 2491 2730 lnsaniqne
2522 2673 2726 2715 metunt
2754 2661 2949 2731 pelagi,
2980 2669 3029 2715 et
3056 2662 3174 2716 sine
3200 2660 3460 2717 ﬂuctibus
3487 2679 3685 2734 :rquor.

491 2765 558 2820 Et
580 2764 786 2834 tragico
810 2761 1043 2832 scriptus
1064 2762 1265 2832 gemitu
1286 2756 1619 2816 Salaminius
1648 2759 1801 2816 IEas.
2196 2753 2478 2809 Nonnulla:
2510 2753 2757 2811 flammas
2785 2755 3053 2822 quatiunt,
3091 2755 3418 2824 trepidoque
3451 2758 3716 2812 minantur

487 2856 681 2911 Omnia
709 2864 832 2927 qua;
856 2854 1113 2927 lacrymls
1135 2863 1191 2910 et
1212 2848 1489 2909 amoribus
1511 2851 1672 2909 anxia
1700 2855 1911 2910 mmstis
2196 2846 2503 2901 Stridentes
2534 2845 2686 2927 nullo
2711 2847 2833 2915 igne
2856 2846 3021 2921 faces.
3062 2846 3344 2903 Rescindit
3369 2850 3613 2904 adultum

486 2950 762 3025 Exercent
788 2950 1059 3004 memores
1084 2946 1230 3003 obita
1258 2946 1370 3018 jam
1401 2954 1576 3002 marte
1605 2942 1851 3009 doleres,
2194 2941 2405 3013 Myrrha
2429 2949 2641 2996 uterum
2668 2941 2922 3012 lacrymis
2945 2940 3291 3010 lugentibus:
3316 2941 3486 3013 inque
3509 2950 3770 3014 paventem

489 3042 699 3097 Rursus
726 3031 779 3109 in
812 3039 1071 3097 amissum
1096 3041 1359 3096 revocant
1383 3040 1646 3096 lleroidas
1670 3052 1871 3094 aevum.
2066 3032 2067 3035 “
2123 3087 2165 3109 η
2198 3034 2455 3090 Gcmmea
2487 3032 2707 3088 [letiferi
2734 3034 3011 3103 jaculatur
3039 3034 3260 3089 succina
3290 3037 3495 3091 trunci.

492 3135 802 3190 Fulmian
828 3134 1046 3191 Semele
1072 3135 1297 3205 decepta
1321 3138 1586 3204 puerpera
1622 3146 1806 3203 partus
2122 3126 2167 3150 υ
2199 3127 2458 3207 Quaedam
2492 3126 2866 3198 ignoscentum
2901 3126 3085 3196 specie
3114 3128 3351 3183 ludibria
3383 3139 3616 3197 tantum

489 3207 677 3294 Deﬂct,
709 3240 759 3283 et
788 3236 1070 3283 ambustus
1094 3228 1346 3281 lacerans
1376 3233 1473 3295 per
1497 3216 1679 3282 inania
1709 3240 1878 3280 cunas
1958 3282 1961 3283 ν
2200 3220 2327 3277 Sola
2354 3220 2539 3274 volunt
2567 3238 2582 3275 :
2615 3221 2791 3291 stylus
2818 3229 2875 3273 ut
2904 3223 3079 3275 tenuis
3104 3221 3207 3276 sub
3235 3223 3493 3279 acumine
3520 3223 3695 3292 puncti

493 3321 731 3378 Ventilat
760 3322 1010 3393 ignarum
1042 3297 1281 3377 elnmlatl
1307 3321 1552 3376 fulminis
1582 3320 1784 3391 ignem.
1964 3328 1967 3331 ‘
2199 3314 2401 3368 Eliciat
2433 3323 2701 3377 tenerum,
2736 3312 2805 3369 de
2833 3329 2942 3383 quo
2973 3313 3115 3368 Rosa
3152 3327 3303 3379 nata,
3338 3331 3614 3371 cruorem.

490 3414 644 3469 Irrita
668 3416 808 3470 dona
836 3418 1099 3485 querens,
1139 3424 1271 3469 sexu
1302 3415 1487 3485 gavisa
1512 3415 1675 3480 virm,
2200 3406 2308 3461 Aut
2334 3406 2463 3475 pubi
2492 3404 2822 3460 admoveant
2851 3406 3146 3478 petulantia
3178 3406 3384 3461 lumina
3416 3408 3619 3481 lychni.

494 3509 685 3565 Moeret
707 3509 757 3561 in
786 3512 1067 3579 antiquam
1094 3507 1274 3563 (ἶωιιίε
1297 3509 1551 3564 revincam
1579 3512 1823 3579 ﬁguram,
2200 3499 2319 3568 lpsa
2350 3500 2513 3554 etiam
2547 3498 2971 3569 similigenitrix
3008 3500 3240 3554 obnoxia
3266 3500 3443 3573 culpa:

500 3602 733 3663 Vulnera
766 3603 936 3656 struit
959 3598 1136 3657 adhuc
1168 3600 1386 3658 Procrls
1414 3620 1427 3656 :
1456 3603 1789 3674 Cepltalique
1811 3607 2092 3659 cruentam
2199 3594 2357 3648 Alma
2392 3593 2569 3649 Venus
2601 3603 2780 3648 lautos
2812 3603 3060 3663 penetrat
3090 3601 3282 3649 secura
3320 3595 3611 3653 tumultus.

494 3696 677 3767 Diligit
708 3703 764 3752 et
795 3706 1048 3766 percussa
1079 3708 1321 3751 manum.
1355 3698 1485 3753 Fert
1506 3696 1708 3753 fumida
1738 3709 1876 3754 testa
2200 3687 2308 3742 Nec
2335 3688 2712 3742 circumvento
2742 3701 3047 3758 properans
3075 3686 3336 3759 sull‘ragia
3366 3698 3496 3744 nato

476 3788 721 3844 Lumina
750 3789 993 3844 Sestiaca
1024 3806 1266 3859 praeceps
1292 3791 1363 3846 de
1393 3800 1543 3847 turre
1575 3794 1776 3863 puella.
2199 3782 2487 3837 Terrorem
2518 3782 2836 3851 ingeminat,
2866 3782 3215 3854 stimulisque
3245 3784 3502 3845 accendit
3528 3784 3719 3839 amaris

494 3883 661 3938 Et‘de
683 3882 940 3938 ιιίηιιιοςο
968 3882 1165 3938 saltum
1199 3882 1435 3940 Leucate
1461 3887 1705 3940 minam.-
2197 3875 2481 3959 Ancipites
2510 3875 2677 3931 furias
2712 3894 2724 3931 :
2758 3876 2979 3947 natique
3005 3876 3060 3931 in
3090 3876 3327 3941 crimina
3354 3878 3569 3934 confert

494 3975 731 4034 Mascula
763 3976 1044 4033 Lesbiucis
1065 3976 1291 4048 Sappho
1316 3978 1555 4051 peritura
1586 3981 1823 4051 saginis,
2201 3969 2445 4051 Dedecus
2473 3969 2589 4041 ipsa
2621 3985 2777 4025 suum
2814 3988 2827 4024 :
2860 3970 3003 4042 quod
3033 3970 3249 4026 vincula
3282 3987 3427 4027 czrea
3458 3973 3636 4028 mariti

496 4070 806 4125 Harmoniae
828 4069 1010 4126 cultus
1041 4068 1308 4142 Eripher
1338 4082 1531 4127 moesta
1566 4082 1799 4141 recusat,
1944 4080 1947 4082 ·
2191 4063 2481 4143 Deprensa
2506 4063 2744 4119 Mavorte
2772 4065 2897 4119 tulit
2932 4081 2944 4117 :
2976 4063 3118 4135 quod
3151 4064 3299 4135 pube
3326 4064 3578 4137 pudenda

490 4162 683 4220 Infelix
713 4172 867 4229 nato,
900 4178 1001 4219 nec
1027 4163 1303 4220 fortunata
1333 4165 1549 4222 marito,
2198 4155 2622 4226 Hellespontiaci
2653 4155 2862 4212 ridetur
2889 4155 3061 4211 forma
3094 4156 3305 4227 Priapi.

494 4256 628 4313 Tuta
659 4272 877 4329 quoque
905 4257 1072 4317 aeria:
1094 4258 1293 4315 Minoia
1326 4257 1507 4315 fabula
1529 4257 1733 4329 Crono,
2195 4250 2350 4318 Quod
2378 4251 2614 4307 crudelis
2641 4250 2825 4323 Eryx;
2858 4250 3003 4321 quod
3033 4250 3258 4306 semivir
3286 4248 3777 4323 Hermaphroditus.

494 4350 833 4409 Picturarum
856 4350 1025 4406 instar
1048 4350 1198 4406 tenui
1222 4351 1323 4407 sub
1352 4352 1587 4424 imagine
1614 4334 1811 4417 vibrat.
2198 4349 2308 4405 Nec
2335 4349 2471 4403 satis
2500 4350 2553 4403 in
2582 4347 2791 4404 verbis.
2825 4348 3005 4403 llosco
3037 4347 3217 4403 Venus
3245 4363 3409 4404 aurea
3438 4356 3590 4405 serto

496 4442 766 4512 Pasiphae
788 4443 930 4499 nivei
952 4434 1198 4516 sequitur
1224 4446 1448 4517 vestigio
1478 4449 1638 4504 tauri.
2120 4482 2175 4544 Β
2202 4444 2521 4501 Mcercntcm
2550 4443 2726 4514 pulsat
2756 4458 3005 4514 puermn,
3034 4451 3092 4500 et
3116 4441 3365 4515 graviora
3396 4451 3699 4513 paventem.

497 4539 647 4595 Licia
672 4538 776 4594 fert
798 4538 1098 4609 glomerata
1128 4542 1291 4596 manu
1322 4542 1540 4598 deserta
1570 4544 1828 4600 Ariadne.
2123 4538 2161 4544 ⁷
2199 4539 2306 4594 Olli
2337 4553 2667 4611 purpureum
2699 4538 2934 4593 mulcato
2964 4552 3197 4609 corpore
3226 4551 3410 4593 rorem

496 4630 742 4702 Βυειιίεἰι
766 4630 1006 4702 abiectas
1036 4631 1336 4703 deSperans
1358 4633 1583 4691 thdra
1613 4637 1858 4694 tabellas.
1916 4670 1923 4676 η
2200 4633 2391 4691 Sutilis
2421 4633 2690 4704 expressit
2710 4631 2913 4687 crebro
2944 4646 3069 4687 rosa
3102 4631 3334 4686 verbere
3367 4648 3380 4684 :
3410 4644 3557 4701 quae,
3583 4630 3689 4699 jam

494 4724 625 4781 Haec
656 4724 906 4795 laqueum
930 4723 1070 4796 gerit
1100 4740 1114 4779 :
1146 4723 1266 4781 haec
1292 4739 1447 4781 venae
1471 4727 1760 4785 simulacra
1787 4746 2007 4787 coronae
2040 4748 2055 4786 :
2199 4726 2387 4782 Tincta
2420 4729 2590 4796 prius,
2621 4726 2785 4781 traxit
2813 4724 3029 4779 rutilum
3064 4724 3236 4793 magis
3268 4724 3423 4793 ignea
3457 4722 3652 4778 fucum.

496 4816 751 4883 Dmdalias
785 4816 952 4888 pudet
982 4816 1124 4873 banc
1152 4816 1391 4873 latebras
1418 4819 1651 4876 subiisse
1669 4822 1947 4892 juvenem.
2200 4818 2328 4874 Inde
2359 4830 2539 4874 truces
2570 4818 2818 4873 cecidere
2847 4817 3006 4870 minas
3038 4831 3055 4871 ς
3082 4815 3431 4887 vindiCIaque
3458 4813 3634 4883 major

493 4915 803 4985 Prtereptas
827 4914 1077 4984 queritur
1107 4929 1205 4985 per
1232 4913 1411 4970 inania
1434 4914 1631 4986 gaudia
1656 4926 1843 4971 noctes
2200 4917 2443 4973 Crimine
2469 4916 2589 4971 visa
2610 4930 2733 4983 suo,
2764 4914 3030 4970 Venerem
3066 4897 3271 4968 factura
3305 4924 3616 4967 nocentem.

492 5007 789 5064 Laodamia
817 5007 951 5064 duas
977 5008 1086 5064 vivi
1104 5008 1388 5079 functique
1418 5010 1622 5065 mariti.
1978 5078 1981 5079 ν
2129 5036 2133 5040 -
2202 5009 2336 5080 Ipsm
2366 5010 2714 5066 intercedunt
2744 5007 3028 5075 Heroides,
3057 5017 3113 5061 et
3137 5022 3233 5061 sua
3258 5020 3489 5078 qumque

490 5103 654 5159 Parte
685 5110 867 5160 truces
899 5102 1002 5158 alia
1032 5100 1240 5158 strictis
1264 5101 1623 5158 mucronibus
1652 5117 1847 5159 omnes
2201 5106 2413 5161 Funera
2440 5104 2645 5160 crudeli
2675 5104 2889 5159 malunt
2915 5102 3189 5158 ascribere
3213 5088 3352 5155 fato.

492 5195 564 5250 Et
591 5194 815 5267 Thisbe,
847 5204 904 5253 et
928 5196 1161 5266 Canace,
1192 5206 1249 5254 et
1278 5197 1499 5253 Sidonis
1532 5180 1715 5254 horret
1752 5199 1947 5255 Elissa.
2201 5197 2335 5252 Tum
2368 5204 2553 5273 grates“
2580 5197 2665 5265 pia
2696 5206 2872 5252 mater
2898 5195 3004 5265 agit
3036 5193 3278 5249 cessisse
3306 5194 3580 5258 dolentes,

494 5287 756 5357 Coniugis
774 5286 912 5357 δερ,
929 5289 1045 5346 haec
1070 5290 1863 5363 patris,cthtecgerithospitis
1878 5306 2091 5349 ensem.
2202 5290 2268 5345 Et
2290 5290 2623 5346 condonatas
2650 5305 2820 5361 puero
2843 5288 3121 5345 dimittere
3152 5288 3361 5358 culpas.

493 5379 652 5436 Errat
677 5390 731 5435 et
752 5382 864 5449 ipsa
890 5381 1042 5450 olim,
1070 5373 1247 5454 qualis
1278 5399 1376 5455 per
1406 5385 1615 5441 Latmia
1643 5401 1774 5443 saxa
1844 5410 1851 5413 -
2270 5383 2421 5438 Talia
2465 5382 2745 5440 nocturnis
2769 5383 2898 5439 olim
2930 5379 3221 5438 simulacra
3256 5380 3442 5452 figuris

485 5470 901 5543 Endymioneos
928 5476 1087 5530 solita
1116 5477 1375 5533 atl‘ectare
1402 5493 1653 5552 sopores,
2198 5475 2468 5533 Exercent
2495 5478 2759 5546 trepidam
2785 5490 2941 5533 casso
2969 5486 3177 5551 terrore.
3206 5475 3467 5546 quietem,

491 5561 627 5619 Cum
656 5564 796 5631 face,
822 5575 881 5622 et
908 5568 1175 5640 astrigero
1201 5565 1504 5627 diademate
1532 5572 1684 5630 Luna
1717 5574 1977 5630 bicornis.
2196 5570 2326 5638 Quae
2356 5581 2639 5643 postquam
2668 5573 2838 5627 multa
2867 5587 3158 5643 perpessus
3188 5579 3349 5627 nocte
3371 5568 3576 5640 Cupido

486 5656 716 5713 Centum
750 5659 876 5719 aliae
898 5668 1145 5717 veterum
1170 5663 1471 5721 recolentes
1493 5666 1718 5723 vulnera
1741 5682 2010 5736 amorum,
2098 5654 2099 5657 “
2198 5666 2423 5737 Effugit;
2450 5669 2601 5739 pulsa
2630 5667 2845 5723 tandem
2876 5669 3111 5739 caligine
3138 5669 3319 5731 somni

491 5747 746 5811 Dulcibus
777 5764 832 5812 et
860 5755 1070 5819 mmstis
1098 5754 1345 5820 refovcnt
1376 5770 1642 5819 tormenta
1673 5762 1935 5834 querelis.
2198 5763 2391 5820 Evolat
2420 5762 2483 5821 ad
2515 5778 2769 5836 superos,
2803 5774 3066 5841 portaque
3095 5764 3279 5829 evadit
3306 5759 3530 5821 eburna.

3580 6022 3871 6223 at
