3884 6324
79 267 181 325 88ἷὶ

639 381 966 440 IDYLLIUM
1017 382 1132 441 VII.

764 497 992 552 Bissula.

393 618 400 630 '
433 615 700 672 Ausoutus
741 615 926 670 PAULO
965 631 1058 669 suo
1097 615 1333 668 salutem.

156 729 432 784 I’ervincis
467 741 657 794 tamen,
689 736 738 782 et
766 738 944 800 Operta
969 727 1242 782 Musarum
1265 745 1495 782 mearum
1521 769 1535 794 ,
1558 727 1684 800 'qua:

82 824 357 877 initiorum
400 824 604 877 velabat
627 822 951 890 obscuritas,
997 839 1308 893 quamquam
1362 839 1464 877 non
1505 824 1684 895 profa-

81 935 173 971 nus
201 917 482 986 irrumpis,
519 915 686 969 Paule
717 916 1038 970 cltarissime.
1085 916 1327 984 Quamris
1348 917 1482 970 enim
1504 926 1551 970 te
1578 933 1681 972 non

78 1003 188 1083 ejus
219 1012 372 1082 vulgi
399 1011 710 1078 existimem,
750 1011 892 1080 quod
936 1008 1196 1065 Horatius
1227 1020 1364 1066 arcet
1396 1013 1635 1084 ingressu
1661 1054 1676 1078 ,

77 1115 246 1159 tamen
277 1121 380 1158 sua
406 1105 590 1173 cuique
616 1120 787 1158 sacra.
819 1103 930 1157 Nec
951 1105 1088 1158 idem
1115 1103 1288 1160 Cereri
1305 1107 1445 1176 quod
1471 1106 1676 1175 Libero,

77 1203 233 1254 etiam
260 1200 360 1254 sub
384 1200 564 1254 iisdem
595 1198 898 1253 cultoribus.
929 1197 1176 1253 Poemata
1200 1216 1315 1268 aute
1332 1201 1386 1254 in
1411 1202 1678 1255 alumnam

77 1309 239 1346 meam
255 1293 506 1359 luserant,
525 1292 678 1345 rudia
705 1300 753 1346 et
775 1290 1018 1345 inchoata
1037 1294 1106 1345 ad
1120 1292 1410 1348 domestica:
1435 1294 1680 1350 solatium

75 1388 371 1451 cantilenae,
407 1403 521 1440 cum
541 1387 652 1440 sine
676 1395 817 1441 metu
847 1395 894 1440 et
919 1403 1114 1441 arcana
1135 1390 1408 1462 securitate
1437 1392 1675 1460 [rueren-

75 1489 177 1544 tur,
201 1480 446 1550 proferre
473 1479 543 1532 ad
563 1477 732 1532 lucem
757 1478 1042 1553 caligantia
1065 1481 1273 1551 coegisti
1299 1497 1318 1536 :
1355 1482 1676 1536 rerecundire

74 1590 196 1628 mea:
222 1573 424 1626 scilicet
456 1573 682 1640 spolium
714 1573 1039 1643 concupisti,
1086 1582 1177 1626 aut
1204 1583 1455 1643 quantunt
1499 1575 1588 1628 tibi
1616 1576 1671 1628 in

74 1681 148 1718 me
164 1667 310 1736 juris
333 1675 466 1719 esset
493 1665 556 1717 ab
578 1665 736 1718 invito
761 1667 1006 1719 indicari.
1037 1665 1138 1721 Na:
1157 1675 1212 1720 tu
1230 1666 1517 1722 Alexandri
1544 1667 1668 1722 Ma-

74 1759 279 1810 cedonis
307 1758 654 1834 pervicaciam
681 1774 1051 1828 supergressus
1077 1800 1090 1823 ,
1120 1761 1206 1828 qui
1235 1759 1416 1828 fatalis
1437 1761 1562 1832 jugi
1594 1761 1671 1815 lo-

72 1869 148 1916 ra,
175 1869 295 1904 cum
323 1853 524 1906 solvere
545 1867 645 1904 non
667 1861 858 1922 posset,
883 1852 1124 1920 abscidit,
1154 1865 1198 1906 et
1215 1851 1424 1924 Pythiae
1437 1871 1665 1924 specum,

73 1946 205 2017 quod
229 1947 384 2016 nefas
411 1955 520 2000 erat
547 1956 737 2015 petere,
768 1948 1076 2016 penetravit.
1106 1946 1263 2001 Utere
1287 1948 1447 2016 igitur
1477 1957 1530 2001 ut
1571 1950 1671 2005 tuis

77 2039 193 2108 pari
209 2041 364 2111 jure,
389 2039 480 2093 sed
506 2039 698 2109 ﬁducia
725 2038 947 2106 dispari.
985 2039 1187 2110 Quippe
1207 2037 1297 2093 tua
1327 2051 1539 2109 possunt
1576 2057 1670 2112 po-

73 2132 250 2202 pulum
279 2149 390 2187 non
419 2134 618 2200 timere,
647 2133 774 2186 meis
800 2133 952 2186 etiam
982 2134 1118 2186 intra
1137 2147 1215 2185 me
1242 2130 1500 2187 erubesco.

140 2271 206 2328 Ut
235 2271 482 2338 voluisti,
507 2271 691 2336 Paule,
724 2277 952 2325 cunctos
980 2269 1208 2325 Bissulte
1235 2284 1426 2326 versus
1454 2270 1620 2328 babes
1648 2288 1664 2330 :

71 2363 322 2418 Lusimus
351 2378 490 2435 quos
519 2363 570 2418 in
605 2363 795 2419 Sueva:
822 2360 1050 2432 gratiam
1094 2361 1448 2430 virgunculae,

69 2458 241 2513 Otium
274 2459 451 2528 magis
482 2456 755 2524 foventes,
787 2471 950 2526 quam
978 2454 1260 2510 studentes
1287 2455 1520 2527 gloria}

70 2555 143 2608 'l‘u
177 2552 447 2608 molestus
475 2551 744 2621 ﬂagitator
773 2550 892 2619 lege
921 2549 1152 2604 molesta
1182 2550 1445 2605 carmina.

68 2645 217 2713 Tibi,
257 2645 406 2716 quod
451 2641 684 2710 intristi,
716 2639 1054 2696 exedendum
1097 2651 1212 2707 est;
1245 2641 1324 2698 sic
1356 2652 1515 2705 vetus
1540 2660 1662 2701 ver-

197 2726 204 2731 ’
1226 2734 1374 2806 [bum
1398 2735 1585 2805 jubet;

69 2828 392 2900 Compedes,
423 2842 557 2899 quas
588 2827 704 2897 ipse
735 2825 884 2891 fecit,
914 2824 1061 2895 ipsus
1088 2834 1149 2880 ut
1177 2835 1354 2896 gestet
1381 2826 1549 2882 faber.

485 2965 566 3018 Ad
602 2965 840 3018 lectorem
866 2962 1025 3032 hujus
1053 2961 1232 3018 libelli.

67 3085 330 3141 Carminis
358 3081 625 3152 incompti
654 3090 868 3137 tenuem
901 3079 1108 3135 lecture
1138 3079 1403 3150 libellum,

134 3179 278 3234 Pene
311 3176 689 3247 supercilium.

67 3273 213 3329 Seria
239 3272 539 3327 contractis
565 3269 809 3340 expende
842 3275 1086 3340 poemata
1119 3269 1288 3339 rugis.

131 3365 234 3421 Nos
264 3362 570 3435 Thymelen
597 3361 897 3432 sequimur.

69 3459 266 3514 Bissnla
291 3459 346 3512 in
381 3456 486 3511 boc
515 3454 738 3510 schedio
768 3453 1098 3518 cantabitur,
1127 3462 1219 3507 aut
1246 3454 1524 3510 Erasinus.

133 3550 436 3613 Admoneo,
462 3556 586 3602 ante
613 3546 784 3601 bibas.

68 3643 264 3711 Jejnnis
295 3642 371 3697 nil
403 3640 606 3709 scribo,
637 3655 818 3696 meum
853 3644 976 3708 post
1004 3639 1195 3708 pocula
1224 3639 1269 3693 si
1299 3640 1420 3709 quis

135 3733 366 3804 Legerit,
403 3731 492 3786 hic
522 3731 718 3802 sapiat.

70 3824 168 3879 Sed
196 3824 368 3895 magis
402 3824 492 3878 hic
522 3823 724 3893 sapiet,
753 3821 796 3875 si
824 3819 1060 3876 dormiet
1093 3839 1105 3875 :
1139 3829 1192 3876 et
1225 3830 1377 3891 putet
1408 3822 1508 3876 ista

135 3920 352 3976 Somnia
381 3919 548 3975 missa
581 3919 706 3976 sibi.

75 4057 165 4112 Ubi
205 4066 328 4113 nata
369 4057 436 4112 sit
481 4055 711 4124 Bissula,
756 4065 803 4109 et
841 4055 1096 4138 quomodo
1134 4054 1188 4109 in
1227 4070 1411 4109 manus
1457 4054 1656 4110 domini

750 4136 961 4182 venerit.

75 4243 266 4298 Bissula
294 4251 446 4298 trans
468 4238 704 4313 gelidum
727 4243 895 4311 stirpe
917 4249 970 4297 et
994 4241 1108 4297 lare
1138 4241 1652 4311 prosatalthenum,

135 4335 357 4390 Conscia
388 4335 662 4390 nascentis
688 4334 901 4388 Bissula
937 4332 1190 4398 Danubii,

77 4425 228 4497 Capta
258 4443 446 4493 manu,
478 4427 572 4481 sed
603 4429 762 4481 missa
795 4443 980 4494 manu,
1011 4427 1322 4482 dominatur
1351 4426 1402 4479 in
1433 4425 1549 4494 ejus

142 4519 372 4585 Deliciis,
405 4519 563 4590 cujus
591 4519 780 4575 bellica
812 4519 992 4590 praeda
1023 4519 1142 4572 fuit.

77 4609 230 4668 Matre
258 4627 476 4678 carens,
512 4613 742 4667 nutricis
781 4628 964 4683 egens,
997 4613 1222 4669 nescivit
1254 4614 1404 4668 herai
1439 4678 1441 4680 _

141 4706 912 4777 lmperinm._.-.........

78 4795 314 4853 Fortunae
347 4813 413 4853 ac
445 4798 636 4868 patrue
665 4813 783 4868 quzc
810 4798 953 4852 nulla
986 4800 1276 4869 approbria
1309 4799 1502 4864 sensit,

142 4888 280 4944 Illico
308 4891 597 4960 inexperto
630 4890 794 4944 libera
827 4891 1073 4945 servitio.

80 4978 158 5034 Sic
184 4980 350 5036 Latiis
382 4981 796 5045 mutata-bonis,
829 4982 1095 5038 Germana
1126 4997 1373 5041 maneret

143 5070 205 5126 Ut
233 5072 418 5142 facies,
454 5074 642 5128 oculos
670 5076 895 5140 cmrula,
927 5076 1062 5129 ﬂava
1092 5090 1295 5132 comas.

77 5164 376 5235 Ambignam
420 5166 582 5221 modo
617 5167 792 5237 lingua
825 5169 970 5233 facit,
1005 5171 1164 5224 modo
1193 5171 1364 5228 forma
1395 5174 1649 5244 puellam,

142 5255 259 5312 llzec
283 5258 478 5314 Rheno
503 5261 740 5330 genitam
775 5260 1050 5330 praedicat,
1087 5262 1201 5315 haac
1232 5262 1402 5317 Latio.

581 5393 660 5445 De
698 5395 876 5449 eadem
906 5396 1130 5451 Bissula.

143 5501 414 5571 Delicium,
451 5506 747 5571 blanditia},
780 5508 956 5574 ludus,
989 5526 1160 5577 amor,
1196 5513 1466 5583 voluptas,

84 5595 444 5666 Barbara,l’sed
473 5616 593 5669 quin
622 5601 803 5655 Latias
834 5603 1009 5656 vincis
1039 5604 1254 5659 alumna
1286 5622 1474 5677 papas,

86 5689 279 5746 Bissula
306 5707 500 5748 nomen
537 5703 734 5748 lenerle
763 5695 1082 5750 rusticulum
1113 5699 1330 5767 puellae,
1573 5771 1579 5774 _

93 5782 418 5854 llorridulum
449 5801 560 5844 non
593 5787 790 5858 solitis,
823 5788 917 5846 sed
950 5791 1172 5851 domino
1203 5804 1508 5854 venustum.

1578 269 1876 330 IDYLLIA.

3291 276 3398 337 886

2090 389 2170 442 Ad
2196 387 2458 462 pictorem,
2494 389 2555 444 de
2585 389 2806 448 Bissula:
2828 390 3071 463 imagine.

1859 502 2067 560 Bissnla
2095 521 2195 567 nec
2225 507 2383 570 ceris,
2418 522 2518 564 nec
2549 508 2670 564 fuco
2701 510 2982 565 imitabilis
3011 509 3148 578 ullo,

1787 593 2036 652 Naturale
2066 597 2230 653 decus
2261 601 2397 661 fictae
2418 616 2520 655 non
2552 603 2862 656 commodat
2892 605 3021 659 arti.

1786 686 2034 759 Sandyx,
2064 700 2118 744 et
2145 706 2386 757 cerussa,
2422 695 2557 748 alias
2585 695 2835 750 simulate
2863 697 3092 765 puellas,

1786 779 2130 849 Temperiem
2149 781 2289 837 hanc
2312 784 2492 838 'vultus
2506 789 2674 841 nescit
2691 791 3373 863 manus,ergoage,piclor,

1785 872 2054 928 Puniceas
2083 875 2355 930 contende
2384 892 2567 946 rosas,
2601 887 2653 934 et
2682 881 2794 934 lilia
2827 882 3018 938 misce.

1785 965 1994 1038 Quique
2018 967 2122 1023 erit
2148 984 2214 1023 ex
2241 969 2346 1024 illis
2370 969 2522 1025 color
2550 972 2714 1039 aeris,
2744 974 2862 1043 ipse
2893 976 2964 1030 sit
2993 976 3122 1032 oris.

2393 1085 2475 1138 Ad
2515 1087 2770 1142 eumdem.

1786 1193 2017 1265 Pingere
2043 1183 2089 1250 si
2116 1205 2356 1251 nostram
2389 1199 2565 1268 pictor
2597 1199 2877 1256 meditaris
2904 1201 3200 1266 alumnam,

1856 1287 2070 1342 [Emula
2097 1289 2381 1361 Cecr0pias
2412 1306 2500 1346 ars
2530 1292 2770 1349 imitetur
2798 1309 2946 1365 apes.

2316 1407 2647 1467 IDYLLIUM
2701 1411 2838 1467 VIII.

1780 1520 2023 1576 Precatio
2066 1523 2279 1599 Ausonii
2325 1528 2552 1581 consulis
2591 1528 2874 1597 designati,
2923 1530 3090 1599 pridie
3133 1530 3380 1588 kalendas

2199 1596 2442 1652 Januarii
2482 1596 2709 1668 fascibus
2735 1596 2977 1670 sumptis.

1849 1711 2002 1780 Jane,
2027 1715 2152 1770 veni
2187 1733 2198 1769 :
2225 1729 2406 1769 novus
2436 1729 2595 1780 anne,
2624 1716 2778 1771 veni:
2811 1726 3070 1774 renovate
3099 1718 3377 1786 veni,Snl,

1699 1787 1748 1850 Β
1775 1803 2030 1860 Consulis
2059 1807 2279 1861 Ausonii
2308 1807 2516 1861 Latiam
2542 1808 2727 1863 visure
2758 1810 3022 1865 curulem.

1777 1899 1986 1970 Ecquid
2018 1899 2085 1954 ab
2111 1903 2348 1972 Angusta
2379 1917 2522 1957 nunc
2551 1903 2832 1971 majestate
2864 1907 3188 1971 secundum,

1774 1993 1930 2061 Quod
1962 1995 2199 2061 mireris,
2230 1995 2434 2050 habes?
2467 1996 2634 2051 Roma
2668 1996 2779 2064 illa,
2810 1997 3112 2070 (Ioniusque
3134 1999 3368 2068 Quirini,

1773 2085 1842 2140 Et
1871 2096 1990 2153 toga
2023 2090 2282 2158 purpurei
2313 2089 2546 2145 rutilans
2579 2098 2838 2159 przetexta
2867 2092 3064 2161 senati,

1771 2177 1889 2234 Hoc
1913 2181 2088 2250 capite
2114 2183 2330 2237 aeternis
2362 2183 2539 2253 signat
2565 2198 2660 2237 sua
2704 2194 2943 2254 tempora
2979 2186 3178 2242 Fastis.

1771 2271 1952 2337 Anne,
1985 2272 2140 2328 bonis
2170 2285 2346 2345 erepte
2374 2276 2651 2344 auspiciis,
2686 2276 2752 2329 da
2786 2293 2912 2332 vere
2941 2279 3142 2333 salubri

1767 2365 1998 2434 Apricas
2023 2375 2306 2420 ventorum
2335 2367 2568 2435 animas,
2602 2369 2668 2420 da
2699 2368 2908 2423 roscida
2937 2367 3148 2426 Cancro

1771 2455 2036 2525 Solstitia,
2071 2466 2126 2513 et
2157 2458 2390 2529 gelidum
2423 2459 2653 2514 Boream
2681 2459 3097 2529 Septembribus
3127 2463 3293 2518 horis.

1769 2549 2012 2606 Mordeat
2042 2552 2344 2607 Autumnas
2375 2551 2542 2619 frigus
2568 2552 2769 2607 subtile
2799 2555 3052 2623 pruinas;

1767 2643 1834 2699 Et
1864 2652 2079 2699 tenuata
2111 2645 2286 2700 modis
2311 2655 2490 2700 cesset
2517 2645 2880 2700 mediocribus
2909 2646 3116 2702 fEstas.

1767 2735 2078 2791 Sementem
2111 2745 2268 2791 notus
2301 2735 2598 2790 humiliret.
2634 2736 2715 2790 Sit
2743 2737 2939 2791 Bruma
2973 2739 3190 2807 nivalis,

1766 2829 1899 2883 Dum
1933 2839 2086 2899 pater
2116 2829 2320 2900 antiqui
2348 2839 2639 2885 renovatur
2668 2828 2893 2886 Martius
2920 2834 3072 2888 anni.

1764 2921 1944 2990 Spiret
1974 2923 2203 2978 odorato
2234 2922 2425 2976 florum
2458 2937 2596 2976 nova
2629 2923 2800 2991 gratia
2832 2924 2991 2992 Maio,

1763 3016 1934 3070 Julius
1961 3025 2014 3070 et.
2051 3026 2262 3085 segetes
2290 3025 2510 3086 coquat,
2545 3025 2599 3070 et
2630 3032 2780 3071 mare
2811 3026 3075 3088 temperet
3105 3021 3285 3078 Euris.

1762 3107 1937 3162 Sirius
1967 3107 2247 3163 ardentem
2274 3122 2378 3162 non
2405 3115 2601 3177 augeat
2631 3106 2752 3177 igne
2777 3108 3041 3166 Leonem.

1689 3179 1735 3243 (ἶ
1767 3200 2014 3255 Discolor
2038 3199 2298 3255 arboreos
2331 3200 2501 3254 variet
2533 3200 2770 3254 Pomona
2800 3215 3045 3272 sapores.

1764 3292 1974 3361 Mitiget
2004 3301 2316 3358 autumnus,
2349 3292 2493 3363 quod
2525 3295 2877 3350 maturaverit
2907 3303 3089 3363 testas,

1763 3384 1830 3440 Et
1857 3385 2085 3456 genialis
2115 3384 2289 3440 hiems
2315 3396 2468 3456 parta
2497 3385 2600 3440 sibi
2632 3386 2759 3441 dote
2787 3387 3018 3443 fruatur.

1761 3475 1962 3532 Pacem
1991 3476 2225 3532 mundus
2253 3486 2378 3547 agat
2410 3495 2422 3530 :
2455 3492 2557 3532 nec
2588 3477 2799 3533 turbida
2826 3479 3004 3536 sidera
3034 3493 3282 3552 regnent.

1759 3567 1918 3623 Nulla
1953 3579 2094 3634 tuos,
2128 3568 2380 3635 Gradive,
2411 3569 2649 3624 offendat
2674 3571 2830 3624 stella
2863 3582 3108 3641 penates,

1761 3662 1892 3728 Quae
1917 3677 2024 3716 non
2056 3677 2209 3732 :equa
2241 3661 2335 3716 tibi
2371 3679 2383 3715 :
2415 3658 2533 3716 non
2555 3661 2815 3732 Cynthia;
2850 3681 2957 3720 non
2983 3669 3129 3723 celer
3152 3671 3322 3726 Arcas

1762 3752 2047 3808 Finitimus
2079 3753 2236 3820 terris
2271 3771 2282 3806 :
2317 3767 2422 3807 non
2458 3763 2536 3818 tu,
2568 3753 2822 3821 Saturne,
2856 3769 3117 3826 supremo

1763 3845 1960 3901 Ultime
1987 3845 2235 3900 circuitu.
2267 3845 2457 3900 Procul
2489 3860 2518 3899 a
2546 3845 2814 3916 Pyroente
2841 3858 3079 3904 remotus

1761 3940 2131 4011 Tranquillum
2163 3940 2478 4011 properabis
2511 3941 2633 3996 iter.
2665 3940 2774 3995 Vos
2807 3943 3051 3998 cominus
3080 3946 3171 4014 ite,

1761 4032 1930 4089 Stella
1961 4033 2235 4102 salutigeri
2266 4033 2434 4099 lovis,
2465 4042 2520 4086 et
2549 4031 2841 4102 Cythereie
2873 4034 3101 4105 Vesper.

1762 4125 2177 4195 Nonnumquam
2223 4124 2525 4194 hospitibus
2553 4124 2722 4181 facilis
2755 4125 3031 4196 Cyllenius
3059 4131 3220 4185 adsit.

1831 4221 1986 4288 Jane,
2005 4219 2124 4273 veni
2152 4235 2164 4272 :
2191 4232 2360 4272 novus
2381 4233 2540 4282 anne,
2559 4217 2679 4272 veni
2707 4235 2720 4271 :
2747 4229 3003 4276 renovate
3027 4223 3170 4290 veni,
3198 4224 3315 4280 Sol.

1763 4312 2015 4367 Hostibus
2043 4310 2292 4366 edomitis
2324 4325 2422 4380 qua
2453 4309 2680 4364 Francia
2708 4311 2874 4365 mixta
2905 4311 3099 4368 Suevis

1758 4405 1943 4459 Certat
1969 4403 2035 4456 ad
2066 4402 2404 4471 obsequium,
2437 4401 2605 4455 Latiis
2637 4411 2693 4455 ut
2721 4403 2916 4458 militet
2942 4407 3108 4462 armis
3140 4426 3153 4461 :

1760 4499 1875 4565 Qua
1906 4512 2036 4568 vaga
2060 4497 2404 4552 Sauromates
2433 4496 2532 4550 sibi
2552 4496 2814 4564 junxerat
2839 4499 3055 4568 agmina
3084 4499 3282 4567 Clumi,

1680 4563 1734 4624 D
1760 4563 2167 4660 Quaque'Getes
2194 4589 2356 4642 sociis
2385 4563 2624 4642 Histrum
2655 4563 2951 4644 assultabat
2981 4591 3188 4647 Alanis.

1760 4683 1877 4738 IIoc
1906 4682 2033 4735 mihi
2066 4681 2396 4751 prmpetibus
2421 4680 2646 4734 victoria
2678 4681 2887 4735 nuntiat
2915 4683 3036 4737 alis.

1759 4774 1878 4829 Jam
1909 4774 2056 4826 venit
2088 4775 2380 4842 Augustus,
2419 4781 2634 4825 nostros
2668 4781 2726 4825 ut
2756 4783 2935 4827 comat
2965 4774 3220 4843 honores,

1760 4863 1953 4919 Ofﬁcio
1983 4877 2275 4930 exornans,
2310 4875 2444 4931 quos
2474 4861 2798 4930 participare
2824 4864 3084 4932 cupisset.

1829 4957 2120 5026 Jane,veni
2153 4973 2166 5010 :
2201 4970 2370 5010 novus
2397 4969 2556 5022 anne,
2583 4955 2704 5008 veni
2734 4972 2747 5006 :
2773 4966 3032 5012 renovate
3060 4958 3205 5025 veni,
3231 4959 3344 5014 Sol.

1758 5052 1933 5107 Aurea
1964 5060 2214 5116 venturo,
2247 5048 2358 5113 Sol,
2395 5048 2608 5117 porrige
2637 5046 2826 5112 gaudia
2859 5047 3000 5102 Jano
3031 5068 3044 5103 :

1765 5145 2018 5200 Fascibus
2045 5143 2268 5199 Ausonii
2296 5140 2555 5195 succedet
2583 5137 2765 5192 Ctesar
2795 5140 2845 5194 in
2877 5156 3104 5210 annum,

1759 5239 2011 5306 Quintam
2041 5234 2286 5290 Romulei
2318 5241 2637 5302 pzzctcxtam
2671 5233 2950 5290 habiturus
2983 5237 3226 5293 honoris.

1761 5333 1902 5387 Ecce
1931 5330 2021 5384 ιιιιί
2051 5344 2108 5383 se
2136 5328 2374 5404 cumulat
2404 5343 2520 5382 mea
2556 5344 2796 5398 purpura
2832 5330 3074 5400 (mitibus
3101 5334 3224 5386 audi

1762 5425 1995 5480 Auribus
2023 5422 2142 5487 hoc,
2176 5419 2467 5491 Nemesis),
2505 5430 2626 5491 post
2655 5436 2742 5476 me
2768 5421 3022 5493 dignatur
3045 5426 3173 5478 oriri

1763 5521 2032 5588 Augustus
2058 5514 2264 5570 consul.
2301 5514 2428 5568 Plus
2460 5529 2620 5584 quam
2651 5513 2897 5571 conferre
2927 5516 3145 5571 videtur.

1761 5615 1840 5668 Me
1869 5612 1968 5666 sibi
2009 5630 2021 5664 :
2049 5611 2138 5679 qui
2165 5609 2325 5679 jussit
2355 5617 2570 5664 nostros
2604 5609 2916 5680 praecedere
2948 5612 3140 5664 fasces.

1829 5707 1983 5772 Jane,
2006 5703 2124 5758 veni
2162 5721 2172 5756 :
2210 5719 2382 5759 novus
2412 5718 2574 5772 anne,
2594 5701 2714 5757 veni
2735 5721 2744 5756 :
2765 5710 3022 5758 renovate
3056 5704 3207 5772 veni,
3237 5705 3363 5773 Sol;

1761 5799 1904 5870 Coge
1935 5806 2221 5855 secuturos
2251 5797 2331 5854 his
2364 5809 2492 5854 sena
2525 5811 2623 5868 per
2654 5796 2790 5851 ostia
2821 5809 3059 5858 menses.
