3884 6368
407 244 514 300 887
1803 236 1990 297 DECII
2026 235 2306 299 AUSONI]
3614 241 3729 299 888

410 355 494 412 Tu
523 358 794 427 tropicum
820 356 924 414 soli
954 355 1022 414 de
1051 353 1277 419 cedere;
1309 366 1502 408 rursus
1525 359 1582 409 et
1607 351 1757 408 illttm

410 450 588 520 Terga
620 450 774 516 dare,
810 459 866 505 ut
890 449 1091 518 duplex
1117 446 1362 515 tr0picus
1393 446 1632 502 varietur
1656 446 1724 500 ab
1752 454 1925 510 astro,

412 542 484 598 Et
510 553 704 615 quater
730 559 758 597 a
788 542 960 598 ternis
989 549 1249 611 properet
1278 539 1506 593 mutatio
1534 537 1730 608 signis.

413 634 662 690 Estivos
691 633 906 703 impelle
936 627 1075 700 dies,
1105 629 1468 704 brumamque
1499 638 1803 686 morantem

412 727 672 782 Noctibus
709 723 990 781 acceleret
1015 723 1316 793 promissus
1341 722 1577 778 Cmsaris
1605 736 1803 792 annus.

416 819 569 874 Illum
611 831 715 888 ego
753 816 799 872 si
832 829 1078 885 cernam,
1111 824 1224 870 tum
1267 824 1459 886 terque
1485 822 1787 885 quaterque
1805 813 2019 883 beatus,

416 909 569 964 Tunc
598 922 695 965 ero
723 906 805 964 bis
834 906 1060 976 consul,
1088 916 1219 962 tunc
1251 915 1469 977 tangam
1494 909 1697 961 vertice
1722 905 1945 961 cmlum.

989 1038 1323 1096 IDYLLIUM
1353 1039 1446 1095 1X.

727 1155 860 1213 Item
875 1157 1120 1234 precatio
1149 1153 1384 1210 kalendis
1412 1152 1708 1209 Ianuariis.

488 1280 668 1349 Anne,
693 1277 855 1333 bonis
878 1283 1057 1348 cmpte
1086 1275 1367 1346 auspiciis,
1399 1274 1576 1331 felicia
1603 1275 1784 1331 cernis

416 1372 672 1431 Consulis
702 1371 930 1427 Ausonii
961 1368 1288 1442 primordia,
1314 1383 1509 1440 prome
1529 1383 1841 1434 coruscum,

421 1466 514 1524 Sol
545 1473 774 1530 atterite,
806 1473 968 1534 caput
1001 1481 1012 1516 :
1047 1461 1634 1533 solitoquejllustrior,
1663 1462 1810 1517 almo

418 1559 649 1614 Lumine
688 1571 1024 1628 purpureum
1047 1557 1211 1627 jubar
1237 1570 1432 1612 exsere
1462 1556 1602 1610 lucis
1633 1555 1780 1610 Eme.

419 1656 597 1719 Anne,
631 1662 786 1723 pater
804 1665 1018 1714 rerum,
1048 1665 1185 1720 quas
1215 1649 1339 1705 Jani
1372 1663 1560 1704 mense
1591 1649 1842 1704 bifrontis

416 1744 605 1801 Volvis
626 1744 680 1798 in
707 1743 997 1802 hibernum
1025 1728 1241 1812 glaciali
1274 1742 1381 1797 fine
1412 1741 1791 1810 Decembrem,

416 1839 596 1902 Anne,
630 1834 774 1901 veni,
817 1845 873 1888 et
899 1831 1097 1888 festum
1127 1833 1328 1888 veteris
1356 1844 1533 1888 novas
1555 1832 1740 1903 aspice
1769 1834 1917 1889 Jani.

420 1929 705 1985 Solemnes
737 1926 972 1998 pervade
998 1926 1135 1992 vias,
1164 1926 1492 1998 bissenaquc
1519 1927 1721 1983 mundo

420 2020 700 2077 Curricula
730 2021 958 2092 :equatis
983 2020 1206 2076 varians
1234 2036 1331 2092 per
1361 2030 1607 2092 tempora
1629 2021 1822 2091 signis,

422 2112 764 2184 Prmcipitem
794 2121 998 2169 aeterna
1030 2113 1213 2184 perfer
1251 2114 1524 2185 vertigine
1554 2129 1809 2181 cursum;

423 2205 515 2262 Sic
546 2221 719 2276 prono
739 2217 952 2278 raptata
982 2208 1113 2278 polo
1141 2208 1416 2264 contraria
1447 2207 1688 2264 Phoebus

428 2300 503 2356 Ut-
525 2310 798 2357 momenta
831 2301 973 2357 ferat
993 2312 1211 2358 servata
1241 2310 1401 2373 parte
1429 2302 1669 2368 dierum,

426 2392 494 2447 Et
521 2407 692 2447 novus
721 2393 950 2450 hiberno
979 2403 1199 2465 reparet
1230 2409 1326 2450 sua
1357 2395 1562 2451 lumina
1597 2396 1775 2463 pulsu.

425 2486 702 2540 Menstrua
735 2495 816 2541 ter
836 2486 1020 2542 decies
1045 2486 1278 2542 redeunt
1302 2487 1430 2542 dum
1458 2502 1662 2542 cornua
1695 2487 1883 2555 Luuze,

425 2575 685 2643 Exortus,
719 2579 1011 2649 obitusque
1039 2595 1202 2634 manu
1230 2580 1486 2635 volvente
1509 2581 1734 2646 rotabis,

422 2669 751 2739 Legitimum
784 2669 972 2727 Phtehi
1003 2671 1267 2728 cohibens
1295 2687 1395 2743 per
1423 2677 1575 2744 signa
1606 2684 1864 2731 meatum.

1014 2809 1342 2867 IDYLLIUM
1410 2811 1476 2866 X.

1100 2902 1156 2981 Η
1163 2925 1350 2983 asella.

496 3039 842 3096 Transieram
867 3041 1109 3099 celerem
1141 3044 1407 3101 nebuloso
1437 3045 1900 3117 lumineNavam,

427 3131 622 3188 Addita
654 3135 883 3188 miratus
905 3135 1077 3190 veteri
1107 3151 1246 3192 nova
1270 3139 1470 3193 moenia
1500 3139 1622 3202 vico
1656 3159 1668 3192 :

432 3225 690 3296 Equavit
721 3226 905 3282 Latias
935 3228 1024 3284 uhi
1053 3230 1332 3300 quondam"
1355 3231 1528 3287 Gallia
1551 3231 1767 3288 Cannas
1802 3238 1814 3287 ξ

427 3315 744 3389 infletreque
771 3319 960 3390 jacent
991 3323 1181 3392 inopes
1209 3338 1374 3394 super
1402 3338 1532 3380 arva
1562 3335 1818 3383 catervae.

430 3408 587 3465 Unde
616 3410 718 3465 it'er
743 3412 1056 3483 ingrediens
1088 3428 1375 3470 nemorosa
1401 3430 1501 3486 per
1524 3416 1642 3472 avia
1672 3419 1872 3486 solum,

433 3503 503 3558 Et
529 3504 676 3559 nulla
706 3505 928 3579 humani
958 3519 1216 3578 spectans
1247 3511 1472 3582 vestigia
1503 3512 1707 3581 cultus,

431 3597 709 3654 Praetereo
734 3609 980 3656 arentem
1010 3603 1324 3660 sitientibus
1347 3605 1586 3676 undique
1616 3610 1779 3663 terris

429 3691 804 3761 Dumnissum,
828 3694 1115 3765 riguasque
1145 3696 1372 3765 perenni
1406 3696 1555 3754 fonte
1575 3697 1874 3766 Tabernas,

429 3786 685 3858 Arvaque
710 3787 1096 3844 Sauromatum
1129 3806 1302 3861 nuper
1332 3801 1534 3846 metata
1561 3792 1773 3848 colonis
1803 3812 1814 3846 :

431 3882 504 3937 Et
531 3883 746 3939 tandem
781 3885 967 3956 primis
991 3885 1275 3956 Belgarum
1296 3888 1588 3957 conSpicor
1617 3889 1730 3944 oris

430 3974 817 4047 Nivomagum,
848 3978 955 4032 divi
985 3989 1164 4034 castra
1193 3979 1396 4052 inclyta
1421 3979 1791 4037 Constantini.

432 4067 629 4126 l’urior
653 4069 739 4125 hic
766 4071 973 4140 campis
1003 4086 1098 4127 aer
1136 4090 1148 4126 :
1174 4072 1524 4144 Phtebttsque
1553 4087 1749 4129 sereno

434 4161 665 4219 Lumine
694 4180 1026 4236 purpureum
1053 4167 1391 4236 reseratjam
1422 4167 1590 4223 sudus
1608 4169 1922 4240 Olympum.

433 4256 545 4312 Nec
570 4258 684 4326 jam
714 4260 985 4315 consertis
1014 4276 1110 4332 per
1134 4270 1317 4316 mutua
1345 4262 1563 4317 vincula
1589 4263 1753 4330 ramis

437 4349 711 4415 Qumritur
740 4353 1026 4408 exclusum
1057 4353 1211 4422 viridi
1239 4354 1474 4424 caligine
1499 4356 1697 4411 uelum
1733 4373 1746 4410 :

439 4443 550 4498 Sed
575 4444 836 4515 liquidum
863 4444 1048 4516 jubar,
1082 4457 1137 4501 et
1167 4448 1384 4504 rutilam
1411 4450 1711 4509 visentibus
1734 4451 1963 4508 :ethram

439 4537 633 4592 Libera
658 4540 930 4610 perspicui
955 4556 1057 4596 non
1088 4543 1287 4598 invidet
1313 4561 1445 4601 aura
1473 4548 1602 4604 diei.

437 4632 494 4686 lu
527 4632 767 4701 speciem
794 4648 917 4687 eum
950 4649 1036 4689 me
1063 4637 1274 4704 patriae,
1302 4640 1615 4712 cultumque
1645 4644 1867 4698 nitentis

435 4725 743 4797 Burdigala:
774 4725 976 4781 blando
1006 4729 1328 4799 pepulerunt
1359 4737 1544 4789 omnia
1571 4738 1710 4801 visu,

435 4819 685 4874 Culmina
713 4819 961 4876 villarum
981 4863 997 4887 ,
1025 4822 1392 4892 pendentibus
1418 4826 1561 4880 edita
1588 4828 1745 4898 ripis,

436 4913 506 4968 Et
529 4914 730 4970 virides
762 4915 977 4970 Baccho
1004 4916 1196 4982 colles,
1227 4927 1279 4973 ct
1309 4933 1523 4974 amoena
1551 4919 1750 4973 fluenta

434 5007 870 5064 Subterlabentis
904 5007 1070 5063 tacito
1100 5025 1322 5065 rumore
1350 5011 1614 5066 Mosellse.

510 5101 694 5168 Salve,
724 5101 899 5156 amnis
932 5101 1148 5157 laudate
1177 5103 1345 5173 agris,
1367 5103 1582 5158 laudate
1613 5103 1858 5171 colonis,

438 5192 662 5262 Dignata
697 5194 931 5264 imperio
960 5194 1161 5250 debent
1192 5196 1280 5250 cui
1303 5197 1503 5251 moenia
1529 5195 1707 5265 Belgae
1737 5215 1747 5247 :

437 5285 628 5339 Amnis
655 5284 932 5342 odorifero
958 5287 1087 5358 juga
1117 5288 1257 5345 vitea
1286 5289 1498 5343 consite
1530 5288 1769 5355 Baccho,

435 5379 660 5434 Consite
685 5380 992 5448 gramineas
1023 5382 1199 5436 amnis
1228 5380 1554 5437 viridissime
1583 5381 1733 5451 ripas
1762 5401 1774 5435 :

435 5473 701 5542 Naviger,
736 5481 794 5526 ut
824 5463 1083 5544 pelagus;
1113 5474 1347 5529 devean
1380 5492 1585 5545 pronus
1617 5477 1672 5542 in
1699 5476 1890 5546 undas,

357 5599 362 5602 -
437 5567 511 5622 Ut
540 5567 771 5632 fluvius;
802 5567 1084 5636 vitreoque
1113 5566 1265 5621 lacus
1293 5567 1498 5623 imitate
1524 5568 1823 5638 profundo;

413 5660 510 5714 .Et
538 5659 685 5714 rivos
711 5659 923 5728 trepido
947 5659 1088 5728 potis
1119 5659 1454 5729 aequiparare
1475 5671 1681 5730 meatu,

437 5751 506 5808 Et
529 5752 733 5823 liquido
752 5753 962 5824 gelidos
988 5751 1168 5809 fontes
1197 5752 1513 5823 prazccllere
1540 5764 1696 5826 potu,

2043 350 2096 410 Λ
2119 349 2309 406 Omnia
2334 348 2485 406 solus
2515 348 2705 418 babes,
2727 364 2854 421 qua:
2881 349 3023 416 fons,
3051 364 3174 421 qua:
3199 351 3378 419 rivus,
3402 363 3459 408 et
3484 354 3686 420 amnis,

2125 443 2191 498 Et
2218 444 2388 508 lacus,
2418 451 2476 497 et
2501 442 2646 497 bivio
2674 442 2877 500 refluus
2905 443 3218 500 manamine
3249 454 3472 515 pontus.

2121 534 2202 590 Tu
2230 533 2457 605 placidis
2484 534 2770 605 prolapsus
2797 536 2979 606 aquis,
3007 517 3109 592 nec
3135 551 3416 592 murmura
3441 538 3590 593 venti

2123 628 2262 696 Ulla,
2294 643 2394 684 nec
2422 628 2624 685 occulti
2653 631 2861 700 pateris
2885 631 3184 686 luctamina
3215 632 3357 686 saxi.

2121 719 2238 777 Non
2263 733 2556 792 superante
2577 721 2716 777 vado
2745 722 2965 793 rapidos
2993 737 3253 794 reparare
3278 731 3499 780 meatus

2120 812 2367 884 Cogeris,
2392 821 2676 869 exstantes
2703 813 2886 869 medio
2915 828 3022 868 non
3047 823 3476 884 :equore'terras

2123 905 2458 976 Interceptus
2485 905 2663 963 habes“
2689 924 2701 959 :
2731 907 2863 976 justi
2895 922 2966 963 ne
2995 907 3182 964 demat
3209 909 3474 965 honorem

2123 998 2386 1066 Nominis,
2417 986 2702 1055 exclusum
2725 999 2769 1054 si
2797 1000 3006 1077 dividat
3034 985 3214 1056 insula
3241 1001 3468 1057 ﬂumen.

2125 1091 2204 1146 Tu
2224 1089 2466 1160 duplices
2491 1091 2686 1148 sortite
2710 1093 2849 1156 vias,
2883 1101 3083 1148 etcum
3115 1108 3278 1148 amne
3307 1093 3556 1150 secundo

2125 1182 2363 1253 Defluis,
2394 1191 2454 1238 ut
2481 1183 2691 1240 celeres
2720 1183 2921 1240 feriant
2945 1184 3079 1240 vada
3108 1187 3320 1241 concita
3353 1187 3490 1241 remi
3522 1205 3536 1239 :

2126 1273 2339 1328 Etcum
2363 1289 2461 1344 per
2488 1265 2662 1345 ripas,
2689 1291 2954 1347 nusquam
2982 1287 3239 1335 cessante
3260 1279 3529 1345 remulco,

2127 1367 2419 1423 lutetntunt
2442 1369 2583 1424 collo
2613 1371 2880 1426 malorum
2911 1371 3129 1427 vinCula
3155 1383 3357 1427 nautae.

2127 1460 2246 1531 Ipse
2273 1468 2394 1516 tuos
2420 1462 2671 1532 quotiens
2697 1461 2914 1518 miraris
2937 1462 2996 1518 in
3020 1478 3181 1518 amne
3203 1465 3488 1530 recursus,

2127 1553 2529 1626 Legitimaeque
2551 1564 2707 1626 putas
2737 1569 2910 1627 prope
2930 1556 3152 1637 segnius
3184 1557 3264 1612 ire
3293 1557 3541 1612 meatus?

2129 1648 2208 1702 Tu
2240 1663 2417 1720 neque
2452 1648 2723 1720 limigenis’
2752 1652 2926 1721 ripam
2958 1651 3278 1722 pnetexeris
3307 1651 3471 1719 ulvis,

2050 1739 2100 1800 Β
2125 1736 2236 1794 Nec
2261 1741 2413 1810 piger
2437 1739 2718 1796 immundo
2749 1741 3036 1812 perfundis
3062 1741 3250 1799 littora
3264 1758 3443 1810 omne,

2126 1834 2279 1890 Sicca
2308 1836 2405 1891 sed
2426 1836 2480 1891 in
2510 1836 2685 1906 prima
2709 1837 2954 1908 aspergis
2980 1839 3206 1907 vestigia
3236 1838 3480 1909 lympha.

2200 1928 2220 1981 Ι
2251 1943 2415 1994 nunc,
2439 1939 2496 1984 et
2521 1929 2772 2001 Phrygiis
2797 1932 2915 1986 sola
2943 1931 3084 1986 levia
3107 1946 3338 1987 consere
3359 1931 3581 1999 crustis,

2127 2019 2383 2076 Tendens
2415 2036 2779 2078 marmoreum
2812 2022 3060 2094 laqueata
3091 2039 3192 2094 per
3220 2025 3357 2080 atria
3381 2039 3661 2096 campum.

2129 2113 2228 2168 Ast
2253 2127 2356 2184 ego
2378 2113 2670 2184 despectis,
2702 2129 2822 2185 quae
2846 2130 3042 2170 census
3067 2130 3311 2186 opesque
3334 2116 3629 2189 dederunt,

2127 2205 2346 2263 Natura:
2375 2207 2616 2263 mirabor
2641 2221 2796 2277 Opus.
2824 2223 2954 2273 non,
2984 2196 3116 2278 cura
3149 2217 3432 2276 nepotum,

2107 2299 2386 2372 .Lretaque
2406 2302 2635 2372 jacturis
2661 2303 2751 2357 ubi
2780 2302 3086 2357 luxuriatur
3112 2310 3350 2372 egestas.

2134 2394 2232 2449 llic
2260 2392 2449 2450 solida:
2475 2403 2727 2450 sternunt
2756 2392 3040 2449 humentia
3068 2394 3254 2448 littora
3283 2408 3488 2459 arente,

2133 2488 2243 2543 Nec
2277 2489 2522 2544 retinent
2550 2502 2826 2543 memores
2857 2487 3086 2559 vestigia
3115 2502 3303 2558 pressa
3331 2487 3552 2558 ﬁguras.

2133 2581 2412 2653 Spectaris
2439 2583 2616 2637 vitreo
2641 2598 2738 2654 per
2763 2581 2902 2637 levia
2935 2590 3081 2652 terga
3110 2580 3405 2651 profundo,

2135 2675 2344 2731 Secreti
2369 2675 2507 2730 nihil
2531 2675 2710 2730 amnis
2733 2673 2960 2730 habens.
2983 2671 3163 2742 thue
3193 2673 3367 2728 almus
3391 2680 3580 2744 aperto

2136 2768 2399 2824 Panditur
2429 2769 2627 2823 intuitu
2653 2767 2868 2838 liquidis
2893 2766 3169 2822 obtutibus
3200 2782 3316 2832 aer,

2133 2859 2244 2914 Nec
2274 2859 2469 2930 placidi
2495 2859 2788 2930 prohibent
2813 2860 3001 2914 oculos
3029 2875 3126 2929 per
3154 2858 3332 2914 inania
3360 2860 3508 2914 venti
3538 2878 3548 2912 :

2134 2951 2227 3008 Sic
2253 2951 2500 3008 demersa
2525 2951 2715 3023 procul
2740 2950 2971 3007 durante
2992 2966 3091 3022 per
3112 2951 3306 3006 intima
3326 2953 3452 3006 visu
3596 2953 3605 2958 ’

2133 3042 2444 3108 Cernimus.
2473 3047 2767 3116 arcanique
2795 3044 3249 3116 patetpenetrale
3278 3042 3468 3098 fluenti
3504 3062 3516 3095 :

2060 3119 2111 3184 (ἶ
2139 3136 2273 3194 Cum
2307 3139 2440 3194 vada
2465 3139 2589 3194 lene
2607 3149 2812 3206 meant,
2840 3139 3166 3209 liquidarum
3196 3148 3252 3196 et
3271 3139 3457 3210 lapsus
3476 3153 3737 3208 aquarum

2143 3232 2330 3289 Prodit
2355 3234 2587 3289 czerulea
2617 3234 2893 3304 dispersas
2920 3234 3042 3289 luce
3071 3233 3270 3304 ﬁguras
3303 3250 3318 3290 :

2139 3328 2293 3396 Quod
2321 3327 2528 3383 sulcata
2555 3328 2657 3383 levi
2684 3327 2953 3398 crispatur
2982 3342 3148 3380 arena
3175 3333 3355 3381 meatu
3381 3344 3395 3377 :

2140 3423 2400 3478 loclinata
2430 3429 2671 3476 tremunt
2696 3421 2852 3475 viridi
2881 3421 3026 3491 quod
3057 3420 3298 3491 gramina
3329 3418 3516 3475 fundo.

2141 3513 2317 3582 thue
2345 3515 2448 3568 sub
2475 3512 2723 3584 ingenuis
2753 3513 2968 3582 agitata:
2999 3511 3240 3566 fontibus
3273 3510 3461 3565 berlne

2138 3607 2435 3662 Vibrantes
2461 3607 2734 3677 patiuntur
2761 3621 2928 3677 aquas
2963 3625 2975 3659 :
3008 3605 3290 3676 lucetque,
3320 3605 3559 3675 latetque

2138 3699 2394 3755 Calculus
2425 3719 2436 3752 :
2471 3710 2526 3754 et
2558 3699 2783 3755 viridem
2809 3700 3092 3770 distinguit
3122 3699 3306 3770 glarea
3341 3713 3604 3753 muscum.

2139 3789 2274 3847 Nota
2304 3791 2618 3846 Caledoniis
2647 3790 2771 3847 talis
2802 3793 3007 3862 pictura
3036 3791 3338 3858 Britannis,

2140 3885 2276 3941 Cum
2304 3886 2504 3941 virides
2533 3887 2704 3956 algas,
2741 3896 2794 3940 et
2828 3885 2989 3940 rubra
3021 3885 3244 3940 corallia
3275 3883 3446 3939 nudat

2141 3978 2363 4044 Esttts,
2391 3987 2445 4033 et
2469 3978 2716 4033 albentes
2741 3977 3074 4033 concharum
3103 3979 3347 4048 germina
3377 3977 3589 4041 baccas,

2145 4071 2476 4141 Deliciasque
2500 4071 2778 4127 hominum
2802 4071 3121 4141 locupletes,
3137 4084 3363 4141 quaeque
3384 4068 3488 4125 sub
3505 4065 3663 4123 undis

2142 4165 2478 4219 Assimulant
2503 4177 2720 4220 nostros
2751 4165 2954 4219 imitata
2983 4166 3206 4218 monilia
3234 4164 3442 4218 cultus.

2145 4257 2296 4313 Haud
2327 4257 2489 4313 aliter
2513 4257 2737 4326 placidae
2763 4257 2954 4311 subter
2984 4256 3119 4310 vada
3144 4257 3267 4310 laita
3292 4253 3556 4320 Mosellae,

2146 4351 2363 4425 Detegit
2393 4351 2665 4406 admixtos
2696 4366 2802 4406 non
2833 4349 3092 4405 concolor
3119 4349 3289 4404 herba
3319 4347 3555 4419 lapillos.

2144 4448 2390 4503 Intentus
2419 4456 2597 4501 tamen
2626 4461 2796 4515 usque
2822 4444 3008 4500 oculos
3036 4458 3224 4498 errore
3250 4444 3475 4513 fatigant

2061 4515 2118 4575 Β
2144 4533 2542 4598 lnterludenles
2569 4542 2818 4596 examina
2842 4540 3046 4594 lubrica
3076 4537 3270 4610 pisces.

2146 4637 2253 4693 Sed
2287 4651 2465 4706 neque
2491 4644 2573 4690 tot
2598 4637 2827 4706 species,
2857 4634 3270 4703 ohliquatosquc
3297 4641 3535 4696 natatus,

2145 4730 2386 4800 Quatque
2413 4743 2510 4798 per
2541 4728 2828 4782 adversum
2860 4726 3162 4784 succedunt
3185 4725 3396 4795 agmina
3426 4725 3642 4788 nomen,

2147 4829 2505 4898 Nominaque,
2531 4837 2579 4880 et
2611 4835 2838 4879 cunctus
2867 4838 3171 4877 numerosm
3199 4823 3386 4892 stirpis
3409 4823 3677 4885 alumnos,

2152 4920 2324 4974 Edere
2355 4919 2453 4972 fas.
2482 4916 2638 4970 llaud
2664 4916 2757 4970 ille
2779 4915 2926 4980 sinit,
2948 4916 3034 4968 cui
3060 4929 3187 4971 cura
3209 4914 3464 4969 secunda:

2145 5011 2347 5074 Sortis,
2373 5017 2430 5063 et
2459 5006 2698 5078 :rquorei
2730 5007 2894 5061 cessit
2927 5008 3092 5061 tutela
3127 5006 3394 5061 tridentis.

2215 5104 2293 5157 'l’u
2321 5102 2452 5156 mihi
2484 5100 2753 5156 flntnineis
2783 5099 3081 5154 habitatrix
3107 5099 3234 5154 Nais
3261 5098 3311 5152 in
3347 5097 3482 5166 oris,

2144 5195 2487 5267 Squamigeri
2510 5196 2692 5266 gregis
2733 5195 2835 5248 ede
2862 5193 3082 5255 choros,
3110 5191 3426 5262 liquidoque
3447 5191 3547 5246 sub
3574 5188 3725 5246 alveo

2145 5289 2361 5344 Dissere
2381 5289 2618 5344 cmruleo
2645 5287 2926 5342 ﬂuitantes
2955 5300 3114 5339 amne
3140 5295 3406 5338 catervas.

2217 5384 2521 5452 Squameus
2551 5383 2840 5451 (herbosas
2867 5380 3058 5450 Capito
3089 5379 3377 5435 interlucet
3399 5395 3610 5446 arenas,

2147 5476 2372 5531 Viscere
2397 5491 2508 5546 prae
2538 5483 2729 5529 tenero
2761 5472 2940 5528 fartim
2971 5481 3286 5541 congestus,
3317 5472 3522 5538 aristis,

2145 5566 2253 5624 Nec
2282 5568 2574 5623 duraturus
2606 5577 2728 5638 post
2757 5567 2877 5621 bina
2903 5565 2970 5620 tri
2982 5563 3132 5618 horia
3156 5565 3379 5619 mensis.

2145 5658 2544 5730 Purpureisque
2571 5659 2734 5716 Salar
2759 5657 3006 5713 stellatus
3033 5664 3247 5725 tergora
3276 5656 3463 5727 guttis,

2147 5750 2215 5805 Et
2237 5750 2386 5806 nullo
2412 5751 2588 5822 spina:
2621 5753 2898 5809 nociturus
2933 5748 3180 5806 acumine
3205 5748 3379 5816 Dedo,
