3908 6354
209 295 324 355 889

209 415 602 490 Eﬂ‘ugiensque
629 420 815 476 oculos
837 420 1003 478 celeri
1028 421 1163 477 levis
1189 421 1390 479 Umbra
1422 434 1630 483 natatu.

207 509 406 583 Tuque
432 529 530 585 per
555 515 762 587 obliqui
790 516 972 572 fauces
998 530 1198 576 vexate
1231 520 1445 593 Saravi,

202 604 328 673 Qua
355 608 441 663 bis
468 618 617 665 terna
648 609 886 667 fremunt
912 614 1219 682 scopulosis
1244 619 1387 674 ostia
1418 622 1570 692 pilis,

206 698 353 757 Cum
383 701 662 759 deﬂuxisti
692 702 849 760 fama:
878 705 1104 775 majoris
1138 711 1189 765 in
1220 725 1460 780 amnem,

184 791 466 851 Liberior
494 795 653 851 laxos
677 811 926 869 exerces,
951 799 1145 871 Barbe,
1181 813 1420 861 natatus.

200 887 292 943 Tu
325 890 518 943 melior
543 890 731 961 pejore
751 904 891 962 aevo,
924 893 1019 949 tibi
1040 896 1269 967 contigit
1289 901 1439 955 omni

197 980 523 1051 Spirautum
554 997 621 1037 ex
646 999 881 1041 numero
902 1001 1011 1041 non
1041 988 1320 1046 inlaudata
1344 1003 1625 1051 seueCtus.

200 1076 319 1132 Nec
352 1086 406 1133 te
434 1078 671 1134 Puniceo
700 1080 1019 1137 rutilantem
1047 1084 1261 1141 viscere
1281 1126 1297 1151 ,
1339 1086 1558 1156 Salmo,

199 1168 567 1238 Transierim,
593 1173 717 1227 lata
739 1174 896 1243 cujus
918 1168 1050 1246 vaga
1074 1178 1306 1250 verbera
1332 1184 1522 1237 caudas

198 1262 431 1333 Gurgite
459 1264 527 1320 de
556 1264 738 1321 medio
760 1282 1004 1322 summas
1034 1268 1353 1327 referuntur
1378 1273 1432 1328 in
1461 1274 1657 1362 undas,

200 1354 476 1409 Occultus
507 1355 725 1425 placido
762 1372 887 1413 cum
919 1360 1174 1429 proditur
1203 1374 1420 1434 :equOre
1449 1354 1659 1437 pulsus.

201 1448 287 1503 Tu
317 1450 546 1506 loricata
576 1468 907 1522 squamosas
932 1466 1174 1529 pectore,
1206 1458 1444 1516 frontem

197 1541 501 1613 Lubricus,
532 1555 589 1601 et
619 1546 802 1605 dubiae
835 1549 1081 1607 facturus
1112 1554 1312 1609 fercula
1336 1570 1530 1621 causa,

172 1636 475 1709 Tempora
502 1639 787 1712 longarum
816 1643 929 1700 fers
958 1647 1274 1719 incorrupte
1298 1666 1595 1717 morarum,

142 1736 147 1739 ‘
194 1730 492 1803 l’msiguis
512 1735 745 1790 maculis
774 1738 973 1807 capitis
1002 1758 1015 1793 :
1050 1742 1140 1795 cui
1165 1742 1388 1813 prodiga
1422 1755 1579 1799 nutat

190 1821 390 1891 Alvus,
416 1824 767 1894 opimatoque
797 1828 976 1884 ﬂuens
1006 1832 1302 1888 abdomine
1334 1845 1545 1890 venter.

185 1916 441 1984 Qumque
465 1933 565 1987 per
590 1918 893 1991 Illyricum,
922 1938 1021 1993 per
1060 1934 1250 1997 stagna
1283 1927 1578 1984 binominis
1608 1930 1754 1999 Istri,

185 2007 525 2077 Spumarum
558 2011 775 2069 indiciis
812 2017 1051 2086 caperis,
1082 2004 1330 2090 Mustela,
1356 2031 1680 2095 natantum,

187 2099 253 2156 lu
288 2109 538 2159 nostrum
561 2104 823 2162 subvecta
858 2108 1081 2177 fretum,
1112 2127 1180 2167 ne
1210 2112 1313 2167 lata
1343 2114 1581 2170 Mosella:

190 2191 450 2250 Flumina
484 2204 590 2252 tam
622 2198 832 2285 celebri
859 2199 1319 2259 defraudarentur
1344 2206 1592 2262 alumno.

188 2286 334 2367 Quis
362 2296 417 2345 te
443 2299 658 2346 naturae
686 2293 860 2362 pinxit
881 2295 1072 2351 color?
1101 2308 1222 2353 atra
1246 2312 1484 2370 superne

182 2380 399 2441 Puncta
430 2394 619 2441 uolant
649 2394 882 2459 tergum,
912 2407 1033 2460 qua:
1069 2392 1215 2449 lutea
1244 2394 1443 2451 circuit
1474 2397 1599 2453 lr‘is.

186 2473 429 2532 Lubrica
460 2480 728 2538 caeruleus
760 2484 1014 2553 perducit
1038 2494 1253 2558 tergora
1284 2490 1459 2547 fucus.

94 2593 100 2596 -
176 2566 449 2639 Corporis
477 2572 546 2626 ad
578 2572 814 2629 medium
839 2575 1025 2632 fartim
1051 2579 1397 2649 piuguescis;
1430 2594 1483 2638 at
1507 2584 1658 2641 illinc

186 2659 377 2731 Usque
396 2661 500 2718 sub
530 2674 833 2721 extremam
857 2669 1096 2738 squallet
1124 2672 1265 2728 cutis
1279 2674 1429 2729 arida
1461 2677 1714 2734 caudam.

180 2757 303 2816 Nec
330 2768 382 2815 te
419 2760 649 2819 delicias
688 2779 1030 2832 mensarum,
1059 2767 1250 2838 Perca,
1285 2771 1482 2839 silebo,

182 2850 525 2923 Amnigeuos
553 2856 695 2911 inter
724 2858 903 2927 pisces
925 2858 1195 2930 dignande
1222 2864 1475 2930 marinis,

180 2946 356 3002 Solus
387 2950 633 3015 puniceis
668 2951 841 3009 facilis
869 2956 1429 3015 contenderemnllis
1462 2979 1472 3013 :

178 3037 321 3094 Nam
348 3055 525 3110 neque
553 3051 746 3113 gustus
771 3046 938 3111 iners,
956 3048 1240 3120 solidoque
1269 3052 1321 3107 in
1344 3067 1579 3123 corpore
1604 3065 1786 3126 partes

177 3128 494 3199 Segmentis
521 3136 858 3201 coeunt,sed
883 3136 1255 3196 dissociantur
1281 3144 1492 3199 aristis.

178 3221 287 3279 Hic
312 3225 480 3279 etiam
502 3226 660 3282 Latio
688 3228 834 3283 risus
851 3234 1213 3299 prmnomine,
1237 3236 1423 3291 cultor

176 3312 537 3384 Stagnorum,
560 3321 805 3389 querulis
835 3323 918 3377 vis
939 3322 1289 3382 infestissima
1318 3330 1489 3397 ranis,

176 3404 402 3471 Lucius,
436 3408 705 3465 obscuras
729 3411 858 3466 ulva
888 3427 1157 3485 caenoque
1184 3416 1413 3474 lacunas

174 3497 430 3556 Obsidet.
454 3500 551 3555 Hic
584 3503 765 3558 nullos
797 3521 1111 3563 mensarum
1144 3510 1311 3567 lectus
1337 3514 1410 3568 ad
1448 3529 1600 3585 usus,

175 3589 385 3647 Fervet
411 3592 637 3651 fumosis
661 3596 808 3653 olido
838 3599 1031 3657 nidore
1063 3605 1307 3673 popinis.

172 3684 314 3753 Quis
342 3702 451 3740 non
472 3697 530 3743 et
555 3689 761 3747 virides
788 3694 935 3763 vulgi
961 3696 1154 3750 solatia
1187 3698 1385 3755 Tincas

173 3776 423 3842 Norit,et
452 3780 726 3837 Alburnos
758 3785 997 3852 przedam
1028 3789 1330 3855 puerilibus
1355 3790 1552 3857 hamis,

174 3870 599 3945 Stridentesque
630 3875 763 3932 focis
795 3880 1021 3948 opsonia
1054 3882 1226 3950 plebis
1249 3885 1516 3939 Alausas?

172 3963 368 4038 Teque
390 3966 531 4021 inter
552 3968 766 4038 species
794 3972 1067 4042 geminas,
1092 3985 1459 4048 neutrumque
1486 3988 1543 4034 et
1569 3988 1775 4036 utrum-

1597 4070 1766 4142 lane.

172 4147 281 4216 Qui
316 4148 547 4203 necdum
579 4151 786 4221 Salmo,
820 4170 926 4210 uec
956 4156 1061 4225 jam
1093 4157 1275 4224 Salar,
1308 4162 1701 4234 ambiguusque

174 4239 476 4295 Ambomm
502 4244 683 4298 medio
710 4245 871 4301 Fario
899 4248 1213 4320 intercepte
1245 4252 1345 4308 sub
1370 4256 1523 4308 (evo?

170 4332 257 4388 Tu
290 4350 504 4404 quoque
532 4336 812 4395 ﬂumineas
841 4342 982 4398 inter
1013 4347 1369 4404 memorande
1408 4350 1699 4420 cohortes,

171 4428 376 4497 Gobio,
403 4448 509 4487 non
543 4435 718 4504 major
745 4438 980 4506 geminis
1007 4440 1125 4494 sine
1155 4442 1347 4511 pollice
1376 4445 1593 4513 palmis,

170 4521 535 4595 Prwpinguis,
566 4536 734 4594 teres,
763 4532 987 4599 ovipara
1016 4535 1332 4603 congestior
1360 4537 1517 4601 alvo;

168 4614 698 4687 Pmpexiqucjubas
731 4623 973 4677 imitatus
997 4624 1172 4680 Gobio
1204 4629 1385 4684 Bai-bi.

165 4708 323 4763 Nunc
356 4725 521 4779 pecus
551 4727 863 4781 :equorcum
888 4717 1267 4787 celebrabere,
1308 4739 1504 4791 magne
1533 4726 1719 4781 Silnre
1749 4744 1761 4780 :

164 4801 338 4865 Quem
372 4802 523 4856 velut
545 4805 731 4860 Actzeo
762 4808 1083 4877 perductum
1111 4823 1325 4883 tergora
1359 4818 1503 4871 olivo

163 4893 513 4948 Amnicolam
545 4897 807 4969 Delphina
836 4916 983 4956 reor.
1009 4904 1101 4959 Sic
1132 4922 1226 4976 per
1258 4909 1396 4964 freta
1430 4927 1690 4982 maguum

165 4986 413 5052 Laberis,
448 4999 502 5044 et
535 4991 680 5068 Longi
704 4998 791 5049 vix
825 5000 1077 5067 corporis
1108 5004 1322 5071 agmina
1354 5006 1546 5073 solvis,

168 5079 278 5132 Aut
304 5077 560 5135 brevibus
577 5082 803 5140 defensa
831 5089 1006 5157 vadis,
1042 5105 1133 5146 aut
1160 5094 1401 5149 ﬂuminis
1434 5101 1596 5155 ulvis.

165 5172 233 5223 Αι
266 5186 388 5225 cum
415 5174 746 5242 tranquillos
771 5180 983 5235 moliris
1015 5183 1067 5236 in
1097 5200 1256 5241 amne
1284 5201 1521 5256 meatus,

163 5261 241 5315 Te
272 5263 481 5318 virides
511 5266 666 5335 ripze,
701 5278 752 5323 te
779 5273 979 5327 cwrula
1012 5277 1169 5331 turba
1204 5291 1511 5347 natantum,

168 5352 248 5408 Te
270 5354 495 5424 liquida:
524 5359 794 5417 mirantur
822 5378 1012 5433 aquae;
1036 5367 1360 5426 diﬂ'unditur
1389 5374 1549 5430 alveo

172 5445 376 5513 IEstus,
405 5458 460 5503 et
483 5454 721 5508 extremi
746 5469 1078 5524 procurrunt
1100 5466 1344 5532 margine
1362 5466 1577 5524 ﬂuctus.

165 5537 308 5594 Talis
338 5542 650 5603 Atlantiaco
680 5548 955 5615 quondam
982 5550 1186 5608 balaena
1212 5558 1504 5625 profundo,

164 5629 295 5684 Cum
320 5642 484 5686 vento
510 5643 729 5692 motuve
760 5655 861 5693 suo
891 5642 1103 5698 telluris
1132 5647 1198 5700 ad
1241 5663 1366 5703 oras

129 5791 132 5795 ἢ
165 5723 416 5789 Pellitur,
444 5728 736 5786 exclusum
767 5733 933 5787 fundit
967 5752 1137 5803 mare,
1166 5749 1467 5814 magnaque
1491 5762 1721 5819 surgunt

162 5817 427 5890 RE-ptora,
447 5823 714 5895 vicinique
744 5826 938 5884 timent
960 5830 1279 5891 ili-crescere
1299 5849 1536 5897 mentes.

1726 310 2031 369 IDYLLIA.

1829 437 1885 494 Α
1910 429 2009 486 llic
2032 440 2231 498 tamen,
2248 435 2334 493 hic
2358 448 2566 494 nostra:
2585 440 2733 498 mitis
2755 441 2973 500 Balacna
3002 431 3261 515 Mosellae,

3394 334 3499 393 890

1913 526 2095 582 Exitio
2122 533 2310 599 procul
2337 545 2443 601 est,
2475 550 2784 608 magnoque
2811 540 2985 595 honor
3012 540 3231 596 additus
3260 544 3428 599 amni.

1981 620 2098 676 Jam
2125 622 2356 693 liquidas
2387 640 2667 695 spectasse
2697 632 2833 699 vias,
2869 644 2925 687 et
2952 633 3159 690 lubrica
3203 636 3381 706 pisces

1911 711 2162 783 Agmina,
2189 717 2626 791 multiplicesque
2648 727 2781 777 satis
2811 741 3130 784 numerasse
3151 739 3428 786 catervas.

1912 806 2354 865 lnducantaliam
2387 816 2701 881 spectacula
2731 818 2872 873 vitea
2906 836 3159 892 pompam
3194 842 3205 877 :

1862 976 1865 977 ν
1911 903 2329 977 Sollicitentque
2358 923 2529 979 vagos
2559 910 2816 968 baccbeia
2843 931 3070 972 munera
3097 919 3243 974 visus
3267 937 3281 975 :

1908 997 2023 1067 Qua
2050 999 2301 1055 sublimis
2325 1016 2463 1069 apex
2501 1003 2662 1073 longo
2688 1021 2851 1075 super
2882 1009 3044 1064 ardua
3077 1020 3253 1068 tractu

1909 1091 1976 1146 Et
2007 1106 2194 1162 rupes,
2228 1100 2283 1148 et
2320 1094 2502 1164 aprica
2521 1094 2664 1167 jugi,
2688 1096 2993 1171 ﬂexusque,
3022 1104 3278 1176 sinusque

1909 1181 2123 1239 Vitibus
2151 1194 2468 1256 assurgunt,
2501 1190 2848 1260 naturalique
2874 1192 3110 1250 theatro.

1906 1272 2219 1331 Gauranum
2243 1276 2321 1333 sic
2347 1279 2487 1333 alma
2506 1279 2695 1351 jugum
2729 1282 3002 1339 vindemia
3027 1286 3212 1356 vestit,

1909 1368 1969 1422 Et
2000 1367 2329 1439 Rhodopen,
2355 1374 2697 1443 proprioque
2727 1376 2899 1431 nitent
2949 1378 3177 1448 Pangaea
3207 1379 3387 1453 Lytco.

1905 1457 1997 1514 Sic
2021 1460 2161 1515 viret
2186 1461 2444 1519 Ismarius
2475 1478 2643 1536 super
2668 1481 2886 1537 aequora
2917 1468 3148 1525 Thracia
3175 1472 3351 1526 collis.

1905 1548 1998 1605 Sic
2021 1566 2138 1606 mea
2170 1550 2459 1610 flaventem
2488 1556 2723 1628 pingunt
2750 1556 2936 1615 vineta
2967 1559 3325 1617 Garumnam.

1855 1690 1862 1696 .
1904 1646 2143 1703 Summis
2168 1650 2368 1720 quippe
2391 1650 2541 1721 jugis
2572 1652 2847 1709 tendentis
2868 1656 2921 1708 in
2952 1657 3143 1711 ultima
3173 1656 3330 1722 clivi,

1902 1738 2225 1795 Conseritur
2248 1741 2409 1797 viridi
2443 1743 2679 1799 fluvialis
2702 1761 2890 1816 margo
2922 1745 3106 1818 Lymo.

1830 1826 1876 1886 Β
1904 1833 2047 1888 Laeta
2080 1849 2303 1903 operum
2339 1835 2546 1904 plebes,
2580 1836 3011 1910 festinantesque
3027 1841 3210 1896 coloni

1906 1926 2123 1982 Vertico
2150 1943 2297 1982 nunc
2327 1943 2542 1983 summo
2565 1943 2885 2003 properant,
2911 1949 3058 1987 nunc
3083 1932 3280 2003 dejugc
3306 1933 3496 2001 dorso,

1898 2016 2187 2073 Certautes
2214 2020 2426 2075 stolidis
2454 2020 2807 2077 clamoribus.
2840 2022 2972 2078 lude
3003 2026 3178 2079 viator

1897 2111 2160 2181 Riparum
2190 2112 2437 2183 subjecta
2462 2122 2669 2183 terens,
2692 2115 2822 2171 hinc
2851 2118 3035 2171 navita
3065 2116 3282 2182 labens,

1897 2205 2104 2261 Probra
2135 2215 2338 2262 canunt
2367 2207 2504 2263 seris
2535 2208 2870 2267 cultoribus:
2904 2210 3135 2279 astrepit
3166 2210 3287 2265 ollis
3351 2205 3359 2213 ’

1896 2298 1965 2355 Ει
1985 2315 2170 2369 rupes,
2202 2309 2260 2355 et
2279 2299 2415 2355 silva
2441 2309 2705 2368 tremens,
2732 2310 2790 2357 et
2812 2316 3084 2357 concavus
3113 2302 3307 2357 amnis.

1965 2393 2077 2449 Nec
2105 2393 2255 2450 solos
2280 2393 2562 2450 hominum
2586 2396 2827 2452 delectat
2853 2410 3015 2451 scena
3042 2397 3313 2451 locorum.

1896 2489 1996 2545 llic
2025 2503 2127 2561 ego
2158 2499 2215 2545 et
2242 2499 2489 2560 agrestes
2512 2490 2771 2562 Satyros,
2805 2500 2859 2546 et
2885 2491 3078 2560 glauca
3112 2498 3331 2545 tuentes

1893 2585 2115 2653 Naidas,
2146 2569 2410 2643 extremis
2436 2586 2658 2643 credam
2691 2601 3023 2643 concurrere
3047 2586 3205 2657 ripis,

1893 2676 2236 2749 Capripedes
2263 2680 2435 2749 agitat
2462 2695 2589 2735 cum
2620 2680 2744 2736 latta
2770 2681 3037 2751 protervia
3075 2680 3272 2747 Panas,

1891 2773 2271 2845 lnsultantque
2300 2775 2475 2841 vadis,
2497 2774 2843 2845 trepidasque
2870 2775 2971 2829 sub
3001 2788 3163 2829 amne
3194 2787 3421 2829 sorores

1834 2868 1838 2873 ’
1889 2868 2142 2934 Terrent,
2171 2868 2391 2923 indocili
2422 2868 2704 2937 pulsantes
2734 2868 2963 2923 verbere
2987 2867 3228 2923 ﬂuctum.
3254 2926 3257 2927 ν

1887 2961 2048 3031 Szepe
2074 2962 2238 3017 etiam
2262 2962 2455 3017 mediis
2477 2960 2652 3016 furata
2676 2976 2708 3017 e
2732 2961 2965 3017 collibus
2991 2976 3121 3016 uvas

1889 3053 2031 3109 lnter
2052 3053 2311 3110 Oreiadas
2344 3054 2565 3125 Panope
2597 3053 2831 3109 fluvialis
2856 3055 3082 3119 amicas,

1887 3147 2046 3219 Fugit
2071 3148 2304 3203 lascivos
2342 3149 2603 3219 paganica
2633 3148 2852 3203 numina
2885 3148 3125 3203 Faunos.

1809 3209 1854 3269 Ο
1894 3209 2102 3295 Dicitur
2134 3251 2189 3295 et
2220 3240 2399 3295 medio
2424 3256 2548 3296 cum
2573 3242 2655 3296 sol
2679 3241 2833 3297 stetit
2861 3242 3052 3312 igneus
3083 3241 3240 3309 orbe,

1890 3335 1969 3389 Ad
2002 3351 2292 3391 commune
2321 3334 2542 3401 fretum,
2574 3334 2803 3408 Satyros
2828 3336 3141 3405 vitreasque
3168 3348 3416 3400 sorores,

1884 3430 2183 3485 Consortcs
2211 3430 2494 3485 celebrare
2516 3432 2752 3496 choros;
2777 3446 2897 3487 cum
2922 3431 3155 3502 prtebuit
3176 3431 3341 3486 horas

1883 3523 2138 3579 Secretas
2166 3522 2448 3578 hominum
2479 3532 2625 3580 coetu
2657 3524 2978 3595 ﬂagrantior
3006 3532 3195 3581 :estus.

1882 3614 2035 3670 Tunc
2065 3616 2394 3672 insultantes
2434 3632 2533 3672 sua
2559 3633 2659 3686 per
2684 3617 2823 3673 freta
2855 3617 3045 3674 ludere
3074 3616 3377 3689 Nymphas,

1881 3707 1950 3763 Et
1968 3710 2195 3778 Satyros
2224 3724 2465 3764 mersare
2491 3696 3023 3780 vadis,rudibusque
3051 3709 3271 3763 natandi

1881 3799 1986 3855 Per
2016 3800 2223 3855 medias
2255 3802 2404 3856 exire
2428 3815 2620 3856 manus
2640 3818 2655 3858 :
2679 3801 2807 3856 dum
2841 3801 3049 3856 lubrica
3080 3800 3210 3857 salsi

1879 3892 2117 3948 Membra
2148 3902 2362 3964 petunt,
2394 3893 2741 3965 liquidosque
2777 3879 2961 3950 fovent
2992 3908 3094 3965 pro
3114 3907 3346 3965 corpore
3379 3892 3483 3947 ﬂu-

2456 4060 2457 4065 γ
3270 3989 3437 4061 lctus.

1877 4082 1981 4138 Sed
2016 4098 2120 4138 non
2152 4083 2269 4139 bace
2288 4094 2530 4154 spectata
2559 4085 2676 4151 ulli,
2712 4101 2814 4141 nec
2852 4085 3068 4157 cognita
3100 4085 3243 4151 visu,

1880 4178 1983 4231 Fas
2011 4178 2141 4232 mihi
2164 4178 2234 4232 sit
2258 4193 2357 4249 pro
2380 4188 2535 4248 parte
2561 4178 2745 4249 loqui;
2772 4188 2983 4235 secreta
3017 4188 3247 4248 tegatur,

1877 4271 1946 4327 Et
1975 4271 2264 4327 commissa
2281 4271 2393 4327 suis
2424 4272 2593 4327 lateat
2620 4274 2928 4328 reverentia
2962 4272 3108 4328 rivis.

1878 4363 1970 4419 llla
1995 4363 2215 4419 fruenda
2248 4365 2424 4434 palam
2456 4366 2689 4434 species,
2716 4380 2839 4420 cum
2859 4350 3087 4435 glaucus
3116 4378 3293 4434 opaco

1876 4455 2188 4525 ReSpomlet
2215 4457 2336 4511 colli
2370 4456 2607 4523 ﬂuvius;
2640 4457 2897 4513 fioudere
2927 4458 3185 4512 videntur

1794 4590 1847 4650 Β
1877 4546 2145 4603 Fluminei
2178 4547 2389 4613 latices,
2418 4558 2473 4604 et
2499 4550 2725 4618 palmite
2757 4551 3004 4605 consitus
3037 4550 3235 4605 amnis.

1874 4642 2008 4708 Quis
2035 4643 2185 4698 color
2204 4644 2294 4699 ille
2313 4644 2487 4710 vadis,
2518 4660 2672 4699 seras
2700 4660 2824 4699 cum
2849 4644 3074 4712 protulit
3101 4643 3325 4699 umbras

1876 4736 2172 4806 Hesperus,
2196 4748 2251 4792 et
2281 4738 2438 4792 viridi
2474 4735 2757 4808 profundit
2788 4748 2978 4792 monte
3007 4735 3329 4792 Mosellam?

1872 4827 2007 4883 Tota
2043 4837 2233 4884 natant
2263 4828 2462 4897 crispis
2487 4828 2616 4901 juga
2641 4829 2903 4895 motibus,
2944 4837 2999 4884 et
3030 4830 3215 4885 tremit
3245 4828 3445 4885 absens

1872 4918 2187 4991 l‘ampinus,
2216 4932 2271 4977 et
2305 4922 2497 4977 vitreis
2532 4921 2801 4976 vindemia
2836 4931 3015 4991 turget
3048 4922 3101 4976 in
3125 4921 3324 4987 undis;

1874 5016 2214 5068 Anuumerat
2236 5014 2445 5069 virides
2475 5014 2690 5069 derisus
2716 5014 2891 5068 navita
2921 5015 3087 5079 vites,

1876 5104 2063 5160 Navita
2097 5106 2357 5161 caudiceo
2385 5106 2600 5161 ﬂuitans
2632 5122 2797 5175 super
2833 5120 3050 5176 aequora
3085 5106 3286 5173 lembo,

1876 5197 1981 5253 Per
2008 5197 2242 5253 medium
2274 5214 2377 5267 qua
2406 5214 2527 5253 sese
2558 5201 2702 5253 amni
2726 5197 3011 5252 confundit
3032 5198 3213 5267 imago

1874 5291 2062 5357 Collis,
2094 5301 2148 5346 et
2169 5295 2482 5349 umbrarqu
2506 5290 2741 5346 confinia
2773 5291 3019 5345 emiserit
3047 5288 3242 5345 amnis.

1948 5384 2072 5439 llaec
2122 5399 2338 5454 quoque
2395 5398 2555 5454 quam
2599 5382 2792 5439 dulces
2821 5383 3106 5449 celebrant
3154 5383 3466 5453 spectacula

2472 5491 2480 5499 -
3153 5477 3425 5549 [pompas,

1864 5570 2191 5640 Reluipedes
2212 5569 2392 5627 medio
2418 5579 2634 5626 certant
2662 5586 2787 5626 cum
2818 5570 3045 5625 ﬂumine
3067 5570 3258 5635 lembi,

1866 5664 1933 5716 Et
1958 5665 2138 5717 varios
2160 5663 2349 5717 ineunt
2374 5661 2568 5727 ﬂexus,
2599 5661 2911 5731 viridesque
2941 5677 3035 5731 per
3068 5676 3194 5717 oras

1864 5756 2147 5823 Striuguut
2172 5755 2403 5809 attousis
2433 5756 2689 5823 pulieutia
2715 5754 2960 5824 germina
2991 5755 3167 5824 pratis
3195 5757 3209 5809 l

1866 5848 2142 5918 Puppibus
2168 5859 2222 5903 et
2255 5851 2431 5911 proris
2462 5851 2673 5901 alacres
2703 5848 2904 5916 gestire
2928 5850 3244 5918 magistros,
