3908 6476
303 268 411 328 sat
681 295 684 298 ~
1697 268 1879 330 pecu
1918 244 2201 332 ausam!

3542 263 3658 329 892

309 381 703 454 impubemque
727 398 948 441 manum
976 396 1142 459 super
1180 386 1392 444 amnica
1439 394 1591 461 terga
1617 395 1905 459 vagantem
1935 385 1985 446 A
2014 386 2253 460 Torpida
2296 402 2579 462 supremos
2600 389 2803 463 patitur
2826 389 2938 462 jam
2965 389 3492 456 caudatremores,

311 478 447 534 Dum
480 485 691 545 spectat
718 478 977 544 transire,
1010 479 1135 535 dein
1157 494 1252 536 sua
1276 480 1419 536 seria
1454 482 1582 536 ludo

311 567 605 624 Posthabet
631 585 642 621 :
668 568 911 623 excludit
936 580 1149 627 veteres
1172 587 1309 629 nova
1335 573 1509 645 gratia
1532 589 1712 630 curas.

311 660 743 717 Tales-Cumano
769 659 1055 731 despectat
1080 664 1135 718 in
1157 680 1376 736 aequore
1398 666 1555 722 ludos

309 758 495 827 Liber,
521 758 806 828 sulphurei
839 773 962 819 cum
998 776 1096 830 per
1119 764 1248 834 jnga
1272 767 1481 821 consita
1504 766 1695 835 Gauri,

310 852 521 922 Perque
555 851 855 922 vaporiferi
886 852 1134 922 graditur
1176 856 1359 913 vineta
1387 857 1622 926 Vesevi;

309 944 442 1001 Cum
476 944 679 1015 Venus,
714 944 952 1001 Actiacis
982 948 1213 1018 Augusti
1245 950 1365 1006 laeta
1396 953 1708 1025 triumphis,

308 1037 524 1093 Ludere
550 1037 786 1094 lascivos
815 1037 928 1093 fera
952 1038 1139 1109 praelia
1169 1042 1337 1110 jussit
1365 1044 1621 1116 Amores,

307 1127 500 1197 Qualia
534 1128 759 1185 Niliaca:
783 1129 987 1187 classes
1008 1130 1290 1204 Latiaeque
1316 1134 1574 1193 triremes-

310 1222 511 1279 Subter
530 1223 845 1294 Apollineae
872 1235 1167 1296 gesserunt
1188 1226 1483 1285 'Leucados
1506 1245 1695 1299 arces;

314 1317 423 1370 Aut
445 1314 761 1385 Pompeiani
795 1315 1074 1388 Mylasena
1115 1321 1360 1390 pericula
1392 1321 1517 1378 belli

315 1407 573 1463 Euboica:
604 1407 853 1465 referunt
874 1426 970 1481 per
1009 1416 1223 1468 Averna
1254 1417 1505 1471 sonantia
1533 1419 1769 1489 cymbae.

314 1504 590 1558 Innocuos
620 1504 823 1558 ratium
848 1505 1060 1575 pulsus,
1095 1520 1414 1581 pugnasque
1433 1512 1681 1581 iocantes

315 1593 690 1662 Naumachire,
714 1595 898 1652 Siculo
920 1599 1110 1669 quales
1130 1609 1411 1670 spectante
1439 1586 1661 1675 Peloro,

314 1686 597 1763 C:eruleus
624 1686 785 1742 viridi
805 1701 1024 1759 reparat
1047 1692 1149 1747 sub
1177 1692 1414 1764 imagine
1442 1706 1660 1765 pontus.

315 1780 434 1837 Non
464 1780 626 1835 aliam
658 1780 899 1852 speciem
924 1785 1296 1854 petulantibus
1309 1788 1460 1844 addit
1476 1790 1701 1861 ephebis

317 1876 717 1947 Pubertasque,
743 1878 1054 1948 amnisque,
1086 1890 1139 1936 et
1164 1882 1293 1952 picti
1322 1894 1501 1940 rostra
1541 1887 1770 1957 phaseli.

318 1971 429 2027 llos
459 1970 788 2043 Hyperionio
817 1986 940 2026 cum
960 1972 1041 2027 sol
1072 1975 1369 2043 perfuderit
1390 1988 1549 2047 testu,

316 2064 522 2121 Reddit
548 2063 797 2119 nautales
829 2064 1005 2120 vitreo
1027 2067 1131 2122 sub
1154 2071 1366 2139 gurgite
1390 2070 1618 2141 formas,

320 2159 388 2214 Et
412 2156 610 2228 redigit
630 2156 841 2228 pandas
868 2159 1070 2213 inversi
1103 2162 1629 2232 corporis’umhras.

322 2251 503 2322 thue
526 2250 695 2322 agiles
717 2260 897 2307 motus
927 2254 1120 2323 dextra
1159 2254 1406 2326 laevaque
1436 2258 1808 2330 frequentant,
1871 2235 1885 2245 ’

323 2345 395 2401 Et
420 2347 768 2401 commutatis
792 2346 1067 2402 alternant
1097 2350 1345 2419 pondera
1372 2352 1562 2421 remis,

326 2439 482 2496 Unda
510 2440 679 2496 refert
704 2439 841 2495 alios
860 2442 1149 2497 simulacra
1179 2444 1456 2501 humentia
1484 2456 1699 2503 nautas.

321 2533 443 2602 Ipsa
471 2549 570 2589 suo
596 2533 795 2604 gaudet
826 2536 1175 2593 simulamine
1206 2540 1421 2595 nautica
1446 2542 1640 2612 pubes,

324 2618 570 2683 Failaces
601 2626 768 2681 fluvio
813 2630 1011 2683 mirata
1050 2630 1234 2687 redire
1263 2632 1485 2704 figuras.

259 2780 265 2785 ,
324 2720 418 2778 Sic
448 2720 537 2775 ubi
570 2721 907 2793 compositos
936 2732 1278 2780 ostentatura
1309 2728 1562 2798 capillos,

324 2815 657 2881 Gaudentem
690 2816 797 2872 late
828 2818 1034 2887 speculi
1065 2814 1405 2890 explo’rantis
1438 2823 1700 2880 honorem

268 2966 271 2969 ,
324 2908 458 2963 Cum
486 2909 717 2981 primunt
741 2908 919 2965 chara:
949 2912 1131 2973 nutrix
1164 2913 1411 2969 admovit
1439 2917 1704 2987 alumnae,

328 3004 475 3060 Laeta
500 3004 754 3075 ignorate
782 3003 982 3062 fruitur
1011 3007 1324 3078 virguncula
1366 3001 1521 3078 lddo,

325 3094 721 3167 Germanreque
750 3106 904 3167 putat
936 3097 1165 3154 formam
1211 3110 1460 3171 spectare
1484 3103 1707 3174 puellae:

325 3187 527 3244 Oscula
554 3188 782 3262 fulgenti
810 3189 904 3245 dat
942 3206 1051 3246 non
1083 3194 1368 3250 referenda
1397 3197 1640 3264 metallo,

328 3280 605 3338 Autﬁxas
637 3292 924 3353 praetentat
948 3299 1099 3356 acus,
1136 3296 1228 3342 aut
1269 3286 1471 3346 frontis
1502 3290 1567 3346 ad
1594 3303 1746 3348 oram

329 3372 572 3430 Vibratls
597 3385 803 3447 coeptat
826 3376 1011 3448 digitis
1038 3381 1337 3439 extendere
1366 3385 1548 3441 crines
1577 3404 1592 3441 :

332 3466 483 3522 Talis
510 3467 577 3522 ad
597 3468 909 3526 umbrarum
929 3470 1163 3529 ludibria
1190 3476 1406 3533 nautica
1438 3479 1607 3550 pubes

329 3558 617 3631 Ambiguis
644 3559 841 3616 fruitur
867 3565 980 3618 veri
1012 3563 1244 3637 falsique
1284 3569 1492 3641 figuris.

402 3655 522 3711 Jam
554 3667 685 3711 vero
705 3670 971 3740 accessus
1000 3657 1187 3717 faciles
1214 3677 1320 3734 qua
1346 3665 1463 3736 ripa
1493 3666 1788 3740 ministrat,

330 3749 621 3806 Scrutatur
662 3759 778 3809 toto
810 3754 1119 3825 pepulatrix
1143 3756 1302 3813 turba
1333 3759 1603 3827 profundo
1675 3824 1680 3828 ,

331 3843 448 3912 Heu
469 3844 482 3898 !
507 3845 649 3900 male
676 3845 928 3903 defensos
953 3849 1218 3919 penetrali
1244 3849 1466 3907 flumine
1484 3853 1708 3925 ‘pisces!

334 3937 433 3995 Hic
458 3938 640 3994 medio
668 3941 857 4010 procul
888 3942 1298 3998 amnctrahcns
1329 3944 1604 4016 humentia
1653 3948 1781 4015 lina,

334 4027 566 4085 Nodosis
596 4029 825 4101 decepta
858 4032 1030 4104 plagis
1055 4034 1529 4103 examinavertit;

337 4121 435 4175 Ast
460 4121 546 4179 hic
569 4123 866 4195 tranquillo
898 4140 1007 4195 qua
1030 4126 1230 4184 labitur
1249 4131 1465 4201 agmine
1492 4131 1716 4201 fiumen,

338 4212 493 4268 Ducit
519 4216 775 4272 corticeis
792 4204 1073 4273 fluitantia
1090 4220 1229 4276 retia
1247 4221 1436 4294 signis.

337 4304 433 4359 Ille
461 4315 639 4362 autem
668 4310 909 4381 scopulis
940 4314 1215 4385 suhjectas
1239 4332 1448 4389 pronus
1476 4319 1529 4374 in
1563 4320 1757 4393 undas,

340 4398 572 4454 Inclinat
599 4404 759 4459 lentae
795 4418 1041 4462 convexa
1070 4410 1352 4465 cacumina
1382 4412 1571 4484 virgm,

338 4490 563 4547 lndutos
592 4496 735 4548 escis
760 4494 969 4565 jaeiens
998 4498 1532 4561 lethalibus‘hamos.

335 4585 488 4653 Quos
518 4586 707 4656 ignara
736 4586 845 4642 doli
869 4599 1151 4660 postquam
1192 4609 1327 4665 vaga
1357 4597 1515 4652 turba
1540 4606 1820 4655 natantum

333 4678 584 4735 Rictibus
606 4679 825 4745 invasit,
847 4681 1154 4752 patulaeque
1179 4699 1274 4752 per
1304 4687 1489 4743 intima
1518 4678 1705 4747 fauces

332 4774 463 4828 Sera
490 4773 1068 4831 occultati-senserunt
1097 4777 1317 4833 vulnera
1346 4777 1496 4848 ferri,

336 4870 473 4925 Dum
506 4870 802 4941 trepidant,
836 4871 981 4927 subit
1007 4871 1285 4939 indicium,
1316 4875 1606 4947 eriSpoque
1637 4879 1857 4934 tremori

342 4962 615 5018 Vihrantis
638 4973 769 5021 setae
801 4978 999 5022 nutans
1023 4968 1299 5022 consentit
1332 4967 1597 5023 harundo.

336 5056 447 5113 Nec
476 5074 627 5113 mora
661 5079 672 5114 :
700 5070 753 5116 et
778 5075 1062 5117 excussam
1095 5061 1361 5116 stridenti.
1385 5063 1627 5117 .verhcre
1658 5061 1894 5133 prmdam

314 5140 567 5233 Dextera
602 5153 655 5208 iu
682 5153 962 5225 obliquum
988 5162 1169 5226 raptat
1197 5168 1351 5226 puer.
1380 5153 1595 5224 Excipit
1624 5153 1792 5210 ictum

333 5246 588 5316 Spiritus,
626 5258 683 5303 ut
714 5248 903 5304 fractis
930 5249 1199 5319 quondam
1229 5265 1327 5320 per
1356 5251 1517 5305 inane
1542 5249 1770 5320 ﬂagellis

335 5342 480 5395 Aura
504 5351 713 5412 crepat,
740 5349 998 5413 motoque
1018 5343 1261 5400 assibilat
1278 5358 1407 5399 aere
1435 5351 1647 5398 ventus.

337 5432 626 5487 Exsultant
660 5435 778 5489 uda:
805 5450 973 5504 super
1002 5420 1153 5491 arida
1184 5452 1313 5492 saxa
1340 5439 1563 5509 rupium,

336 5530 685 5601 Luciferiiue
717 5543 919 5603 pavent
945 5531 1161 5588 lethalia
1190 5533 1294 5588 tela
1328 5532 1461 5589 diei.

337 5625 549 5695 Quique
578 5627 680 5682 sub
706 5643 865 5683 amne
895 5641 995 5682 suo
1018 5628 1215 5683 mansit
1244 5627 1416 5698 vigor,
1448 5642 1576 5684 aere
1599 5622 1789 5683 uestro

342 5719 533 5789 Segnis
564 5720 834 5776 anhelatis
860 5723 1023 5776 vitam
1053 5721 1325 5776 consumit
1366 5719 1419 5775 in
1442 5721 1606 5776 auris.

350 5810 376 5867 .l
387 5827 467 5865 am
494 5815 646 5887 piger
668 5814 905 5873 invalido
932 5816 1172 5873 vibratur
1200 5830 1433 5888 corpore
1464 5815 1707 5886 plausus:

2009 481 2120 537 Nec
2141 493 2344 539 coeunt
2366 485 2566 551 rictus;
2601 485 2823 541 haustas
2854 485 2948 542 sed
2988 484 3229 541 hiatibus
3265 468 3450 542 auras

2009 574 2207 630 Reddit
2238 577 2549 633 mortiferos
2574 578 2862 651 exspirans
2883 579 3355 651 branchiaﬂatus.

2012 669 2105 727 Sic
2133 669 2221 725 ubi
2250 670 2473 727 fabriles
2500 684 2719 730 exercet
2744 675 2972 746 Spiritus
2996 677 3172 747 ignes,

2014 763 2225 833 Accipit
2245 764 2458 819 alterno
2482 766 2809 837 cohibetque
2832 769 3099 824 foramine
3126 777 3313 824 ventos

2016 860 2195 916 Lanea
2217 861 2451 931 sagineis
2472 862 2722 917 alludens
2750 877 2937 934 parma
2962 864 3227 918 cavernis.

1976 964 1983 972 ’
2014 956 2133 1013 Vidi
2162 964 2380 1028 egomet
2401 955 2664 1027 quosdam
2692 956 2821 1012 lethi
2852 957 2953 1012 sub
2986 956 3095 1014 ﬁne
3125 964 3455 1013 trementes

2015 1050 2313 1122 Collegisse
2341 1050 2552 1104 animas
2580 1064 2593 1103 :
2628 1066 2753 1104 mox
2788 1049 2841 1104 in
2871 1049 3107 1106 sublime
3131 1050 3352 1119 citatos,

2016 1142 2228 1200 Cernua
2249 1142 2551 1214 subjectum
2582 1157 2825 1216 prmeeps
2852 1142 2983 1199 dare
3012 1157 3247 1213 corpora
3278 1144 3331 1198 in
3365 1154 3646 1207 amnem,

2020 1241 2438 1310 Desperatarum
2470 1238 2740 1309 potientes
2774 1251 2972 1306 rursus
2998 1252 3281 1309 aquarum.

2019 1337 2167 1405 Quos
2197 1333 2373 1404 impos
2402 1332 2583 1387 damni
2611 1346 2743 1403 puer
2775 1331 3113 1388 inconsultus
3138 1332 3206 1386 ab
3233 1332 3343 1386 alto

2020 1426 2257 1496 Impetit,
2290 1434 2344 1480 et
2365 1424 2570 1479 stolido
2603 1431 2787 1495 captat
2836 1439 3101 1495 prensare
3122 1411 3336 1507 Italam.

2020 1519 2110 1575 Sic
2141 1516 2521 1573 Anthedonius
2542 1517 2744 1573 Boeotia
2775 1532 2874 1589 per
2906 1517 3044 1574 freta
3072 1517 3312 1574 Glaucus

2018 1601 2275 1667 Gramina
2299 1618 2520 1682 gustatu
2552 1620 2836 1681 postquam
2862 1610 3102 1666 exitialia
3138 1610 3322 1666 Circes

2024 1704 2315 1774 Expertus,
2341 1711 2556 1773 carptas
2580 1702 2924 1757 moribundis
2956 1702 3194 1770 piscibus
3216 1702 3415 1758 herbas

1839 1837 1845 1843 -
1942 1774 1989 1840 Β
2022 1795 2286 1867 Sumpsit,
2320 1795 2668 1866 Carpathium
2692 1795 2858 1850 subiit
2883 1810 3057 1850 novus
3078 1792 3261 1851 accola
3290 1805 3552 1866 pontum.

2026 1891 2122 1949 Ille
2149 1890 2323 1945 ba’mis
2347 1896 2402 1945 et
2424 1899 2544 1945 rete
2570 1897 2785 1959 potens,
2807 1898 3095 1961 scrutator
3122 1890 3296 1960 operti

2023 1984 2257 2049 Nereos,
2280 1996 2589 2053 aequoream
2620 1982 2811 2037 solitus
2842 1990 3171 2038 convertere
3196 1982 3430 2054 Tethyn,

2024 2080 2171 2136 Inter
2200 2077 2442 2147 captivas
2474 2075 2914 2146 fluitavitprardo
2936 2085 3214 2133 catervas.

2023 2171 2179 2226 Talia
2207 2168 2530 2234 deepectant
2551 2169 2713 2237 longo
2744 2182 2839 2237 per
2860 2167 3061 2223 caerula
3084 2178 3257 2224 tractu

2024 2263 2336 2321 Pendentes
2358 2260 2505 2316 saxis
2535 2260 2756 2315 instanti
2796 2259 3032 2315 culmine
3061 2260 3223 2314 villtc.
3248 2248 3263 2261 ”

2022 2360 2169 2429 Quas
2191 2356 2399 2412 medius
2426 2354 2635 2409 dirimit
2657 2353 2895 2408 sinuosis
2919 2352 3151 2408 flexibus
3180 2368 3371 2408 errans

2025 2428 2238 2518 Amnis,
2273 2457 2330 2504 et
2356 2448 2592 2503 alternas
2620 2454 2845 2501 comunt
2874 2446 3123 2515 praetoria
3164 2428 3330 2515 ripas.

2098 2542 2232 2609 Quis
2258 2539 2424 2596 modo
2445 2537 3012 2608 Sestiacnmpelagus,
3039 2536 3401 2607 Nepheleidos
3432 2535 3627 2593 Helles

2029 2634 2239 2706 [Equor
2266 2630 2551 2703 :Abydeni
2581 2630 2716 2684 freta
2738 2630 2859 2701 quis
2893 2630 3120 2684 miretur
3145 2630 3384 2699 ephebi?

2029 2728 2162 2796 Quis
2184 2723 2550 2781 Chalcedonio
2573 2729 2907 2777 constratum
2947 2722 3015 2777 ab
3044 2722 3230 2777 littore
3263 2730 3506 2793 pontum,

2028 2819 2194 2889 Regis
2225 2833 2362 2888 opus
2391 2815 2586 2885 Magni,
2618 2814 2813 2869 mediis
2845 2813 3082 2884 Euripus
3114 2816 3202 2888 ubi
3222 2816 3382 2871 undis

2030 2913 2370 2983 Europazque
2392 2910 2643 2979 Asimque
2671 2915 2818 2963 vetat
2845 2922 3181 2967 concurrere
3208 2909 3424 2964 terras?

2026 3005 2144 3064 Non
2174 3006 2266 3064 hic
2285 3007 2400 3062 dira
2431 3005 2557 3061 freti
2589 3004 2791 3070 rabies,
2815 3018 2922 3059 non
2948 3017 3089 3057 saeva
3120 3001 3398 3056 furentum

2032 3101 2225 3157 Prmlia
2253 3098 2577 3156 Caurorntn.
2623 3098 2776 3153 Licet
2806 3097 2896 3153 hic
2923 3096 3252 3153 commercia
3285 3096 3473 3167 lingua:

1953 3172 1999 3236 Ο
2030 3194 2290 3265 Iungere,
2325 3202 2380 3249 et
2406 3192 2618 3247 alterno
2648 3204 2957 3245 sermonem
2993 3199 3177 3244 texere
3209 3189 3385 3259 pulsu:

2032 3286 2233 3342 Blanda
2258 3284 2569 3340 salutiferas
2603 3282 2931 3352 permiscent
2960 3282 3149 3335 littora
3182 3295 3368 3348 voces,

2030 3381 2098 3436 Et
2128 3393 2314 3444 voces,
2334 3386 2388 3432 et
2419 3390 2557 3446 pene
2586 3390 2798 3430 manus.
2834 3374 3166 3428 Resonantia
3202 3373 3475 3444 utrimque

2032 3471 2209 3527 Verba
2232 3470 2421 3535 refert,
2443 3467 2638 3523 mediis
2662 3466 2937 3522 concurrit
2966 3464 3223 3520 ﬂuctibus
3252 3464 3423 3519 Echo.

2100 3566 2201 3635 Qui
2228 3564 2391 3635 potis,
2425 3562 2738 3617 innumeros
2769 3560 3078 3630 cultusque,
3102 3557 3430 3629 habitusque
3477 3563 3614 3611 rete-

3324 3703 3332 3711 .
3407 3650 3578 3722 [xeus,

2030 3753 2279 3811 Pandere
2311 3750 2606 3821 tectonicas
2638 3764 2735 3820 per
2760 3748 2971 3820 singula
3000 3746 3207 3819 praedia
3238 3747 3472 3801 formas!

2029 3848 2148 3903 Non
2172 3845 2275 3901 hoc
2295 3852 2517 3915 spernat
2542 3858 2678 3913 opus
2699 3842 2998 3914 Gortynius
3024 3842 3217 3911 aliger,
3246 3839 3379 3895 tedis

2028 3938 2296 3996 Conditor
2324 3936 2602 4003 Euboicae,
2631 3950 2790 3990 casus
2813 3951 2976 4005 quem
2998 3934 3207 4004 ﬁngere
3236 3934 3289 3989 in
3319 3946 3453 3987 auro

2030 4031 2330 4089 Conantem
2363 4030 2583 4096 lcarios,
2616 4030 2772 4098 patrii
2805 4027 3059 4099 pepulere
3088 4027 3328 4083 dolores.

2031 4124 2148 4181 Non
2174 4124 2329 4179 Philo
2348 4123 2676 4191 Cecropius;
2705 4136 2810 4175 non
2833 4121 2922 4190 qui
2957 4117 3207 4174 laudatus
3234 4119 3303 4173 ah
3326 4118 3477 4174 hoste

2031 4217 2191 4274 Clara
2216 4216 2500 4289 Syracosii.
2519 4216 2684 4269 traxit
2718 4214 3018 4277 certamina
3047 4196 3212 4267 belli;

2032 4312 2242 4368 Forsan
2272 4318 2329 4365 et
2355 4308 2596 4378 insignes
2627 4305 3014 4384 hominumque
3045 4318 3385 4374 operumque
3407 4302 3612 4359 labores

2034 4404 2131 4461 Hic
2161 4400 2590 4471 habuitdecimo
2616 4398 2895 4455 celebrata
2920 4398 3198 4463 volumine
3232 4398 3393 4453 Marci

2034 4491 2380 4559 I-lebdoinas;
2409 4492 2495 4549 hic
2524 4491 2657 4547 clari
2678 4491 2900 4561 viguere
2921 4489 3247 4546 Menecratis
3271 4483 3442 4554 artes,

1954 4558 2008 4621 D
2037 4593 2213 4659 Atque
2239 4587 2437 4657 Ephesi
2467 4592 2710 4656 spectata
2737 4558 2953 4649 manus,
2984 4582 3069 4640 vel
3097 4582 3152 4638 in
3176 4597 3304 4639 arce
3330 4581 3580 4638 Minerva:

2034 4683 2258 4753 Ictinos,
2286 4683 2496 4753 magico
2517 4681 2602 4737 cui
2636 4688 2833 4736 noctua
2864 4679 3058 4751 perlita
3083 4679 3205 4735 fuco

2034 4776 2217 4833 Allicit
2247 4791 2405 4831 omne
2432 4789 2604 4846 genus
2631 4775 2907 4844 volucres,
2934 4774 3265 4845 pcrimitque
3293 4772 3511 4829 tuendo.

2034 4850 2300 4925 Conditor
2321 4868 2409 4924 hic
2434 4869 2613 4924 forsan
2637 4867 2803 4923 fuerit
2830 4867 3199 4924 Ptolemaidos
3221 4867 3358 4924 aulae

2040 4961 2391 5028 Dinochares,
2428 4960 2638 5030 quadro
2667 4960 2755 5017 cui
2783 4960 2835 5016 in
2860 4960 3073 5032 fastigia
3096 4977 3237 5018 cono

2036 5054 2237 5124 Surgit,
2268 5063 2323 5109 et
2345 5054 2459 5125 ipsa
2482 5068 2611 5109 suas
2641 5056 2911 5110 consumit
2942 5054 3191 5128 Pyramis
3220 5055 3461 5125 umbras,

2038 5148 2229 5204 Iussus
2259 5148 2329 5203 ob
2351 5148 2543 5203 incesti
2577 5150 2666 5221 qui
2696 5149 2972 5220 quondam
3002 5149 3177 5206 ftedus
3205 5152 3409 5206 amoris

2038 5240 2307 5296 Arsinoen
2335 5239 2518 5296 Pharii
2550 5241 2834 5311 suSpendit
2855 5241 2908 5295 in
2937 5256 3063 5296 acre
3095 5242 3306 5313 templi.

2040 5334 2223 5405 Spirat
2252 5334 2393 5389 enim
2426 5334 2549 5389 tecti
2572 5335 2842 5390 testudine
2865 5337 2990 5390 ver'a
3021 5334 3302 5404 Magnetis,

2043 5424 2577 5496 Aftictamquetrahit
2598 5425 2799 5484 ferrato
2827 5426 2979 5483 crine
3007 5427 3263 5498 puellam.

2044 5519 2154 5574 Hos
2174 5535 2303 5590 ergo
2328 5530 2421 5579 aut
2444 5522 2635 5575 horum
2666 5520 2872 5576 similes
2894 5531 2978 5576 est
3005 5521 3233 5577 credere
3257 5520 3479 5591 dignum

2045 5616 2328 5686 Belgarum
2360 5597 2413 5669 in
2447 5617 2602 5671 terris
2631 5623 2825 5671 scenas
2847 5617 3090 5683 posuisse
3105 5615 3411 5681 domorum,

2047 5707 2260 5766 Molites
2280 5710 2456 5765 celsas
2485 5708 2631 5764 fluvii
2659 5708 3004 5765 decoramina
3038 5708 3214 5763 villas.
3289 5711 3291 5713 ’

1992 5878 1995 5879 ν
2056 5806 2181 5864 Ilaec
2210 5813 2293 5862 est
2318 5804 2480 5868 nativi
2504 5802 2748 5865 sublimis
2774 5804 2826 5861 in
2858 5818 3053 5878 aggere
3071 5803 3221 5873 saxi;
