3908 6338
197 229 317 297 893

199 350 730 430 liaec‘procurrentis
759 343 980 417 fundata
1007 351 1294 424 crepidine
1319 351 1482 424 ripas;

203 551 304 606 Illa
341 561 535 606 tenens
561 549 778 612 collem.
812 546 905 618 qui
934 547 1196 617 plurimus
1222 546 1472 602 imminet
1497 543 1668 615 amni,

144 662 151 674 '
201 645 452 716 Usurpat
479 644 664 699 faciles
693 659 792 714 per
823 642 994 707 culta,
1023 656 1122 712 per
1145 655 1340 711 aspera
1375 641 1560 707 visus;

209 740 399 812 thue
421 741 534 795 suis
560 738 757 792 fruitur
787 733 945 790 dives
973 734 1277 807 speculatio
1306 733 1487 790 terris.

203 834 354 903 Quin
379 834 542 888 etiam
567 830 734 901 riguis
767 828 958 883 humili
988 827 1123 903 pede
1154 815 1372 883 condita
1410 825 1580 894 pratis

206 901 546 996 Compensat
577 922 709 978 celsi
735 921 876 976 bona
909 901 1179 975 naturalia
1210 920 1434 986 montis,

207 1019 550 1089 Sublimique
581 1015 798 1070 minans
829 1013 1084 1083 irrumpit
1107 1013 1160 1067 in
1192 1011 1398 1066 aethera
1434 1020 1600 1080 tecto,

203 1113 505 1174 Ostentans
532 1110 720 1174 altam,
750 1109 958 1164 Pharos
981 1115 1042 1161 ut
1069 1105 1440 1176 Memphitica,
1487 1105 1703 1159 turrim.

206 1196 352 1262 Iluic
380 1204 663 1277 proprium
687 1210 773 1258 est
794 1203 1011 1258 clausos
1036 1208 1298 1270 consepta
1331 1199 1543 1270 gurgite
1568 1198 1744 1269 pisces

207 1298 441 1370 Apricas
470 1296 821 1368 scopulorum
854 1295 994 1349 inter
1024 1304 1248 1362 captare
1275 1289 1520 1345 novales.

209 1394 342 1450 Iltec
370 1394 598 1447 summis
621 1370 804 1446 innixa
833 1388 980 1462 jugis
1002 1388 1239 1444 labentia
1271 1386 1459 1442 subter

206 1488 465 1544 Flumina
492 1487 752 1558 despectu
776 1486 886 1557 jam
916 1484 1192 1556 caligante
1221 1491 1422 1538 tuetur.

207 1585 365 1640 Atria
398 1582 527 1653 quid
550 1597 848 1638 memorem
873 1581 1233 1636 viridantibus
1263 1578 1430 1633 assita
1464 1574 1672 1648 pratis?

208 1673 637 1742 Inuumcrisquc
663 1686 828 1741 super
854 1671 1097 1725 nutantia
1123 1677 1264 1723 tecta
1295 1665 1602 1721 columnis?

208 1766 353 1834 Quid
383 1781 508 1835 quae
531 1764 824 1833 sulphurea
847 1761 1154 1816 substructa
1179 1757 1461 1829 crepidine
1496 1756 1708 1811 fumant

215 1860 441 1924 Balnea,
479 1859 707 1914 ferventi
733 1873 854 1913 cum
879 1855 1139 1912 Mulciber
1168 1855 1392 1909 haustus
1421 1862 1632 1923 operto,

207 1951 399 2007 Vulvit
422 1950 704 2005 anhelatas
731 1949 955 2005 tectoria
981 1963 1076 2018 per
1098 1962 1232 2003 cava
1262 1935 1533 2010 ﬂammas,

215 2043 492 2102 Inclusum
524 2044 835 2114 glomerans
865 2051 1000 2098 aestu
1028 2042 1347 2111 exspirante
1370 2039 1669 2112 vaporem?
1703 2081 1715 2094 .

191 2139 338 2212 ,Vitli
370 2153 473 2209 ego
499 2137 749 2194 defessos
772 2137 946 2192 multo
971 2135 1174 2192 sudore
1195 2134 1397 2189 lavacri

212 2233 511 2289 Fastidisse
537 2232 687 2288 lacus
711 2242 765 2288 et
795 2231 994 2302 frigora
1025 2231 1380 2311 piscinarum,
1523 2291 1527 2294 _

213 2329 283 2382 Lit
311 2329 449 2382 vivis
479 2326 790 2383 fruerentur
825 2326 1013 2397 aquis;
1043 2339 1170 2380 mox
1201 2329 1364 2380 amne
1393 2321 1597 2378 refotos

212 2421 498 2479 Plaudenti
528 2420 762 2492 gelidum
793 2419 994 2475 ﬂumen
1033 2418 1311 2490 pepulisse
1345 2425 1554 2471 natatu.

209 2517 365 2585 Quod
390 2516 436 2571 si
464 2514 718 2571 Cumanis
743 2515 846 2570 huc
868 2514 1064 2573 afforet
1085 2513 1285 2584 hospes
1308 2513 1377 2566 ab
1409 2513 1548 2581 oris,

209 2610 478 2664 Crederet
506 2608 775 2664 Euboicas
800 2607 1087 2661 simulacra
1111 2606 1308 2660 exsilia
1328 2604 1492 2659 Baias

211 2704 313 2759 Ilis
337 2703 571 2758 donasse
595 2702 771 2758 locis:
806 2709 988 2756 tantus
1022 2701 1310 2770 cultusque
1343 2700 1600 2768 nitorque

211 2797 424 2864 Allicit,
455 2804 508 2851 et
536 2796 739 2851 nullum
767 2797 907 2867 parit
927 2795 1221 2852 oblectatio
1244 2794 1449 2849 luxum.

283 2890 390 2945 Sed
415 2889 542 2944 mihi
567 2891 660 2959 qui
684 2889 901 2945 tandem
923 2888 1045 2943 ﬁnis
1069 2897 1154 2944 tua
1179 2888 1366 2959 glauca
1391 2887 1593 2942 fluenta

213 2985 428 3055 Dicere,
461 2985 903 3056 diguandumque
960 2985 1094 3039 mari
1148 2999 1455 3051 memorare
1490 2982 1810 3040 Mosellam?

211 3080 483 3136 Innumeri
517 3079 658 3150 quod
692 3089 743 3134 te
764 3079 979 3133 diversa
1013 3094 1110 3147 per
1138 3078 1275 3133 ostia
1301 3078 1410 3132 late

209 3175 496 3229 Incurrunt
517 3174 747 3228 amnes?
775 3187 1103 3243 quamquam
1127 3171 1346 3226 differre
1378 3180 1588 3239 meatus

215 3267 474 3329 Posseut;
507 3265 601 3322 sed
629 3266 876 3320 celerant
907 3267 956 3318 in
1001 3275 1052 3320 te
1074 3279 1645 3325 consumerenomen.

211 3359 452 3430 Namque
480 3367 536 3413 et
564 3359 801 3413 Pronteze
825 3358 1179 3427 Nemeswque
1209 3357 1390 3426 adjuta
1430 3368 1614 3413 meatu
1649 3370 1654 3375 '

213 3453 352 3508 Sura
387 3462 507 3507 tuas
523 3459 783 3522 properat
815 3466 919 3505 non
948 3451 1285 3520 degenerare
1303 3451 1404 3506 sub
1430 3453 1623 3522 undas,

212 3547 347 3603 Sura
381 3546 692 3616 in'erceptis
731 3545 825 3600 tibi
849 3545 1150 3615 gratilicata
1174 3544 1424 3599 ﬂuentis:

210 3641 454 3696 Nobilius
484 3641 744 3710 permixta
777 3648 869 3694 tuo
894 3639 1002 3693 sub‘
1022 3639 1261 3706 nomine,
1289 3655 1448 3711 quam
1478 3640 1522 3693 si

210 3734 515 3805 Ignorantia
558 3735 695 3804 patri
728 3733 1088 3789 confunderet
1117 3734 1259 3789 ostia
1310 3742 1477 3804 ponto
1509 3752 1521 3788 :

210 3832 288 3886 Te
317 3825 534 3900 rapidus
565 3830 772 3894 Gclbis,
798 3837 849 3883 te
871 3844 1141 3882 marmore
1163 3829 1341 3882 clarus
1367 3827 1613 3883 Eruhrus

211 3924 492 3979 Festinant
521 3922 736 3977 famulis
765 3921 1169 3992 quamprimum
1220 3919 1516 3976 allamhere
1553 3920 1808 3992 lymphis,

210 3998 493 4077 Nobilibus
523 4017 704 4074 Gelbis
735 4017 1036 4072 celebratus
1061 4015 1298 4086 piscibus
1327 4033 1340 4069 :
1367 4015 1455 4071 ille

209 4111 770 4183 Praecipititorquens
797 4109 1029 4166 cerealia
1054 4124 1180 4164 saxa
1210 4117 1414 4174 rotatu,

211 4205 622 4275 Stridentesque
646 4203 869 4258 trahens
901 4217 995 4272 per
1022 4201 1163 4256 levia
1190 4215 1461 4256 marmora
1485 4217 1666 4259 serras

210 4301 376 4359 Audit
399 4309 688 4372 perpetuos
709 4298 823 4367 ripa
851 4313 917 4353 ex
948 4305 1178 4367 utraque
1202 4295 1485 4351 tumultus.

209 4399 488 4454 Praetereo
519 4394 714 4451 exilem
747 4392 1005 4448 Lesuram
1033 4437 1046 4461 ,
1081 4399 1406 4461 tenuemque
1432 4390 1809 4460 Drachonum,

215 4491 327 4546 Nec
354 4488 621 4546 fastiditos
639 4487 907 4543 Salmonea
931 4501 1132 4556 usurpo
1155 4487 1375 4540 liuores.

217 4584 448 4656 Naviger
478 4583 738 4637 undisona
764 4581 966 4636 dudum
993 4596 1080 4636 me
1109 4581 1254 4635 mole
1292 4572 1527 4636 Sarravus

215 4679 378 4735 Torta
408 4684 560 4732 ve~te
589 4683 745 4730 vocat
771 4693 782 4726 :
810 4675 1030 4744 longum
1063 4674 1153 4743 qui
1173 4673 1381 4728 distulit
1408 4690 1649 4743 amnem,

213 4773 379 4829 Fessa
403 4773 504 4827 sub
531 4770 786 4841 Augustis
812 4778 869 4824 ut
898 4769 1138 4824 volveret
1165 4771 1300 4823 ostia
1334 4770 1521 4824 muris.

216 4869 327 4925 Nec
365 4866 541 4921 minor
572 4866 694 4931 hoc,
731 4864 952 4919 tacitum
979 4864 1065 4931 qui
1101 4878 1198 4931 per
1230 4863 1343 4917 sola
1373 4863 1591 4934 pinguia
1623 4863 1812 4922 labens

212 4960 440 5030 Stringit
473 4957 754 5028 frugiferas
785 4955 914 5010 felix
942 4955 1208 5009 Alisontia
1243 4954 1412 5026 ripas,

211 5052 356 5108 Mille
383 5051 497 5117 alii,
534 5055 695 5120 prout
725 5062 993 5117 quemque
1022 5062 1153 5101 suus
1176 5048 1344 5117 magis
1368 5048 1602 5119 impetus
1632 5059 1809 5122 urget,

145 5158 149 5162 ”
215 5147 350 5202 Esse
375 5145 448 5199 tui
477 5145 726 5213 cupiunt.
751 5143 952 5197 Tantus
982 5143 1397 5210 properantibus
1432 5144 1590 5198 undis
1778 5127 1782 5132 l

212 5220 486 5305 Ambitus,
521 5246 613 5291 aut
637 5235 828 5291 moles.
856 5232 1006 5302 Quod
1041 5234 1085 5288 si
1115 5232 1235 5298 tibi,
1260 5233 1346 5287 dia
1369 5234 1610 5302 Mosella,

210 5333 440 5403 Smyrna
468 5345 625 5384 suum
654 5339 828 5384 vatem
849 5370 864 5394 ,
895 5327 976 5382 vel
1008 5326 1222 5380 Mantua
1245 5326 1393 5382 clara
1421 5327 1660 5384 dedisset
1687 5346 1700 5382 :
1766 5388 1769 5390 _

210 5424 443 5480 Cederet
466 5423 640 5477 Iliacis
670 5421 869 5478 Simois
893 5429 1222 5475 memoratus
1247 5420 1297 5473 in
1321 5421 1454 5489 oris,

211 5517 320 5573 Nec
353 5516 610 5586 praeferre
636 5530 763 5570 suos
790 5513 1013 5569 auderet
1041 5513 1220 5568 Tibris
1245 5512 1501 5568 honores.

217 5613 289 5666 ila
311 5608 527 5663 veniam
561 5608 691 5662 mihi
716 5652 730 5676 ,
759 5609 928 5663 Roma
953 5618 1163 5677 potens.
1187 5605 1368 5672 Pulsa,
1401 5622 1500 5663 oro
1530 5654 1546 5679 ,
1574 5609 1808 5666 facessat

210 5693 510 5768 Invidia,et
538 5701 703 5756 Latiae
725 5701 970 5757 Nemesis
995 5717 1097 5756 non
1129 5700 1338 5771 cognita
1369 5701 1587 5774 linguze,

211 5795 424 5870 Imperii
449 5793 634 5856 sedem
656 5839 671 5869 ,
701 5793 998 5867 Romaeque
1026 5804 1177 5852 tuere
1205 5803 1477 5866 parentes.

1711 233 2011 294 IDYLLIA.

1837 351 1890 413 Α
1990 349 2368 422 Salve,magne
2390 367 2587 440 parens
2615 354 2942 428 frugumque
2963 355 3252 429 virumque
3270 332 3515 420 Mosella.

201 455 339 510 Ilmc
377 453 601 523 refugit,
631 460 959 522 captumque
987 450 1107 505 sinu
1131 449 1234 504 sibi
1260 449 1501 504 vindicat
1525 462 1773 504 amnem.
1841 447 1846 454 ’

3409 240 3520 306 ΒΜ

1921 445 1996 500 Te
2023 446 2150 501 clari
2181 459 2456 516 proceres,
2491 456 2543 501 te
2569 447 2712 503 bello
2734 448 2970 506 exercita
3003 450 3195 521 pubes.

1919 540 2134 596 [Emula
2165 550 2218 596 te
2251 540 2416 595 Latiae
2445 540 2665 598 decorat
2690 543 2940 600 facundia
2975 537 3224 618 lingua.

1920 636 2057 704 Quin
2082 635 2243 692 etiam
2275 649 2476 703 mores,
2506 643 2562 690 et
2583 637 2762 692 laetum
2788 638 2970 706 fronte
3000 655 3191 697 severa

1921 729 2225 802 Ingenium,
2252 741 2442 786 natura
2477 731 2580 786 tuis
2611 734 2880 790 concessit
2911 736 3166 792 alumnis.

1919 827 2030 882 Nec
2060 827 2174 882 sola
2212 829 2463 896 antiquos
2487 834 2726 881 ostentat
2755 826 2924 884 Roma
2955 829 3187 888 Catones
3217 847 3230 886 :

1920 924 2026 977 Aut
2057 937 2195 976 unus
2229 930 2435 977 tantum
2461 921 2590 990 justi
2618 929 2892 991 spectator
2912 932 2966 979 et
2993 926 3135 995 α»αυὶ

1920 1014 2096 1070 Pollet
2119 1014 2402 1076 Aristides,
2436 1023 2757 1082 veteresque
2782 1013 3018 1070 illustrat
3041 1018 3303 1074 Athenas.

1921 1105 2123 1161 Verum
2155 1122 2254 1176 ego
2280 1106 2409 1176 quid
2442 1107 2587 1162 laxis
2609 1105 2832 1163 nimium
2863 1107 3124 1178 spatiatus
3149 1108 3404 1172 habenis.

1922 1202 2107 1265 Victus
2129 1218 2314 1258 amore
2341 1202 2416 1256 tui
2437 1203 2706 1272 prtecouia
2735 1201 2924 1258 defero
2947 1202 2970 1253 ’ἰ
2995 1203 3191 1271 conde,

1921 1293 2069 1349 Musa
2098 1294 2316 1366 chelyn,
2350 1293 2518 1362 pulsis
2551 1304 2800 1350 extremo
2824 1296 3072 1351 carmine
3102 1295 3306 1352 nervis.

1923 1388 2159 1459 Tempus
2181 1390 2305 1454 erit,
2339 1404 2463 1443 cum
2497 1404 2585 1444 me
2620 1387 2814 1444 studiis
2843 1389 3098 1460 ignobilis
3128 1391 3206 1446 oti

1922 1483 2244 1538 Mulceutem
2277 1497 2458 1550 curas,
2489 1482 2736 1554 scniique
2758 1483 2938 1554 aprica
2970 1483 3268 1555 foventem,

1923 1575 2163 1633 Materia:
2191 1576 2537 1649 commendet
2569 1576 2744 1633 honos
2777 1596 2788 1630 :
2815 1594 2940 1634 cum
2969 1578 3108 1635 facta
3143 1580 3343 1635 viritim

1922 1672 2244 1743 Belgarum,
2281 1672 2594 1743 patriosque
2630 1687 2820 1728 canam
2851 1673 3049 1729 decora
3083 1675 3282 1748 inclyta
3321 1684 3525 1732 mores.

1847 1757 1894 1817 Β
1922 1766 2103 1821 Mollia
2138 1766 2319 1821 subtili
2347 1767 2555 1821 nebuut
2576 1766 2704 1822 mihi
2730 1769 2968 1824 carmina
2999 1770 3092 1825 lilo

1920 1860 2187 1930 Pierides,
2215 1861 2470 1930 tenuique
2491 1870 2643 1931 aptas
2660 1862 3000 1934 subtegmine
3029 1866 3165 1921 telas

1918 1955 2243 2010 Percurrent
2277 1973 2290 2009 :
2333 1955 2549 2011 dabitur
2589 1957 2793 2013 nostris
2833 1973 3050 2033 quoque
3087 1975 3330 2032 purpura
3361 1961 3518 2018 fusis.

1917 2047 2051 2116 Quis
2097 2047 2228 2102 mihi
2266 2057 2376 2102 tum
2420 2062 2528 2104 non
2561 2049 2739 2105 dictus
2765 2052 2921 2106 erit?
2961 2054 3278 2109 memorabo
3312 2056 3526 2126 quietos

1916 2139 2200 2212 Agricolas
2231 2159 2242 2193 :
2276 2140 2565 2213 legumque
2595 2151 2768 2211 catos,
2803 2142 3056 2215 fandique
3103 2155 3376 2217 potentes,

1917 2232 2237 2287 Praesidium
2265 2235 2503 2290 sublime
2531 2237 2636 2290 reis
2663 2253 2677 2291 :
2700 2253 2835 2308 quos
2864 2239 3012 2292 curia
3043 2254 3287 2295 summos

1917 2326 2245 2396 Municipum
2298 2327 2423 2381 vidit
2474 2344 2752 2398 proceres,
2796 2332 3188 2404 propriumque
3221 2342 3517 2389 senatum:

1919 2419 2067 2486 Quos
2095 2421 2403 2491 prmtextati
2433 2423 2669 2476 celebris
2693 2423 2945 2478 facundia
2979 2425 3091 2479 ludi
3310 2437 3311 2440 ‘

1916 2517 2156 2570 Contulit
2178 2515 2242 2569 ad
2273 2516 2473 2571 veteris
2499 2517 2766 2586 prmconia
2793 2518 3133 2586 Quintiliani.
3164 2529 3170 2534 '

1917 2609 2126 2680 Quique
2148 2624 2273 2665 suas
2303 2625 2500 2666 rexere
2533 2611 2714 2676 urbes,
2746 2627 3049 2684 purumque
3078 2613 3312 2670 tribunal

1918 2703 2213 2774 Sanguine,
2241 2711 2296 2759 et
2320 2705 2578 2759 innocuas
2600 2705 2940 2763 illustravere
2969 2718 3187 2767 secures
3214 2721 3229 2771 ;

1915 2799 2024 2854 Aut
2054 2798 2245 2854 Italum
2276 2788 2523 2869 populos,
2544 2801 3058 2874 aquilouigenasque
3085 2802 3376 2858 Britannos

1916 2891 2369 2949 Prtefecturarum
2399 2891 2553 2947 titulo
2583 2901 2811 2959 tenuere
2842 2894 3103 2960 secundo.

1915 2988 2124 3060 Quique
2147 2996 2306 3058 caput
2334 3003 2512 3043 rerum
2546 2988 2797 3056 Romam,
2828 2989 3196 3061 populumque
3227 2998 3518 3062 patresque

1918 3083 2150 3137 Tantum
2179 3097 2284 3136 non
2309 3082 2482 3150 primo
2511 3083 2654 3137 rexit
2675 3082 2778 3136 sub
2811 3084 3028 3139 nomine
3059 3101 3070 3136 :
3094 3083 3338 3154 quamvis

1795 3200 1799 3204 η
1836 3159 1883 3222 C
1914 3175 2198 3230 Praefuerit
2228 3175 2436 3244 primis.
2473 3174 2713 3229 Festinat
2742 3175 2950 3231 solvere
2981 3177 3193 3231 tandem

1917 3271 2174 3324 Errorcm
2206 3268 2425 3322 fortuna
2455 3262 2608 3322 suum
2642 3286 2656 3322 :
2705 3270 2975 3336 libataque
3004 3260 3268 3341 suppletis

1915 3365 2167 3430 Praemia,
2195 3365 2304 3433 jam
2334 3367 2448 3420 veri
2484 3365 2691 3437 fastigia
2721 3368 2910 3423 reddet
2939 3368 3161 3423 honoris

1915 3458 2200 3514 Nobilibus
2230 3459 2519 3527 repetenda
2551 3461 2856 3529 nepetibus.
2890 3459 2961 3515 At
2991 3461 3152 3516 modo
3175 3467 3428 3531 ereptum,

1917 3556 2210 3610 lietexatur
2231 3570 2366 3626 opus
2393 3574 2405 3609 :
2435 3555 2678 3611 dilata’et
2702 3556 2861 3612 laude
2887 3556 3150 3626 virorum,

1916 3649 2169 3703 Dicamus
2197 3649 2321 3701 laeto
2353 3663 2447 3718 per
2467 3663 2590 3703 rura
2620 3649 2852 3705 virentia
2881 3659 3053 3705 tractu
3151 3665 3154 3668 ’

1915 3745 2148 3799 Felicem
2171 3743 2409 3805 fluvium,
2437 3743 2720 3814 Rhenique
2741 3759 3025 3800 sacremus
3047 3743 3299 3800 intmdis.

1961 3837 2261 3893 .Cteruleos
2295 3851 2458 3904 nunc,
2493 3838 2721 3904 Rhene,
2743 3840 2916 3905 sinus,
2946 3837 3516 3912 hyaloquevirentem

1917 3931 2096 3985 Pande
2126 3931 2364 4001 peplum,
2399 3931 2742 4001 spatiumque
2773 3932 2895 3984 novi
2923 3939 3130 3986 metare
3154 3931 3366 3996 liuenti,
3423 3973 3425 3975 .

1915 4022 2585 4078 Fraternis'cuutulandus
2636 4024 2811 4093 aquis.
2831 4011 2961 4077 'Nec
2993 4024 3214 4093 praemia
3259 4023 3311 4077 in
3357 4021 3518 4077 undis

1916 4115 2069 4176 Sola.
2099 4115 2193 4170 sed
2218 4117 2475 4185 Augustae
2506 4116 2727 4171 veniens
2753 4115 2895 4185 quod
2928 4116 3199 4173 mmnibus
3222 4115 3371 4170 urbis

1915 4209 2425 4279 Spectavitjunctos
2452 4204 2681 4279 Natique
2703 4208 2990 4279 Patrisque
3016 4208 3320 4278 triumphos
3349 4250 3364 4274 ,

1917 4303 2172 4357 Hostibus
2203 4303 2406 4356 exactis
2435 4301 2656 4356 Nicrum
2683 4317 2866 4370 super,
2898 4309 2954 4357 et
2981 4302 3368 4372 Lupodunum,

1919 4397 1983 4451 Et
2006 4395 2206 4450 fontem
2233 4395 2397 4449 Latiis
2430 4395 2672 4465 ignotum
2696 4394 2986 4457 annalibus
3016 4395 3204 4450 Histri.

1919 4489 2047 4545 llaec
2074 4487 2336 4559 profl‘gati
2364 4491 2512 4543 venit
2549 4488 2709 4543 modo
2737 4490 2917 4544 laurea
2947 4489 3077 4544 belli
3109 4507 3120 4541 :

1820 4554 1892 4614 ’Β
1922 4582 2041 4638 Mox
2067 4554 2200 4636 alias
2223 4554 2462 4652 aliasque
2491 4581 2644 4637 feret.
2672 4581 2783 4636 Vos
2807 4583 3012 4653 pergite
3035 4582 3229 4652 juncti,

1924 4679 1991 4733 Et
2016 4692 2163 4731 mare
2193 4690 2526 4746 purpureum
2555 4675 2776 4746 gemino
2811 4674 3094 4746 propellite
3119 4659 3314 4729 tractu.

1922 4771 2033 4827 Neu
2059 4784 2280 4825 vereare
2306 4770 2506 4840 minor,
2536 4769 2898 4839 pulcherrime
2921 4770 3127 4834 Rhene,
3162 4752 3333 4823 videri
3364 4785 3377 4823 :

1921 4867 2143 4923 Invidiae
2173 4866 2247 4920 nil
2278 4866 2477 4933 hospes
2508 4865 2688 4920 habet.
2722 4864 2936 4919 Potiere
2968 4852 3189 4932 perenni

1885 4977 1894 4986 '
1922 4962 2152 5018 Nomine
2180 4980 2191 5016 :
2229 4969 2282 5015 tu
2316 4959 2560 5028 fratrem,
2597 4959 2752 5013 fama:
2778 4973 3022 5023 securus,
3055 4958 3278 5025 adopta.

1922 5057 2086 5110 Dives
2114 5055 2285 5124 aquis,
2317 5052 2466 5108 dives
2490 5051 2763 5123 nymphis,
2799 5050 3023 5121 largitor
3055 5051 3267 5120 utrique

1919 5142 2116 5211 Alvcus
2140 5145 2395 5201 extendet
2418 5143 2646 5214 geminis
2670 5143 2896 5197 divortia
2923 5143 3078 5211 ripis,

1918 5243 2353 5308 (Zommuncsque
2382 5238 2495 5306 vias
2527 5235 2739 5289 diversa
2771 5251 2867 5304 per
2897 5234 3032 5288 ostia
3065 5233 3272 5287 fundet.

1916 5329 2194 5386 Accedent
2224 5327 2367 5382 vires
2393 5369 2406 5391 ,
2442 5342 2575 5397 quas
2611 5326 2838 5381 Francia
2864 5371 2877 5394 ,
2913 5342 3156 5396 quasque
3187 5327 3514 5394 ()ltamaves,

1915 5425 2278 5495 Germanique
2330 5431 2600 5477 tremant:
2637 5429 2762 5477 tunc
2808 5438 2969 5477 verus
3016 5422 3289 5478 ltabebere
3334 5423 3510 5478 limes.

1914 5517 2146 5573 Accedet
2178 5527 2325 5568 tanto
2356 5513 2632 5584 geminum
2668 5514 2761 5568 tibi
2795 5530 2994 5570 nomen
3027 5516 3094 5568 ab
3125 5517 3294 5570 amni.

1909 5611 2152 5680 Cumque
2181 5623 2316 5662 unus
2340 5607 2407 5660 de
2439 5605 2584 5661 fonte
2611 5606 2766 5669 lluas.
2795 5607 2981 5662 dicere
3007 5607 3274 5662 bicornis.

1983 5703 2108 5758 Hch
2129 5718 2250 5772 ego,
2274 5699 2540 5754 VIVISCA
2570 5700 2771 5754 ducens
2802 5701 2869 5755 ab
2896 5699 3107 5768 origine
3126 5710 3369 5770 gentem,

1914 5799 2197 5869 Belgarum
2221 5793 2471 5869 hospitiis
2502 5809 2643 5851 nunc
2675 5809 2770 5866 per
2797 5808 2934 5851 nova
2957 5793 3161 5859 foedera
3187 5801 3372 5859 notus,
