3908 6384
314 294 427 353 895

319 414 621 485 Ausonius,
646 429 844 471 nomen
875 412 1108 480 Latium,
1139 409 1445 483 patriaque,
1477 408 1752 480 domoque

320 511 604 567 Gallorum
635 520 908 567 extremos
937 507 1104 572 inter,
1129 492 1442 579 celsamque
1469 505 1758 577 Pyrzrncn,

321 603 622 676 Temperat
641 603 902 674 ingenuos
924 616 1029 672 qua
1054 601 1179 657 laeta
1206 601 1493 672 Aquitania
1515 614 1718 666 mores,

323 695 516 752 Audax
545 694 739 764 exigua
767 691 872 748 lide
895 693 1151 748 concino.
1179 691 1285 746 Fas
1313 691 1444 747 mihi
1466 705 1683 753 sacrum

324 787 717 846 Perstrinxisse
741 801 958 844 amnem
995 787 1143 842 tenui
1167 786 1426 843 libamine
1454 785 1640 842 Musae.

321 881 435 939 Nec
455 879 673 938 laudem
700 879 1155 946 all'ecto;veniam
1180 891 1326 951 peto.
1353 880 1494 938 Sunt
1516 879 1612 936 tibi
1642 879 1824 945 multi,

321 973 481 1032 Alme
502 958 702 1040 amnis,
725 962 914 1028 sacros
934 972 1027 1042 qui
1050 972 1353 1029 sollicitare
1375 973 1576 1028 ﬂuores

321 1065 620 1137 Aonidum,
653 1076 933 1136 totamque
955 1066 1136 1122 solent
1159 1065 1380 1122 haurire
1401 1065 1751 1136 Aganippen.

319 1162 422 1218 Ast
441 1175 566 1234 ego,
590 1171 794 1234 quanta
822 1160 930 1218 mei
956 1160 1169 1218 dederit
1194 1175 1255 1218 se
1275 1176 1410 1218 vena
1437 1159 1684 1231 liquoris,
1747 1155 1762 1167 ’

325 1253 670 1326 Burdigalam
699 1270 822 1310 cum
859 1269 948 1310 me
977 1254 1032 1310 in
1064 1255 1322 1326 patriam,
1368 1253 1669 1326 hidumqne
1697 1260 1934 1310 senecta!

332 1351 611 1420 Augustus
637 1357 814 1420 pater,
840 1357 896 1405 et
925 1359 1107 1412 natus.
1131 1362 1252 1405 mea
1281 1347 1512 1403 maxima
1541 1361 1690 1415 cura,
1904 1334 1908 1338 Α

329 1437 596 1498 Fascibus
627 1443 881 1500 Ausoniis
913 1442 1230 1499 decoratum
1256 1449 1312 1497 et
1349 1441 1556 1497 honore
1585 1440 1754 1495 curuli

328 1535 564 1605 Mitlent,
588 1537 836 1592 emeritae
869 1545 989 1607 post
1017 1545 1261 1606 tempora
1288 1534 1612 1604 disciplinae,

330 1627 520 1683 Latius
541 1628 724 1683 Arctoi
752 1629 1023 1698 prmconia
1052 1642 1350 1699 persequar
1375 1629 1570 1698 amnis.

306 1719 534 1774 Addam
564 1719 752 1784 urbes,
787 1719 950 1774 tacito
977 1727 1114 1789 quas
1136 1718 1528 1775 subterlaberis
1554 1717 1748 1773 alveo:

326 1811 637 1883 Mteniaqne
665 1812 909 1883 antiquis
939 1821 992 1868 te
1022 1812 1430 1885 prospectantia
1460 1811 1630 1866 muris
1663 1831 1675 1865 :

323 1904 559 1970 Addam,
588 1904 864 1977 praesidiis
893 1903 1181 1980 dubiarum
1210 1904 1429 1960 condita
1459 1918 1666 1971 rerum,

325 1995 442 2058 Sed
470 1996 638 2052 modo
665 1997 877 2053 securis
900 2013 1006 2052 non
1034 2005 1236 2064 castra,
1258 1992 1355 2053 sed
1383 1995 1577 2052 horrea
1607 1993 1807 2066 Belgis.

323 2088 537 2146 Addam
564 2089 756 2146 felices
783 2089 901 2160 ripa
927 2105 994 2146 ex
1026 2098 1257 2161 utraque
1283 2081 1537 2170 colonos,

325 2183 512 2256 Teque
541 2185 686 2241 inter
720 2182 931 2242 medios
955 2185 1350 2255 hominumque
1378 2183 1654 2254 boumque
1685 2182 1897 2238 labores
1916 2227 1931 2252 ,

324 2279 694 2350 Stringentem
721 2280 891 2351 ripas,
921 2289 978 2335 et
1007 2278 1225 2350 pinguia
1247 2279 1390 2335 culta
1411 2287 1707 2334 secantem.

323 2371 444 2432 Non
471 2372 566 2441 tibi
591 2389 652 2431 se
678 2374 836 2446 Liger
861 2372 1152 2441 anteleret,
1183 2389 1288 2428 non
1311 2371 1500 2449 Axona
1533 2384 1779 2443 preceps
1809 2387 1826 2438 ;

335 2465 579 2520 Matrona
607 2481 737 2532 non,
771 2465 956 2521 Gallos
980 2464 1278 2536 Belgasque
1303 2463 1546 2518 intersita
1579 2464 1713 2518 lines
1743 2478 1761 2530 ;

329 2556 630 2613 Santonico
654 2557 855 2614 reﬂuus
888 2573 996 2613 non
1031 2558 1147 2628 ipse
1175 2556 1519 2612 Carantonus
1548 2564 1706 2612 :estu.
1742 2561 1765 2580 ’

332 2650 617 2706 Concech
639 2649 818 2722 gelido
838 2649 1036 2704 Durani
1059 2649 1127 2705 de
1153 2658 1335 2705 monte
1355 2649 1576 2704 volutus

335 2740 526 2799 Amnis
561 2759 576 2796 :
607 2751 662 2797 et
685 2739 980 2796 aurilernm
1013 2745 1307 2812 postponet
1324 2739 1498 2795 Gallia
1531 2740 1788 2796 Tarnem.

333 2834 704 2905 lnsanumque
727 2848 892 2890 ruens
915 2849 1014 2906 per
1034 2849 1162 2889 saxa
1190 2834 1423 2889 rotantia
1453 2835 1564 2891 late

343 2926 402 2983 ln
433 2942 581 2984 mare
613 2943 981 3000 purpureum,
1017 2927 1256 2984 dominae
1301 2937 1481 2984 tamen
1525 2937 1653 2984 ante
1694 2928 1934 3010 Mosella:

334 3019 566 3077 Numine
594 3020 843 3090 adorato,
869 3019 1210 3078 Tarbellicus
1241 3020 1341 3076 ibit
1366 3021 1621 3078 Aturrus.

401 3114 669 3185 Corniger
711 3125 969 3170 externas
1018 3114 1346 3170 celebranda
1387 3114 1606 3170 Mosella
1652 3130 1746 3185 per
1780 3128 1930 3184 oras,

329 3207 442 3264 Nec
471 3208 605 3264 solis
629 3209 958 3265 celebranda
988 3209 1145 3277 locis,
1179 3210 1267 3265 ubi
1291 3208 1439 3265 lonte
1463 3224 1720 3279 supremo

331 3284 562 3356 Exseris
579 3312 829 3356 auratum
857 3302 1083 3356 taurina:
1107 3300 1303 3357 frontis
1326 3301 1594 3357 honOretn
1632 3319 1645 3354 :
1829 3291 1832 3294 ’

338 3394 568 3463 Quaque
591 3393 764 3449 trahis
789 3393 1032 3464 placidos
1053 3393 1274 3449 sinuosa
1299 3409 1396 3464 per
1416 3409 1542 3448 arva
1573 3401 1783 3448 meatus
1813 3409 1827 3446 :

336 3485 438 3539 Vel
467 3499 570 3556 qua
603 3485 895 3540 Germanis
920 3464 1026 3540 sub
1042 3487 1305 3555 portubus
1335 3485 1472 3540 ostia
1495 3485 1697 3541 solvis:

331 3579 389 3634 Si
412 3578 538 3648 quis
561 3575 736 3633 honos
772 3577 919 3633 tenui
950 3578 1094 3633 volet
1120 3578 1401 3649 adspirare
1428 3592 1702 3644 eameam,

332 3671 572 3728 Perdere
592 3671 640 3728 si
663 3673 784 3743 quis
804 3674 857 3726 in
883 3672 969 3728 his
992 3673 1303 3744 dignabitur
1322 3673 1430 3728 otia
1454 3675 1647 3736 musis.

333 3763 439 3818 Ibis
469 3764 522 3818 in
552 3779 646 3819 ora
677 3764 985 3848 hominum,
1024 3767 1256 3836 laetoque
1284 3765 1540 3822 lovebere
1571 3774 1754 3822 cantu.
1782 3758 1784 3760 ’

286 3867 295 3871 ’
330 3855 411 3912 Te
439 3855 641 3926 fontes,
671 3857 889 3929 vivique
909 3855 1088 3922 lacus,
1122 3865 1176 3912 te
1197 3857 1395 3914 caerula
1421 3867 1654 3915 noscent

331 3947 584 4004 Flumina
615 3967 628 4002 :
654 3958 707 4005 te
735 3962 950 4006 veteres
983 3965 1241 4021 pagorum
1275 3952 1443 4023 gloria
1475 3952 1580 4008 luci
1606 3968 1622 4018 ;

331 4039 415 4096 Te
447 4040 654 4109 Druna,
685 4049 740 4096 te
765 4043 974 4113 sparsis
997 4042 1202 4098 incerta
1233 4043 1488 4100 Druentia
1519 4044 1652 4114 ripis
1671 4086 1687 4110 ,

335 4135 629 4204 Alpinique
653 4133 838 4190 colent
865 4135 1038 4202 ﬂuvii,
1064 4135 1452 4208 duplicemque
1484 4153 1579 4207 per
1609 4137 1795 4194 urbem

334 4227 439 4295 Qui
473 4236 660 4295 meat,
694 4237 748 4284 et
788 4227 999 4283 dextrae
1041 4228 1336 4284 Rhodanus
1377 4229 1469 4284 dat
1515 4232 1736 4285 nomina
1784 4230 1934 4301 ripzc.

335 4318 416 4374 Te
449 4319 656 4390 stagnis
682 4334 786 4388 ego
813 4320 1067 4375 cteruleis
1088 4362 1102 4386 ,
1136 4335 1503 4391 magnumque
1531 4323 1749 4375 sonoris

338 4410 632 4480 Amnibns,
667 4427 938 4484 aequorea:
967 4424 1018 4469 te
1056 4414 1452 4470 commendabo
1477 4415 1790 4471 Garumnae.

942 4548 1268 4619 mnuum
1307 4550 1402 4606 XI.

781 4659 1014 4734 Griphus
1045 4662 1264 4715 ternarii
1285 4663 1504 4719 numeri.

612 4804 618 4811 -
705 4778 975 4834 Ausoutus
1015 4776 1312 4834 Svuuscuo
1351 4778 1594 4835 salutem.

413 4894 627 4948 Latebat
653 4893 790 4947 inter
811 4909 983 4966 nugas
1005 4909 1143 4947 meas
1171 4891 1385 4947 libellus
1405 4893 1648 4963 ignobilis
1672 4937 1688 4962 ,
1712 4897 1944 4950 utinam-

339 5003 437 5057 que
467 4985 735 5053 latuisset,
768 5001 933 5056 neque
960 4985 1155 5040 indicio
1191 5000 1288 5039 suo
1319 4994 1579 5054 tamquam
1611 5002 1765 5040 sorex
1805 4989 1942 5058 peri-

339 5088 439 5134 ret.
476 5076 636 5133 Hunc
674 5095 766 5152 ego
814 5095 932 5133 cum
977 5078 1114 5132 velut
1151 5077 1476 5149 gallinaceus
1523 5076 1794 5132 Euclionis
1838 5079 1942 5134 situ

341 5174 541 5229 chartei
566 5174 796 5244 pulveris
817 5175 1067 5229 eruissem
1093 5216 1110 5242 ,
1143 5191 1420 5229 excussum
1464 5176 1652 5248 relegi,
1689 5187 1842 5248 atque
1887 5188 1942 5232 ut

345 5266 527 5320 avidus
551 5267 831 5337 fenerator,
846 5267 1144 5339 improbum
1174 5267 1443 5321 nummum
1465 5269 1625 5323 malui
1652 5286 1910 5336 occupare
1925 5311 1941 5338 ,

344 5375 505 5430 quam
530 5359 772 5414 condere.
798 5359 930 5414 Dein
958 5361 1194 5431 cogitans
1218 5374 1420 5414 mecum
1469 5377 1573 5416 non
1601 5361 1733 5415 illud
1763 5359 1943 5417 Catul-

346 5452 577 5520 lianum,
629 5452 725 5508 Cui
769 5454 916 5508 dono
967 5452 1206 5523 lepidum
1255 5469 1453 5508 novum
1508 5455 1797 5511 libellum!
1856 5456 1944 5509 sed

345 5549 745 5624 ἀμαλακώτερον
767 5558 816 5603 ει
843 5549 1030 5614 verius,
1060 5546 1159 5602 Cui
1179 5548 1317 5603 dono
1343 5547 1618 5620 illepidum
1667 5551 1848 5605 rudem
1882 5551 1950 5603 li-

349 5641 579 5697 bellum?
604 5658 709 5696 non
740 5640 834 5696 diu
853 5641 1086 5713 quwsiai.
1114 5640 1192 5695 Tu
1215 5642 1353 5697 enim
1368 5645 1657 5713 occurristi,
1680 5661 1829 5716 quem
1850 5661 1944 5717 ego

348 5737 395 5789 si
422 5736 549 5790 mihi
579 5745 804 5806 potestas
825 5736 892 5790 sit
920 5751 984 5790 ea:
1009 5735 1245 5790 omnibus
1287 5736 1581 5808 deligendi,
1619 5755 1782 5792 unum
1810 5754 1944 5793 sem-

350 5842 440 5898 per
467 5830 728 5900 elegerth
756 5826 878 5886 Misi
906 5829 1082 5896 itaque
1118 5827 1188 5886 ad
1224 5828 1507 5922 tefl‘lt'olu
1544 5831 1708 5902 garris
1748 5825 1944 5887 Siculis

1721 284 1905 346 DECII
1944 283 2224 344 AUSONII

3535 273 3660 335 896

1957 409 2010 471 Α
2032 407 2274 475 vaniora,
2303 414 2359 460 ut
2382 421 2500 461 cum
2529 404 2640 476 agis
2664 403 2817 471 nihil,
2847 403 2957 458 hmo
2977 402 3146 474 legas,
3175 409 3226 455 et
3247 397 3457 454 nenihil
3478 413 3656 470 agas,

2036 501 2311 574 defendas.
2338 499 2511 571 Igitur
2527 503 2622 556 iste
2649 507 2875 574 nugator
2913 496 3122 552 libellus
3144 500 3264 569 jam
3306 496 3398 549 diu
3436 503 3660 548 acerem

2035 596 2261 665 quidem,
2293 595 2384 650 sed
2404 595 2550 666 vulgi
2583 595 2798 658 lectione
2825 593 3083 647 laceratus
3130 589 3390 662 perveniet
3419 586 3657 642 tandem

2035 684 2298 744 in‘manus
2322 697 2462 743 tuas.
2497 687 2665 754 Quem
2701 697 2755 742 tu
2783 696 2874 741 aut
2912 695 2969 740 ut
3006 682 3348 752 Esculapius
3395 679 3655 735 redinte-

1979 817 1986 837 Α
2035 785 2209 859 grabis
2237 783 2306 838 ad
2336 783 2512 846 vitam,
2541 784 2628 837 aut
2651 794 2706 838 ut
2730 780 2910 848 Plato,
2940 781 3160 853 juvante
3195 775 3425 831 Vulcano
3445 816 3460 841 ,
3505 772 3658 827 libe-

2036 878 2175 936 rabis
2199 877 2446 948 infamia,
2480 876 2525 946 si
2545 875 2812 948 pervenire
2839 890 2943 928 non
2972 872 3120 928 debet
3146 869 3216 925 ad
3235 870 3458 941 famam.
3505 864 3658 920 Fuit

2033 982 2206 1028 autem
2228 969 2494 1042 ineptiolae
2542 970 2704 1043 hujus
2744 971 2849 1027 ista
2898 969 3120 1022 materia
3159 968 3216 1021 in
3263 963 3610 1031 expeditione
3637 975 3670 1025 ,‘

2033 1066 2178 1135 quod
2198 1076 2422 1137 templs,
2453 1071 2510 1118 ut
2535 1065 2669 1131 scis,
2713 1063 2936 1118 licentia:
2984 1061 3229 1117 militaris
3280 1067 3354 1114 est
3403 1071 3425 1113 :
3475 1072 3656 1128 super

2032 1175 2264 1215 mensam
2293 1174 2456 1214 meam
2482 1159 2625 1230 facta
2650 1165 2724 1213 est
2751 1156 3016 1223 invitatio,
3044 1171 3149 1210 non
3178 1152 3273 1208 illa
3312 1152 3377 1206 de
3417 1149 3652 1204 ludibrii

2035 1254 2296 1323 convivio,
2319 1261 2376 1308 ut
2408 1251 2592 1309 Greece
2624 1268 2764 1307 more
2786 1251 3044 1306 biberetur
3062 1292 3078 1315 ,
3105 1249 3195 1304 sed
3223 1246 3321 1303 illa
3353 1246 3419 1302 de
3446 1244 3654 1300 Flacci

2036 1350 2234 1421 ecloga,
2260 1350 2315 1404 in
2343 1365 2448 1419 qua
2472 1356 2686 1420 propter
2710 1345 2934 1400 mediam
2962 1353 3163 1399 noctem
3180 1385 3195 1410 ,
3236 1351 3284 1396 et
3334 1357 3520 1395 novam
3561 1339 3653 1394 lu-

2035 1460 2177 1508 nam,
2201 1453 2250 1497 et
2274 1441 2532 1496 Muraena:
2557 1447 2892 1514 auguratum,
2920 1445 3094 1493 ternos
3128 1449 3203 1490 ter
3239 1434 3454 1506 cyathos
3496 1441 3650 1486 atto-

2033 1537 2173 1592 nitus
2203 1537 2330 1607 petit
2349 1545 2505 1592 vates.
2535 1534 2694 1589 Hunc
2718 1532 2892 1588 locum
2921 1532 2986 1600 de
3009 1529 3238 1584 ternario
3263 1527 3648 1582 καππενοίϋὶεο

2035 1641 2213 1684 nostra
2232 1629 2326 1684 illa
2346 1628 2545 1700 poetica
2566 1627 2763 1683 scabies
2788 1625 2936 1698 coepit
2960 1624 3258 1694 exsculpere
3273 1639 3292 1678 :
3315 1622 3468 1693 cujus
3487 1636 3644 1675 mor-

2037 1721 2087 1775 bi
2101 1721 2349 1795 quoniam
2381 1721 2535 1792 facile
2562 1719 2864 1790 contagium
2884 1726 2996 1789 est,
3022 1717 3226 1771 utinam
3258 1715 3328 1769 ad
3356 1723 3404 1770 te
3433 1731 3649 1786 quoque

1963 1797 2014 1857 Β
2041 1814 2258 1887 prurigo
2282 1813 2602 1885 commigret,
2632 1822 2680 1866 et
2706 1814 2828 1883 fuco
2869 1820 2971 1866 tute
3007 1809 3381 1866 emendationis
3429 1809 3646 1877 adiecto

2037 1911 2298 1983 impingas
2325 1906 2620 1981 spongiam",
2647 1924 2764 1976 quis
2782 1905 3148 1978 imperfectum
3178 1920 3310 1977 opus
3347 1903 3470 1974 equi
3499 1901 3643 1958 male

2039 2003 2330 2069 spumantis
2361 2001 2618 2056 absolvat.
2649 1999 2725 2056 Ac
2754 2017 2820 2055 ne
2844 2016 2926 2054 me
2945 1999 3231 2072 gloriosum
3249 2013 3426 2068 neges,
3449 2005 3642 2068 ereptos

1943 2121 1946 2124 ’
2037 2100 2174 2153 inter
2193 2096 2561 2170 prandendum
2588 2094 2870 2151 versiculos
2901 2103 3021 2149 ante
3048 2110 3204 2149 ciente
3226 2102 3428 2165 tempus
3465 2091 3642 2145 absol-

2035 2193 2105 2258 vi,
2140 2193 2235 2246 hoc
2260 2201 2360 2258 est,
2382 2189 2507 2244 dum
2531 2189 2667 2259 bibo,
2697 2197 2747 2244 et
2769 2189 2928 2260 paulo
2948 2196 3088 2249 ante,
3101 2202 3255 2258 quam
3284 2183 3529 2239 biberem.
3554 2182 3636 2236 Sit

2037 2302 2160 2356 ergo
2191 2300 2410 2339 examen
2425 2299 2520 2355 pro
2541 2281 2760 2336 materia
2781 2289 2832 2334 et
2873 2288 3121 2347 tempore.
3169 2276 3280 2332 Sed
3323 2286 3379 2329 tu
3425 2291 3632 2346 quoque

2037 2381 2137 2434 hoc
2157 2379 2329 2451 ipsum
2358 2377 2516 2447 paulo
2538 2375 2755 2429 hilarior
2774 2382 2821 2429 et
2847 2373 3048 2428 dulcior
3071 2373 3183 2444 lege
3211 2389 3231 2426 :
3252 2384 3478 2440 namque
3497 2371 3636 2443 inju-

2034 2473 2174 2527 rium
2191 2481 2268 2526 est
2297 2471 2361 2525 de
2384 2477 2533 2542 poeta
2550 2468 2687 2522 male
2705 2466 2877 2522 sobrio
2899 2467 3137 2520 lectorem
3158 2463 3467 2518 abstemium
3487 2459 3636 2530 judi-

2036 2583 2174 2621 care.
2212 2563 2393 2634 Neqne
2417 2580 2496 2617 me
2525 2561 2664 2632 fallit
2685 2563 2799 2631 fore
2835 2561 3059 2632 aliquem
3083 2602 3099 2625 ,
3143 2560 3235 2631 qui
3282 2558 3421 2612 hunc
3449 2558 3632 2627 jocum

2038 2668 2271 2714 nostrum
2299 2657 2465 2710 acutis
2490 2655 2703 2711 naribus
2723 2663 2773 2709 et
2799 2662 3046 2724 caperata
3073 2654 3249 2725 fronte
3292 2651 3631 2718 condemnet,

2038 2760 2287 2822 uegetque
2307 2767 2387 2804 me
2409 2748 2604 2814 omnia,
2636 2762 2753 2820 qua:
2766 2747 2837 2801 ad
2861 2746 3175 2812 ternarium,
3227 2752 3275 2799 et
3300 2744 3637 2798 noeenarium

2037 2858 2277 2898 numeros
2305 2842 2559 2913 pertinent
2589 2839 2821 2910 attigisse
2853 2853 3039 2908 :quent
3091 2853 3186 2906 ego
3241 2852 3425 2890 verum
3468 2835 3636 2890 dicere

1981 2998 1988 3010 ι
2036 2936 2255 3007 fatebor,
2273 2936 2419 3007 juste
2443 2931 2664 3004 negabo.
2700 2929 2912 3001 Quippe
2934 2930 2982 2982 si
3010 2929 3171 2983 bonus
3195 2937 3294 2993 est,
3324 2944 3441 3000 qui:
3461 2927 3636 2992 omisi,

2036 3045 2138 3084 non
2169 3027 2330 3084 oblita
2354 3024 2503 3092 mihi,
2526 3024 2619 3079 sed
2648 3020 2912 3094 prwterita
2933 3021 3212 3078 cristimet.
3259 3019 3468 3074 Dehinc
3509 3036 3638 3088 qua-

2038 3123 2324 3193 liscumque
2354 3128 2454 3185 est,
2481 3118 2672 3188 cogitet
2700 3133 2874 3171 secum
2901 3157 2916 3179 ,
2951 3133 3105 3186 quam
3131 3115 3298 3169 multa
3332 3115 3396 3168 de
3424 3115 3504 3168 his
3532 3129 3636 3167 non

2038 3215 2334 3286 reperisset,
2360 3213 2405 3268 si
2426 3212 2535 3282 ipse
2561 3211 2847 3282 quaesisset.
2883 3210 3029 3267 Sciat
3057 3210 3214 3265 etiam
3242 3227 3321 3263 me
3342 3226 3437 3264 nec
3466 3212 3636 3264 omni-

2039 3307 2134 3361 bus
2161 3305 2320 3359 erutis
2343 3321 2515 3370 usum,
2540 3313 2588 3358 et
2613 3301 2922 3373 quibusdam
2953 3302 3141 3358 oblatis
3175 3303 3424 3357 abusum.
3465 3301 3634 3368 Quam

2039 3399 2205 3454 multa
2225 3397 2360 3454 enim
2386 3398 2451 3451 de
2481 3397 2710 3451 ternario
2735 3397 2901 3451 sciens
2930 3395 3134 3468 neglexi
3156 3405 3388 3469 ιεηῳοτιι
3413 3438 3428 3461 ,
3457 3405 3506 3450 et
3526 3414 3640 3468 per-

2039 3507 2213 3558 sonas,
2243 3505 2454 3562 genera,
2485 3498 2534 3543 et
2560 3489 2778 3562 gradus,
2803 3505 2984 3543 novem
3027 3490 3294 3543 naturalia
3329 3500 3497 3543 metra
3523 3506 3638 3543 cum

2039 3581 2305 3648 trimetris,
2329 3581 2896 3651 totam-grammaticam
2950 3589 2997 3634 et
3045 3581 3294 3635 musicam
3317 3623 3334 3646 ,
3380 3581 3641 3652 librosque

2039 3674 2402 3739 medicininos,
2436 3683 2512 3727 ter
2539 3673 2823 3726 maximum
2855 3670 3117 3739 Her-mem,
3141 3682 3190 3726 et
3218 3683 3502 3728 amatorem
3531 3675 3640 3747 pri-

2038 3783 2178 3820 mum
2209 3763 2594 3837 philosOphice,-
2617 3763 2968 3836 Varronisque
3015 3781 3278 3831 numeros,
3314 3777 3360 3821 et
3390 3767 3640 3836 quidquid

2041 3864 2326 3934 profanum
2367 3861 2552 3932 vulgus
2602 3861 2831 3930 ignorat.
2858 3858 3153 3924 Postremo,
3174 3860 3312 3930 quod
3340 3862 3497 3930 facile
3527 3869 3598 3916 est
3619 3903 3637 3928 ,

2034 3937 2158 4009 cum
2186 3956 2296 4027 ipse
2321 3954 2485 4009 multa
2512 3954 2786 4020 invenerit,
2806 3965 3070 4027 comparet
3085 3971 3162 4022 se,
3194 3965 3352 4027 atque
3393 3973 3473 4010 me
3503 3975 3522 4011 :
3555 3972 3640 4010 oc-

2040 4057 2308 4118 cupatum,
2327 4064 2444 4102 cum
2463 4049 2631 4102 otioso
2657 4064 2676 4103 :
2697 4064 2972 4120 pransum,
2997 4065 3114 4103 cum
3143 4048 3391 4103 abstemio
3417 4067 3437 4104 :
3458 4052 3640 4122 jocum

2041 4152 2088 4195 et
2107 4141 2290 4196 ludum
2314 4155 2508 4205 meum,
2542 4139 2865 4211 diligentiam
2891 4141 3278 4194 et’calumniam
3301 4157 3472 4194 suam.
3493 4141 3637 4195 Alius

2041 4235 2178 4287 enim
2206 4233 2313 4286 alio
2342 4232 2497 4298 plura
2517 4232 2746 4285 invenire
2774 4240 2960 4301 potest.
2986 4247 3134 4286 nemo
3158 4233 3353 4285 omnia.
3411 4233 3566 4299 Quod
3595 4235 3639 4287 si

2041 4329 2201 4382 alicui
2231 4336 2280 4380 et
2310 4329 2560 4381 obscurus
2588 4325 2818 4392 videbor,
2850 4326 2992 4398 apud
3015 4343 3134 4380 eum
3159 4343 3240 4380 me
3279 4326 3353 4380 sic
3384 4326 3590 4382 tuebere
3618 4343 3639 4383 :

2043 4420 2286 4476 Primum
2315 4421 2573 4494 ejusmodi
2615 4419 2800 4490 idyllia
2829 4419 2929 4473 nisi
2972 4418 3051 4473 uel
3083 4421 3303 4473 obscura
3337 4420 3444 4472 sint
3467 4465 3482 4487 ,
3512 4420 3640 4474 nihil

2044 4513 2225 4583 futura
2247 4527 2265 4564 :
2296 4511 2482 4565 deinde
2509 4519 2836 4564 numerorum
2858 4518 3096 4564 naturam
3112 4525 3215 4563 non
3231 4525 3344 4564 esse
3370 4512 3596 4582 scirprmt
3619 4555 3632 4577 ,

2043 4614 2098 4660 ut
2128 4605 2239 4659 sine
2255 4603 2389 4658 nodo
2408 4604 2534 4658 sint.
2553 4600 2880 4657 Postremosi
2902 4605 3056 4657 etiam
3083 4603 3175 4656 tibi
3201 4599 3449 4658 obscurus
3469 4606 3631 4675 [ut-ro,

2046 4700 2131 4754 cui
2153 4698 2288 4753 nihil
2310 4715 2474 4770 neque
2494 4700 2785 4770 neglectum
2813 4708 2888 4753 est
2911 4742 2927 4767 ,
2959 4715 3121 4768 neque
3148 4717 3250 4755 non
3281 4703 3593 4756 intellectum
3619 4719 3633 4757 :

2046 4804 2154 4848 tum
2179 4808 2295 4849 vero
2312 4809 2402 4864 ego
2432 4793 2630 4858 beatus,
2658 4792 2796 4860 quod
2817 4791 3053 4858 affectari
3077 4833 3092 4856 ,
3131 4809 3414 4864 assequar,
3462 4810 3542 4850 me
3584 4806 3633 4848 ut

2045 4887 2306 4959 requiras,
2335 4902 2415 4940 me
2442 4885 2727 4952 desideres,
2747 4883 2813 4937 de
2833 4899 2912 4938 me
2930 4885 3140 4955 cogites.
3162 4884 3313 4941 Vale.

2120 5069 2229 5125 Ter
2258 5067 2404 5132 bibe,
2440 5065 2525 5121 vel
2560 5065 2759 5120 totiens
2786 5071 2972 5119 ternos
3002 5079 3018 5129 ;
3047 5062 3128 5130 sic
3158 5055 3386 5134 mystica
3407 5060 3495 5120 lex
3518 5069 3628 5130 est,

2054 5163 2150 5220 Vel
2184 5164 2287 5218 tria
2315 5160 2541 5233 potanti,
2573 5158 2661 5215 vel
2693 5171 2773 5214 ter
2806 5159 2904 5234 tria
2927 5157 3328 5227 multiplicanti,

2052 5257 2354 5330 lmparibns
2381 5257 2567 5310 novies
2595 5252 2764 5308 ternis
2792 5261 3085 5306 contexere
3113 5252 3349 5306 erebum.

2051 5353 2198 5410 luris
2243 5349 2386 5406 idem
2437 5347 2608 5403 tribus
2655 5353 2762 5413 est,
2807 5342 2954 5416 quod
2999 5351 3082 5400 ter
3131 5344 3319 5400 tribus.
3343 5345 3540 5401 Omnia
3581 5345 3631 5400 in

3233 5437 3372 5512 [istis
3404 5457 3416 5492 :

2053 5542 2247 5599 Forma
2273 5538 2509 5598 hominis
2533 5536 2722 5606 empti,
2749 5533 3011 5604 plenique
3039 5533 3253 5588 exactio
3282 5541 3494 5604 partus,

2049 5638 2262 5710 Quique
2286 5651 2485 5692 novem
2506 5631 2697 5689 novies
2721 5629 2817 5685 lati
2845 5636 2996 5684 tenet
3029 5627 3215 5683 ultima
3243 5628 3385 5683 linis.

2049 5731 2185 5806 Tres
2215 5729 2330 5800 Ope
2370 5725 2635 5800 progeniti
2671 5724 2911 5790 fratres,
2944 5729 3056 5779 tres
3097 5721 3291 5778 ordine
3325 5733 3494 5791 parma
3530 5720 3631 5793 (At.

3160 5813 3414 5880 It'srcmlt
