3826 6334
157 455 233 496 es“.
1241 433 1654 496 EPISTOLAHU

1772 435 1954 487 .IBER
1997 433 2081 486 IV.

159 474 179 503 ζ
185 474 233 507 7r.)

3197 422 3302 475 9.26

159 560 397 627 tmipuus
431 561 590 611 honor
621 571 797 611 rerum
840 554 1016 608 talium
1048 553 1268 620 requirit
1300 546 1623 615 augmenta),
1656 546 1700 598 Α
1733 544 1966 595 omnium
2013 552 2191 609 potes,
2223 554 2310 606 qui
2354 547 2474 592 ante
2513 535 2755 592 beneficii
2782 544 2965 589 auctor
2995 532 3154 587 fuisti.
3183 535 3293 600 Ego

156 651 226 701 sed
243 662 297 700 ne
319 646 516 714 populus
544 645 814 696 Itomanus
833 642 1156 709 appetentior
1173 634 1467 694 istiusmodi
1495 633 1641 684 volu-

161 736 305 802 ptatis,
347 734 544 786 minoris
592 733 692 784 locu
739 739 992 798 urgeatur
1043 726 1322 794 angustiis.
1374 723 1637 776 Caeterum

157 825 250 892 quid
273 823 592 891 prazrogativa:
621 813 814 872 habent
843 835 944 871 non
971 818 1142 878 video,
1175 829 1292 866 cum
1329 812 1488 864 etiam
1517 822 1645 861 cen-

158 918 292 968 scale:
315 914 583 967 absentium
615 924 834 964 munera
855 910 960 961 illic
981 907 1184 959 soleant
1205 901 1488 958 exhibere;
1513 910 1644 963 quo-

161 1021 246 1056 rum
265 1004 644 1057 mediocritatem
669 1000 910 1054 volumus
931 995 1186 1049 aemulari.
1215 992 1334 1044 Ilaec
1358 1002 1421 1042 eo
1442 985 1640 1045 scribo,

160 1110 207 1145 ne
235 1095 382 1146 videar
408 1091 705 1159 iniquitatis,
732 1097 823 1140 aut
851 1084 1142 1138 insolentia:
1167 1078 1337 1148 argui,
1364 1079 1405 1129 si
1440 1072 1640 1139 aliquid

158 1186 406 1250 ilenegetur.
429 1181 527 1234 Sed
557 1178 1008 1239 eminentissimrc,
1031 1183 1086 1227 et
1107 1184 1316 1238 semper
1341 1166 1468 1219 mihi
1494 1176 1643 1216 reve-

159 1275 294 1324 iendze
322 1271 603 1324 sublimitati
643 1279 746 1321 tua
777 1262 1185 1332 expendendum
1222 1257 1484 1322 relinquo,
1512 1250 1637 1318 quid

160 1364 308 1414 merito
324 1361 570 1413 existimes
592 1358 900 1412 convenire.
940 1353 1160 1406 Temere
1181 1346 1322 1401 enim
1347 1342 1525 1411 opinio
1551 1340 1646 1390 Ιιο⁴

160 1452 594 1519 minumjudirabit,
627 1450 669 1501 si
697 1448 839 1514 justa
881 1458 986 1496 non
1027 1443 1333 1506 impetrem,
1375 1447 1496 1486 cum
1541 1441 1645 1482 tua:

159 1556 343 1594 censura:
368 1544 561 1592 animus
589 1538 759 1589 soleat
788 1547 972 1599 magna
999 1537 1268 1597 praestare.
1304 1522 1450 1577 Vale.

702 1645 912 1698 EI’IS'I‘.
964 1640 1052 1694 IX.

566 1751 872 1799 svitatacuus
897 1746 1170 1788 sTtLtcost.

208 1832 312 1886 Cum
331 1830 526 1885 sublimi
547 1827 868 1883 excellentia
902 1833 986 1876 tua
1017 1820 1332 1888 legationem
1364 1814 1491 1867 mibi
1534 1826 1648 1865 am-

161 1922 372 1988 plissimus
417 1919 543 1972 ordo
591 1914 885 1976 mandavit,
928 1925 1083 1980 quam
1135 1905 1548 1972 suscipiendam,
1596 1911 1649 1955 et

160 2012 386 2066 necessitas
407 2009 604 2077 impulit
636 2006 842 2074 patriai,
876 2012 929 2056 et
972 2001 1045 2053 tui
1076 1997 1318 2052 culminis
1348 1993 1650 2063 provocavit

159 2103 376 2153 auxilium.
405 2100 686 2153 Pervectus
725 2097 883 2163 igitur
927 2093 991 2144 ad
1036 2090 1344 2144 comitatum
1378 2086 1577 2137 domini
1597 2094 1651 2137 et

162 2190 357 2259 principis
377 2192 532 2242 nostri
567 2186 787 2240 Honorii
814 2185 1075 2245 notitiam,
1115 2176 1516 2244 magnificentia:
1549 2184 1650 2226 tua:

160 2285 318 2336 deferre
338 2297 430 2335 non
457 2280 637 2334 distuli
668 2278 927 2331 adventus
956 2275 1059 2327 mei
1089 2286 1322 2325 causam.
1365 2269 1440 2322 De
1464 2282 1652 2320 censu-

161 2386 213 2425 rz
233 2373 346 2426 enim
375 2382 466 2426 tua:
511 2371 713 2440 pendet
755 2368 977 2421 arbitrio
1006 2379 1126 2432 spes
1152 2359 1445 2416 communis
1472 2359 1649 2409 officii.

160 2463 305 2528 ουτω
327 2462 491 2531 igitur,
520 2473 573 2513 ut
617 2462 679 2513 let
702 2459 767 2511 tis
796 2455 1108 2522 amplissimi
1149 2450 1351 2503 ordinis
1395 2447 1652 2515 petitioni-

164 2551 248 2614 lius,
277 2564 472 2615 quarum
515 2548 772 2615 exempla
810 2542 1103 2610 conjunxi;
1157 2541 1291 2592 inter
1334 2537 1515 2592 felices
1549 2551 1653 2588 nia-

162 2642 387 2710 gnitudinis
410 2651 508 2696 tua:
530 2651 713 2703 actus,
749 2652 911 2706 super
939 2636 1035 2688 hac
1062 2647 1272 2703 quoque
1295 2641 1439 2700 parte
1467 2645 1656 2697 exspe-

165 2709 173 2778 ὲ
185 2733 383 2785 tationem
406 2747 575 2786 meam
613 2728 803 2784 litteris
828 2725 1060 2796 digneris
1091 2726 1370 2776 instruere.
1401 2709 1562 2774 Val'e.

588 2845 805 2901 EPIST.
835 2843 902 2898 Χ.
941 2842 1041 2897 (SS.
1069 2840 1168 2894 CS.

214 2937 327 2990 Itane
359 2937 639 2991 sublimem
686 2936 920 2989 animum
964 2942 1108 2985 tuum
1142 2929 1243 2983 mei
1273 2928 1411 2996 cepit
1440 2925 1654 2987 oblivio,

165 3033 203 3075 ut
221 3025 366 3088 taedia
389 3033 657 3081 exsortem
679 3021 932 3091 colloquii
955 3023 1025 3073 tui
1058 3034 1142 3072 me
1162 3031 1282 3072 esse
1310 3016 1558 3084 patiaris?
1579 3015 1657 3067 An

167 3114 376 3169 existimas
398 3117 703 3184 neglectum
734 3111 1010 3164 familiaris
1033 3108 1192 3163 officii
1231 3105 1592 3175 unanimiter
1629 3120 1658 3181 a

165 3218 226 3256 ius
261 3219 395 3272 posse
433 3204 699 3259 tolerari?
741 3202 877 3268 Quin
907 3215 1020 3268 age,
1055 3212 1110 3250 ut
1134 3212 1247 3250 mos
1276 3207 1356 3250 est
1383 3196 1660 3248 virtutibus
1688 3216 1733 3278 ρ

170 3294 268 3356 tuis,
299 3303 347 3348 et
392 3294 682 3348 amicitiam
731 3292 1046 3359 scriptorum
1104 3288 1312 3340 celebra
1340 3324 1356 3350 ,
1404 3284 1664 3350 simulque

165 3381 335 3443 latim,
361 3397 511 3451 quam
535 3380 763 3435 uberior
791 3393 852 3431 ae
879 3379 1168 3445 promptior
1193 3372 1382 3428 litteris
1408 3374 1510 3424 tuis
1533 3387 1560 3424 a
1583 3385 1666 3423 me

166 3463 541 3526 murderextda
578 3471 670 3535 sit,
699 3482 820 3536 qua:
846 3466 1005 3521 etiam
1050 3463 1246 3519 tacenti
1293 3461 1490 3530 juglter
1517 3460 1666 3513 exhi-

164 3556 292 3612 betur.
316 3558 452 3614 Vale.

705 3624 918 3682 EPIST.
975 3624 1067 3678 XI.

561 3732 871 3772 SYIIMZHUS
923 3726 1195 3769 STILICONI.

210 3804 335 3874 Seps
356 3808 419 3861 ad
448 3819 500 3862 te
532 3809 744 3860 litteras
767 3804 911 3868 dedi,
944 3817 1072 3872 quas
1105 3800 1320 3870 quidem
1354 3797 1516 3852 credo
1540 3812 1667 3865 sup-

165 3909 350 3960 passas.
375 3899 605 3964 Quando
628 3897 792 3972 enim.
812 3895 896 3947 vir
936 3890 1360 3946 servantissimus
1399 3889 1666 3949 amicitiaz,

166 3987 401 4060 altisque
425 3989 594 4043 animi
637 3987 792 4041 bonis
835 3984 1107 4053 praeditus,
1145 3981 1498 4048 dignationem
1545 3978 1669 4031 inihi

169 4079 294 4133 ofﬁcii
314 4079 766 4150 tuidenegasses?
811 4075 989 4130 Fuerit
1031 4079 1128 4128 hoc
1171 4087 1376 4135 eorum,
1402 4070 1590 4138 quibus
1619 4070 1670 4121 in

163 4168 396 4226 reticulis
419 4173 630 4240 paginis
651 4169 783 4222 fides
804 4166 989 4221 defuit.
1013 4164 1163 4218 Nunc
1189 4175 1408 4216 eventus
1429 4159 1674 4227 optabilis

163 4268 353 4315 Vetera
379 4277 590 4316 morum
615 4268 945 4327 sequestrem
990 4254 1200 4321 scriptis
1245 4252 1374 4304 meis
1406 4251 1670 4315 pra-stitit.

163 4346 292 4416 hitur
305 4340 600 4420 diligentia,
626 4364 787 4416 quam
811 4344 1188 4414 proﬁciscentis
1213 4340 1433 4392 fidelitas
1463 4339 1674 4405 pollice-

166 4450 373 4511 llr.erga
397 4452 449 4496 te
489 4440 696 4494 cultum
729 4433 1060 4492 salutationis
1107 4435 1362 4485 instauro.
1405 4430 1675 4496 Responsa

166 4537 230 4582 III
267 4531 469 4597 facient,
497 4541 555 4583 ot
585 4543 739 4583 usum
778 4528 896 4596 styli
922 4539 1015 4594 per
1045 4519 1414 4578 verecundiam
1448 4533 1569 4573 sero
1595 4532 1679 4571 re-
1701 4559 1754 4618 Β

165 4619 363 4688 κύω,
412 4618 785 4675 vicissitudine
829 4623 1144 4684 provocatus
1185 4612 1487 4678 frequenter
1527 4622 1680 4661 exer-

166 4719 300 4762 ω’
325 4709 476 4767 “1"
695 4771 912 4828 EPIST.
969 4768 1084 4824 xu.

605 4878 911 4918 IYIIACHUS
934 4874 1204 4914 ετιιισοιιι.

217 4951 544 5010 εωωιιιιιι
594 4966 776 5007 meum
815 4951 1128 5004 liberalitate
1166 4951 1464 5008 continuas,
1510 4951 1584 5008 et,
1628 4951 1680 4996 ut

169 5043 619 5115 “manus,
652 5044 706 5097 in
735 5043 941 5096 futuros
969 5039 1124 5093 etiam
1158 5039 1493 5106 magistratus
1523 5036 1684 5101 impe-

171 5133 322 5190 Men
345 5150 600 5203 provocas
620 5135 940 5203 largitatem.
982 5130 1096 5195 Quo
1117 5144 1243 5196 ergo
1271 5126 1398 5180 mihi
1422 5139 1529 5177 'ore
1550 5125 1687 5177 celeo

173 5221 374 5281 illius
399 5239 484 5288 es,
521 5225 612 5292 qui
654 5223 867 5291 fastigio
908 5223 1165 5273 honorum
1200 5218 1320 5285 jure
1351 5213 1685 5282 conspicuus,

175 5317 419 5380 Furios
454 5329 662 5386 quoque
703 5313 923 5367 instruis
959 5309 1270 5378 apparatus?
1307 5306 1506 5376 cogitas
1549 5304 1686 5358 enim

176 5408 356 5463 ιισῆ
375 5407 582 5462 seculis
601 5404 764 5461 etiam
797 5404 1117 5470 privatorum
1151 5401 1324 5454 munia
1344 5398 1537 5450 debere
1563 5409 1690 5446 con-

181 5507 360 5560 σισε.
383 5497 559 5567 itaque
587 5496 810 5550 domino
837 5501 1020 5546 nostro
1041 5489 1273 5544 Honorio
1294 5488 1485 5538 divine
1513 5484 1690 5549 stirpis

181 5583 747 5652 whatefaciendi
773 5595 985 5648 semper
1022 5579 1171 5632 addis
1212 5577 1463 5637 calorem,
1510 5574 1693 5626 doces-

183 5687 269 5737 ιρι
301 5675 539 5731 invictum
590 5673 886 5744 principem
929 5659 1244 5723 senatoriam
1277 5664 1691 5719 mediocritatem

186 5767 454 5822 lues-ibus
475 5755 715 5823 incitare.
762 5765 860 5818 Cui
891 5776 986 5828 pro
1009 5776 1090 5814 me
1130 5773 1286 5827 agere
1329 5758 1522 5824 gratias
1554 5756 1693 5806 solus

1748 632 1798 684 in
1831 632 1922 684 filii
1955 632 2054 684 tnei
2079 629 2314 684 editione
2335 628 2589 691 testabor,
2620 641 2738 678 cum
2766 626 3054 676 Romanam
3083 639 3295 677 caveam

1746 722 2114 789 lcopardorum
2140 733 2326 772 cursus
2357 718 2674 786 impleverit,
2704 716 2789 770 cui
2827 714 3018 782 justior
3060 715 3296 780 plausus,

1744 820 1796 862 et
1818 810 1933 861 lzeta
1958 824 2142 860 vocum
2157 807 2400 870 suffragia
2415 806 2723 857 debeantur.
2745 803 2973 869 Longius
2994 817 3294 872 pergerent,

1747 900 1844 950 nisi
1881 910 1997 949 tuus
2038 897 2230 948 nobilis
2272 895 2440 962 pudor
2482 908 2576 960 par
2614 893 2897 947 virtutibus
2931 894 3158 953 ca'teris,
3191 891 3302 944 Iau-

1745 987 1825 1037 dis
1876 1000 2035 1038 onera
2091 986 2296 1036 vitaret.
2358 984 2462 1035 Ero
2510 983 2667 1048 igitur
2717 982 2996 1034 verborum
3039 980 3300 1041 modicus,

1745 1075 1866 1126 dum
1893 1075 2139 1141 singulari
2172 1071 2504 1126 verecundiae
2537 1082 2636 1123 tuie
2678 1072 2959 1140 obsequor.
3015 1070 3118 1125 Sed
3164 1086 3307 1139 prae-

1745 1166 1884 1218 celsa
1934 1166 2230 1219 sublimitas
2260 1173 2345 1217 tua
2395 1171 2571 1217 teneat
2609 1161 2920 1228 definitum,
2973 1178 3142 1216 meam
3183 1179 3303 1229 gra-

1748 1257 1894 1320 tiam,
1920 1272 2036 1326 qna:
2059 1271 2214 1325 parca
2257 1256 2517 1310 sermonis
2539 1263 2641 1319 est,
2695 1255 2745 1307 in
2769 1256 2944 1307 animo
2985 1255 3301 1308 redundare.

1747 1346 1895 1401 Vale.
1989 1401 1993 1405 ,

2324 1415 2536 1469 EPIST.
2571 1415 2704 1468 XIII.

2212 1518 2509 1558 SYIIIACIIL'S
2545 1519 2796 1558 STILICONI
2809 1544 2817 1558 ι

1818 1615 1896 1669 Ad
1923 1616 2139 1682 patriam
2165 1615 2380 1668 rediisse
2413 1629 2498 1668 me
2521 1615 2725 1679 nuntio,
2752 1615 2970 1668 necdum
2992 1622 3288 1679 compotem

1749 1707 2011 1759 sanitatis.
2057 1704 2159 1758 Sed
2203 1704 2246 1755 si
2291 1713 2410 1756 tuus
2453 1704 2712 1757 adventus
2757 1706 3033 1766 arriserit,
3063 1718 3218 1771 spero
3251 1703 3302 1754 in

1749 1796 1973 1863 gratiam
2013 1809 2218 1848 mecum
2250 1795 2440 1846 bonam
2472 1793 2826 1848 valetudinem
2857 1808 2976 1846 mox
3018 1808 3137 1848 esse
3167 1792 3305 1847 redi-

1679 1868 1725 1928 Β
1754 1899 1948 1954 turam.
1982 1887 2132 1940 Vale.

2325 1976 2538 2036 EPIST.
2581 1976 2719 2028 XIV.

2228 2083 2526 2120 SYSHIACUUS
2568 2079 2841 2119 STILICONI.

1819 2183 1949 2236 Cum
1982 2182 2116 2234 filios
2151 2188 2360 2232 nostros
2381 2177 2542 2245 jugali
2572 2175 2768 2230 findere
2799 2175 3002 2228 sociare
3027 2173 3302 2238 vellemus,

1753 2275 1976 2342 primam
2029 2287 2190 2339 super
2232 2271 2330 2323 hoc
2365 2268 2809 2337 magnificentiam
2859 2275 2999 2318 tuam
3036 2265 3307 2318 meditatio

1754 2374 1931 2417 nostra
1955 2362 2240 2426 consuluit,
2273 2369 2328 2414 ut
2354 2361 2512 2426 empti
2542 2358 2709 2412 felicis
2730 2357 3020 2425 auspicium
3042 2371 3069 2407 a
3095 2367 3309 2424 parente

1757 2454 1962 2522 publico
1993 2461 2308 2506 sumeretur.
2363 2449 2618 2502 Effectum
2661 2445 2977 2514 nuptialibus
3004 2447 3138 2497 votis
3171 2444 3308 2497 Deus

1757 2547 2016 2614 praestitit.
2045 2544 2194 2598 Nunc
2217 2542 2385 2596 honor
2407 2540 2654 2607 sportula:
2702 2536 3051 2605 suscipiendae
3091 2533 3310 2589 culmini

1758 2648 1846 2690 tuo
1867 2646 1922 2690 et
1945 2652 2108 2698 more,
2136 2646 2190 2688 et
2214 2648 2395 2687 amore
2423 2631 2709 2686 solvendus
2750 2642 2850 2684 cst.
2883 2629 3194 2694 Quaesumus
3226 2641 3311 2680 rc—

1754 2727 1997 2794 cipiendo
2035 2726 2288 2794 obsequio
2331 2738 2542 2775 manum
2589 2732 2745 2788 atque
2774 2719 3004 2772 animum
3045 2716 3306 2782 benignus

1758 2817 2062 2868 admoveas.
2109 2813 2258 2866 Hunc
2283 2813 2425 2866 enim
2473 2810 2669 2863 laetitia:
2714 2807 2884 2860 adhuc
2931 2807 3133 2873 apicem
3179 2805 3312 2856 festa

1759 2917 1937 2958 nostra
1963 2904 2261 2958 desiderant
2285 2919 2298 2964 ;
2351 2909 2408 2953 ut
2437 2900 2504 2962 is,
2531 2899 2622 2966 qui
2654 2895 2806 2949 nobis
2831 2904 3018 2948 auctor
3045 2904 3167 2946 ante
3206 2907 3312 2945 om-

1762 3009 1855 3049 nes
1877 3009 1994 3046 esse
2014 2993 2257 3060 dignatus
2285 3005 2345 3045 es
2363 2989 2644 3058 jungendaa
2681 3001 2775 3052 per
2797 2987 2934 3041 filios
2964 2983 3314 3039 necessitudi-

1762 3085 1863 3145 nis,
1894 3097 2043 3150 aaque
2067 3095 2283 3135 maneas
2303 3079 2644 3148 approbatur.
2681 3077 2827 3130 Vale.

2259 3203 2262 3206 ’
2351 3210 2559 3274 EPIST.
2607 3209 2720 3262 XV.

2216 3344 2218 3347 -
2255 3317 2555 3358 SYIIACB'IS
2580 3315 2803 3354 BLTIIOII
2815 3340 2824 3352 .

1808 3422 1947 3475 Non
1976 3419 2115 3474 cadit
2139 3420 2190 3472 in
2224 3428 2275 3472 te
2299 3419 2396 3471 ista
2423 3415 2681 3482 suspicio,
2719 3421 2774 3465 ut
2793 3412 3039 3465 consulto
3073 3411 3320 3464 amicitiai

1767 3513 2034 3580 negligens
2057 3509 2220 3561 fuisse
2242 3505 2496 3560 credaris.
2524 3505 2615 3557 Est
2638 3502 2732 3555 tibi
2765 3502 2972 3554 animus
2997 3512 3148 3553 tenax
3174 3500 3318 3562 ﬁdei,

1766 3613 1820 3657 et
1840 3577 1929 3654 θυι*
1971 3603 2021 3654 in
2074 3597 2394 3666 recipiendis
2441 3594 2890 3648 familiaritatibus
2937 3577 3319 3659 circumspecta

1767 3690 1992 3754 cautela,
2011 3690 2080 3741 ita
2105 3689 2158 3740 in
2182 3685 2469 3740 retinendis
2491 3683 2638 3736 firma
2660 3683 2974 3735 constantia.
2991 3680 3324 3746 Quapropter

1769 3796 1866 3836 IIBC
1903 3788 2024 3834 ante
2053 3781 2295 3846 opinatus
2320 3789 2436 3828 sum
2462 3784 2762 3839 exemptum
2789 3786 2874 3824 me
2908 3785 3126 3823 IIUIiICI'O
3157 3779 3322 3827 Ctﬁle-

1770 3887 1971 3933 rorum,
2001 3868 2191 3937 quibus
2228 3867 2479 3934 principio
2524 3866 2643 3916 anni
2691 3878 2882 3914 munus
2922 3862 3201 3914 consulare
3232 3861 3326 3912 tri-

1771 3963 1925 4016 buisti
1951 3976 1966 4025 ;
1997 3969 2049 4013 et
2069 3972 2208 4010 nunc
2227 3957 2450 4022 amplius
2475 3968 2630 4023 quam
2661 3952 2878 4018 reliquis
2900 3950 3024 4003 mihi
3052 3950 3212 4003 credo
3233 3950 3329 4002 de-

1773 4055 1959 4107 latum.
2001 4051 2131 4104 Nam
2166 4048 2304 4116 quod
2342 4047 2445 4099 illis
2467 4043 2728 4113 generalis
2751 4043 2950 4095 oblatio
2973 4041 3143 4104 dedit,
3173 4041 3326 4096 nobis

1773 4141 2018 4213 specialis
2040 4153 2165 4193 cura
2194 4136 2446 4191 restituit.
2479 4117 2593 4200 Qua
2620 4135 2668 4186 in
2702 4148 2758 4186 re
2780 4132 2862 4185 his
2880 4146 3088 4200 quoque
3108 4145 3329 4186 succen-

1774 4249 1890 4289 sere
1919 4246 2022 4285 non
2052 4230 2241 4289 debeo,
2281 4227 2368 4295 qni
2419 4240 2504 4276 me
2541 4233 2805 4276 exsortem
2845 4222 3034 4289 prioris
3071 4221 3325 4274 honorifi-

1775 4323 1962 4375 centia:
1980 4333 2100 4373 esse
2129 4318 2426 4369 voluerunt.
2452 4312 2632 4380 Neque
2658 4313 2796 4365 enim
2823 4313 2978 4364 aliter
2995 4311 3208 4364 evenire
3235 4324 3328 4377 po-

1779 4413 1981 4472 tuisset,
2009 4417 2063 4460 nt
2083 4407 2221 4474 quod
2250 4405 2392 4457 fraus
2412 4403 2578 4456 aliena
2601 4402 2953 4461 subtraxerat,
2977 4400 3054 4452 his
3075 4413 3327 4453 mererer.

1778 4501 1948 4557 Stabit
1974 4500 2132 4568 igitur
2158 4495 2293 4564 apud
2324 4494 2556 4546 animum
2590 4505 2764 4544 meum
2783 4489 2922 4557 jugis
2951 4497 3038 4540 tua
3066 4487 3250 4554 gratia,
3275 4494 3332 4539 et

1780 4592 2030 4647 memoria
2056 4587 2346 4642 constantis
2370 4584 2528 4638 officii
2557 4582 2691 4634 nulla
2719 4580 2984 4644 oblivione
3005 4577 3329 4651 tenuabitur,

1782 4686 1896 4737 sive
1927 4694 2075 4736 error
2104 4677 2262 4740 istud,
2311 4687 2405 4729 seu
2435 4674 2587 4726 dolus
2626 4672 2831 4726 fecerit.
2877 4669 3107 4724 Dccuisti
3146 4681 3334 4720 omnes

1785 4773 1915 4827 nihil
1945 4771 2167 4824 ulterius
2197 4768 2259 4820 ad
2287 4763 2634 4820 destruendas
2661 4749 2921 4815 amicitias
2946 4754 3221 4811 callidum
3244 4755 3336 4811 c'o-

1784 4867 1970 4935 gitare,
1999 4876 2131 4930 quas
2161 4859 2334 4912 vident
2365 4853 2569 4909 insidiis
2596 4854 2703 4905 suis
2742 4865 3005 4906 crescere.
3035 4849 3179 4903 Vale.

2363 4985 2576 5041 EPIST.
2619 4983 2756 5038 XVI.

2277 5083 2578 5131 sxl'ncnus
2606 5086 2846 5126 naruosr.

1864 5197 2004 5249 Inter
2039 5190 2300 5261 precipua
2342 5186 2650 5255 gaudiorum
2703 5195 2922 5235 numero
2972 5181 3176 5234 litteras
3225 5186 3345 5233 tuas

1791 5287 1995 5342 scilicet
2023 5282 2236 5336 fraterni
2263 5278 2424 5331 animi
2449 5287 2609 5329 testes
2635 5283 2689 5328 et
2714 5288 2850 5325 verat
2886 5266 3159 5336 religionis
3180 5270 3345 5323 inter-

1795 5391 1990 5447 pretes.
2024 5376 2126 5429 Eas
2163 5381 2360 5442 quanto
2405 5369 2599 5436 saepius
2646 5380 2826 5426 sunto,
2875 5362 3350 5431 tantojimpensins

1798 5467 2114 5532 uberiusque
2139 5461 2404 5518 desidero.
2429 5455 2667 5510 Difficilis
2687 5463 2768 5508 est
2792 5453 2929 5506 enim
2952 5451 3167 5504 satietas
3189 5450 3352 5502 bona-

1800 5576 1913 5613 rum
1945 5572 2119 5611 rerum
2150 5571 2163 5604 τ
2194 5562 2248 5606 et
2275 5561 2398 5606 tunc
2417 5549 2642 5602 maxime
2663 5545 2866 5598 animos
2882 5542 3111 5612 jucunda
3131 5556 3354 5611 quasque

1798 5649 2112 5707 sollicitant,
2158 5657 2277 5696 cum
2312 5639 2554 5692 videntur
2595 5636 2832 5704 explere.
2866 5633 3052 5686 Scribe
3081 5630 3261 5700 igitur,
3300 5641 3355 5685 ut

1801 5745 1943 5805 facis,
1978 5740 2189 5806 smpius,
2228 5746 2327 5788 nec
2375 5737 2578 5784 metuas
2622 5740 2689 5779 ne
2733 5721 3022 5788 experiaris
3072 5721 3331 5781 ingratum
