3908 6352
241 236 351 291 897

246 347 431 417 Vesta,
455 348 646 419 Ceres,
679 359 734 407 et
757 351 931 420 Juno,
967 365 1128 408 secus
1159 351 1428 406 muliebre
1458 364 1699 406 sorores.

244 440 377 498 Inde
402 444 625 501 trisulca
654 444 804 502 Jovis
834 454 962 500 sunt
994 442 1239 499 fulmina.
1274 442 1543 499 Cerberus
1585 442 1733 497 inde.

245 535 376 593 Inde
422 538 701 596 Tridens:
756 539 1060 611 triplexque
1110 535 1349 593 Helenes
1412 552 1536 592 cum
1585 534 1846 591 fratribus

1372 706 1373 709 γ
1636 628 1843 700 [υνυιιι.

243 723 354 780 Ter
386 740 524 781 nova
554 725 857 781 Nestoreos
887 724 1132 795 implevit
1158 738 1397 797 purpura
1428 724 1600 782 lusos.

241 817 312 873 Et
336 820 497 874 toties
521 828 676 873 terno
699 817 887 874 cornix
913 818 1157 875 vivacior
1177 835 1316 875 :evo.

239 912 416 979 Quam
451 908 642 989 novies
675 912 813 967 terni
840 910 1233 982 glomerantem
1263 912 1462 969 saecula
1492 920 1699 970 tractus

241 1005 481 1063 Vincunt
500 1006 767 1077 aeripedes
796 1016 878 1061 ter
910 1015 1065 1062 terno
1092 1005 1321 1063 Nestore
1347 1008 1515 1075 cervi,

240 1096 382 1155 Tres
418 1113 647 1170 quorum
670 1106 860 1154 mtates
894 1110 1119 1170 superat
1148 1092 1442 1157 Phoebeius
1469 1114 1659 1156 oseen.
1691 1143 1698 1148 .

240 1193 419 1262 Quem
448 1194 635 1269 novies
658 1195 847 1251 senior
877 1193 1209 1266 Gangeticus
1242 1196 1415 1251 anteit
1433 1195 1582 1264 ales,

243 1293 374 1348 Ales
395 1291 680 1348 cinnameo
703 1292 943 1347 radiatus
976 1301 1220 1363 tempora
1250 1290 1400 1347 nido.

241 1385 566 1458 Tergemina
599 1397 681 1441 est
714 1382 936 1452 Hecate,
963 1388 1062 1442 tria
1091 1386 1313 1458 virginis
1334 1402 1428 1443 ora
1462 1386 1668 1443 Dianm.

238 1477 381 1535 Tres
413 1477 660 1534 Charites
686 1521 702 1549 ,
758 1481 857 1534 tria
896 1477 1025 1535 Fata
1051 1520 1068 1546 ,
1101 1480 1301 1551 triplex
1338 1496 1481 1552 vox,
1534 1481 1678 1535 trina
1726 1477 1843 1534 ele-

1204 1569 1211 1580 ’
1596 1574 1802 1647 [menta
1827 1615 1842 1641 ,

238 1668 379 1725 Tres
411 1669 464 1724 in
485 1669 763 1724 Trinacria
791 1668 1106 1726 Siredones.
1139 1670 1336 1727 Omnia
1360 1677 1535 1726 terna.

240 1764 379 1819 Tres
403 1764 678 1833 volucres,
708 1774 819 1819 tres
844 1764 1124 1830 semideze,
1161 1775 1271 1821 tres
1298 1765 1658 1836 semipuellm.

240 1857 352 1911 Ter
379 1858 556 1913 tribus
586 1857 650 1912 ad
685 1860 915 1928 palmam
937 1860 1102 1928 jussae
1133 1870 1346 1917 certare
1378 1861 1654 1926 Camenis,

239 1949 374 2017 Ore,
409 1967 597 2017 manu,
633 1952 783 2018 ﬂatu,
814 1953 987 2017 buxo.
1026 1952 1151 2021 fide,
1181 1969 1312 2010 voce
1341 1964 1623 2011 canentes.

239 2047 378 2124 Tres
417 2047 623 2119 sophia:
668 2059 852 2117 partes
884 2090 898 2116 ,
935 2050 1035 2104 tria
1068 2050 1269 2106 Punica
1302 2051 1444 2106 bella
1474 2093 1488 2119 ,
1539 2050 1841 2107 trimestres

240 2128 525 2197 Annorum
556 2142 789 2214 castique
817 2142 983 2212 vices,
1015 2146 1299 2216 noctisque
1322 2160 1420 2217 per
1450 2145 1695 2202 umbram

239 2236 557 2309 Tergemini
584 2237 791 2309 vigiles.
818 2238 926 2295 Ter
954 2240 1102 2296 clara
1134 2239 1396 2297 instantis.
1416 2240 1513 2295 Eoi

239 2329 407 2401 Signa
434 2330 580 2385 canit
612 2344 767 2386 serus
797 2330 1069 2401 deprenso
1100 2331 1269 2387 Marte
1305 2332 1551 2388 satelles.

242 2425 311 2479 Et
330 2423 419 2494 qui
448 2431 745 2494 conceptus
778 2424 1066 2495 triplicata
1088 2440 1318 2495 vespere
1345 2428 1545 2495 noctis,

240 2518 397 2573 Jussa
419 2527 611 2587 quater
635 2520 807 2574 ternis
829 2519 1003 2579 afﬁxit
1026 2520 1209 2590 Opima
1238 2522 1479 2591 tropaeis.
1563 2574 1565 2576 .

244 2610 314 2665 Et
338 2611 496 2682 lyrici
525 2619 674 2667 vates
704 2628 929 2667 numero
960 2622 1086 2667 sunt
1111 2614 1605 2681 Mnemonidarum,

240 2706 379 2762 Tres
408 2708 551 2763 solas
573 2708 847 2779 quondam
872 2709 1047 2765 tenuit
1077 2724 1214 2781 quas
1241 2710 1463 2767 dextera
1493 2710 1683 2769 Phoebi
1716 2694 1729 2763 ξ

238 2800 351 2856 Sed
376 2799 637 2856 Citheron
660 2802 861 2857 totiens
883 2810 1068 2859 ternas
1090 2818 1153 2859 ex
1189 2819 1296 2859 aere
1322 2804 1557 2860 sacravit

237 2891 544 2965 Relligione
571 2900 806 2964 patrum,
837 2896 930 2965 qui
960 2910 1055 2951 sex
1085 2897 1361 2967 sprevisse
1392 2898 1673 2955 timebant.

240 2984 413 3041 Trina
440 2985 738 3042 Terentino
759 2988 1031 3068 celebrata
1062 2989 1311 3046 trinoctia
1341 2990 1471 3047 ludo
1504 3011 1515 3045 :

237 3078 428 3147 Qualia
461 3078 545 3135 bis
573 3080 758 3150 genito
780 3066 983 3137 Thebis
1013 3081 1309 3138 Trieterica
1341 3084 1574 3141 Baccho.

1755 230 2055 288 IDYLLIA.
2096 234 2099 235 ⁷

1872 346 1929 409 Α
1954 347 2369 406 lnterdictorum
2401 350 2602 405 trinum
2634 366 2807 421 genus
2842 369 2853 402 :
2885 350 3027 406 unde
3055 350 3305 421 repulsus

3444 240 3552 299 898

1953 440 2014 496 Vi
2047 442 2225 509 fuero,
2256 451 2351 499 aut
2380 442 2572 500 Utrobi
2605 443 2790 512 fuerit,
2819 444 3133 512 Qnorumve
3159 443 3443 500 bonorum.

1948 536 2163 607 Triplex
2196 538 2442 607 libertas,
2469 522 2774 609 capitisque
2804 537 3035 594 minutio
3067 536 3293 609 triplex.

1947 636 2170 693 Trinum
2194 637 2409 695 dicendi
2443 652 2617 709 genus
2640 647 2746 703 est,
2779 637 3037 706 sublime,
3070 635 3409 703 modestum,

1947 729 2014 785 Et
2050 732 2195 787 tenui
2225 732 2338 790 filo.
2364 730 2583 803 Triplex
2615 746 2834 803 quoque
2863 731 3037 787 forma
3061 729 3339 798 medendi,

1946 822 2083 892 Quoi
2116 824 2269 896 logos
2291 870 2306 896 ,
2351 834 2443 881 aut
2469 822 2759 882 methodos
2784 864 2802 891 ,
2845 824 3042 896 cuique
3060 822 3413 899 experientia
3449 836 3551 878 no-

3371 913 3543 989 [men.

1947 1011 2013 1067 Et
2036 1011 2304 1070 medicina
2340 1011 2560 1084 triplex,
2590 1026 2835 1081 servare,
2863 1027 3084 1083 cavere,
3118 1010 3350 1070 mederi.

1946 1104 2085 1162 Tres
2106 1115 2390 1163 oratorum
2419 1097 2621 1175 cultus,
2652 1116 2873 1179 regnata
2901 1106 3131 1162 Colosso

1946 1199 2117 1269 Quem
2145 1201 2387 1269 Rhodos,
2404 1203 2604 1259 Actmze
2633 1217 2795 1272 quem
2825 1200 3131 1267 dilexistis,
3149 1185 3401 1269 Athenas,

1947 1293 2016 1370 Et
2040 1310 2201 1367 quem
2226 1294 2296 1351 de
2323 1296 2508 1353 scenis
2535 1293 2723 1351 tetrica
2750 1293 2818 1349 ad
2842 1293 3099 1350 subsellia
3130 1293 3303 1348 traxit

1947 1384 2115 1442 Prosa
2140 1386 2304 1453 Asiae,
2334 1386 2389 1440 in
2412 1385 2593 1441 causis
2610 1399 2870 1441 numeros
2896 1383 3103 1438 imitata
3127 1384 3442 1440 chororum.

1946 1480 2194 1553 Orpheos
2224 1482 2354 1537 hinc
2380 1480 2624 1551 tripodes
2648 1520 2664 1547 ,
2688 1477 2815 1552 quia
2845 1485 2977 1535 sunt
2997 1476 3123 1546 tria,
3151 1484 3298 1534 terra
3317 1517 3333 1542 ,
3367 1490 3505 1547 aqua
3533 1516 3549 1541 ,

3202 1570 3205 1571 ί
3287 1570 3554 1644 [αεηιιητι.

1947 1669 2172 1742 Triplex
2201 1649 2469 1727 sideribus
2502 1669 2736 1741 positus,
2771 1668 3057 1737 distantia,
3084 1666 3284 1723 forma.

1868 1753 1920 1816 Β
1948 1765 2018 1821 Et
2046 1765 2274 1833 modus,
2314 1774 2370 1821 et
2396 1764 2635 1835 genitrix
2676 1763 3020 1820 modulorum
3063 1763 3273 1819 musica
3319 1761 3543 1833 triplex,

1948 1861 2115 1917 Mixta
2147 1860 2321 1924 libris,
2351 1868 2561 1915 secreta
2593 1860 2781 1927 astris,
2816 1859 3035 1931 vulgata
3068 1856 3319 1914 theatris.

1929 1952 2144 2010 .Martia
2174 1951 2349 2007 Roma
2400 1952 2628 2022 triplex,
2673 1951 2941 2022 equitatu,
2971 1950 3150 2020 plebe,
3178 1958 3395 2007 senatu.
3478 1968 3483 1971 ·

1947 2044 2059 2111 Hoc
2090 2058 2316 2099 numero
2348 2043 2549 2110 tribus,
2582 2051 2637 2099 et
2668 2058 2826 2099 sacro
2855 2042 2922 2098 de
2953 2042 3423 2099 monte‘Tribuni.

1946 2136 2081 2192 Tres
2111 2136 2356 2207 equitum
2384 2145 2578 2191 turma:
2611 2153 2624 2190 :
2657 2136 2756 2191 tria
2802 2135 3021 2192 nomina
3051 2135 3402 2193 nobiliorum.

1944 2231 2173 2288 Numina
2206 2240 2333 2287 sunt
2368 2230 2591 2287 chordis
2625 2232 2724 2286 tria
2762 2248 2775 2284 :
2811 2243 2936 2287 sunt
2963 2231 3063 2287 tria
3097 2231 3319 2287 nomina
3349 2231 3549 2287 mensi.

1934 2323 2226 2405 Geryones
2255 2324 2456 2396 triplex
2492 2344 2502 2377 :
2540 2324 2735 2395 triplex
2767 2340 3030 2395 compago
3057 2324 3369 2379 Chimaerae.

1943 2416 2124 2488 Scylla
2157 2416 2350 2488 triplex
2375 2417 2665 2472 commissa
2699 2416 2893 2483 tribus,
2926 2431 3083 2484 cane,
3110 2416 3342 2486 virgine,
3372 2415 3547 2484 pisce.

1943 2506 2227 2578 Gorgones
2248 2547 2264 2574 ,
2307 2506 2683 2578 Harpyiaeque,
2717 2515 2772 2560 et
2813 2506 3083 2578 Erynnies
3110 2507 3330 2578 agmine
3364 2514 3546 2563 terno.

1880 2632 1890 2639 -
1945 2598 2014 2653 Et
2040 2608 2148 2652 tres
2168 2597 2406 2653 fatidica:
2433 2612 2633 2653 nomen
2656 2612 2948 2654 commune
2978 2598 3205 2670 Sibylla:
3233 2615 3246 2651 :

1946 2688 2187 2757 Quarum
2214 2688 2498 2761 tergemini
2528 2689 2710 2758 fatalia
2734 2689 2973 2746 carmina
3001 2690 3125 2746 libri
3155 2708 3168 2745 :

1945 2780 2093 2849 Quos
2124 2788 2205 2836 ter
2233 2781 2523 2852 quinorum
2550 2792 2729 2836 servat
2760 2781 2971 2837 cultura
3001 2781 3260 2838 virorum.

1946 2872 2054 2930 Ter
2096 2873 2238 2929 bibe.
2284 2872 2422 2930 Tres
2461 2889 2720 2930 numerus
2758 2890 2923 2946 super
2964 2876 3146 2931 omnia
3177 2920 3193 2947 ,
3242 2884 3357 2933 tres
3404 2876 3551 2933 Deus

2091 2981 2252 3022 unus.

1947 3059 2047 3115 Hic
2066 3074 2281 3131 quoque
2311 3071 2380 3115 ne
2407 3059 2569 3117 ludus
2590 3074 2819 3117 numero
2844 3069 3178 3118 transcurrat
3208 3062 3399 3131 inerti,

241 3172 383 3229 Tres
409 3149 613 3243 primas
645 3173 922 3229 Thracum
962 3190 1168 3246 pugnas
1200 3177 1375 3233 tribus
1420 3178 1612 3237 ordine
1640 3178 1797 3237 bellis

1947 3149 2053 3208 Ter
2074 3152 2259 3207 decies
2291 3160 2475 3212 ternos
2507 3150 2739 3221 habeat,
2772 3151 3063 3224 deciesque
3094 3168 3358 3211 novenos.

236 3264 490 3322 Juniada:
530 3265 705 3336 patrio
730 3266 955 3323 inferias
984 3268 1180 3324 misere
1205 3269 1475 3341 sepulcro.

240 3357 337 3414 Illa
366 3360 527 3414 etiam
562 3358 828 3415 thalamos
858 3374 956 3429 per
979 3359 1117 3416 trina
1140 3362 1423 3432 aenigmata
1453 3379 1725 3434 quaerens,

238 3449 344 3517 Qui
377 3450 550 3520 bipes,
576 3459 632 3506 et
652 3451 963 3522 quadrupes
986 3454 1143 3522 foret,
1166 3461 1223 3510 et
1251 3456 1417 3526 tripes
1450 3457 1630 3513 omnia
1662 3458 1833 3527 solus,

238 3541 459 3603 Terruit
486 3542 713 3597 Aoniam
737 3544 995 3611 volucris,
1030 3544 1136 3611 leo,
1169 3546 1345 3616 virgo,
1382 3540 1649 3605 triformis

239 3634 476 3705 Sphinx,
509 3638 748 3693 volucris
777 3637 985 3708 pennis,
1022 3639 1247 3709 pedibus
1268 3639 1404 3707 fera,
1432 3642 1613 3700 fronte
1636 3645 1836 3715 puella.

239 3729 406 3787 Trina
432 3733 484 3787 in
507 3729 736 3804 Tarpeio
761 3733 965 3804 fulgent
991 3736 1265 3791 consortia
1287 3737 1511 3807 templo.

242 3824 491 3881 Humana
524 3826 765 3883 efﬁciunt
788 3827 1093 3883 habitacula
1128 3837 1211 3884 ter
1238 3844 1410 3899 genus
1432 3840 1601 3899 artes,

238 3919 547 3975 Parietibus
578 3935 695 3991 qua:
723 3935 848 3975 saxa
883 3920 1046 3989 locat,
1073 3936 1195 3991 qua:
1222 3922 1460 3979 culmine
1486 3922 1655 3995 tigna,

239 4012 316 4069 Et
339 4030 460 4082 quae
490 4028 742 4086 supremo
768 4018 935 4070 comit
972 4015 1204 4071 tectoria
1233 4016 1408 4071 cultu.

208 4106 381 4163 'llinc
417 4107 615 4163 Bromii
660 4106 981 4178 quadrantal
1009 4149 1024 4174 ,
1057 4118 1113 4165 et
1134 4108 1261 4165 hinc
1297 4110 1491 4166 Sicana
1536 4110 1836 4168 medimna.

240 4198 360 4256 llnc
389 4199 580 4267 tribus,
610 4199 726 4255 hmc
752 4198 983 4271 geminis
1009 4202 1184 4258 tribus
1206 4203 1445 4274 explicat
1466 4220 1598 4260 usus
1618 4206 1838 4277 agendi.

238 4292 304 4347 In
330 4290 587 4371 Pbysicis‘
605 4292 706 4348 tria
738 4294 942 4365 prima,
974 4295 1113 4352 Deus
1136 4337 1152 4361 ,
1186 4295 1450 4364 mundus,
1489 4297 1612 4353 data
1644 4297 1836 4354 forma.

238 4381 352 4441 Ter
388 4401 559 4457 genus
583 4387 934 4460 omnigenum
961 4430 975 4455 ,
1006 4390 1253 4461 genitOr,
1297 4390 1539 4462 genitrix
1565 4432 1580 4459 ,
1620 4406 1845 4463 genera-

1676 4485 1840 4559 [tum.

239 4574 347 4631 Per
376 4574 542 4630 trinas
571 4575 781 4645 species
812 4574 1153 4646 trigonorum
1187 4578 1373 4648 regula
1405 4577 1600 4642 currit,
1645 4582 1651 4587 '

241 4666 577 4737 A'Jquilatus,
603 4668 685 4723 vel
711 4683 872 4724 crure
893 4668 1032 4739 pari,
1065 4669 1147 4724 vel
1174 4669 1227 4724 in
1251 4670 1509 4727 omnibus
1532 4668 1730 4741 impar.

239 4758 387 4816 Tres
416 4758 530 4818 coit
560 4760 612 4815 in
645 4772 830 4831 partes
862 4776 1124 4838 numerus
1153 4762 1427 4833 perlectus
1454 4782 1467 4816 :
1500 4773 1559 4818 ut
1591 4764 1733 4820 idem

245 4851 536 4924 Congrege
566 4862 649 4909 ter
681 4854 947 4924 trino-per
978 4862 1062 4911 ter
1101 4856 1204 4910 tria
1235 4840 1584 4912 dissolvatur.
1668 4885 1670 4888 ν

240 4951 380 5007 Tres
392 4951 598 5021 primus
619 4990 633 5016 ,
652 4966 748 5021 par
769 4992 781 5016 ,
800 4952 977 5022 impar
993 4950 1153 5007 habet
1175 4993 1189 5019 ,
1210 4952 1587 5024 mediumque:
1610 4952 1705 5009 sed
1728 4952 1845 5025 ipse

240 5042 318 5099 Ut
348 5054 478 5112 tres,
513 5043 592 5100 sic
614 5042 872 5114 quinque,
900 5051 955 5098 et
985 5053 1194 5113 septem
1224 5060 1442 5116 quoque
1461 5044 1659 5101 dividit
1680 5061 1839 5102 unus.

240 5135 315 5193 Et
340 5152 572 5193 numero
602 5138 657 5191 in
684 5145 796 5193 toto
822 5137 1030 5207 positus
1055 5137 1156 5192 sub
1188 5138 1440 5194 acumine
1464 5140 1662 5208 centri,

241 5233 539 5304 Distinguit
561 5232 765 5290 solidos
796 5232 955 5289 coebo
986 5241 1245 5304 pergente
1270 5232 1517 5300 trientes,

244 5325 577 5396 JEquipares
601 5324 865 5381 dirimens
895 5332 1078 5395 partes
1100 5339 1169 5381 ex
1203 5324 1413 5395 impare
1436 5334 1613 5391 terno,

244 5419 314 5475 Et
340 5419 558 5489 paribus
592 5420 783 5489 triplex
815 5418 1051 5475 medium
1080 5437 1092 5475 :
1124 5434 1247 5474 cum
1273 5428 1532 5490 quattuor
1550 5426 1605 5475 et
1625 5434 1719 5476 sex

240 5510 444 5581 Bisque
469 5520 861 5581 quaternorum
886 5512 1190 5568 secernitur
1211 5511 1493 5583 omphalos
1527 5512 1695 5569 idem.

241 5604 343 5662 Jus
372 5605 591 5674 triplex,
626 5605 822 5661 tabula:
848 5606 993 5679 quod
1024 5616 1107 5663 ter
1133 5622 1365 5664 sanxere
1393 5617 1699 5679 quaternm,

242 5699 498 5768 Sacrum,
530 5699 821 5771 privatum,
848 5710 905 5758 et
925 5703 1112 5777 populi
1137 5718 1425 5763 commune
1448 5704 1595 5776 quod
1619 5722 1847 5777 usquam

1720 5798 1845 5873 [εει.

2511 3287 2849 3346 IDYLLIUM
2879 3288 2994 3347 XII.

2416 3405 2418 3408 ’
2517 3401 2991 3476 Τεσήιιορωςηὶοη.

2301 3519 2571 3575 Αῠςοηιυδ
2612 3519 2800 3576 ΡΛυιο
2825 3536 2921 3575 suo
2944 3520 3187 3577 salutem.

1937 3681 1942 3685 .
2015 3632 2140 3688 Misi
2170 3634 2243 3686 ad
2285 3642 2333 3687 te
2377 3633 2808 3704 technopwgnion
2856 3634 3033 3689 inertis
3071 3636 3165 3688 otii
3197 3635 3297 3689 mei
3342 3636 3531 3691 inutile

1941 3724 2269 3794 opusculum.
2304 3723 2563 3778 Versiculi
2591 3734 2711 3779 sunt
2746 3725 3118 3795 monosyllabis
3147 3727 3320 3798 capti,
3360 3736 3407 3781 et
3436 3744 3551 3782 mo-

1941 3815 2229 3887 nosyllabis
2267 3817 2553 3871 terminati.
2585 3815 2698 3871 Nec
2730 3817 2813 3870 hic
2836 3816 2989 3872 modo
3018 3818 3161 3873 stetit
3189 3835 3409 3890 scrupea
3440 3820 3547 3891 dif-

1941 3908 2171 3979 ﬁcultas,
2202 3909 2293 3964 sed
2332 3909 2550 3963 accessit
2591 3909 2662 3963 ad
2704 3911 2965 3965 miseriam
2996 3911 3283 3982 cogitandi,
3316 3919 3373 3966 ut
3404 3911 3544 3967 idem

1942 4002 2358 4075 monosyllabum
2385 4002 2524 4072 quod
2554 4012 2683 4058 esset
2711 4004 2832 4074 ﬁnis
2867 4004 3083 4059 extremi
3110 4020 3309 4073 versus,
3340 4005 3543 4077 princi-

1944 4097 2087 4167 pium
2113 4097 2257 4165 ﬁeret
2280 4095 2616 4169 insequentis.
2645 4096 2747 4151 Dic
2776 4112 2919 4169 ergo,
2958 4096 3003 4152 Ο
3030 4114 3199 4166 mora,
3224 4106 3275 4153 et
3302 4115 3333 4153 ο
3374 4115 3547 4169 paena,

1944 4206 2052 4244 rem
2097 4206 2283 4244 vanam
2326 4191 2520 4261 quippe
2553 4190 2752 4246 curavi.
2809 4189 3022 4262 Exigua
3064 4200 3160 4261 est,
3195 4201 3242 4246 et
3273 4192 3552 4264 fastiditur

1944 4282 2249 4351 inconnexa,
2285 4292 2334 4338 et
2380 4282 2705 4353 implicatur,
2754 4300 2871 4338 cum
2898 4284 2964 4337 sit
3010 4284 3216 4355 aliquid
3264 4282 3443 4351 nihili,
3474 4287 3554 4342 vel

1947 4376 2372 4449 deprehenditur.
2399 4375 2661 4432 'Laboravi
2699 4386 2893 4445 tamen,
2924 4386 2981 4431 ut
3012 4376 3226 4433 haberet
3270 4386 3361 4433 aut
3386 4377 3555 4433 histo-

1946 4469 2090 4523 ricon
2114 4468 2404 4541 quippiam,
2444 4477 2535 4523 aut
2567 4468 2896 4524 dialecticon.
2944 4467 3089 4525 Nam
3138 4470 3419 4541 poeticam,
3470 4470 3552 4524 vel

1870 4550 1926 4613 1)
1949 4561 2284 4630 sapliisticam
2314 4562 2573 4617 levitatem
2602 4562 2879 4618 necessitas
2912 4561 3284 4617 observationis
3308 4560 3549 4617 exclusit.

1896 4724 1901 4728 ἢ
1926 4655 2026 4709 Ἀά
2049 4671 2325 4721 summam,
2351 4671 2455 4708 non
2486 4655 2726 4726 estquod
2776 4654 3011 4724 mireris,
3042 4653 3133 4709 sed
3166 4654 3343 4725 paucis
3366 4654 3556 4709 litteris

1944 4749 2165 4818 additis,
2200 4758 2274 4805 est
2301 4751 2457 4822 cujus
2486 4748 2803 4818 miserearis,
2829 4763 2992 4819 neque
3018 4747 3261 4803 wnaulari
3305 4744 3433 4801 velis
3463 4755 3551 4800 :et

1946 4842 1991 4896 si
2019 4840 2121 4895 huc
2145 4856 2349 4913 quoque
2372 4839 2718 4909 descendetis,
2754 4841 3003 4910 majorem
3034 4838 3327 4892 molestiam
3368 4837 3550 4906 capias

1952 4935 2167 5008 ingenii,
2199 4944 2247 4989 et
2279 4934 2547 5006 facundia:
2589 4932 2919 5000 detrimento,
2951 4946 3110 5002 quam
3156 4929 3553 4985 oblectationem

1950 5027 2253 5083 imitationis
2292 5026 2502 5096 affectu.

1956 5165 2147 5224 Versus
2175 5164 2545 5237 monosyllabis
2571 5164 2756 5237 ccepti,
2792 5174 2837 5218 et
2860 5162 3019 5233 ﬁniti,
3047 5162 3123 5217 ita
3153 5169 3208 5216 ut
3237 5180 3268 5218 a
3299 5160 3404 5233 ﬁne
3432 5178 3549 5219 ver-

2327 5235 2413 5292 sus
2440 5236 2510 5290 ad
2533 5235 2847 5306 principium
2874 5243 3170 5290 recurrant.
3312 5255 3314 5258 ν

2019 5331 2128 5388 Res
2141 5328 2417 5387 hominum
2439 5329 2854 5401 lragilesalit,et
2873 5329 3034 5399 regit,
3059 5335 3114 5383 ct
3137 5326 3359 5398 perimit
3414 5329 3552 5388 fors.

1957 5426 2093 5484 Fors
2110 5425 2295 5491 dubia,
2318 5433 2690 5493 aeternumque
2704 5421 2890 5478 labans
2906 5438 2919 5475 :
2936 5436 3099 5493 quam
3113 5421 3313 5477 blanda
3336 5421 3482 5479 fovet

3234 5515 3403 5587 [spes.

3380 5625 3556 5669 mors.

3424 5721 3556 5762 00X.

3438 5794 3575 5857 ιω(

1955 5615 2091 5687 Spes
2122 5614 2268 5671 nullo
2298 5613 2447 5670 ﬁnita
2471 5626 2586 5669 aevo
2620 5629 2632 5665 :
2659 5611 2745 5667 cui
2780 5610 3042 5667 terminus
3072 5620 3157 5667 est

1956 5710 2102 5767 Mors
2132 5709 2311 5775 avida,
2335 5707 2549 5764 inferna
2574 5706 3015 5777 mergitcaligine
3038 5720 3202 5775 quam
3230 5712 3235 5717 '

1954 5802 2076 5863 Nox
2104 5801 2319 5863 abitura
2347 5801 2525 5862 vicem
2554 5816 2569 5856 :
2608 5799 2939 5859 remeaverit
2965 5811 3131 5857 aurea
3164 5810 3291 5857 cum
