3908 6324
456 215 559 277 800
628 276 631 279 .

453 329 570 384 Lux
592 324 1021 383 dono'concessa
1043 325 1203 381 deum
1238 343 1251 383 :
1285 329 1373 383 cui
1404 332 1637 398 prtevius
1659 343 1743 389 est
1939 338 2046 420 sol.

453 422 573 490 Sol,
599 422 687 477 cui
720 436 819 477 nec
848 420 994 476 furto
1011 416 1388 477 Venerislatet
1408 421 1740 492 armipotens
1886 416 2047 485 Mars.

453 515 598 572 Mars
613 516 764 571 nullo
786 514 855 571 de
878 526 1030 585 patre
1044 524 1197 569 satus
1214 532 1225 566 :
1243 529 1402 586 quem
1426 514 1661 594 Thressa
1685 515 1811 570 colit
1893 532 2046 587 gens.

453 606 598 663 Gens
616 606 698 662 inf
700 622 829 662 rena
847 606 1049 661 virum:
1070 607 1266 677 quibus
1289 608 1341 663 in
1356 607 1534 663 scelus
1558 621 1718 663 omne
1737 606 1844 667 ruit
1945 608 2044 665 fas.

450 701 557 757 Fas
579 701 852 756 hominem
878 712 1118 756 mactare
1140 701 1315 758 sacris
1345 720 1355 757 :
1388 704 1531 758 ferus
1561 701 1661 757 iste
1690 701 1795 759 loci
1905 717 2041 758 mos.

450 794 567 850 Mos
590 794 740 850 ferus
768 792 987 849 auda‘cis
1016 792 1204 864 papuli
1234 813 1245 847 :
1272 810 1432 864 quem
1463 794 1610 851 nulla
1642 802 1790 850 tenet
1933 794 2043 850 lex.
2110 856 2113 859 η

448 885 561 942 Lex
590 886 819 944 naturali
847 902 1007 954 quam
1040 885 1289 941 condidit
1310 887 1543 957 imperio
1867 898 1871 903 ‘
1932 887 2043 957 jus.

441 982 471 1037 J
478 997 540 1036 us
561 982 802 1053 genitum
826 980 1028 1051 pietate
1049 977 1356 1048 hominum,
1380 979 1469 1050 jus
1494 990 1639 1038 certa
1661 979 1757 1036 Dei

442 1075 616 1147 Mens,
646 1090 768 1146 qua:
797 1072 1013 1144 caelesti,
1032 1087 1200 1131 sensu
1232 1071 1373 1143 rigat
1401 1074 1687 1131 emeritum
1924 1092 2040 1133 cor.

438 1163 547 1223 Cor
572 1174 826 1237 vegetum
855 1163 1038 1224 mundi
1072 1164 1247 1221 instar
1275 1162 1504 1233 habens,
1536 1166 1733 1221 anima:
1759 1165 1938 1238 \igor,
1977 1183 2043 1223 ac

1842 1258 1964 1331 [νίς.

450 1338 747 1408 Ἣείαηιαιι
777 1348 866 1407 hic
894 1349 1043 1408 nulla
1074 1360 1160 1407 est
1207 1368 1221 1406 :
1256 1366 1441 1408 verum
1481 1358 1567 1408 est
1607 1352 1766 1422 jocus
1796 1362 1851 1410 et
1886 1353 2038 1411 nihili

1832 1445 1853 1519 [
1859 1462 1962 1503 res.

512 1555 581 1611 llt
605 1555 657 1611 in
686 1564 848 1611 vetere
867 1554 1017 1610 verbo
1038 1564 1136 1623 est,
1166 1558 1403 1627 sequitur
1428 1574 1511 1613 ver
1537 1554 1789 1630 ligantem,
1814 1560 1901 1614 ubi
1920 1563 2033 1632 jam

432 1649 682 1703 similium
726 1663 986 1719 nugarum
1024 1650 1236 1704 subtexo
1262 1652 1568 1722 nequitiam,
1612 1664 1661 1707 et
1706 1654 1760 1707 hi
1789 1656 2033 1711 versiculi

433 1740 797 1811 monosyllabis
819 1742 1186 1807 terminantur,
1211 1730 1423 1799 exordio
1451 1755 1622 1800 tamen
1644 1745 1826 1815 libero,
1851 1765 2036 1819 quam-
2067 1766 2111 1825 Β

430 1850 581 1905 quam
607 1833 710 1902 [ine
754 1833 1004 1906 legitimo.
1043 1834 1150 1890 Sed
1191 1836 1447 1907 laboravi,
1492 1848 1549 1893 ut
1577 1850 1832 1909 quantum
1863 1854 2035 1912 posset

429 1927 591 1983 videri
631 1928 773 1998 apud
818 1944 969 1983 aures
1007 1929 1492 2002 indulgentissimas
1530 1934 1754 1989 absurda
1786 1938 2032 1993 concine.

430 2031 562 2087 rent,
595 2022 795 2077 insulsa
840 2024 1151 2095 reciperent,
1189 2024 1368 2080 hiulca
1401 2039 1740 2100 congruerent
1769 2046 1785 2083 :
1811 2030 2032 2102 denique

428 2113 678 2171 haberent
708 2125 756 2171 et
794 2132 977 2171 amara
1005 2116 1360 2187 dulcedinem,
1407 2130 1456 2175 et
1484 2121 1745 2177 iuamwna
1776 2139 2033 2188 venerem,

427 2221 476 2265 ct
505 2218 691 2281 aspera
725 2213 1007 2269 lenitatem.
1046 2214 1175 2289 Quae
1204 2217 1409 2285 quidem
1456 2219 1632 2273 omnia
1675 2221 1923 2289 quoniam
1950 2221 2033 2274 in-

425 2307 601 2361 suavis
631 2310 847 2362 materia
868 2310 1185 2372 devenustat.
1223 2311 1376 2365 lectio
1410 2312 1632 2385 benigna
1658 2316 1920 2371 conciliet.
1953 2315 2030 2370 Tu

422 2414 620 2470 quoque
646 2399 772 2455 mihi
800 2412 890 2455 tua
916 2403 1067 2457 crede
1095 2405 1345 2470 securior,
1379 2407 1569 2476 quippe
1615 2405 1854 2462 meliora.
1886 2408 2024 2477 Sed,

427 2502 481 2546 ut
511 2493 651 2563 quod
678 2501 773 2564 per
798 2494 1109 2567 adagionem
1143 2497 1414 2567 coepimus,
1447 2499 1713 2569 prouerbio
1743 2493 1990 2569 ﬁniamus
2010 2542 2025 2571 ,
2101 2538 2106 2541 -

426 2596 663 2641 mutuum
693 2591 823 2643 muli
853 2589 1090 2662 scribunt,

728 2692 1077 2773 Monmyllabt’
1108 2713 1307 2758 tantum
1330 2705 1380 2759 in
1401 2706 1506 2774 line
1534 2709 1705 2778 positi.
1776 2711 1782 2717 ’

424 2812 639 2875 ίΕωυιίι
664 2816 771 2883 dis,
801 2828 1008 2875 natura:
1038 2819 1324 2890 imitatrix,
1348 2823 1698 2895 onmiparens
1915 2844 2022 2884 ars.

422 2908 623 2965 Pacato
655 2920 711 2965 ut
742 2910 959 2967 studeat
984 2913 1143 2969 ludus
1174 2930 1361 2983 meus,
1394 2927 1513 2972 esto
1551 2919 1701 2987 operi
1759 2960 1762 2964 η
1893 2923 2023 2978 dux.

421 3003 607 3075 Arcta,
635 2990 908 3063 inanimua
933 3006 1080 3074 licet,
1111 3024 1213 3064 nec
1234 3024 1472 3082 congrua
1496 3014 1829 3071 carminibus
1916 3016 2021 3072 lex.

422 3096 614 3154 Judice
641 3100 742 3157 sub
765 3108 919 3157 tanto
943 3101 1089 3159 fandi
1113 3113 1289 3158 tamen
1321 3104 1554 3181 accipiet

422 3190 631 3262 Quippe
658 3203 712 3248 et
742 3192 983 3249 ridiculis
1010 3194 1139 3250 data
1168 3195 1363 3266 gloria,
1398 3198 1449 3253 ni
1481 3200 1733 3269 prohibet
1841 3201 1844 3205 ’
1884 3202 1994 3261 fors

1037 3309 1115 3365 De
1144 3312 1404 3369 membris.

495 3421 699 3479 Indicat
730 3425 784 3480 in
818 3424 1002 3495 pueris
1034 3430 1318 3497 septennia
1346 3430 1516 3501 prima
1542 3450 1713 3491 novus
1765 3422 1789 3504 ί
1860 3438 2019 3496 deus.

421 3515 699 3574 Pubcntcs
723 3534 895 3575 annos
914 3522 1191 3577 robustior
1210 3524 1470 3595 anticipat
1893 3549 2019 3588 vox.

419 3608 622 3666 Invicta
652 3619 707 3666 et
736 3612 938 3681 ventis,
967 3622 1024 3668 et
1043 3614 1249 3670 solibus
1268 3658 1281 3683 ,
1305 3627 1388 3672 est
1419 3618 1700 3676 hominum
1848 3626 2016 3682 frons.

285 3722 290 3735 ν
332 3694 333 3699 “
416 3704 660 3762 Edurum
684 3707 836 3764 nervi
865 3709 1230 3795 cum'viscere
1257 3713 1576 3770 consociant
1814 3738 1817 3739 ν
1910 3710 2015 3778 ⁷ος.

412 3799 951 3872 Palpitatirrequies,
982 3812 1255 3874 vegetum,
1281 3811 1611 3879 teres,acre,
1632 3810 1821 3868 calens
1898 3828 2015 3870 cor.

411 3893 575 3952 Unde
605 3898 789 3968 vigent
819 3908 1045 3971 sensus,
1079 3898 1409 3957 dominatrix
1440 3918 1576 3973 quos
1610 3921 1768 3978 vege-

1689 4013 1762 4058 tat
1834 4020 2014 4064 mens.

1689 4013 1762 4058 tat
1834 4020 2014 4064 mens.

416 4086 597 4156 Atque
630 4086 682 4141 in
714 4085 879 4143 verba
910 4085 1077 4143 refert
1105 4089 1381 4146 modulata
1419 4090 1537 4164 lege
1569 4000 1765 4166 loqitax
1876 4150 1878 4153 ,
1930 4115 2014 4155 os.

411 4178 589 4249 Quam
620 4180 857 4236 validum
882 4190 987 4250 est,
1016 4182 1256 4239 hominis
1276 4175 1439 4256 quota
1468 4187 1672 4259 portio,
1703 4204 1876 4245 caeru-

1657 4273 1823 4357 [leum
1900 4288 1969 4345 fel
1996 4292 2009 4345 !

417 4371 591 4441 Quam
618 4380 805 4442 tenue,
839 4358 895 4430 et
923 4374 1121 4432 molem
1158 4388 1413 4449 quantam
1446 4372 1552 4437 fert
1581 4397 1773 4453 corpo-

445 4478 452 4485 '
540 4470 541 4473 “
1607 4478 1775 4550 [ream
1848 4494 1973 4536 crus
1996 4482 2009 4536 l

1040 4700 1361 4762 Inconnexa.
1400 4716 1403 4719 '

477 4818 634 4889 Saepe
660 4817 716 4873 in
749 4817 1018 4892 coniugiis
1048 4820 1107 4876 fit
1135 4823 1318 4891 noxia,
1354 4825 1399 4879 si
1428 4823 1593 4881 nimia
1616 4835 1712 4883 ‘est

1852 222 2031 287 ΠΕοη
2072 220 2348 290 ΑυιοΝιι

2079 364 2134 428 Α
2157 340 2273 410 Qua
2302 348 2452 400 caret
2482 337 2803 413 Aitbiopum
2830 342 3005 414 plaga,
3044 346 3290 418 pervigil,
3327 348 3463 405 irre-

1865 995 2043 1037 mens.

1909 3110 2021 3181 jus.
2052 3153 2096 3218 Ο

2052 4468 2057 4473 ’
2117 4469 2237 4528 Νοη
2274 4474 2392 4529 sine
2422 4473 2818 4551 llamadryadis
2846 4479 2955 4535 fato
2986 4482 3132 4537 cadit
3159 4484 3390 4541 arborea

411 4557 663 4619 Pondere
690 4562 792 4620 sub
822 4573 1027 4640 quanto
1066 4576 1313 4624 nostrum
1341 4570 1657 4627 moderatur
1687 4572 1791 4629 iter
1872 4591 1966 4647 pes
1992 4576 2005 4631 l

2134 4567 2234 4637 )uo
2264 4578 2523 4639 generata
2552 4570 2734 4627 Venus
2763 4572 3015 4630 Saturnia
3043 4575 3287 4634 desecuit

3656 234 3753 295 Βίου

3339 443 3519 516 [quies
3591 460 3750 516 gens.

2153 527 2381 599 Semper
2410 529 2501 587 ubi
2535 540 2733 588 :etcrna
2766 533 3031 605 vertigine
3061 536 3209 591 clara
3241 537 3378 592 nitet
3640 539 3751 594 lux.

2813 669 2890 726 De
2931 670 3072 729 Deis.

2196 852 2199 855 ν
2219 778 2359 835 Sunt
2385 789 2442 837 et
2458 784 2762 840 coelicolum
2789 788 3188 860 monosyllaba.
3209 788 3387 844 Prima
3404 788 3566 846 deum
3610 789 3722 846 Fas
3738 830 3753 855 ,

2148 874 2279 943 Quae
2301 876 2522 934 Themis
2550 864 2851 936 estGraiis.
2876 882 3010 937 Post
3037 883 3178 939 banc
3201 882 3375 953 Rhea,
3408 901 3530 956 qua:
3616 938 3623 949 ,

3368 977 3559 1052 [Latiis
3617 979 3755 1050 Ops.

2148 1063 2285 1119 Tum
2319 1064 2473 1124 lovis
2499 1075 2557 1123 et
2581 1067 2744 1125 Consi
2775 1085 3094 1141 germanus,
3123 1071 3420 1130 Tartareus
3631 1068 3749 1129 Dis.

2148 1159 2215 1215 Et
2246 1176 2406 1217 soror
2435 1164 2705 1235 ctconjux
2737 1164 2950 1231 fratris,
2984 1168 3169 1239 regina
3198 1168 3385 1234 deum,
3631 1167 3748 1223 Vis.

2147 1253 2215 1309 Et
2242 1257 2334 1323 qui
2363 1257 2688 1330 qnadrijugo
2716 1275 2881 1315 curru
2909 1270 3063 1333 pater
3086 1262 3364 1319 invehitur
3632 1262 3747 1319 Sol.

2144 1347 2354 1417 Quique
2388 1359 2570 1405 truces
2600 1351 2729 1407 belli
2762 1363 2939 1409 motus
2966 1354 3073 1410 ciet
3096 1356 3438 1425 armipotens
3560 1354 3707 1412 Mars
3728 1372 3747 1410 :

2142 1438 2315 1506 Quem
2349 1456 2644 1512 numquam
2677 1443 2875 1514 pictas,
2908 1461 3207 1518 numquam
3236 1447 3376 1503 bona
3410 1446 3624 1504 solliciq

2471 1603 2475 1607 _
3441 1540 3542 1615 [tat
3598 1541 3710 1598 Pax
3727 1588 3741 1611 ,

2142 1623 2252 1680 Nec
2283 1626 2464 1682 cultor
2489 1643 2769 1684 nemorum
2800 1631 3129 1699 reticebere,
3156 1633 3440 1690 analide
3551 1623 3554 1626 ’
3605 1634 3741 1703 Pan,

2140 1716 2253 1774 Nec
2282 1717 2488 1775 Genius
2518 1720 2803 1790 domuum,
2827 1723 3078 1783 Larunda
3104 1728 3418 1799 progenitus
3610 1728 3737 1785 Lar.

2142 1810 2599 1886 Fluminibusque
2629 1814 2783 1872 Italis
2817 1819 3145 1888 prtepollens
3174 1819 3449 1878 sullureus
3608 1821 3738 1878 Nar.

2146 1900 2387 1973 Qumque
2419 1905 2530 1975 piat
2558 1905 2741 1962 divum
2775 1897 3029 1981 periuria,
3058 1911 3367 1968 nocticolor
3582 1913 3738 1987 Styx.

2136 1997 2478 2070 Velivolique
2517 2002 2683 2057 maris
2713 2013 3020 2060 constrator
3050 2007 3392 2064 Leuconotos
3586 2008 3736 2067 Libs.

2136 2087 2204 2177 [at
2232 2104 2530 2163 numquam
2561 2092 2614 2148 in
2644 2092 2823 2151 dubiis
2853 2094 3131 2154 hominum
3162 2099 3303 2155 bona
3331 2099 3499 2156 deSti-

3316 2192 3502 2265 [tuens
3576 2194 3735 2267 Spes.

2786 2299 2862 2357 De
2901 2302 3063 2369 Cibis.

2202 2434 2311 2492 Nec
2339 2438 2562 2494 noStros
2594 2438 2834 2498 reticebo
2855 2440 3030 2513 cibos,
3053 2459 3191 2516 quos
3208 2446 3426 2517 priscos
3446 2450 3541 2504 ba-

3349 2612 3354 2616 .
3392 2541 3509 2617 [bet
3580 2559 3733 2613 mos,

2135 2620 2479 2681 lrritamenta
2505 2626 2703 2698 quibus
2734 2627 2951 2683 additur
2972 2643 3283 2699 aequoreum
3466 2647 3471 2651 ·
3629 2640 3734 2695 sal.

2133 2714 2273 2772 Olim
2301 2720 2605 2775 communis
2631 2723 2816 2791 pecori
2848 2723 3025 2790 cibus,
3052 2716 3222 2796 atque
3246 2728 3453 2784 homini
3551 2731 3733 2803 glans.

2130 2810 2272 2868 Ante
2287 2815 2537 2884 equidem
2567 2818 2774 2887 campis
2791 2832 2951 2887 quam
2973 2821 3158 2889 spicea
3182 2832 3499 2894 suppeteret
3584 2827 3730 2884 frux.

2131 2904 2251 2959 Mox
2282 2907 2436 2975 ador,
2470 2917 2634 2981 atque
2660 2909 2843 2965 adoris
2871 2912 2940 2967 de
2968 2914 3174 2983 polline
3203 2917 3511 2987 pultiticum
3626 2922 3731 2979 far.

2130 2995 2401 3061 Instruxit
2424 3017 2643 3061 mensas
2668 3018 2776 3074 quo
2807 3005 3079 3075 quondam
3111 3006 3458 3067 Romulidum
3550 3015 3728 3083 plebs.
3759 3080 3767 3084 _

2130 3093 2267 3151 llinc
2297 3096 2470 3165 cibus,
2506 3096 2635 3180 hinc
2662 3106 2843 3169 potus,
2873 3114 2997 3155 cum
3025 3100 3327 3171 dilueretur
3355 3122 3497 3179 aqua
3581 3110 3730 3180 puis.

2130 3187 2225 3243 Est
2253 3189 2396 3245 inter
2426 3174 2610 3262 fruges
2637 3208 2820 3249 morsu
2851 3195 3007 3266 piper
3036 3198 3380 3270 aequiparans
3408 3174 3423 3179 ⁷
3581 3174 3598 3180 ’
3625 3206 3726 3275 git.

2128 3280 2196 3334 Et
2225 3280 2513 3339 Pelusiaco
2544 3285 2612 3341 de
2638 3286 2847 3342 semine
2878 3288 3062 3359 plana,
3095 3295 3242 3349 teres
3579 3299 3729 3355 leas.

2127 3374 2194 3430 Et
2220 3376 2424 3447 duplici
2470 3379 2695 3437 defensa
2726 3385 3001 3455 putamine
3032 3388 3449 3464 quinquagenos
3526 3456 3530 3460 Α
3591 3410 3727 3453 nux.

2124 3468 2388 3542 Quodque
2414 3473 2540 3529 cibo
2569 3486 2620 3531 et
2650 3487 2778 3549 potu
2814 3479 3090 3550 placitum,
3123 3482 3276 3540 labor
3300 3500 3429 3542 acer

2128 3559 2138 3575 ³
3062 3598 3086 3621 -·
3346 3579 3556 3654 [apum,
3586 3584 3724 3641 mel.

2124 3654 2342 3716 Natura:
2372 3659 2553 3731 liquor
2578 3662 2681 3719 iste
2709 3680 2863 3722 norzc
2886 3682 2901 3721 :
2927 3668 3011 3723 cui
3044 3683 3254 3726 summa
3286 3682 3439 3730 natat
3604 3676 3718 3734 fex.

2426 3794 2433 3797 ’
2744 3802 2820 3856 lle
2858 3801 3129 3860 Historiis.

2192 3906 2448 3967 Solamen
2471 3912 2586 3980 tibi,
2616 3913 2843 3983 Phoebe,
2870 3933 3067 3975 novum
3091 3919 3243 3977 dedit
3257 3922 3522 3983 OEbalius
3594 3927 3717 3984 ilus.

2121 3998 2281 4056 Flore
2309 4003 2415 4059 alio
2442 4021 2569 4061 reus
2592 4018 2676 4063 est
2705 4009 2939 4066 Narcissi
2971 4023 3145 4068 morte
3167 4027 3325 4072 sacer
3510 4074 3513 4075 ν
3568 4019 3716 4078 fons.

2120 4087 2564 4157 Czedis'Adoneao
2591 4102 2732 4158 mala
2761 4104 2932 4174 gloria
2962 4104 3260 4163 fulmineus
3594 4128 3713 4169 sua.

2119 4188 2405 4261 Perjurum
2437 4193 2726 4266 Lapitham
2760 4197 2991 4253 Jununia
3021 4199 3264 4257 ludificat
3448 4250 3455 4257 .
3556 4206 3714 4261 nubs.

2119 4283 2284 4340 Ludit
2313 4295 2371 4343 et
2399 4284 2685 4345 Eacidetn
2721 4292 3005 4347 Parnassia
3040 4294 3377 4364 Delphicolm
3576 4298 3713 4355 fors.

2119 4377 2392 4435 Trcicium
2424 4381 2685 4454 Libycum
2720 4384 2851 4439 freta
2885 4383 3345 4460 Cimmeriumque
3368 4401 3522 4449 secat
3591 4392 3711 4450 bos.

3544 4488 3707 4544 trabs.

3577 4582 3707 4638 falx.

2102 4658 2269 4734 ,Sicca
2298 4661 2445 4717 inter
2468 4679 2631 4734 rupes
2664 4665 2950 4738 Scythicas
2975 4671 3127 4724 stetit
3153 4672 3370 4728 alitibus
3543 4690 3703 4732 crux.

2110 4752 2268 4810 Unde
2300 4754 2626 4813 Prometheo
2651 4758 2722 4813 de
2751 4774 2983 4831 corpore
3012 4763 3340 4834 sanguineus
3592 4783 3700 4825 ros.

1879 4829 2001 4884 dos.

2134 4847 2403 4921 tdspergit
2429 4860 2642 4919 cautes,
2676 4862 2729 4907 et
2754 4829 2869 4908 dira
2905 4829 3299 4915 aconitavcre‘at
3589 4878 3700 4919 cos.

398 4908 580 4968 Sexus
605 4916 840 4984 uterque
867 4922 1081 4985 potens,
1115 4916 1207 4972 sed
1241 4920 1499 4988 prtevalet
1529 4918 1761 4991 imperio
1861 4938 1998 4981 mas.

2103 4940 2298 5013 Ibycus
2332 4953 2389 4998 ut
2419 4946 2609 5014 periit,
2649 4946 2849 5003 vindex
2886 4947 2987 5004 fuit
3010 4950 3300 5007 altivolans
3554 4972 3698 5027 grus.

395 5004 501 5073 Qui
533 5017 680 5062 reete
707 5007 903 5076 faciet,
938 5024 1042 5063 non
1072 5010 1162 5079 qui
1194 5012 1526 5081 dominatur,
1560 5014 1667 5069 erit
1876 5032 1995 5074 rex.

397 5095 575 5120 17---.
607 5102 874 5120 -_A-3-°.9--
942 5109 986 5120 ᾼ.
1021 5100 1155 5120 ru]-
1206 5119 1213 5120 κ
1277 5104 1310 5120 μ
1446 5105 1458 5117 ο
1504 5116 1515 5120 _
1912 5112 1941 5120 ..

2166 5004 2183 5013 -
2420 5004 2431 5014 .
2598 5004 2608 5013 .
3050 5004 3293 5007 ν
3554 5004 3698 5027 τη--

2134 5033 2345 5095 Eacidte
2364 5038 2429 5092 ad
2454 5039 2722 5095 tumulum
2752 5051 2980 5097 mactata
3001 5054 3084 5099 est
3103 5046 3506 5105 Andromacha:
3566 5050 3699 5120 glas.

397 5095 578 5159 Vexat
603 5102 898 5170 amicitias,
934 5109 991 5157 et
1018 5100 1222 5159 hedera
1257 5104 1522 5162 dissociat
1909 5112 1995 5168 lis.

2134 5128 2339 5186 :arccre
2370 5130 2424 5200 in
2452 5133 2655 5204 Argivo
2686 5134 3098 5206 Pliilopmmena
3130 5139 3274 5196 lenta
3304 5142 3439 5199 adiit
3530 5095 3698 5204 πῖθι-ε.

400 5187 603 5263 Incipe,
638 5193 897 5269 quidquid
931 5209 1059 5267 agas
1087 5212 1101 5251 :
1136 5212 1233 5268 pro
1265 5205 1380 5255 toto
1410 5211 1494 5256 est
1523 5201 1696 5271 prima
1725 5218 1855 5273 epe-

2134 5221 2287 5277 lertia
2314 5225 2493 5294 opima
2525 5227 2676 5283 dedit
2697 5230 2959 5300 spoliatus
2991 5235 3340 5293 Aremoricus
3548 5241 3698 5299 Lars.

404 5328 437 5392 ι’
489 5376 501 5388 ,
569 5283 586 5300 δ
760 5379 772 5392 ε
884 5380 918 5392 __
1091 5380 1103 5391 .
1244 5382 1255 5392 υ
1318 5287 1321 5289 ί
1466 5385 1477 5392 _
1668 5292 1764 5363 iris
1848 5313 1992 5368 Pars-
2099 5313 2233 5371 Sera
2263 5329 2538 5375 venenato
2567 5330 2694 5392 potu
2731 5323 3303 5385 abstnlitAnnibalcm
3574 5350 3694 5390 nex.

395 5374 643 5487 insitiva}
665 5379 834 5487 faeie.
866 5380 1060 5487 diique
1090 5380 1571 5487 ῖηδοτίιθιξκῖξίιοε
1806 5407 1809 5410 '
1854 5392 1993 5469 lau‘s-
2100 5410 2376 5470 RcsAsiu:
2406 5426 2635 5487 quantas
2667 5418 2817 5474 letho
2853 5416 3003 5477 dedit
3031 5422 3331 5483 immeritas
3516 5428 3696 5485 fraus!

389 5468 461 5525 Et
486 5470 794 5541 disciplinis
820 5473 1071 5530 conferta
1106 5484 1212 5541 cst,
1245 5484 1302 5531 et
1332 5478 1477 5534 vitiis
1841 5468 1987 5543 urbs.
2098 5505 2273 5562 υμνίχ
2306 5468 2557 5581 amauit
2587 5513 2655 5568 de
2690 5515 2913 5583 rupibus
2946 5508 3200 5575 [ζημίας
3589 5523 3697 5579 [η.

387 5566 631 5631 Urbibus
665 5571 718 5625 in
750 5572 877 5627 tutis
904 5572 1168 5631 munitior
1196 5572 1417 5632 urbibus
1450 5585 1534 5632 cst
1647 5576 1651 5580 ’
1869 5599 1985 5641 arx.

2099 5599 2215 5655 Stat
2246 5602 2396 5658 Jovis
2425 5603 2491 5665 ad
2521 5605 2801 5677 cyathum,
2828 5619 3057 5679 generat
3080 5627 3243 5683 quem
3277 5613 3487 5670 Dardao

2287 5714 2297 5770 ζ
3315 5707 3465 5781 [nius
3540 5709 3695 5767 Tros.

2092 5778 2429 5857 Praepetibus
2457 5791 2651 5860 pennis
2684 5801 2852 5866 Supcl‘
2883 5811 3007 5855 acra
3039 5778 3425 5872 vcctus‘bomo
3543 5802 3693 5859 Cres.

387 5662 537 5732 Auro
562 5682 793 5735 magnus
822 5666 1018 5726 bonos.
1054 5667 1191 5727 Auri
1218 5671 1451 5739 pretium
1479 5677 1662 5732 tamen
1699 5686 1780 5733 est

383 5752 573 5832 longa
600 5757 718 5825 dies
745 5774 979 5835 operosa
1005 5759 1146 5831 viro,
1178 5760 1277 5822 sed
1306 5766 1600 5838 temperies

1891 5692 1985 5737 ωε.

1855 5788 1982 5831 "OX.

2860 6180 3858 6312 ἦρέ-ε*
