3908 6358
222 251 357 314 θοι

223 366 445 423 Intulit
471 364 736 424 incestam
773 364 868 420 tibi
898 363 1005 419 vim
1037 358 1335 416 Philomela
1368 358 1516 413 ferus

225 461 528 518 Barbarus
558 473 640 518 est
673 461 877 532 Lydus,
905 471 1095 513 servus
1123 454 1278 521 Geta,
1315 452 1580 508 femineus
1647 449 1852 520 Phryx.

229 551 501 608 Fallaces
534 553 758 624 Ligures
787 566 800 603 :
837 549 986 604 nullo
1015 548 1151 601 situs
1180 545 1232 599 in
1265 545 1440 614 pretio
1727 541 1853 596 Car.

233 643 473 702 Vellera
495 646 734 716 depectit
766 641 1065 698 uemoralia
1097 638 1382 693 vestifluus
1732 635 1854 691 Ser.

232 739 396 797 Nota
421 743 474 797 in
505 739 770 810 portentis
798 736 1058 792 Thebana
1093 732 1491 803 trieorporibus
1620 728 1853 800 Sphinx.

232 834 391 892 Nota
425 843 480 891 et
509 845 803 905 parvorum
837 829 991 884 cuuis
1025 818 1292 883 muliebre
1317 838 1479 880 secus
1684 820 1854 876 Strix.

805 946 880 1000 De
918 961 1031 999 vere
1071 944 1261 1014 primo.

326 1044 522 1122 Annus
546 1065 613 1120 ab
639 1074 830 1119 exortu
862 1077 986 1116 cum
1016 1059 1334 1130 lloriparum
1365 1065 1580 1112 reserat
1740 1068 1854 1119 ver,

239 1161 471 1216 Cuncta
503 1160 725 1230 vigent:
755 1169 946 1212 nemus
974 1168 1136 1209 omne
1164 1152 1343 1206 viret:
1378 1151 1512 1204 nitet
1542 1135 1688 1202 auri-

1423 1243 1662 1314 [comum
1741 1256 1857 1297 rus.
1881 1228 1885 1230 ’

252 1347 334 1401 Et
368 1347 548 1402 lusura
582 1345 804 1400 umbras
833 1341 1095 1398 radicitus
1121 1339 1355 1410 exigitur
1669 1335 1855 1404 stirps.

242 1441 377 1496 Non
405 1443 574 1497 denso
603 1441 671 1496 ad
702 1449 900 1495 terram
930 1439 1083 1508 lapsu
1110 1437 1411 1508 glomerata
1437 1431 1558 1487 (luit
1741 1429 1858 1484 nix.

243 1537 480 1592 Florum
509 1535 681 1606 Spirat
707 1534 865 1598 odor,
897 1531 1090 1587 Libani
1120 1545 1220 1587 ceu
1252 1529 1453 1584 montis
1481 1527 1657 1582 honor
1713 1524 1859 1578 thus.

518 1627 622 1683 Per
648 1627 1104 1697 interrogationem
1129 1632 1176 1678 ct
1204 1622 1608 1692 responsionem.

248 1723 393 1788 Quis
420 1721 567 1778 subit
590 1721 645 1775 in
685 1734 898 1791 pmnam
924 1717 1141 1787 capitali
1170 1713 1421 1785 judicio?

245 1817 398 1882 Quid
431 1816 571 1870 silis
609 1814 776 1881 fuerit
802 1812 1128 1878 nummaria,
1163 1810 1286 1879 quis
1307 1805 1564 1862 dabitur?
1696 1816 1858 1873 prms.

247 1908 397 1974 Quis
423 1906 737 1961 Mirmilloni
771 1902 1160 1960 contenditur?
1189 1901 1530 1972 ecquimanus
1656 1895 1859 1953 Thrax.

251 2000 407 2055 Inter
439 2000 670 2054 virtutes
694 1998 840 2068 quod
871 2012 1069 2053 nomen
1097 1994 1405 2052 Mercurio?
1496 2060 1500 2064 ν
1754 1989 1862 2046 fur.

252 2093 582 2158 Thuribula,
615 2101 669 2148 et
701 2103 925 2163 patera,
959 2106 1078 2160 qua:
1111 2089 1270 2146 tertia
1302 2102 1427 2142 vasa
1459 2084 1659 2142 deum?
1715 2082 1861 2138 lanx.

251 2189 447 2243 Cincta
475 2188 614 2242 mari
643 2202 890 2258 quaenam
915 2185 1075 2240 tellus
1103 2193 1253 2240 creat
1275 2180 1694 2252 Hippocratem?
1734 2176 1862 2232 Cos.

258 2282 415 2338 Grex
447 2283 642 2351 magis,
674 2295 742 2334 an
774 2294 1002 2350 regnum
1035 2276 1273 2333 Minoida
1305 2273 1599 2329 sollicitat?
1708 2284 1861 2341 grex.

253 2374 408 2443 Quid
441 2383 637 2445 prmter
667 2374 868 2429 nubem
897 2372 1215 2428 Phasacibus
1238 2367 1583 2440 impositura?
1683 2379 1862 2420 mons.

254 2466 380 2533 Dic,
407 2475 660 2522 cessante
691 2465 836 2529 cibo,
873 2480 1072 2520 somno
1103 2464 1226 2534 quis
1258 2461 1492 2532 opimior
1524 2458 1643 2514 est?
1735 2457 1864 2527 glis.

253 2559 504 2630 Tergora
531 2558 620 2614 dic
642 2558 852 2629 clypcis
884 2555 1245 2612 accommoda
1277 2570 1399 2624 quae
1430 2549 1626 2606 faciat?
1722 2548 1866 2619 glus.

255 2651 472 2722 Sponte
499 2651 725 2706 ablativi
750 2665 909 2704 casus
941 2650 1062 2719 quis
1095 2657 1277 2703 rectus
1304 2644 1444 2702 erit?
1645 2648 1648 2651 ’
1677 2656 1867 2711 spons.

253 2736 587 2812 Quadrupes
613 2743 892 2798 oscinibus
921 2740 1043 2812 quis
1069 2741 1313 2812 jungitur
1341 2736 1634 2808 auspiciis?
1723 2748 1867 2790 mus.

256 2836 405 2902 Quid
433 2827 616 2892 ﬂuitat
634 2839 851 2908 pelago,
885 2835 1032 2908 quod
1066 2851 1177 2891 non
1208 2843 1359 2890 natat
1390 2833 1443 2888 in
1479 2830 1679 2887 ﬂuvio?
1753 2829 1868 2901 pix.

259 2929 528 2984 Bissenas
555 2940 737 3000 partes
769 2930 890 3000 quis
919 2927 1161 2984 continet
1189 2925 1532 2997 mquiparos?
1787 2935 1866 2975 as.

1749 3013 1868 3070 bes.

1745 1722 1861 1762 V35.

257 3023 449 3078 Tertia
470 3023 706 3078 defuerit
734 3021 780 3076 si
808 3020 1010 3091 portio,
1044 3019 1189 3091 quod
1222 3015 1532 3088 reliquum?

447 3137 526 3191 De
556 3137 740 3192 iilteris
763 3133 1132 3207 monosyllabis
1157 3133 1353 3189 ercis
1378 3148 1436 3186 ac
1465 3130 1689 3185 Latinis.

263 3255 388 3310 Dux
416 3255 812 3310 elementorum
844 3252 1041 3310 studiis
1070 3252 1213 3321 viget
1238 3251 1291 3305 in
1316 3249 1488 3306 Latiis
1807 3258 1868 3306 Λ.

263 3349 342 3404 Et
362 3363 613 3418 suprema
646 3349 790 3404 notis
811 3346 1146 3404 adscribitur
1177 3344 1448 3416 Argolicis
1805 3354 1868 3398 Ω.

266 3441 370 3496 lita
389 3441 535 3512 quod
557 3440 857 3507 IEolidum,
883 3440 1137 3511 quodque
1157 3461 1199 3506 ε,
1228 3438 1389 3493 valeo
1409 3440 1509 3492 hoc
1523 3435 1739 3492 Latiare
1812 3446 1870 3488 Ε.

263 3537 505 3606 Praesto,
540 3537 682 3608 quod
715 3537 755 3591 Ε
791 3537 1005 3592 Latium
1037 3549 1257 3613 semper
1285 3535 1472 3600 breve,
1507 3533 1701 3588 Dorica

1610 3630 1742 3702 Ινοι
1814 3641 1869 3684 ε.

267 3727 387 3783 lloc
418 3727 576 3783 tereti
607 3737 910 3799 arguteque
942 3742 1078 3783 sono
1111 3735 1269 3798 negat
1301 3725 1482 3781 Attica
1509 3738 1648 3795 gens
1808 3735 1850 3778 0

263 3835 313 3877 Ω
342 3819 486 3891 quod
513 3829 567 3877 et
592 3833 631 3877 0
662 3820 908 3878 Graecum
936 3822 1258 3892 compensat
1284 3819 1518 3874 Romula
1545 3833 1649 3872 vox
1805 3814 1852 3874 0

265 3913 475 3970 Littera
507 3930 628 3969 sum
661 3915 788 3969 lota:
815 3915 1034 3983 similis,
1069 3928 1172 3970 vox
1209 3914 1368 3985 plena
1397 3912 1617 3982 iubens,

266 4008 554 4078 Cecropiis
586 4009 767 4078 ignota
799 4010 941 4064 notis
973 4007 1144 4062 ferale
1173 4021 1382 4062 sonans
1806 4002 1874 4060 U.

266 4102 597 4174 Pythagora:
629 4103 831 4156 bivium
863 4101 1031 4156 ramis
1064 4109 1225 4171 pateo
1250 4098 1520 4170 ambiguis
1605 4157 1609 4160 ,
1813 4093 1854 4148 Υ

270 4194 514 4250 Vocibus
543 4195 595 4250 in
627 4194 813 4268 Graiis-
833 4209 1129 4264 numquam
1159 4193 1349 4249 ultima
1381 4190 1692 4264 conspicior
1811 4201 1854 4244 tu

271 4290 404 4346 Zeta
427 4289 639 4360 iacens,
668 4290 713 4360 si
737 4299 946 4359 surgat,
977 4289 1082 4345 erit
1109 4297 1256 4353 uota,
1292 4301 1413 4358 quas
1442 4284 1644 4358 legitur

273 4382 637 4450 Mreandrum,
672 4382 953 4453 flexusque
987 4396 1158 4452 vagos
1191 4381 1401 4436 imitata
1426 4394 1595 4455 vagor

274 4473 563 4530 Dividuum
595 4475 740 4529 Betae
774 4475 1191 4547 monosyllabon
1227 4473 1474 4530 ltalicum

274 4663 505 4719 liostilis
526 4679 648 4735 quae
676 4662 848 4718 forma
874 4647 986 4734 jugi
1021 4670 1125 4729 est,
1152 4662 1291 4716 hanc
1315 4661 1518 4717 efficiet

275 4760 579 4815 Ausonium
605 4760 650 4814 si
690 4759 732 4814 P
770 4761 1002 4827 scribas,
1042 4775 1138 4816 ero
1165 4759 1492 4832 Cecropium

274 4852 346 4908 Et
372 4851 493 4908 Rho
515 4853 658 4924 quod
685 4854 960 4925 Graecum,
996 4855 1292 4912 mutabitur
1319 4859 1374 4910 in
1400 4854 1614 4911 Latium

1737 238 1848 299 lDY
1859 235 2013 295 LLIA
2027 274 2040 292 .

1640 355 1847 411 Thrax.
1880 355 1935 412 Λ

3453 232 3557 296 00%

2474 348 3042 406 Grammatlcomastix.

2037 462 2438 537 Elngodaedalia
2464 465 2661 521 strides
2691 466 2854 520 modo
2887 466 2974 535 qui
3007 462 3235 520 nimium
3413 473 3556 533 trux,

1967 561 2184 617 Frivola
2213 559 2581 618 condemnas?
2615 576 2956 634 nequaquam
2987 579 2996 613 :
3027 575 3148 616 cum
3181 559 3357 631 pretio

3203 651 3309 725 [est
3383 667 3564 718 merx,

1969 749 2175 806 Ennius
2204 756 2260 802 ut
2291 759 2588 813 meruerat,
2621 749 2794 818 replet
2829 761 2878 804 te
2909 747 3182 804 lietilicum
3437 761 3563 819 gau.

1967 843 2154 898 Livida
2184 857 2339 898 mens
2372 841 2651 894 hominum
2687 851 2998 896 concretum
3032 841 3156 897 felle
3187 852 3384 911 coquat
3441 856 3563 914 pus.

1969 935 2088 1005 Dic,
2123 935 2254 1006 quid
2287 933 2597 1004 significent
2626 933 2888 988 catalecta
2922 933 3192 989 Maronis?
3221 933 3276 989 in
3307 933 3390 989 his
3514 934 3566 988 al

1969 1029 2243 1098 Celtarum
2277 1029 2483 1100 posuit,
2516 1027 2763 1102 sequitur
2794 1043 2899 1082 non
2928 1027 3162 1082 lucidius
3448 1037 3563 1084 tau.

1969 1123 2036 1178 Et
2059 1122 2204 1194 quod
2236 1137 2502 1194 germano
2528 1105 2759 1177 mixtum
2791 1121 2934 1177 male
2965 1122 3270 1178 lethiferum
3417 1123 3566 1178 min?

1967 1214 2281 1285 Imperium,
2317 1217 2490 1284 litem,
2521 1215 2815 1282 Venerem,
2850 1231 2949 1272 cur
2980 1231 3084 1269 una
3118 1225 3271 1271 notet
3452 1216 3568 1272 res?

1969 1307 2122 1363 Sitne
2151 1309 2428 1380 peregrini
2457 1324 2558 1364 vox
2591 1308 2853 1373 nominis,
2888 1323 2954 1362 an
2985 1307 3124 1362 Latii
3477 1308 3570 1362 ﬁl?

1969 1401 2246 1459 Lintribus
2275 1405 2325 1458 in
2354 1404 2586 1474 geminis
2604 1411 2916 1458 constratus
2946 1410 3113 1472 ponto
3135 1401 3228 1472 sit,
3249 1418 3317 1456 an
3401 1403 3573 1472 pons?

1969 1495 2224 1550 Bucollco
2256 1510 2413 1565 sepes
2441 1495 2576 1550 dixit
2607 1495 2776 1562 Maro,
2809 1511 2906 1550 cur
2934 1494 3130 1550 Cicero
3411 1492 3573 1563 seps?

1968 1586 2087 1643 Vox
2117 1586 2298 1653 solita,
2333 1595 2387 1642 et
2416 1588 2628 1642 cunt-tis
2651 1587 2960 1652 notissima,
2988 1587 3031 1641 si
3061 1601 3351 1651 memores,
3458 1587 3568 1650 lac,

1962 1677 2079 1735 .Cur
2109 1678 2508 1733 condemnetur
2536 1679 2697 1755 ratio,
2735 1681 2905 1748 magis
2932 1671 2992 1732 ut
3025 1677 3186 1732 faciat
3427 1677 3566 1732 lact?

1896 1753 1944 1814 Β
1971 1773 2054 1826 Αη
2085 1771 2270 1843 Libya:
2300 1771 2466 1827 ferale
2494 1753 2718 1840 malum,
2748 1773 2820 1826 sit
2847 1771 3074 1827 Romula
3106 1787 3207 1827 vox
3327 1838 3329 1841 ι
3409 1774 3572 1843 seps?

1971 1865 2028 1920 Si
2058 1864 2237 1920 bonus
2265 1874 2347 1919 est
2375 1864 2583 1931 insons,
2613 1865 2943 1932 contrarius,
2975 1875 3028 1920 et
3052 1880 3178 1922 reus
3209 1875 3294 1922 est
3418 1881 3572 1922 sons.

1971 1957 2131 2012 Dives
2161 1972 2322 2028 opum
2356 1970 2453 2011 cur
2484 1971 2683 2012 nomen
2718 1957 2884 2013 habet
2909 1957 3043 2012 Jove
3071 1957 3139 2011 de
3165 1958 3354 2029 Stygio
3448 1959 3574 2012 Dis?

1969 2048 2126 2105 Unde
2155 2047 2406 2121 Rugdinus
2436 2048 2533 2114 ait,
2568 2048 2764 2104 Divum
2797 2049 2992 2104 domus
3021 2048 3310 2104 altisonum
3436 2051 3579 2106 cm]?

1971 2140 2038 2196 Et
2068 2141 2225 2213 cujus
2256 2141 2323 2196 de
2352 2156 2524 2209 more,
2555 2142 2699 2211 quod
2727 2140 2980 2208 adstruit,
3011 2141 3152 2197 endo
3184 2157 3338 2197 suam
3470 2142 3577 2197 do?

1968 2235 2077 2290 Aut
2104 2234 2172 2290 de
2202 2233 2398 2290 fronde
2427 2234 2681 2305 loquens,
2717 2249 2813 2289 cur
2845 2234 2977 2288 dicit
3007 2234 3239 2304 populea
3419 2233 3569 2288 l'rus?

1969 2325 2077 2382 Sed
2104 2341 2212 2398 quo
2246 2325 2600 2397 progredior?
2629 2342 2748 2397 qua:
2773 2326 2916 2394 linis,
2943 2327 3061 2396 riuis
3089 2326 3281 2382 modus
3309 2335 3361 2382 et
3415 2326 3578 2382 calx?

1967 2419 2214 2492 Indulge,
2248 2420 2466 2490 Pacate,
2501 2420 2698 2484 bonus,
2728 2421 2943 2485 doctus,
2975 2419 3149 2474 facilis

1971 2514 2167 2572 Totum
2201 2529 2337 2585 opus
2369 2513 2474 2569 hoc
2502 2529 2780 2583 sparsum,
2815 2513 2986 2569 crinis
3015 2514 3166 2568 velut
3188 2512 3433 2585 Antiphi-

2620 2626 2627 2632 ε
3228 2605 3354 2678 {la};

3469 2422 3574 2476 vir.

3451 2620 3575 2675 pax.

2526 2698 2860 2783 IDYLLIUM
2899 2723 3040 2782 xm.

2541 2837 2704 2893 Cento
2732 2839 3007 2910 nuptialis.

2365 2953 2640 3010 Αοεοιιιυε
2670 2955 2913 3011 Pwuuo
2942 2957 3190 3012 salutem.

2050 3067 2267 3142 Perlege
2296 3070 2391 3123 hoc
2412 3070 2592 3137 etiam,
2617 3071 2664 3124 si
2687 3086 2858 3140 Opera:
2886 3080 2982 3140 est,
3013 3066 3280 3142 frivolum,
3310 3082 3358 3128 et
3381 3075 3579 3130 nullius

1900 3151 1946 3214 C
1980 3164 2132 3233 pretii
2171 3163 2483 3235 apusculum
2514 3182 2527 3219 :
2557 3165 2698 3236 quod
2729 3181 2820 3219 nec
2865 3165 3009 3220 labor
3038 3169 3268 3237 excudit,
3319 3185 3410 3223 nec
3459 3187 3583 3225 cura

1974 3257 2171 3311 limavit
2201 3259 2346 3312 :sine
2387 3259 2584 3330 ingenii
2631 3262 2910 3327 acumine,
2950 3270 3004 3314 et
3042 3273 3200 3318 merce
3259 3267 3578 3322 maturitate.

1976 3350 2253 3408 Centonem
2273 3363 2456 3408 vocant
2485 3355 2573 3422 qui
2597 3355 2752 3425 primi
2778 3354 2877 3408 hac
2903 3357 3299 3412 concinnatione
3324 3357 3581 3415 luserunt.

1977 3447 2127 3504 Sola
2153 3449 2414 3504 memoriae
2439 3450 2708 3519 negotium
2733 3466 2914 3519 sparsa
2944 3451 3209 3522 colligere,
3243 3463 3288 3505 et
3319 3453 3583 3525 integrare

1977 3541 2208 3596 lacerata
2238 3556 2257 3594 .'
2285 3539 2425 3610 quod
2458 3539 2635 3595 ridere
2672 3541 2859 3611 magis,
2916 3558 3074 3613 quant
3131 3544 3348 3614 laudare
3393 3547 3583 3616 possis.

1979 3633 2089 3690 Pro
2118 3652 2244 3706 quo,
2272 3637 2315 3688 si
2340 3653 2434 3706 per
2461 3635 2724 3705 sigillaria
2763 3635 2817 3690 in
2859 3637 3102 3695 auctione
3149 3640 3366 3707 veniret,
3423 3656 3588 3709 neque

1980 3729 2230 3800 Afranius
2261 3729 2417 3783 nauci
2445 3729 2623 3796 daret,
2654 3745 2746 3783 nec
2777 3729 3019 3807 Stichum
3044 3747 3196 3787 suum
3237 3731 3463 3789 Plautus
3501 3739 3587 3805 of.

1980 3826 2154 3896 ferret.
2198 3822 2350 3895 Piget
2375 3823 2511 3878 enim
2552 3822 2828 3895 Virgiliani
2853 3825 3101 3880 carminis
3131 3826 3436 3899 dignitatem
3477 3840 3586 3883 tam

1972 3916 2205 3990 joculari
2235 3916 2597 3972 dehoneslasse
2626 3918 2865 3974 materia.
2891 3917 2998 3975 Sed
3022 3919 3153 3990 quid
3175 3921 3396 3991 facerent
3416 3924 3440 3977 7
3462 3920 3591 3977 lus-

1981 4025 2095 4063 sum
2124 4017 2232 4064 erat
2256 4024 2274 4063 :
2299 4009 2540 4080 quodque
2558 4019 2630 4063 est
2653 4010 3066 4080 potentissimum
3087 4012 3382 4082 imperandi
3401 4030 3586 4086 genus,

1984 4102 2219 4174 rogabat,
2250 4103 2334 4174 qui
2349 4103 2534 4174 jubere
2562 4111 2785 4173 poterat,
2814 4103 3010 4158 scilicet
3039 4105 3322 4181 imperator
3357 4106 3592 4162 Valenti-

1984 4195 2194 4262 nianus,
2227 4196 2304 4250 air
2324 4211 2437 4253 meo
2456 4195 2664 4268 judicio
2686 4195 2943 4262 eruditus,
2965 4196 3057 4266 qui
3083 4197 3293 4268 nuptias
3317 4199 3611 4268 quondam-

1985 4289 2247 4363 ejusmodi
2279 4289 2404 4344 ludo
2434 4291 2795 4361 descripserat,
2825 4292 2962 4360 aptis
2993 4292 3224 4361 equidem
3252 4293 3504 4359 uersibus,
3533 4303 3583 4349 et

1988 4384 2355 4452 compositione
2390 4379 2604 4456 festiva.
2642 4377 2886 4455 Experiri
2913 4385 3102 4441 deinde
3129 4383 3304 4444 uolens
3332 4396 3590 4457 quantuni

1989 4484 2168 4530 nostra
2204 4477 2531 4532 contentione
2555 4477 2892 4549 prwcelleret,
2943 4477 3111 4533 simile
3152 4494 3245 4533 nos
3291 4479 3356 4533 de
3399 4480 3578 4535 eodem

1991 4662 2081 4732 rit,
2117 4662 2366 4736 intellige.
2406 4661 2588 4734 Neque
2623 4663 2874 4734 anteferri
2901 4665 3154 4731 volebam,
3181 4682 3345 4736 neque
3379 4666 3596 4738 postha-

1991 4755 2149 4826 beri;
2176 4772 2293 4810 cum
2343 4755 2566 4811 aliorum
2614 4774 2816 4826 quoque
2851 4757 3060 4830 judicio
3104 4758 3396 4830 detegenda
3457 4770 3592 4828 esset

1991 4851 2223 4906 adulatio
2253 4851 2447 4924 inepta,
2485 4853 2530 4906 si
2570 4853 2798 4923 cederem
2826 4869 2842 4904 :
2866 4851 3165 4919 insolentia,
3197 4855 3257 4907 'si
3291 4862 3349 4908 ut
3378 4853 3598 4911 tumulus

1818 4297 1858 4340 N

1820 4382 1859 4431 Ξ

1829 4481 1859 4523 Β

273 4567 393 4625 Non
417 4569 670 4636 formam,
702 4581 756 4622 at
786 4585 975 4625 vocem
1013 4569 1181 4624 Delta:
1212 4583 1344 4639 gero
1373 4566 1701 4623 Romuleum
1817 4565 1880 4624 υ.
1912 4552 1961 4613 D
1988 4569 2304 4622 concinnare
2326 4569 2589 4640 prwrepit.
2621 4569 2792 4638 Quam
2822 4570 3184 4640 scrupulosam
3210 4571 3308 4625 hoc
3329 4572 3456 4626 mihi
3482 4574 3598 4644 fue-

1820 4672 1859 4716 Π

1827 4772 1862 4814 Ρ

1831 4867 1862 4907 Ρ

1818 4953 1860 5000 Τ

277 4947 450 5004 Malus
475 4959 536 5004 ut
562 4958 873 5005 antemnam
908 4951 1013 5007 fert
1042 4951 1271 5014 vertice,
1303 4949 1383 5005 sic
1414 4963 1516 5017 ego
1545 4963 1664 5003 sum

279 5043 522 5114 Spiritus
552 5043 662 5116 hic,
698 5044 826 5100 ﬂatu
857 5045 1175 5102 tenuissima
1203 5043 1480 5100 vivificans
1808 5040 1840 5105 ,l

1843 5039 1863 5094 1

1870 5079 1884 5094 ο

280 5135 410 5191 Haec
438 5137 614 5213 tribus
647 5139 700 5194 in
727 5139 892 5194 Latio
920 5148 1129 5193 tantum
1161 5137 1347 5193 addita
1377 5136 1694 5192 nominibus
1819 5133 1887 5200 K,

283 5229 585 5286 Praevaluit
614 5241 899 5305 postquam
930 5233 1174 5288 Gammce
1203 5232 1322 5286 vice
1353 5230 1535 5286 frincta
1565 5230 1720 5300 prius
1814 5227 1884 5296 C,

206 5369 211 5374 .
283 5324 462 5396 Atque
489 5325 655 5380 aliam
688 5343 792 5397 pro
822 5342 880 5382 se
909 5326 1063 5382 titulo
1091 5320 1352 5396 rcpliCata
1380 5323 1565 5392 dedit,
1722 5328 1724 5330 ’
1812 5321 1884 5390 ρ.

285 5416 449 5473 Ansis
477 5419 655 5474 cincta
684 5420 893 5475 duabus
921 5419 1026 5475 erit
1055 5434 1176 5473 cum
1211 5418 1347 5483 Iota,
1382 5416 1534 5489 leges

285 5509 343 5566 ln
376 5509 530 5566 Latio
560 5515 816 5568 numerus
843 5513 1124 5578 denarius,
1159 5510 1476 5582 Argolicum

289 5607 414 5664 lltec
439 5609 590 5680 gruis
619 5608 824 5680 effigies
853 5609 1194 5666 Palamedica
1230 5607 1523 5679 porrigitur

288 5701 470 5774 Cappa
500 5702 574 5758 fui
604 5703 881 5774 quondam
909 5703 1142 5773 BmOtia,
1174 5719 1317 5760 nunc
1345 5702 1558 5758 Latium

291 5798 487 5871 Furea,
522 5797 880 5873 tricornigera
909 5801 1116 5872 specie,
1153 5815 1292 5872 pene
1315 5798 1502 5858 ultima
1529 5811 1648 5855 sum

1820 5426 1887 5472 Θ.

1823 5520 1887 5565 X.

1828 5615 1886 5660 Φ.

1830 5717 1885 5756 Κ.

1823 5806 1884 5852 Ψ.

1868 4953 1921 5006 .“
1993 4946 2293 5002 eminerem.
2328 4945 2547 5025 Suscepi
2583 4946 2746 5018 igitur
2791 4945 2976 4999 similis
3014 4947 3299 5014 recusanti,
3343 4947 3597 5020 feliciter-

1995 5058 2092 5113 que
2118 5048 2166 5097 et
2193 5031 2446 5097 obnoxius
2476 5043 2698 5114 gratiam
2731 5041 2894 5107 tenui,
2921 5057 3018 5094 nec
3047 5041 3209 5096 victor
3240 5040 3452 5109 offendi.
3481 5038 3600 5097 Hoc

1997 5135 2081 5190 die
2099 5153 2204 5190 uno
2234 5145 2283 5190 et
2305 5135 2485 5190 addita
2516 5134 2875 5188 lucubratione
2897 5144 3250 5207 praperatum,
3280 5136 3431 5190 modo
3465 5136 3603 5192 inter

1996 5231 2269 5286 liturarios
2299 5247 2437 5286 meos
2469 5246 2588 5284 cum
2615 5229 2943 5302 rcperissem,
2992 5238 3138 5284 tanta
3163 5228 3306 5283 'milti
3353 5229 3601 5286 candoris

1994 5325 2073 5379 tui
2100 5333 2150 5378 et
2189 5326 2380 5378 amoris
2406 5323 2604 5393 ﬁducia
2625 5330 2723 5391 est,
2761 5331 2814 5380 ut
2844 5323 3101 5378 severitati
3126 5329 3228 5377 tua:
3252 5337 3344 5375 nec
3377 5322 3603 5382 ridenda

1996 5409 2369 5474 subtraherem.
2402 5418 2589 5491 Accipe
2630 5419 2792 5490 igitur
2834 5418 3145 5489 opusculum
3190 5417 3255 5470 de
3296 5418 3604 5475 inconnexis

1998 5513 2322 5581 continuum,
2355 5512 2421 5564 de
2448 5511 2666 5566 diversis
2699 5528 2884 5579 unum,
2909 5511 2980 5564 de
3015 5510 3180 5586 seriis
3207 5509 3491 5580 ludicrum,
3538 5510 3603 5565 de

1998 5607 2168 5660 alieno
2201 5616 2434 5661 nostrum
2463 5624 2481 5662 :
2507 5624 2569 5662 ne
2599 5607 2652 5660 in
2684 5608 2848 5662 sacris
2891 5617 2936 5660 et
2969 5605 3184 5676 fabulis,
3217 5615 3306 5658 aut
3337 5603 3605 5675 Thyonia-

1999 5717 2123 5755 num
2160 5701 2386 5772 mireris,
2418 5710 2510 5755 aut
2552 5699 2814 5764 Virbium,
2852 5699 3002 5752 illum
3033 5699 3095 5751 de
3134 5694 3411 5767 Dionysio,
3465 5698 3602 5750 hunc

2001 5793 2064 5852 de
2093 5792 2386 5867 Hippolyto
2414 5795 2873 5869 reformalum:et
2919 5791 2964 5848 si
3009 5789 3225 5862 pateris,
3273 5798 3327 5846 ut
3368 5791 3601 5860 doceam,
