3884 6338
111 274 214 328 90:;
1616 253 1910 316 tm'LiM.

1729 398 1781 458 Α
1822 457 1848 458 7
2147 454 2177 458 _
2337 359 2666 458 lDYLLlUlll

110 385 314 438 Omnes
339 390 399 434 ut
428 391 608 435 tecum
641 379 847 433 meritis
877 391 975 446 pro
1005 376 1202 432 talibus
1232 387 1402 428 annos

111 472 304 542 Erigat
337 492 348 523 :
377 484 432 526 ct
466 472 686 540 pulchra
714 470 874 523 faciat
902 479 955 523 te
985 467 1133 536 prole
1163 477 1464 535 parentem.

111 565 397 618 Fortunali
429 565 589 620 ambo
621 564 699 617 :si
731 562 857 632 quid
885 562 964 630 pia
989 561 1206 614 munina
1239 569 1482 629 poSsunt.

112 657 287 710 Vivite
323 655 536 721 felices,
562 656 831 720 dixerunt,
868 654 1090 720 currite,
1120 652 1274 717 fusis,

109 751 426 806 Concordes
453 748 634 804 stabili
667 749 896 804 fatorum
922 747 1144 803 numine
1175 747 1379 802 Pareat.

637 906 968 963 IDYLLIUM
1010 904 1148 962 XIV.
1181 962 1183 964 .

117 1027 268 1082 Rom:
305 1042 440 1095 quas
479 1013 752 1092 perperam
806 1021 1009 1076 Maroni
1046 1021 1299 1095 «scriptas
1350 1017 1698 1095 Hieronymus

190 1092 493 1150 Alcx'auder
525 1112 588 1148 c1:
613 1097 718 1162 ﬁde
759 1095 943 1147 vetusti
982 1092 1177 1146 codicis
1208 1092 1421 1144 Auctori
1453 1093 1694 1143 asseruit.

114 1219 216 1271 Ver
243 1226 365 1271 erat
404 1234 418 1271 :
447 1225 503 1271 et
533 1215 732 1282 blando
763 1213 1068 1269 mordentia
1093 1213 1291 1281 frigora
1317 1225 1483 1268 sensu

177 1310 439 1378 Spirabat
462 1324 656 1364 croceo
689 1324 843 1362 mane
867 1317 1080 1362 revecta
1100 1307 1235 1361 dies.

108 1403 360 1460 Strictior
396 1405 535 1456 Eoos
563 1411 916 1471 prtecesscrat
944 1416 1076 1455 aura
1093 1400 1324 1470 jugalcs,

173 1494 496 1549 AEstiferum
525 1494 760 1568 suadens
788 1493 1085 1562 anticipare
1107 1492 1270 1546 diem.

111 1569 374 1642 Ert'abam
410 1585 578 1656 riguis
603 1601 696 1656 per
723 1585 966 1656 quadrua
990 1587 1224 1654 compita
1251 1586 1301 1638 in
1324 1583 1515 1650 hortis,
1583 1581 1593 1594 “

177 1680 390 1734 Maturo
413 1682 639 1750 cupiens
671 1695 756 1735 me
785 1689 1035 1750 vegetarc
1055 1678 1161 1733 die.
1221 1721 1224 1724 .

114 1773 228 1828 Vidi
252 1782 542 1827 concretas
568 1787 661 1841 per
683 1774 927 1842 gramina
949 1770 1085 1826 ﬂexa
1111 1771 1332 1840 pruinas

179 1866 450 1934 Pendere,
486 1877 578 1921 aut
608 1867 815 1922 olerum
841 1875 984 1922 stare
1005 1864 1372 1920 cacuminibus
1396 1881 1411 1920 :

107 1961 365 2016 Caulibus
395 1972 449 2016 et
481 1960 678 2028 patulis
709 1968 909 2015 teretes
941 1959 1216 2015 colludere
1244 1965 1444 2028 guttas,

177 2055 240 2109 Et
263 2054 511 2109 caelestis
538 2068 691 2123 aqua:
715 2053 957 2122 pondere
982 2064 1109 2107 tunc
1127 2051 1395 2122 gravidas.

117 2147 232 2201 Vidi
265 2146 518 2202 Pastano
539 2147 777 2216 gaudere
803 2145 1008 2200 rosaria
1034 2145 1203 2208 cultu,

180 2243 478 2298 Exoriente
499 2256 642 2295 novo
674 2240 888 2295 roscida
908 2238 1158 2295 lucifero.

111 2332 242 2386 Rara
271 2333 549 2401 pruinosis
576 2332 804 2386 canebat
835 2346 1046 2401 gemma
1073 2330 1309 2395 frutetis,

176 2424 255 2478 Ad
289 2423 452 2492 primi
480 2422 659 2476 radios
693 2423 974 2478 interitura
1003 2422 1110 2477 die.

111 2515 449 2586 Ambigeres,
475 2522 692 2582 raperet
718 2529 785 2568 ne
816 2519 956 2568 rosis
984 2528 1177 2567 aurora
1205 2513 1486 2577 ruborem,

177 2607 260 2662 An
290 2607 468 2670 daret,
489 2615 543 2660 et
568 2603 729 2660 ﬂores
759 2605 990 2675 tiugeret
1017 2612 1134 2659 orta
1162 2604 1302 2659 dies.

112 2698 216 2753 R05
242 2714 409 2764 unus,
440 2697 589 2753 color
618 2711 780 2761 unus,
803 2705 857 2750 et
886 2712 1048 2750 unum
1077 2709 1238 2750 mane
1266 2695 1516 2749 duorum.

180 2789 410 2855 Sideris,
438 2789 660 2844 etﬂoris
682 2804 804 2842 nam
837 2788 1054 2842 domina
1083 2804 1186 2842 una
1214 2787 1412 2842 Venus.
1532 2847 1539 2860 ι

69 2957 75 2964 .
113 2885 311 2940 Forsan
346 2895 404 2940 et
435 2901 568 2941 unus
592 2885 727 2939 odor
758 2903 770 2936 :
801 2884 897 2940 sed
922 2874 1120 2939 celsior
1150 2883 1244 2938 ille
1274 2899 1371 2953 per
1391 2894 1552 2936 auras

79 2969 87 2978 κ
180 2979 386 3033 Difﬂuit
415 2997 426 3031 :
459 2979 704 3048 exspirat
734 2978 1010 3048 proximus
1040 2979 1143 3031 iste
1173 2980 1363 3045 magis.
1407 2990 1413 2995 '

114 3071 426 3126 Communis
448 3071 649 3140 Paphie
670 3071 768 3124 dea
797 3069 1013 3134 sideris,
1041 3077 1095 3123 et
1123 3068 1220 3124 dea
1245 3069 1417 3135 ﬂoris,

181 3163 434 3234 Prmeipit
461 3165 619 3217 unius
651 3163 872 3235 muricis
895 3177 1014 3218 esse
1043 3151 1304 3217 habitum.

116 3253 438 3310 Momentum
490 3240 800 3329 intererat:
851 3271 957 3326 quo
984 3270 1043 3309 se
1107 3255 1383 3310 nascentia
1426 3255 1617 3310 ﬂorum

182 3347 436 3403 Germina
467 3348 806 3416 comparibus
825 3348 1130 3403 dividerent
1158 3347 1368 3417 spatiis.

119 3438 238 3494 llmc
263 3440 406 3495 viret
435 3451 663 3510 angusto
691 3439 941 3494 foliorum
977 3449 1113 3495 tecta
1143 3441 1326 3509 galero
1352 3461 1363 3492 :

183 3532 330 3588 Hanc
363 3532 512 3589 tenui
543 3534 670 3588 folio
701 3550 935 3603 purpura
959 3535 1118 3588 rubra
1142 3543 1311 3589 notat.

120 3624 238 3680 Hazc
258 3625 436 3696 aperit
475 3626 630 3696 primi
663 3627 868 3696 fastigia
895 3628 1034 3681 celsa
1058 3627 1306 3695 Obelisci,

184 3716 491 3772 Mucronem
524 3717 809 3773 absolvens
842 3719 1094 3788 purpurei
1123 3721 1335 3788 capitis.

123 3808 324 3864 Vertice
354 3811 621 3866 collectos
652 3812 741 3866 illa
762 3813 1083 3866 exsinuabat
1110 3815 1362 3880 amictus,

187 3901 300 3957 Jam
330 3903 600 3959 meditans
634 3902 778 3958 foliis
797 3920 858 3959 se
889 3920 1174 3960 numerare
1195 3905 1328 3960 suis.

122 3991 223 4049 Nec
240 4009 391 4051 mora
421 4013 434 4048 :
463 3995 693 4051 ridentis
722 3997 918 4052 calathi
942 3999 1196 4068 patefecit
1222 3999 1478 4054 honorem
1497 4039 1512 4066 ,

187 4085 425 4142 Prodens
450 4088 645 4142 inclusi
667 4089 875 4144 semina
903 4089 1068 4144 densa
1097 4093 1268 4146 croci.

123 4177 241 4233 Rrec
265 4178 449 4246 modo,
479 4195 602 4248 qua:
630 4187 743 4236 toto
772 4181 1085 4266 rutilagerat
1108 4184 1229 4252 igne
1258 4198 1556 4254 cantarunt,

187 4272 389 4329 Pallida
417 4275 675 4344 collapsis
699 4275 966 4332 deseritur
987 4277 1151 4333 foliis.

125 4362 347 4420 Mirabar
369 4367 604 4422 celerem
636 4364 853 4435 fugitiva
887 4377 1046 4424 aetate
1063 4370 1324 4439 rapinam,

191 4456 256 4512 Et
287 4458 412 4514 dum
440 4464 1127 4528 nascuntur,couscnuisse
1156 4479 1330 4521 rosas.
1388 4526 1389 4529 η

126 4548 256 4607 Ecce
275 4563 330 4608 et
358 4553 584 4610 deﬂuxit
611 4556 758 4610 rutili
783 4572 936 4612 coma
961 4559 1152 4627 punica
1180 4558 1351 4624 ﬂoris,

192 4642 320 4698 Dum
348 4645 578 4717 loquor:
609 4657 663 4702 et
696 4647 852 4703 tellus
882 4657 1023 4704 tecta
1047 4650 1246 4705 rubore
1276 4652 1458 4708 micat.

126 4731 218 4786 Tot
243 4737 472 4805 species,
500 4747 786 4810 tantosque
814 4751 983 4808 ortus,
1019 4744 1306 4814 variosque
1336 4753 1566 4801 novatus

191 4825 300 4883 Una
323 4829 439 4886 dies
471 4831 673 4901 aperit:
704 4833 922 4888 conficit
953 4851 1058 4890 una
1090 4837 1226 4892 dies.

127 4915 531 4991 Conquerimur,
551 4923 968 4992 Natura,brevis
981 4929 1121 4997 quod
1153 4930 1319 5000 gratia
1346 4929 1538 4986 ﬂorum
1562 4939 1667 4999 est,

191 5012 463 5071 Ostentata
493 5019 663 5074 oculis
694 5019 837 5075 illico
855 5021 992 5075 dona
1021 5024 1188 5093 rapis.

130 5102 288 5171 Quam
317 5109 475 5180 longa
504 5125 609 5164 una
633 5111 769 5180 dies,
794 5121 926 5168 mtas
955 5123 1063 5169 tam
1094 5116 1250 5186 longa
1280 5133 1546 5186 rosarum,

192 5197 329 5264 Quas
355 5201 713 5271 pubescentes
740 5205 924 5273 juncta
953 5217 1172 5263 senecta
1203 5210 1422 5278 premit.

131 5287 290 5355 Quam
320 5294 484 5349 modo
515 5309 826 5353 nascentem
855 5300 1049 5355 rutilus
1069 5303 1353 5372 Conspexit
1373 5303 1536 5369 Eous,

195 5384 335 5442 llanc
354 5388 573 5444 rediens
599 5404 722 5445 sero
749 5406 974 5460 vespere
999 5393 1131 5447 vidit
1152 5409 1336 5447 anum.

134 5475 230 5533 Sed
256 5480 408 5552 bene,
439 5484 582 5553 quod
604 5485 932 5554 paucislicet
951 5485 1234 5542 interitura
1264 5487 1475 5556 diebus,

196 5571 498 5633 Succedens
519 5593 690 5633 aevum
723 5589 980 5651 prorogat
1013 5580 1127 5651 ipsa
1158 5597 1335 5636 suum.

135 5659 342 5734 Collige,
368 5671 539 5740 virgo,
564 5686 737 5739 rosas,
758 5673 882 5727 dum
907 5673 1005 5729 ﬂos
1031 5689 1225 5740 novus,
1255 5685 1309 5730 et
1337 5689 1472 5730 nova
1501 5677 1692 5747 pubes,

198 5757 480 5820 Etmemor
510 5773 628 5820 esto
661 5782 830 5820 :cvum
864 5768 944 5822 sic
967 5784 1258 5841 properare
1277 5780 1448 5828 tuum.

394 5859 668 5924 PATROL.
716 5859 890 5923 XIX.

3226 244 3241 286 ι’
3298 245 3407 304 ΟΜ

1812 457 1896 511 Ex
1917 457 2116 535 Caeco,
2140 454 2524 526 Pyt/tagoricon
2541 457 2603 506 de
2619 451 2963 522 Ambiyuitale
2990 448 3236 520 eligenda:
3260 454 3399 504 vita.

1806 575 1955 643 Quod
1990 574 2112 628 vita:
2143 571 2395 628 sectabor
2425 569 2566 626 iter?
2593 569 2637 625 si
2671 569 2829 638 plena
2854 567 3081 622 tumultu

1807 666 1940 722 Sunt
1970 664 2085 719 fora
2119 681 2132 717 :
2167 663 2214 718 si
2238 663 2384 717 curis
2411 661 2605 716 domus
2636 661 2793 714 auxia
2826 675 2839 711 :
2866 659 2909 712 si
2941 658 3258 728 peregrinos

1806 757 1946 812 Cura
1973 758 2166 812 domus
2196 755 2441 825 sequitur
2468 772 2480 806 :
2515 761 2845 809 mercantem
2877 751 2920 805 si
2952 765 3084 804 nova
3113 767 3330 818 Semper

1808 851 2011 905 Damna
2034 857 2256 904 manent
2285 865 2299 901 :
2326 861 2547 902 cessare
2579 854 2727 901 vetat
2753 846 2795 899 si
2822 843 2990 913 turpis
3019 851 3230 911 (“gestas
3257 859 3294 906 ;

1805 943 1862 1001 Si
1892 954 2050 999 vexat
2077 942 2234 998 labor
2257 940 2574 1010 agricolam,
2608 954 2758 995 mare
2782 936 3073 1003 naufragus
3099 936 3293 989 horror

1807 1035 2036 1090 lntamat
2067 1054 2077 1087 :
2107 1049 2391 1105 pmnmque
2419 1046 2613 1102 graves
2636 1032 2689 1085 in
2719 1029 2913 1084 caelibe
2937 1027 3064 1088 vita,

1806 1128 1874 1180 Et
1894 1127 2114 1197 gravior
2141 1125 2314 1180 eautis
2337 1125 2586 1178 custodia
2622 1136 2752 1176 vana
2779 1120 3009 1174 maritis.

1699 1289 1710 1299 ν
1801 1220 2169 1290 Sanguineum
2198 1217 2242 1270 si
2271 1215 2457 1270 Martis
2477 1229 2651 1286 opus:
2687 1214 2729 1267 si
2759 1213 2929 1282 turpia
2960 1211 3108 1265 lucra

1805 1310 2052 1377 Fenoris,
2078 1320 2131 1364 et
2156 1308 2315 1364 velox
2339 1307 2531 1376 inopes
2564 1321 2724 1360 usura
2753 1303 3019 1357 trucidat?

1801 1405 1975 1459 Omne
1995 1418 2170 1457 aevum
2199 1385 2346 1455 curm
2374 1418 2386 1452 :
2419 1397 2627 1454 cunctis
2653 1412 2748 1450 sua
2782 1396 3028 1463 displicet
3058 1406 3209 1450 tetas.

1803 1498 2010 1554 Sensus
2036 1496 2191 1551 abest
2215 1494 2393 1565 parvis
2420 1490 2776 1546 lactantibus:
2812 1496 2866 1543 et
2893 1503 3179 1557 puerorum

1803 1588 1946 1642 Dura
1969 1587 2298 1653 rudimenta,
2323 1584 2656 1653 etjuvenum
2685 1579 2968 1635 temeraria
2995 1578 3186 1646 pubes.

1803 1681 2041 1736 Afﬂictat
2072 1678 2289 1734 fortuna
2323 1679 2471 1731 viros
2504 1691 2600 1746 per
2630 1675 2795 1740 bella,
2815 1689 2910 1743 per
2940 1687 3147 1741 :cquor,

1730 1772 2048 1842 Blrasque,
2085 1771 2438 1839 insidiasque,
2464 1777 2853 1836 eatenatosque
2886 1765 3098 1818 labores

1775 1841 2093 1917 lMutandos
2120 1876 2336 1931 semper
2365 1859 2723 1930 gravioribus;
2744 1857 2863 1928 Ipsa
2891 1868 3148 1913 senectus

1803 1959 2128 2026 Exspectata
2159 1955 2274 2021 diu,
2300 1955 2547 2025 votisque
2571 1960 2755 2023 optata
2782 1950 3061 2020 malignis,

1799 2049 1996 2120 Objicit
2029 2048 2329 2104 innumeris
2364 2062 2563 2118 corpus
2595 2045 2885 2101 lacerabile
2916 2045 3139 2098 morbis.

1797 2142 2118 2211 Spernimus
2146 2142 2200 2194 in
2229 2155 2519 2198 commune
2545 2154 2735 2193 omnes
2781 2138 3063 2207 prazsentia
3083 2177 3095 2200 ,
3127 2135 3392 2206 quosdam

1797 2236 2024 2292 Constat
2045 2235 2192 2291 nolle
2205 2236 2339 2290 deos
2372 2235 2510 2289 fieri.
2537 2234 2766 2288 .luturna
2791 2233 3068 2297 reclamat,

1799 2329 1918 2393 Quo
1946 2329 2109 2382 vitam
2138 2327 2288 2381 dedit
2324 2325 2613 2379 aeternam?
2641 2339 2737 2380 cur
2770 2325 2960 2380 mortis
2990 2325 3242 2394 adempta
3272 2335 3357 2381 est

1796 2419 2089 2475 Conditio?
2116 2418 2197 2474 sic
2223 2416 2498 2472 Caucasea
2524 2417 2627 2470 sub
2650 2431 2785 2485 rupe
2815 2417 3167 2472 Prometheus

1797 2512 2050 2577 Testatur
2077 2511 2520 2579 Saturnigeuam,
2558 2524 2658 2564 nec
2680 2510 2900 2564 nomine
2938 2520 3112 2564 cessat

1797 2601 2055 2657 lncusare
2080 2601 2295 2667 Jovem,
2325 2601 2448 2656 data
2477 2601 2714 2671 sitquod
2745 2601 2852 2655 vita
2888 2603 3166 2670 perennis.

1800 2695 2028 2764 Respice
2058 2702 2112 2749 et
2133 2693 2199 2748 ad
2223 2693 2400 2747 cultus
2427 2693 2610 2757 animi,
2641 2694 2720 2747 sic
2742 2707 2939 2762 nempe
2963 2692 3218 2761 pudicum

1798 2784 2042 2839 Perdidit
2070 2784 2418 2855 Hippolytum
2441 2799 2548 2838 non
2573 2783 2698 2838 felix
2729 2799 2859 2838 cura
2887 2783 3136 2854 pudoris.

1795 2876 1867 2932 At
1895 2888 2083 2932 contra
2104 2876 2380 2931 illecebris
2409 2877 2743 2930 maculosam
2765 2877 2971 2932 ducere
3002 2877 3164 2931 vitam

1793 2967 1963 3034 Quem
1982 2968 2151 3037 juvat,
2188 2968 2377 3037 aspice
2398 2977 2454 3022 et
2477 2968 2543 3022 ad
2568 2982 2774 3036 poenas,
2806 2978 2860 3022 et
2881 2968 3107 3022 crimina
3131 2984 3337 3038 regum.

1797 3059 1999 3114 Tereos
2031 3057 2246 3124 incesti,
2278 3041 2364 3111 vel
2390 3051 2570 3112 nrollis
2588 3057 2962 3126 Sardanapali.

1721 3155 1766 3218 c
1800 3151 2084 3208 Perfidiam
2115 3151 2285 3206 vitare
2312 3160 2539 3205 monent
2561 3131 2887 3205 tria~Punica
2919 3151 3056 3205 bella
3077 3165 3101 3206 ς
3188 3149 3191 3152 '
3232 3138 3246 3149 ‘

1796 3246 1901 3302 Sed
1927 3246 2182 3315 prohibet
2206 3260 2428 3300 servare
2457 3245 2615 3299 fidem
2653 3231 2827 3323 deleta
2862 3246 3147 3315 Saguntos.

1794 3339 1950 3406 Vive,
1977 3350 2032 3395 et
2061 3340 2329 3394 amicitias
2351 3351 2567 3407 semper
2596 3339 2734 3393 cole.
2761 3339 2980 3394 Crimen
3004 3341 3073 3394 oh
3097 3341 3240 3395 istud

1794 3432 2254 3504 PytliagoreOrum
2282 3433 2441 3500 periit
2462 3431 2650 3486 schola
2679 3432 2836 3486 docta
2867 3433 3192 3503 sepltorum.

1793 3524 1908 3579 Hoc
1935 3535 2181 3580 metuens
2206 3525 2388 3594 igitur,
2417 3524 2594 3578 nullas
2618 3525 2760 3578 cole.
2786 3525 3006 3580 Crimen
3039 3528 3109 3580 ob
3137 3529 3278 3583 istud

1793 3617 1986 3672 Timon
2006 3617 2261 3672 Palladiis
2283 3618 2413 3672 olim
2449 3617 2718 3686 lapidatus
2744 3617 2996 3673 Athenis.

1795 3710 2032 3765 Dissidet
2061 3701 2328 3780 ambiguis
2349 3725 2565 3779 semper
2592 3725 2745 3764 meus
2776 3711 2934 3765 obvia
2971 3714 3132 3778 votis,

1793 3801 1904 3856 Nec
1942 3801 2184 3856 voluisse
2213 3801 2416 3855 homini
2438 3799 2571 3855 satis
2593 3810 2696 3854 est.
2729 3799 2922 3867 Optata
2955 3814 3191 3858 recusat.

1793 3893 1927 3948 Esse
1957 3893 2007 3946 in
2041 3892 2247 3948 honore
2275 3892 2472 3962 placet,
2497 3907 2617 3945 mox
2649 3893 2909 3960 poenitet,
2929 3902 2984 3948 et
3007 3894 3273 3952 dominari

1794 3983 1866 4040 Ut
1893 3984 2084 4055 possit,
2115 3984 2324 4040 servire
2357 3984 2524 4038 volet.
2545 3983 2689 4038 Idem
2722 3994 2909 4039 auctus
2936 3985 3164 4054 honore,

1793 4078 2013 4134 Invidiae
2034 4078 2282 4148 obiicitur
2313 4099 2324 4132 2
2359 4093 2561 4148 pernox
2593 4088 2675 4132 est
2696 4093 2824 4132 cura
2855 4078 3109 4145 disertis;

1792 4172 1900 4228 Sed
1927 4173 2075 4228 rudis
2102 4183 2295 4227 ornatu
2325 4172 2450 4226 vita:
2478 4180 2651 4226 caret.
2695 4171 2827 4227 Esto
2853 4182 3134 4242 patronus,

1794 4265 1863 4320 Et
1883 4266 2114 4320 defende
2144 4279 2264 4318 reos
2295 4281 2308 4317 :
2341 4264 2436 4318 scd
2470 4264 2638 4333 gratia
2673 4280 2795 4319 rara
2823 4265 3059 4320 clientis.

1795 4358 1927 4413 Esto
1955 4357 2159 4413 cliens:
2189 4358 2366 4428 gravis
2398 4356 2610 4425 imperii
2634 4371 2864 4426 persona
2901 4360 3135 4426 patroni.

1798 4450 2064 4504 Exercent
2088 4449 2234 4504 hunc
2264 4458 2388 4502 vota
2421 4459 2653 4517 patrum.
2691 4448 2809 4502 Mox
2833 4445 3024 4518 aspera
3058 4451 3202 4505 curis

1718 4545 1772 4605 D
1797 4543 2120 4599 Sollicitudo
2151 4541 2320 4596 subit.
2347 4540 2731 4595 Contemnitur
2758 4541 2889 4595 orba
2913 4552 3188 4610 senectus,

1799 4635 1867 4689 Et
1891 4635 2183 4704 eaptatoris
2217 4632 2397 4703 praeda
2430 4641 2512 4687 est
2544 4631 2774 4687 hmredis
2804 4648 3024 4702 egenus.

1801 4727 1975 4781 Vitam
2008 4741 2201 4797 parcus
2233 4740 2396 4796 agas:
2430 4725 2570 4779 avidi
2601 4725 2908 4781 laccraberc
2937 4726 3098 4781 fama.

1798 4820 1867 4875 At
1889 4819 2195 4889 largitorem
2222 4818 2441 4887 gravius
2462 4833 2686 4873 censura
2719 4818 2945 4875 notabit.

1797 4910 2000 4964 Cuncta
2029 4909 2131 4964 sibi
2155 4909 2396 4964 adversis
2419 4911 2689 4963 contraria
2712 4909 2944 4964 casibus.
2981 4913 3122 4982 Ergo

1801 5002 2010 5072 Optima
2041 5003 2325 5059 Graiorum
2354 5003 2624 5057 sententia
2654 5021 2665 5055 :
2698 5004 2896 5073 quippe
2917 5003 3121 5060 homini
3146 5009 3296 5063 aiunt

1795 5096 1912 5153 Non
1932 5096 2076 5150 nasci
2106 5110 2228 5151 esse
2254 5094 2482 5161 bonum,
2518 5106 2700 5148 natum
2731 5106 2824 5149 aut
2847 5096 2954 5151 cito
2999 5108 3174 5154 morte
3201 5102 3384 5171 pctiri.

2327 5209 2675 5279 :IDYLLIUM
2705 5208 2846 5263 xw.

2072 5305 2151 5359 De
2181 5306 2288 5358 viro
2325 5305 2477 5358 bono.
2512 5308 2821 5377 Πυοανίορικὴ
2862 5307 3124 5380 ἀκρόασις.

1800 5399 1895 5455 Vir
1923 5400 2119 5466 bonus,
2156 5408 2208 5454 et
2233 5398 2473 5468 sapiens,
2505 5398 2718 5467 qualem
2746 5398 2832 5450 vix
2861 5399 3106 5467 repperit
3134 5415 3300 5455 unum

1800 5492 2037 5548 Millibus
2065 5506 2096 5547 e
2118 5490 2307 5545 multis
2331 5490 2615 5544 hominum
2646 5489 2926 5544 consultus
2955 5489 3152 5558 Apollo
3173 5533 3186 5557 ,

1802 5585 1974 5641 Judex
2001 5585 2116 5654 ipse
2146 5583 2249 5648 sui,
2285 5591 2454 5637 totum
2479 5598 2537 5637 se
2559 5582 2803 5650 explorat
2831 5581 2894 5634 ad
2922 5597 3176 5650 unguem.

1805 5677 1944 5745 Quid
1976 5691 2254 5747 proceres,
2290 5677 2521 5746 vanique
2553 5674 2692 5728 ferat
2713 5673 2841 5744 quid
2868 5675 3052 5744 opinio
3082 5677 3252 5746 vulgi,

1809 5769 2074 5840 Securus,
2098 5769 2287 5826 mundi
2310 5767 2720 5835 instarbabcns,
2745 5778 2908 5833 tcrcs,
2925 5777 3084 5840 atque
3105 5773 3397 5828 rotundus:

2761 5860 2838 5920 29
