3908 6332
527 222 632 278 907
837 257 842 264 .
1947 220 2130 281 pecu
2168 223 2444 282 ausoun
2739 199 2743 204 ’
3729 230 3800 286 eos

521 336 784 392 Externre
817 350 888 391 ne
909 334 1038 406 quid
1073 335 1209 389 labis
1242 349 1337 403 per
1363 334 1503 390 levia
1536 335 1701 397 sidat.
2164 343 2213 402 Α
2244 341 2430 410 Qualis
2445 341 2548 397 vita
2568 341 2875 414 hominum,
2899 345 3177 415 duoquam
3205 345 3586 416 monosyllaba
3601 355 3800 404 versant!

521 431 643 538 ille.
672 430 792 538 dies
815 445 978 538 quam
1012 430 1208 538 longus
1238 429 1346 484 erit
1368 430 1471 535 sub
1493 431 1923 538 si‘derenCanocri,
2438 496 2446 506 ,
2771 480 3102 538 [DYLUUM
3129 481 3319 536 xw".

523 524 850 594 Quantaque
878 537 984 577 nox
1012 521 1225 591 tr0pico
1246 537 1304 578 se
1330 524 1556 593 porrigit
1578 524 1631 580 in
1663 524 2026 596 Capricorno,
2577 575 2642 596 ΠΛ
2771 521 3421 596 ξῖίέ¹⁴¹έ¹,έῗξ’ί“,ί“ί³“,“;ᾼΑ
3452 577 3488 596 ν

517 620 756 690 Cagnat,
784 617 998 687 eljusto
1031 617 1252 672 "utinm
1275 631 1333 672 se
1361 619 1616 688 examine
1647 575 1857 690 pen'dit’
2565 575 2645 632 De
2661 578 2901 633 a’tatibus
2923 578 3228 632 animalium
3259 576 3578 633 IIeszodton.

516 711 598 768 Ne
629 710 759 782 quid
786 709 918 777 hiet,
951 725 1019 764 ne
1042 710 1172 781 quid
1204 703 1551 782 protuberat,
1576 713 1808 785 angulus
1841 713 2014 785 aequis
2244 691 2350 747 Tcr
2377 690 2535 748 binos
2565 691 2859 762 deciesque
2885 708 3088 749 novem
3117 709 3285 764 super
3316 693 3433 750 exit
3464 693 3517 748 in
3547 709 3741 761 annos,

518 803 780 859 Partibus
809 812 867 857 ut
899 811 1076 867 coeat,
1108 803 1186 856 nil
1218 814 1276 858 ut
1303 803 1772 862 deliretamussis.

2241 785 2389 842 Justa
2421 794 2804 842 senescentem
2836 802 2973 858 quos
2999 787 3187 860 implet
3221 789 3329 843 vita
3363 789 3625 845 virorum.

518 897 605 954 Sit
628 896 862 951 solidum
891 895 1277 966 quodcumque
1317 897 1514 952 subest
1547 915 1560 954 ε
1592 914 1695 954 nec
1717 899 1901 955 inania
1946 900 2034 957 sul

2243 881 2353 937 Hos
2385 881 2577 938 novies
2604 892 2829 953 superat
2851 882 3088 937 vivendo
3118 883 3337 953 garrula
3367 883 3560 939 cornix
3593 901 3605 936 :

518 990 727 1046 ludicet
750 991 1004 1046 admotus
1035 990 1222 1062 digitis
1248 992 1582 1062 pellentibus
1616 994 1776 1050 ictus.

2241 974 2310 1030 Et
2335 983 2528 1046 quater
2556 975 2835 1046 egreditur
2857 975 3095 1032 cornicis
3117 977 3316 1032 sarcula
3338 991 3552 1033 cervus.

513 1086 634 1142 Non
668 1086 817 1156 prius
849 1085 900 1139 in
925 1085 1144 1140 dulcem
1179 1085 1646 1143 declinatlumina
1676 1103 1956 1156 somnum,

2240 1067 2520 1134 Alipedem
2545 1083 2768 1125 cervum
2796 1078 2879 1125 ter
2901 1063 3286 1126 vincit‘corvus
3317 1089 3327 1124 :
3364 1079 3420 1126 et
3455 1071 3607 1126 illum

511 1179 707 1237 Omnia
739 1193 900 1250 quam
929 1178 1076 1250 longi
1108 1179 1451 1249 reputaverit
1495 1189 1616 1235 ac”,
1641 1179 1772 1236 dici.
2237 1161 2558 1231 Multiplicat
2589 1162 2781 1217 novies
2814 1161 3063 1230 Phoenix,
3096 1161 3422 1233 reparabilis
3452 1161 3588 1217 ales.

517 1271 652 1346 Quae
682 1272 1152 1344 praetergressus?
1182 1270 1312 1343 quid
1350 1281 1564 1344 gestum
1603 1273 1657 1329 in
1693 1275 1976 1346 tempore?
2004 1291 2034 1345 q

2219 1254 2408 1322 ‘Quam
2439 1269 2532 1309 vos
2557 1262 2820 1325 perpetuo
2850 1254 3033 1310 decies
3060 1254 3388 1324 prazvertitis
3411 1269 3530 1309 aevo

1926 1368 2094 1439 [nony
2234 1349 2500 1422 Nymphae
2524 1349 2934 1439 "amadryades
2961 1368 2971 1404 :
2998 1365 3226 1420 quarum
3258 1349 3570 1420 longissima
3593 1347 3694 1403 vita
3719 1357 3797 1403 est.

509 1456 620 1513 cur
652 1459 740 1513 εειί
774 1458 918 1514 τειριο
946 1457 1115 1514 decus
1147 1458 1343 1524 adfuit;
1374 1469 1464 1515 aut
1501 1460 1645 1516 τηιίο
1676 1461 1788 1517 iui?
1926 1435 1945 1439 “
2236 1446 2298 1500 lli
2331 1443 2588 1500 cohibent
2614 1435 2752 1501 lines
2776 1444 2985 1500 vivacia
3015 1443 3121 1500 fata
3153 1445 3515 1500 animantum.

503 1553 642 1622 Quid
667 1552 802 1621 mihi
836 1555 1342 1623 praeteritum?cur
1372 1554 1489 1609 htcc
1521 1557 1796 1611 sententia
1821 1556 1983 1619 sedit.
2232 1541 2446 1598 Cm'em
2478 1541 2672 1596 δεετοιί
2705 1538 3007 1594 "ﬁndens
3038 1538 3245 1594 “Mler
3272 1538 3373 1593 αῖνί

502 1645 674 1713 Quam
711 1645 905 1700 melius
933 1655 1143 1701 mutare
1177 1646 1320 1701 fuit?
1343 1647 1636 1704 miseratus
1670 1657 1945 1718 egentem,
2233 1636 2504 1706 Tempora
2534 1655 2545 1689 ε
2576 1652 2693 1706 qum
2715 1634 2928 1692 suum“
2954 1635 3158 1702 νοίνθιν
3185 1651 3306 1704 QUI”
3334 1633 3540 1690 81‘0"“!
3566 1633 3794 1698 PII-1‘00“.

505 1741 618 1797 Cur
647 1741 887 1812 aliquem
915 1740 1086 1797 fracta
1108 1744 1354 1813 persensi
1383 1752 1566 1799 mente
1595 1744 1874 1801 dolorem?
2156 1744 2204 1806 B
2231 1729 2377 1798 Quos
2407 1729 2600 1801 PYI'OiS
2636 1728 2853 1797 habent:
2890 1745 3027 1801 quos
3057 1728 3267 1811 ιυρῑιθτ
3300 1728 3425 1798 igne
3455 1727 3684 1799 benigno

506 1834 650 1904 Quid
676 1835 849 1903 volui,
883 1836 1026 1905 quod
1053 1835 1200 1892 nolle
1229 1837 1432 1892 bonum
1468 1837 1634 1894 foret?
1659 1837 1789 1894 utile
1819 1837 2034 1895 honestt

2229 1823 2504 1879 Circuitus
2538 1841 2551 1878 :
2583 1824 2724 1894 quali
2754 1836 3007 1895 properet
3038 1822 3226 1906 Venus
3255 1822 3395 1879 alma
3430 1836 3653 1878 recursu
3685 1838 3696 1874 :

501 1934 613 1988 Cur
645 1932 823 1987 malus
852 1932 1109 1986 antetuli?
1134 1949 1259 1988 num
1293 1933 1466 2000 dicto,
1487 1932 1838 2004 autdenique
1860 1935 2014 1990 vultu
2227 1918 2328 1987 Qﬂi
2361 1919 2624 1984 Ριιωὶκδηι
2657 1919 2845 1991 quan”
2874 1929 3132 1977 maneam
3160 1918 3353 1974 Τίιδηδ
3388 1917 3623 1973 ¹³δοτθ⁵·

503 2026 837 2082 Perstrictus
861 2026 1176 2097 quisquam?
1206 2043 1438 2099 cur/me
1486 2037 1677 2084 natura
1726 2030 1920 2101 magis,
1956 2045 2026 2100 qu

2227 2012 2410 2068 Donec
2441 2022 2787 2082 consumpto,
2821 2012 3047 2084 Magnus
3079 2012 3172 2082 qui
3200 2011 3419 2078 dicitur,
3447 2024 3593 2065 anno

499 2121 798 2192 Disciplina
831 2123 1038 2177 trahit?
1065 2122 1156 2178 Sic
1187 2123 1335 2178 dicta
1370 2124 1577 2178 etl'acta
1603 2139 1701 2195 per
1729 2126 1913 2180 omnia
2225 2103 2434 2159 Rursus
2459 2104 2513 2159 in
2544 2105 2827 2176 antiquum
2859 2105 3081 2164 veniant
3111 2119 3243 2173 Vasa
3265 2102 3449 2158 sidera
3479 2116 3728 2157 ευτευωτ

494 2213 839 2286 Ingrediens,
869 2225 1154 2287 ortoquea
1177 2230 1409 2286 vespere
1443 2227 1637 2289 cuncta
1671 2217 1981 2286 revolvens,

2222 2197 2413 2265 Qualia
2445 2198 2696 2270 dispositi
2724 2205 2995 2254 steterant
3020 2197 3087 2252 ab
3116 2197 3329 2267 origine
3360 2195 3571 2250 mundi.

499 2309 752 2368 Oﬂensus
777 2310 979 2383 pravis,
1003 2309 1097 2366 dat
1123 2311 1358 2381 palmam
1388 2321 1443 2366 et
1476 2310 1700 2381 praemia
1716 2313 1905 2368 rectis.
2757 2311 3085 2369 lDYLLlUM
3113 2309 3255 2366 XIX.

1055 2426 1389 2482 lDYLLlUM
1420 2404 1584 2483 xv”,
2527 2406 2857 2462 Monasticha
2881 2405 2944 2461 de
2965 2405 3218 2460 (erumnis
3250 2402 3520 2458 Herculis.

2217 2527 2399 2582 Prima
2424 2524 2661 2582 Cleonaei
2695 2525 2921 2579 tolerata
2955 2538 3197 2578 {erumna
3229 2521 3453 2577 Leonis.

2219 2619 2473 2674 Proxima
2504 2617 2786 2673 Lernaeam
2821 2617 2962 2671 ferro
2990 2625 3044 2670 et
3073 2614 3191 2670 face
3218 2614 3470 2670 contudit
3497 2612 3733 2684 hydram,

2219 2712 2339 2766 Mox
2373 2711 2804 2782 Erymanthenm
2830 2711 2911 2763 vis
2943 2709 3100 2763 tertia
3125 2706 3366 2778 perculit
3390 2721 3605 2775 aprum.

2217 2804 2496 2874 {Eripedis
2523 2813 2720 2874 quarto
2756 2802 2878 2856 tulit
2909 2817 3079 2856 aurea
3107 2815 3317 2855 cornua
3346 2800 3516 2855 cervi.

2214 2895 2623 2969 Stymphalidas
2657 2894 2864 2966 pepulit
2892 2895 3144 2954 volucres
3171 2893 3494 2948 discrimine
3522 2892 3725 2964 quinto.

2211 2988 2521 3045 Threiciam
2554 2995 2709 3043 sexto
2733 2986 2987 3057 spoliavit
3009 2988 3284 3040 Amazona
3309 2985 3573 3040 baltheo..

2209 3080 2450 3150 Septima
2481 3081 2536 3135 in
2570 3081 2771 3150 Augeae
2792 3077 3024 3133 Stabulis
3057 3077 3306 3148 impensa
3338 3077 3566 3132 laboris.

2209 3176 2409 3232 Octava
2437 3174 2665 3244 expulso
2695 3183 3014 3230 numeratur
3042 3173 3246 3228 adorea
3277 3183 3456 3228 lauro.

2205 3269 2261 3325 ln
2293 3268 2609 3324 Diomedeis
2639 3269 2864 3324 victoria
2898 3282 3040 3323 nona
3069 3267 3371 3338 quadrigis.

2206 3363 2460 3434 Geryone
2493 3360 3057 3424 exstinctodecimam
3086 3360 3180 3414 dat
3204 3358 3424 3414 Hiberia
3456 3357 3708 3429 palmam.

2205 3456 2506 3512 Undecimo
2539 3455 2677 3510 mala
2709 3454 3067 3525 Hesperidum
3099 3453 3366 3510 destricta
3399 3452 3692 3534 triumpho.

2203 3548 2472 3604 Cerberus
2493 3547 2731 3604 extremi
2756 3560 3002 3618 suprema
3031 3554 3116 3603 est
3138 3557 3282 3603 meta
3307 3545 3532 3602 laboris.

930 2543 1036 2600 NM'
1070 2546 1154 2599 καὶ
1184 2553 1276 2598 ΟῪ
1316 2546 1677 2620 Πυθαγορικόν.

494 2657 595 2714 Est
626 2665 680 2712 et
705 2656 849 2725 Non,
881 2658 1066 2712 cuncti
1101 2659 1486 2728 monosyllaba
1517 2669 1645 2716 nota
1670 2660 2037 2732 frequentant.

493 2751 590 2806 llis
612 2749 868 2819 demptis,
899 2748 1031 2803 nihil
1061 2759 1167 2816 est,
1187 2749 1471 2804 hominum
1504 2750 1650 2820 quod
1677 2767 1862 2808 sermo
1882 2754 2109 2824 volutet,

495 2842 692 2898 Omnia
726 2843 777 2896 in
811 2841 915 2907 his,
945 2850 1000 2896 et
1026 2840 1096 2897 ah
1127 2841 1212 2897 his
1241 2851 1369 2896 sunt
1398 2842 1603 2911 omnia,
1639 2843 1752 2898 sive
1786 2845 1966 2914 negoti

487 2935 618 2992 Sive
642 2934 716 2990 oti
740 2932 1033 3005 quidquam
1067 2944 1171 2998 est,
1206 2949 1303 2988 seu
1343 2936 1537 3002 turbae,
1568 2937 1683 2992 sive
1715 2937 1936 3007 quietis.

487 3029 773 3085 Alterutro
808 3029 1019 3098 pariter
1046 3044 1476 3098 nonnumquam,
1509 3045 1656 3100 saepe
1687 3030 1890 3088 seorsis

487 3122 769 3177 Obsistunt
794 3121 988 3176 studiis
1015 3139 1026 3174 :
1054 3132 1110 3175 ut
1135 3136 1340 3189 mores,
1375 3123 1761 3195 ingeniumque

492 3213 590 3270 Vel
619 3214 830 3280 faciles,
863 3214 948 3269 vel
981 3213 1230 3269 difficiles
1256 3215 1539 3270 contentio
1564 3228 1721 3273 nacta
1745 3228 1853 3275 est.

488 3307 588 3364 Sin
619 3306 984 3373 consentitur,
1017 3321 1169 3361 mora
1203 3307 1375 3375 nulla,
1412 3308 1727 3378 intervenit,
1762 3311 1878 3382 Est,
1910 3314 2027 3371 Est.

489 3398 588 3455 Sin
610 3410 1053 3466 controversum,
1080 3399 1354 3455 dissensio
1379 3400 1658 3470 subiiciet,
1689 3401 1829 3458 Non.

490 3493 630 3549 llinc
654 3494 769 3550 fora
801 3493 1100 3551 dissultant
1131 3494 1470 3550 clamoribus
1504 3512 1518 3549 :
1550 3495 1676 3550 hinc
1707 3496 1900 3556 furiosi

484 3587 670 3658 Jurgia
697 3597 824 3642 sunt
853 3586 996 3642 Circi
1024 3604 1040 3642 ;
1074 3589 1289 3644 cuneati
1326 3589 1455 3644 hinc
1487 3589 1611 3644 laeta
1660 3590 1857 3648 theatri

485 3681 724 3750 Seditio;
759 3690 815 3737 et
840 3682 979 3738 tales
1009 3683 1177 3753 agitat
1208 3699 1431 3754 quoque
1462 3686 1612 3740 curia
1642 3686 1790 3745 lites.
2764 3667 3097 3726 IDYLUUM
3130 3669 3254 3725 ΧΧ·

485 3771 772 3845 Conjugia,
806 3782 860 3828 et
881 3775 996 3829 nati
1023 3788 1144 3828 cum
1183 3774 1446 3844 patribus,
1481 3775 1583 3832 ista
1607 3777 1806 3848 quietis
1893 3841 1907 3858 .
2565 3765 2839 3817 Μυεανιιιη
2875 3765 3082 3818 inventa
3113 3773 3158 3818 ει
3188 3780 3423 3820 "mnem-

481 3865 663 3922 Verha
693 3874 884 3922 serunt
913 3865 1132 3933 studiis,
1160 3865 1310 3921 salva
1339 3867 1542 3937 pietate
1570 3870 1880 3943 loquentes.
2201 3878 2358 3936 (ΠΛΟ
2372 3888 2530 3951 gesta
2563 3893 2790 3948 canens,
2821 3877 3114 3934 transactis
3139 3888 3389 3949 tempora
3411 3875 3608 3933 reddit.

479 3964 621 4018 llinc
641 3962 803 4020 etiam
836 3962 1050 4033 placitis
1077 3961 1268 4030 schola
1295 3980 1536 4020 consona
1570 3966 1878 4038 disciplinis
2202 3971 2636 4030 MELPOMENE
2673 3973 2879 4044 tragico
2911 3973 3217 4044 proclamat
3245 3982 3440 4028 maesta
3472 3972 3649 4027 boatu.

482 4057 828 4129 Dogmaticas
851 4059 1019 4128 agitat
1047 4057 1262 4128 placido
1292 4061 1596 4116 certamine
1628 4062 1770 4118 lites.
1839 4131 1848 4138 ο
2200 4065 2423 4122 Comica
2454 4065 2658 4121 lascivo
2687 4064 2884 4136 gaudet
2916 4079 3171 4120 sermone
3196 4063 3476 4119 THALIA.

478 4151 618 4205 llinc
642 4152 818 4208 omz;i5
849 4160 1020 4206 certat
1055 4151 1339 4206 dialectica
1366 4155 1525 4208 turba
1558 4155 1882 4225 sophorum,
2202 4160 2551 4231 Dulciloquos
2576 4159 2812 4214 calamos
2842 4158 3163 4214 EUTEltPE
3196 4158 3230 4212 ﬂ
3252 4144 3416 4214 utibus
3443 4166 3614 4229 urget.
3666 4159 3778 4230 [get.

479 4243 584 4299 Est
609 4245 728 4311 lux,
750 4255 903 4300 estne
935 4244 1051 4300 dies
1082 4246 1246 4315 ergo?
1281 4261 1388 4300 non
1423 4249 1897 4306 convenitisthuc.
2197 4253 2681 4310 TERPSICHORE
2712 4254 2939 4309 affectus
2963 4253 3187 4309 citharis
3213 4263 3396 4308 movet
3426 4242 3778 4321 imperat,au-

478 4335 615 4391 Nam
646 4337 847 4392 facibus
878 4337 1085 4404 multis,
1117 4347 1210 4392 aut
1239 4338 1544 4409 fulguribus
1577 4344 1834 4412 quotiens
1864 4345 1954 4400 lux
2198 4347 2406 4402 Plectra
2436 4362 2632 4419 gerens
2656 4345 2921 4416 ERATO,
2954 4347 3114 4402 saltat
3139 4345 3298 4416 pede,
3333 4345 3592 4411 carmine,
3622 4343 3774 4399 vultu.
3872 4359 3873 4416 ξ

477 4427 580 4482 Est
609 4436 871 4482 nocturna
909 4428 1136 4500 homini,
1166 4446 1273 4486 uon
1305 4443 1388 4486 est
1413 4432 1506 4487 lux
1533 4433 1636 4491 ista
1670 4435 1797 4492 diei.
2196 4417 2459 4494 Carmina
2485 4438 2822 4495 CALLlOPE
2854 4439 3010 4494 libris
3041 4438 3263 4495 heroica
3288 4438 3530 4494 mandat.

478 4520 580 4575 Est
611 4529 666 4575 et
689 4520 807 4575 Non
838 4521 1022 4589 igitur,
1046 4523 1300 4589 quotiens
1323 4523 1499 4580 lucem
1533 4543 1656 4582 esse
1681 4528 1959 4588 fatendum
1983 4541 2087 4605 est,
2118 4545 2173 4606 Β
2200 4533 2458 4590 URANIE
2487 4533 2612 4590 caeli
2646 4542 2828 4590 motus
2858 4544 3154 4598 scrutatur,
3184 4546 3236 4590 ct
3267 4543 3437 4590 astra.

475 4615 585 4671 Sed
615 4631 719 4669 non
753 4629 871 4669 esse
897 4613 1060 4667 diem.
1089 4615 1236 4670 Mille
1269 4617 1397 4672 hinc
1423 4623 1719 4678 certamina
1744 4636 1971 4696 surgunt
2004 4645 2016 4681 :
2198 4626 2383 4697 Signat
2412 4635 2604 4682 cuncta
2647 4642 2831 4696 manu,
2876 4625 3117 4698 laquitur
3146 4626 3597 4684 POLYHYMNIA
3615 4643 3770 4701 gcsm.

471 4708 613 4764 lliuc
644 4710 828 4778 pauci,
867 4708 1019 4761 multi
1052 4723 1270 4778 quoque
1298 4711 1421 4765 taiia
1468 4716 1920 4776 commeditantes
2196 4719 2391 4776 Mentis
2421 4719 2724 4792 Apollinea:
2748 4722 2830 4774 vis
2862 4719 2958 4775 has
2989 4730 3176 4776 movet
3208 4722 3448 4793 undique
3473 4723 3661 4778 Musas.

472 4803 752 4860 Murmure
778 4801 1041 4857 concluso
1065 4802 1290 4857 rabiosa
1324 4804 1538 4860 silentia
1568 4810 1788 4867 rodunt.
2193 4814 2248 4869 ln
2274 4815 2452 4872 medio
2479 4815 2726 4871 residens
2752 4815 3135 4887 complectitur
3166 4817 3350 4872 omnia
3384 4817 3640 4879 thhus.

1704 5049 2552 5165 ECLOGARIUM.

523 5281 533 5290 .
633 5281 643 5291 .
778 5279 790 5290 .
1015 5183 1094 5240 De
1120 5184 1326 5289 ratione
1352 5183 1543 5291 Librte.
1640 5189 1645 5194 ’
1733 5282 1767 5291 υ
2185 5198 2292 5256 Sed
2321 5201 2558 5258 solidum
2586 5203 2639 5258 in
2666 5207 2872 5290 parvis,
2908 5207 3154 5281 nullique
3185 5183 3424 5268 secabile
3452 5228 3688 5285 segmen,

465 5281 676 5337 Miraris
701 5279 1028 5376 (liliclllil‘lue
1056 5293 1282 5376 ηξξιιιβιΌ
1314 5279 1556 5376 ingentia
1580 5282 1768 5339 mundi
2184 5293 2347 5350 Unde
2363 5295 2515 5367 vigor
2541 5297 2797 5371 viresque
2819 5279 3406 5376 manent,':eternaque
3429 5279 3606 5362 rerum

463 5378 732 5447 corpora»
765 5373 985 5432 δυωίίηί
1010 5373 1134 5428 C03“
1159 5373 1494 5429 Circumda'a
1526 5390 1694 5448 εγω.
2184 5365 2455 5449 Mobilitas
2483 5412 2493 5446 :
2530 5365 2792 5464 nulloque
2814 5365 3067 5468 umquam
3095 5365 3422 5469 superabilis
3450 5416 3584 5459 tero.

457 5475 532 5530 Et
555 5481 720 5527 tanta:
749 5469 954 5526 nullam
987 5469 1116 5524 moli
1146 5469 1495 5527 inlcl‘cedere
1523 5471 1698 5530 labem
1728 5493 1740 5528 :
2181 5481 2389 5540 Divinis
2416 5485 2652 5542 humana
2681 5486 2814 5544 licet
2842 5493 3298 5562 componere.Sic
3328 5502 3414 5549 est

457 5569 665 5638 Accipe
694 5563 841 5637 quod
870 5563 1070 5620 mirere
1100 5563 1296 5664 magis.
1330 5564 1676 5664 'fenuissinta
1711 5571 1873 5626 tantis
2178 5575 2252 5632 As
2275 5579 2500 5652 solidus,
2533 5584 2789 5654 quoniam
2812 5585 2895 5645 bis
2923 5601 3021 5642 sex
3053 5586 3123 5644 de
3155 5589 3395 5660 partibus
3421 5593 3590 5664 :rquis

457 5664 757 5735 Principia.
789 5670 845 5718 θι
866 5668 1206 5717 ηοειτοειιοιι
1232 5658 1574 5716 θάιηῖίιθηιίθ
1601 5662 1774 5731 Visus,
2174 5671 2397 5734 Constat
2421 5691 2436 5732 :
2461 5684 2519 5734 et
2546 5678 2598 5736 in
2619 5680 2859 5738 minimis
2879 5681 3102 5754 paribus
3123 5658 3302 5741 tamen
3333 5701 3438 5742 una
3471 5658 3651 5744 manet
3672 5683 3758 5742 vis.

452 5756 753 5821 Parvarum
778 5756 923 5814 serie
951 5758 1166 5812 constat
1194 5765 1446 5810 connexa
1469 5760 1796 5817 atomorum.
2175 5761 2311 5823 Nam
2339 5763 2383 5824 si
2413 5765 2542 5842 quid
2571 5786 2802 5833 ηιιηιειιο
2825 5773 3122 5848 minuam...
3153 5791 3366 5836 summa
3395 5779 3636 5848 “cum.
