3908 6352
258 220 370 277 909

251 335 657 418 Convulsaaque
689 355 848 402 ruunt
879 348 1150 407 labefacto
1180 365 1414 424 corpore
1445 363 1628 426 partes
1663 374 1676 412 :

255 429 329 487 Ut
357 437 594 495 medium
621 439 666 495 si
695 444 816 512 quis
842 444 1005 501 vellat
1033 446 1100 504 de
1118 447 1323 506 fornice
1348 467 1539 506 saxum
1557 495 1572 519 ,

254 525 582 588 lucumbunt
611 537 700 590 cui
731 547 948 606 cuncta,
973 541 1134 596 simul
1167 541 1372 599 devexa
1401 555 1700 617 sequentur

253 620 490 690 Caetera,
515 642 970 702 communemque
998 635 1214 694 trahent
1239 654 1270 695 a
1297 639 1502 695 vertice
1534 640 1768 712 lapsum.

250 711 377 770 Non
405 717 565 774 aliter
588 720 722 776 libra
747 731 852 778 est.
886 725 941 780 Si
973 726 1143 783 defuit
1174 730 1356 801 uncia,
1388 741 1535 789 totus
1594 711 1599 712 ί
1807 728 1810 733 ⁴

245 807 377 866 Non
401 815 499 868 erit
546 829 610 870 as
645 834 655 868 :
704 832 1012 890 nomenque
1049 822 1228 882 deunx
1256 824 1368 896 jam
1402 841 1590 883 cassus
1620 825 1856 884 habebit.

247 900 366 958 Nec
398 902 629 963 dextans
659 907 857 968 retinet
888 926 1107 980 nomen,
1133 925 1382 972 sextante
1407 929 1636 978 remoto.

251 993 325 1049 Et
352 995 610 1068 dodrans,
636 1002 942 1071 quadrante
969 1017 1144 1076 satus,
1173 1019 1399 1067 auctore
1417 1012 1641 1068 carebit.

254 1086 616 1164 Divulsusque
650 1094 820 1151 triens
851 1097 1104 1166 prohibet
1136 1101 1430 1172 persistere
1451 1103 1686 1162 bessem.

250 1182 375 1239 Jam
406 1186 681 1256 quincunx
716 1189 809 1245 tibi
835 1193 1016 1248 nullus
1039 1195 1164 1267 erit,
1190 1197 1232 1252 si
1267 1198 1440 1267 prima
1470 1200 1726 1258 revellas.

249 1275 323 1355 Et
345 1281 532 1348 semis,
557 1282 642 1336 cui
675 1283 843 1339 semis
863 1287 968 1342 erit
998 1290 1349 1358 pererrantibus
1380 1293 1520 1352 assis
1733 1350 1740 1358 .

253 1369 527 1442 Partibus,
558 1387 614 1430 et
651 1377 808 1449 cujus
833 1379 988 1437 librat
1017 1398 1141 1454 pars
1171 1381 1423 1460 septima,
1456 1390 1725 1463 septunx?

249 1461 412 1519 Libra
444 1465 638 1537 igitur,
678 1479 848 1526 totum
881 1474 925 1530 si
959 1476 1106 1534 nulla
1137 1477 1186 1535 in
1218 1490 1374 1552 parte
1404 1461 1649 1553 vacillet.
1709 1486 1853 1559 [rum

248 1556 538 1634 Ponderis,
558 1575 609 1620 et
631 1569 862 1636 numeri,
881 1586 1222 1644 morumque,
1237 1591 1595 1650 Operumque,
1611 1590 1666 1637 et
1683 1598 1821 1655 aqua
1835 1614 1851 1624 -

249 1651 446 1711 Libra:
475 1673 575 1714 nec
590 1663 1139 1738 estmodulus,quem
1168 1686 1276 1727 non
1292 1671 1626 1732 hocnomine
1647 1678 1850 1750 signes.

249 1746 509 1819 Telluris,
542 1755 721 1811 medio
749 1774 870 1827 qua:
893 1760 1094 1831 pendet
1120 1763 1170 1818 in
1201 1780 1350 1834 aere,
1385 1768 1520 1824 libra
1542 1778 1645 1827 est.

250 1838 318 1894 Et
336 1840 477 1897 Solis
509 1845 782 1919 Lunaeque
812 1851 928 1910 vias
958 1869 1053 1909 sua
1087 1855 1222 1912 libra
1250 1871 1489 1916 coercet.

248 1931 414 1989 Libra
443 1935 536 2004 dii,
569 1941 854 2013 somnique
885 1960 1042 2014 pares
1063 1946 1395 2010 determinat
1427 1952 1609 2010 horas.

245 2027 753 2090 LibraCaledonios
781 2035 900 2093 sine
929 2039 1110 2098 littore
1141 2044 1387 2102 continet
1408 2058 1595 2105 trstus.

243 2119 329 2176 Tu
353 2137 569 2195 quoque
597 2139 746 2183 certa
778 2146 935 2187 mane
958 2149 1166 2190 morum
1193 2137 1324 2194 mihi
1346 2140 1482 2199 libra
1507 2158 1773 2200 meorum.

631 2313 709 2368 De
738 2317 947 2372 ratione
969 2323 1230 2393 puerperii
1260 2327 1469 2381 maturi.

242 2399 463 2469 Omnia,
487 2419 607 2474 qua:
639 2409 793 2466 vario
824 2426 1008 2466 rerum
1034 2414 1290 2470 metimur
1323 2418 1374 2472 in
1399 2427 1542 2485 actu,

243 2495 532 2552 Astrorutn
561 2499 877 2557 dominatus
901 2505 1032 2574 agit,
1063 2515 1390 2581 terrenaque
1422 2519 1629 2568 tantum

241 2587 488 2646 Membra
521 2592 749 2664 homini,
781 2612 813 2653 e
838 2600 1052 2669 superis
1079 2602 1314 2672 fortuna,
1343 2616 1395 2661 et
1422 2607 1649 2677 spiritus
1673 2609 1843 2676 auris,

241 2686 489 2758 Septeno
520 2692 856 2750 moderanda
885 2698 1054 2754 choro
1082 2719 1092 2752 :
1124 2701 1219 2757 sed
1251 2704 1506 2773 przesidet
1530 2706 1654 2762 ollis

241 2781 486 2839 Sortitus
515 2789 758 2858 regimen
784 2791 970 2847 nitidae
1002 2794 1082 2849 sol
1109 2811 1307 2852 aureus
1331 2798 1538 2854 :ethraz.

237 2872 356 2931 Nec
375 2875 490 2932 sola
520 2877 574 2934 in
608 2880 762 2935 nobis
793 2884 1110 2941 moderatur
1136 2898 1378 2958 tempora
1413 2891 1562 2959 vitae,

237 2966 380 3022 Dum
413 2969 574 3026 breve
599 2973 824 3030 solliciti
853 2979 1089 3047 spatium
1117 2981 1467 3050 producimus
1491 2987 1590 3042 :evi
1628 3006 1638 3039 :

234 3056 496 3123 Creditur
516 3065 867 3136 occultosque
892 3079 1062 3136 satus,
1095 3082 1149 3127 et
1179 3083 1423 3142 tempora
1446 3077 1572 3132 vim

238 3151 488 3208 Materno
516 3154 762 3212 ducenda
790 3167 970 3230 utero,
997 3161 1234 3218 formare
1257 3165 1524 3235 videndo,

234 3245 307 3300 Et
337 3248 577 3306 nondum
602 3262 813 3308 exortae
843 3256 988 3326 leges
1017 3273 1349 3328 componere
1376 3262 1521 3318 vitte.

233 3337 484 3412 Namque
509 3342 596 3398 ubi
628 3356 929 3417 conceptus
958 3350 1179 3420 genitali
1211 3353 1472 3411 insederit
1512 3355 1656 3424 alvo,

232 3431 394 3489 llaud
409 3435 642 3494 dubium
665 3440 838 3495 solem
861 3443 1188 3516 cuicumque
1219 3449 1471 3506 insistere
1493 3453 1668 3523 signo.

229 3527 338 3593 Qui
367 3543 489 3584 cum
520 3531 682 3587 vicini
711 3536 999 3592 stationem
1029 3541 1238 3608 ceperit
1267 3543 1419 3608 astri,

228 3621 534 3694 Contiguos
563 3626 768 3682 nullum
802 3631 1132 3688 transfundit
1161 3633 1344 3690 lumen
1379 3637 1428 3690 in
1459 3647 1630 3694 ortus.

227 3715 332 3771 Ast
363 3717 453 3772 ubi
485 3721 765 3776 conversis
795 3733 914 3791 post
937 3733 1213 3782 menstrua
1243 3736 1483 3798 tempora
1509 3729 1756 3798 habenis,

225 3811 455 3869 Scandit
485 3831 760 3886 purpureo
788 3819 895 3886 jam
933 3823 1092 3876 tertia
1124 3822 1299 3880 sidera
1333 3840 1494 3881 curru
1527 3844 1540 3882 :

227 3905 458 3977 Obliqua
490 3909 689 3965 exilem
721 3910 944 3967 dimittit
982 3913 1124 3974 linea
1143 3917 1354 3984 Jucem,

227 4001 492 4070 Aspirans
523 4013 714 4060 tenues
745 4021 840 4073 per
868 4007 1063 4063 inertia
1100 4011 1339 4080 pondera
1369 4024 1570 4071 motus.

224 4093 428 4160 Quarta
454 4093 508 4149 in
535 4096 663 4152 sede
693 4100 834 4170 viget
855 4102 1013 4170 primi
1048 4104 1377 4176 indulgentia
1410 4110 1562 4166 solis.
1622 4163 1625 4166 .

227 4185 435 4242 Suadet
459 4198 514 4244 et
546 4189 754 4247 infusus
788 4204 1005 4252 teneros
1029 4199 1337 4256 coalescere
1369 4202 1553 4260 ftetus.

221 4278 428 4352 Fulgor
450 4293 729 4355 tetragono
758 4298 980 4358 aspectu
1004 4291 1171 4349 vitale
1201 4309 1475 4364 coruscat,

218 4372 440 4430 Clarum
472 4386 530 4431 et
550 4377 669 4434 leue
693 4380 902 4438 micans
929 4401 942 4436 :
974 4387 1149 4456 quinti
1181 4392 1267 4456 qui
1293 4392 1515 4447 cardine
1546 4393 1685 4464 signi

219 4465 419 4524 lncutit
448 4472 732 4528 attonitam
761 4488 1007 4545 vegetato
1038 4479 1244 4535 infante
1274 4494 1575 4550 parentem.

217 4559 354 4616 Nam
377 4572 532 4618 sexto
555 4565 632 4620 vis
661 4567 805 4620 nulla
840 4569 958 4623 loco
988 4587 1002 4623 :
1038 4573 1160 4639 quia
1189 4575 1335 4629 nulla
1369 4578 1553 4633 tuendi

216 4652 441 4721 JEquati
464 4655 646 4712 lateris
676 4660 916 4728 signatur
943 4664 1130 4734 regula
1158 4665 1392 4722 Phoebo.

214 4733 319 4804 ASt
345 4749 436 4804 ubi
457 4749 727 4821 signiferae
753 4755 928 4809 media
957 4757 1008 4811 in
1039 4761 1260 4830 regione
1283 4763 1526 4820 cohortis

213 4840 494 4911 Septimus
523 4848 732 4916 accepit
763 4848 917 4903 limes
946 4853 1224 4908 rutilantia
1261 4855 1492 4912 flammis

161 4938 167 4943 ”
215 4933 391 4991 Recto
421 4944 596 4992 castra
625 4939 764 4994 situ:
791 4945 1052 5013 turgentis
1085 4945 1286 5004 fcedera
1323 4960 1505 5017 [iactus

214 5027 336 5083 Jam
368 5029 525 5098 plena
555 5032 656 5087 sub
687 5033 806 5090 luce
833 5036 1011 5091 videt:
1049 5054 1146 5094 nec
1181 5040 1388 5111 fulgura
1415 5045 1564 5114 parci

213 5120 461 5176 Luminis
483 5121 792 5193 intendens,
821 5137 931 5183 toto
965 5128 1106 5185 favet
1135 5133 1258 5203 igne
1289 5150 1524 5193 coronat.

214 5212 357 5268 Hinc
390 5213 542 5282 illud,
574 5217 720 5287 quod
749 5219 1020 5290 legitimos
1047 5223 1247 5280 Lucina
1283 5227 1500 5284 labores

213 5305 516 5374 Praevenit;
550 5319 607 5366 et
627 5314 881 5381 gravidos
907 5318 1071 5371 sentit
1095 5321 1392 5389 subrepere
1427 5323 1586 5380 nixus

213 5402 358 5456 Ante
382 5413 753 5472 exspectatura
789 5405 982 5462 festina
1010 5425 1268 5481 puerpera
1298 5425 1502 5469 votum.

214 5490 368 5560 Quod
399 5495 528 5560 nisi,
553 5506 777 5564 septeno
806 5512 925 5553 cum
951 5501 1153 5555 lumina
1181 5503 1316 5558 fudit
1345 5507 1413 5562 ab
1442 5517 1608 5576 astro,

216 5582 499 5655 Impulerit
533 5589 669 5642 tardi
699 5591 931 5645 claustra
965 5593 1290 5653 obluctantia
1326 5611 1550 5670 partus;

216 5675 502 5732 Posterior
533 5689 785 5748 nequeat,
820 5684 995 5752 possit
1027 5686 1173 5754 prior
1205 5707 1220 5743 :
1248 5705 1313 5744 an
1345 5697 1466 5764 quia
1499 5708 1653 5754 sexto

235 5769 485 5829 Emulus
513 5771 688 5829 octavi
716 5785 1038 5846 consricctus
1069 5777 1275 5837 inutilis
1304 5787 1434 5842 astri

1778 236 2097 301 ECLOGA}.

2303 335 2311 343 η
3468 273 3572 335 9t0

1885 355 1938 422 Δ
1963 356 2148 417 Nescit
2174 367 2502 434 compariles
2534 369 2760 428 laterum
2786 375 3026 436 formare
3050 381 3285 452 ﬁguras?

1976 450 2080 507 Sed
2117 471 2260 530 nono
2290 459 2612 519 incumbens
2635 467 2810 537 signo,
2833 477 3146 532 cunctantia
3178 488 3413 538 matrum

1970 543 2104 600 Vota
2129 546 2290 612 levat.
2317 552 2530 624 trigono
2555 556 2700 614 vires
2725 564 2968 623 sociante
2995 574 3262 641 sequenti.

1965 638 2098 693 Atsi
2125 639 2363 699 difficilis
2395 645 2560 704 trahit
2590 649 2820 725 llytltyia

1965 727 2273 805 Tetragoao
2298 736 2546 795 absitlvet
2568 741 2851 802 dubiarum
2881 753 3057 810 vincla
3089 773 3386 818 morarum.

2471 982 2476 986 -
2532 953 2699 1030 Signa
2739 959 2983 1016 cmlestia.

1962 1058 2043 1115 Ad
2075 1060 2259 1121 Borea:
2287 1076 2472 1137 partes
2500 1071 2648 1151 Arcti
2678 1073 3000 1147 junguntur,
3025 1093 3082 1138 et
3114 1087 3340 1158 Anguis.

1961 1149 2089 1208 Post
2123 1158 2219 1212 has
2257 1149 2659 1236 AretOphylax,
2690 1170 3006 1245 pariterque
3032 1149 3271 1250 Corona,
3299 1184 3561 1261 Genuquc

1962 1246 2270 1322 Prolapsus,
2299 1255 2456 1329 Lyra,
2487 1257 2638 1325 Avis,
2663 1263 2936 1334 Cepheus,
2969 1279 3024 1325 et
3048 1271 3363 1348 Cassiopea,

1963 1343 2185 1418 Auriga,
2211 1351 2532 1419 etl‘Crseus,
2565 1357 2838 1426 Deltoton,
2869 1366 3302 1426 etAndrumedm
3325 1385 3558 1445 astrum,

1961 1436 2217 1508 Pegasus,
2243 1455 2294 1499 et
2323 1437 2645 1518 Delphinus,
2672 1441 2889 1524 Telum,
2915 1458 3561 1537 Aquila,’Anguitenens—

1961 1529 2197 1602 Signifer
2220 1537 2343 1592 inde
2362 1541 2546 1598 subest
2568 1563 2579 1598 :
2598 1545 2676 1600 bis
2692 1565 2783 1604 sex
2801 1560 2851 1605 et
2885 1553 3059 1610 sidera
3082 1561 3377 1630 complent.
3407 1567 3555 1638 [quc.

1961 1624 2057 1680 llic
2083 1627 2262 1697 Aries,
2298 1631 2529 1705 Taurus,
2562 1639 2797 1710 Gemini,
2823 1645 3050 1718 Cancer,
3084 1624 3221 1718 Leo,
3252 1624 3438 1727 Virgo,

1885 1754 1932 1824 Β
1958 1720 2142 1790 Libra,
2167 1724 2446 1798 Scorpius,
2482 1733 2826 1804 Arcitenens,
2854 1741 3242 1817 Capricornus,
3271 1763 3325 1806 et
3353 1752 3556 1817 Urnam

1963 1813 2062 1882 Qui
2091 1823 2253 1884 tenet,
2289 1831 2340 1877 et
2377 1821 2579 1882 Pisces.
2605 1826 2733 1883 Po.~t
2761 1830 2860 1888 hos
2884 1835 2934 1887 in
2960 1837 3204 1904 partibus
3225 1813 3412 1901 Austri

1958 1906 2146 1974 Orion,
2182 1911 2450 1986 Procyon,
2485 1918 2682 1990 Lepus,
2712 1924 2910 1980 ardens
2939 1927 3133 1998 Sirius,
3167 1932 3334 2004 Argo,

1961 2001 2197 2074 llydrus,
2223 2004 2450 2078 Chiron,
2472 2011 2793 2072 Turibulum
2817 2034 3056 2090 qucque,
3082 2001 3555 2103 Piscisetingens.

1958 2096 2116 2160 liunc
2150 2105 2393 2170 sequitur
2425 2107 2645 2181 Pistrix,
2679 2116 2840 2171 simul
2875 2117 3204 2193 Eridanique
3232 2125 3456 2182 fluenta.

1955 2189 2062 2246 Sed
2102 2210 2229 2270 vaga
2262 2211 2523 2272 praeterea
2559 2205 2810 2265 dicuntur
2835 2209 3035 2269 lumina
3067 2189 3295 2289 septem,

1954 2283 2103 2340 Luna
2132 2298 2186 2344 et
2217 2289 2536 2365 Mercurius,
2568 2297 2777 2367 Venus,
2807 2317 2870 2359 ac
2899 2304 3014 2374 Sol,
3042 2307 3185 2364 Mars
3213 2326 3429 2384 quoque
3458 2316 3558 2372 ful-

1953 2376 2052 2432 llic
2077 2379 2229 2436 Jovis
2257 2394 2310 2439 et
2340 2387 2487 2444 sidus
2520 2405 2686 2463 super
2717 2397 2897 2452 omnia
2924 2399 3103 2456 sidera
3136 2403 3341 2461 lucens.
3377 2409 3552 2481 [gens.

1951 2471 2165 2531 Celsior
2189 2477 2274 2533 his
2308 2480 2597 2552 Saturnus,
2634 2490 2838 2544 tardior
2867 2495 3118 2551 omnibus
3157 2501 3342 2559 astris.

2487 2606 2516 2613 ι.

2329 2683 2486 2742 Ratio
2517 2690 2716 2744 dierum
2754 2696 2880 2748 amri
2905 2701 3158 2753 vertentis.

1946 2788 2246 2864 Nonaginta
2279 2797 2396 2853 dies
2424 2811 2476 2855 et
2506 2812 2759 2872 quatuor,
2792 2823 2856 2862 ac
2881 2811 3115 2867 medium
3147 2815 3238 2870 Sol

1945 2883 2193 2951 Conficit,
2220 2905 2247 2942 a
2273 2892 2477 2962 tropico
2510 2894 2562 2952 in
2596 2898 2864 2967 tropicum
2889 2903 3016 2958 dum
3050 2919 3546 2983 pernteatastrunt,

1945 2977 2260 3048 Oetipedem
2295 2985 2347 3039 in
2373 2987 2640 3045 Cancrum
2673 2991 2922 3066 Phryer
2954 2999 3024 3054 ab
3061 3003 3247 3060 Ariete
3278 2977 3534 3079 pergens.

1946 3070 2060 3128 lloc
2085 3077 2259 3142 Spatio
2282 3081 2451 3135 aestivi
2481 3084 2797 3156 pulsusque,
2829 3098 2884 3144 et
2907 3102 3048 3148 meta
3075 3095 3204 3151 diei.

1865 3147 1912 3215 (ἶ
1946 3163 2380 3240 Semidiemque,
2410 3174 2657 3247 duosque
2687 3179 2824 3246 dies,
2861 3183 3152 3258 deciesque
3180 3206 3444 3264 novenos,

1947 3262 1986 3312 A
2017 3259 2228 3318 Cancro
2254 3265 2304 3318 in
2328 3266 2546 3336 Chelas,
2581 3284 2808 3343 arquatae
2840 3288 3082 3350 tempora
3116 3287 3293 3347 noctis

1941 3351 2119 3423 Atque
2151 3355 2250 3422 dii,
2279 3374 2438 3418 cursu
2466 3366 2670 3434 peragit
2696 3367 2786 3423 Sol
2817 3387 3014 3430 aureus
3047 3379 3247 3446 altero,

1941 3443 2202 3506 Autumni
2236 3453 2553 3526 aestatisque
2573 3458 2734 3515 simul
2754 3466 2985 3521 confinia
3015 3472 3272 3531 miscens.

1944 3537 2102 3595 Unde
2129 3547 2468 3602 autumnales
2500 3558 2878 3612 transcurrens
2908 3561 3100 3619 ordine
3132 3583 3349 3627 menses
3369 3615 3383 3639 ,

1935 3628 2020 3684 Ad
2053 3634 2315 3702 tropicum
2344 3643 2516 3710 pergit
2545 3643 2756 3714 signum
2786 3651 2947 3718 gelidi
2973 3653 3318 3726 Capricorni,

1935 3721 2070 3776 Octo
2101 3726 2218 3781 dies
2252 3729 2433 3786 decies
2455 3739 2663 3792 octonis
2694 3741 2915 3811 insuper
2941 3748 3169 3819 addens,

1931 3814 2411 3894 Quadrantomque
2443 3827 2515 3881 dii
2544 3848 2554 3882 :
2589 3832 2778 3901 quinto
2809 3837 2896 3904 qui
2925 3814 3171 3909 protinus
3201 3862 3344 3905 anno

1933 3907 2116 3965 Mense
2146 3911 2332 3970 Numa).
2363 3931 2610 3976 extremo
2642 3942 2836 3984 nomen
2868 3933 3011 4003 capit
3035 3939 3383 4000 embolinnei.

1932 3998 2062 4056 Inde
2092 4003 2157 4057 ad
2189 4008 2456 4076 Agenorei
2489 4013 2747 4073 festinans
2773 4037 2974 4079 cornua
3009 4032 3172 4099 tauri,

1929 4094 2154 4152 Scandit
2180 4098 2428 4174 Lanigeri
2462 4111 2728 4180 tropicum
2764 4115 2854 4171 Sol
2882 4134 3080 4177 aureus
3106 4094 3332 4199 astrum,

1929 4187 2230 4261 Nonaginta
2260 4195 2376 4254 dies
2402 4199 2623 4260 decreto
2651 4207 2755 4264 line
2785 4225 3066 4271 coercens.

1929 4283 2027 4338 llic
2057 4285 2150 4341 tibi
2182 4289 2361 4346 circus
2389 4297 2494 4349 erit
2523 4312 2739 4370 semper
2769 4309 3106 4367 vertentibus
3136 4317 3313 4384 annis,

1926 4376 2275 4450 Tercentum,
2303 4397 2368 4439 ac
2397 4387 2544 4443 senis
2575 4389 2754 4447 decies
2787 4406 2839 4451 et
2867 4401 3104 4471 quinque
3133 4376 3346 4467 diebus.

1843 4539 1897 4603 1)

2295 4591 2373 4648 De
2401 4595 2692 4652 nominibus
2721 4613 2910 4669 septem
2939 4606 3158 4664 dierum.

1996 4702 2246 4770 Nomina,
2270 4720 2389 4776 qua:
2420 4719 2628 4779 septem
2663 4719 2999 4775 vertentibus
3029 4733 3148 4793 apta
3178 4725 3370 4786 diebus

1925 4795 2117 4851 Annus
2142 4795 2326 4864 habet,
2361 4800 2585 4856 totidem
2613 4817 2856 4863 errantes
2887 4809 3066 4868 fecere
3090 4817 3339 4883 planctte.

1924 4888 2070 4958 Quos
2096 4890 2363 4948 indefessa
2391 4893 2612 4950 volvens
2646 4901 2905 4970 vertigine
2928 4904 3156 4964 Mandus

1922 4983 2208 5055 Signorum
2241 4987 2456 5058 obliqua
2481 4991 2631 5061 jubet
2666 4992 2717 5046 in
2758 4997 2989 5053 statione
3017 5003 3219 5071 vagari.

1923 5075 2182 5146 Primum,
2211 5095 2632 5155 supremumque
2663 5086 2801 5141 diem
2830 5089 3069 5148 radiatus
3108 5097 3271 5156 habet
3301 5101 3418 5162 Sol.

1919 5167 2169 5226 Proxima
2199 5171 2449 5229 fraternae
2479 5177 2718 5231 succedit
2752 5178 2900 5236 Luna
2930 5199 3169 5245 corona}.

1919 5265 2135 5323 Tertius
2163 5273 2470 5339 assequitur
2501 5270 2706 5326 Titania
2739 5273 2936 5330 lumina
2976 5280 3213 5341 Mavors.

1917 5358 2218 5414 Mercurius
2242 5362 2415 5430 quarti
2449 5361 2544 5416 sibi
2569 5364 2816 5421 veudicat
2845 5381 2989 5425 astra
3015 5375 3142 5431 diei.

1918 5452 2193 5508 illustrant
2218 5453 2453 5523 quintam
2497 5454 2644 5510 Jovis
2668 5473 2829 5515 aurea
2865 5464 3044 5524 sidera
3077 5488 3289 5531 zonam.

1920 5543 2082 5600 Sexta
2117 5545 2468 5616 salutigerum
2510 5550 2756 5619 sequitur
2792 5553 2974 5613 Venus
3015 5563 3154 5619 alma
3197 5583 3499 5638 parentem.

1922 5633 2124 5689 Cuncta
2154 5637 2573 5706 supergredicns
2603 5643 2821 5699 Saturni
2847 5651 3077 5719 septima
3107 5633 3209 5714 lux-
3229 5674 3333 5719 est.

1923 5728 2183 5784 Octavum
2219 5729 2484 5786 instaurat
2506 5733 2825 5793 revolubilis
2852 5743 3026 5803 orbita
3051 5749 3254 5810 Solem.

2434 5857 2802 5873 *ην

2805 5867 2970 5880 -—_..__.

2977 5874 3001 5883 q
