3884 6326
470 292 573 355 οη

1847 282 2026 344 οεοιι
2063 279 2334 343 AUSONII

3681 70 3827 172 Ἥ

3622 281 3721 341 illi

469 408 574 465 Hic
603 423 774 464 versus
802 406 914 462 sine
947 414 1157 459 auctore
1194 412 1285 458 est.
1313 403 1452 468 Quid
1481 415 1678 473 quoque
1707 401 1792 458 die
1829 401 1963 456 demi
1987 399 2049 453 de
2072 397 2127 459 Δ
2149 400 2488 459 concludens
2515 413 2797 456 numerum
2829 398 3063 471 genialia
3090 400 3228 454 festa
3258 399 3554 455 December

964 489 980 545 ι
1021 492 1231 546 corpore
1260 483 1506 544 aporteat.

471 590 693 664 Ungues
737 589 1022 655 Mercurio,
1065 588 1288 643 barbam
1319 587 1482 656 Jove,
1512 585 1746 659 Cypride
1771 583 1973 642 crines.

956 703 1072 758 Hoc
1099 706 1173 760 sic
1201 703 1556 773 refellendum.

472 817 768 874 Mercurius
793 817 917 873 furti
951 819 1142 889 probat
1168 833 1374 888 ungues
1411 833 1628 888 semper
1657 825 1866 883 acutos,

544 910 908 982 Articulisque
929 913 1096 966 aciem
1127 925 1234 965 non
1261 910 1390 965 sinit
1418 909 1682 965 imminui.

469 1001 640 1057 Barba
671 1002 814 1069 Jovi,
842 1002 1019 1056 crines
1058 1001 1250 1056 Veneri
1283 1001 1448 1057 decor
1475 1019 1488 1054 :
1529 1015 1658 1071 ergo
1686 1013 1907 1055 necesse
1937 1005 2039 1067 est,

541 1095 612 1154 Ut
638 1095 810 1151 nolint
837 1093 1001 1160 demi,
1032 1110 1140 1164 quo
1161 1094 1263 1148 sibi
1291 1103 1518 1162 uterque
1538 1093 1731 1163 placet.

470 1187 680 1241 Mavors
705 1184 992 1248 imberbes,
1025 1193 1080 1238 et
1101 1183 1286 1238 calvos
1315 1183 1460 1238 Luna
1483 1181 1764 1237 adamasti.

536 1278 650 1333 Non
679 1275 1121 1346 prohibentcomi
1154 1284 1264 1330 tum
1293 1284 1454 1344 caput
1479 1283 1640 1345 alque
1665 1268 1855 1345 genas.

463 1368 556 1426 Sol
577 1377 632 1424 et
660 1369 924 1423 Saturnus
955 1366 1086 1420 nihil
1109 1368 1328 1420 obstant
1357 1365 1644 1435 unguibus,
1673 1381 1805 1435 ergo

533 1460 653 1517 Non
677 1461 930 1532 placitum
959 1459 1106 1512 Divis
1140 1457 1271 1513 tolle
1298 1457 1736 1512 monosticbium.

959 1577 1254 1590 ’πῇ

1255 1579 1462 1592 ..-

638 1633 715 1692 De
740 1637 996 1691 mensibus
1014 1677 1030 1703 ,
1050 1645 1093 1688 et
1115 1645 1334 1703 quatuor
1355 1636 1482 1688 anni
1518 1632 1852 1706 temporibus.

459 1754 716 1812 Eternos
743 1769 979 1821 menses,
1005 1763 1059 1810 et
1079 1763 1318 1824 tempora
1345 1763 1599 1824 quattuor
1627 1753 1779 1818 anni,

459 1848 726 1916 Quattuor
743 1848 844 1902 ista
871 1848 966 1901 tibi
991 1848 1235 1916 subjecta
1262 1846 1598 1902 monosticba
1621 1845 1827 1902 dicent.

461 1939 706 2008 Martius,
747 1937 968 2009 Aprilis,
995 1938 1162 1992 Maius
1184 1947 1309 1992 sunt
1332 1948 1568 2007 tempora
1595 1938 1757 1991 veris.

461 2028 654 2092 Julius,
679 2029 974 2100 Augustus,
1007 2044 1108 2083 nec
1135 2045 1240 2083 non
1272 2037 1328 2083 et
1363 2030 1575 2095 Junius,
1609 2037 1790 2082 aestas.

457 2119 786 2188 Septembri,
805 2119 1027 2175 Octobri
1050 2131 1360 2186 autumnus,
1387 2131 1604 2190 totoque
1624 2118 1930 2175 Novembri.

377 2240 382 2245 ι
460 2212 761 2285 Brumales,
785 2213 974 2281 Janus,
1008 2213 1358 2279 Februarius,
1388 2226 1550 2284 atque
1581 2214 1896 2270 December.

891 2399 967 2455 De
994 2400 1250 2454 mensibus
1276 2398 1612 2453 monosticha.

458 2511 674 2569 Primus
700 2511 972 2568 Romanas
993 2512 1192 2568 ordiris
1227 2511 1360 2566 Jane
1389 2511 1680 2566 Kalendas.

529 2605 740 2660 Februa
769 2606 948 2660 vicino
974 2620 1162 2660 mense
1190 2604 1359 2659 Numa
1390 2605 1641 2659 instituit.

459 2697 689 2754 Martius
713 2697 917 2766 antiqui
947 2695 1240 2766 primordia
1287 2697 1512 2767 protulit
1541 2698 1688 2755 anui.

529 2788 844 2846 Fmtiferum
876 2789 1116 2858 Aprilem
1148 2787 1382 2844 vindicat
1401 2791 1538 2842 alma
1573 2789 1773 2844 Venus.

457 2882 720 2952 Maiorum
746 2883 921 2937 dictus
943 2892 1153 2949 patrum
1191 2881 1258 2937 de
1279 2882 1496 2936 nomine
1523 2881 1715 2936 Maius.

529 2973 722 3029 Junius
743 2973 918 3028 atatis
947 2973 1222 3041 proximus
1251 2982 1338 3027 est
1366 2973 1544 3026 titulo.

455 3068 686 3125 Nomine
715 3065 965 3122 Caesareo
991 3067 1317 3134 Quinctilem
1343 3065 1517 3122 Julius
1547 3075 1727 3136 auget.

527 3162 800 3230 Augustus
832 3173 1027 3212 nomen
1059 3147 1364 3212 Czcsareum
1389 3159 1654 3227 sequitur.

454 3254 788 3312 Autumnum
813 3250 1049 3305 Pomona
1081 3258 1230 3303 tuum
1261 3290 1275 3313 ,
1308 3248 1647 3318 September,
1677 3250 1904 3326 opimat.

523 3344 762 3400 Triticeo
787 3343 1023 3398 October
1053 3341 1242 3398 fenore
1269 3341 1406 3396 ditat
1433 3357 1612 3410 agros.

459 3437 648 3493 Sidera
675 3435 980 3505 prazcipitas
1012 3435 1222 3505 pelago,
1257 3434 1581 3504 intempeste
1601 3434 1930 3490 November.

525 3527 605 3583 Tu
631 3527 896 3598 genialem
920 3524 1175 3588 hiemem,
1205 3525 1339 3580 feste
1367 3524 1667 3580 December
1688 3525 1822 3596 agis.

834 3701 1068 3756 Disticha
1095 3703 1159 3756 de
1183 3703 1363 3757 iisdem
1394 3703 1669 3756 mensibus.

454 3816 586 3872 Jane
610 3829 770 3879 nove,
799 3816 975 3884 primo
1003 3816 1090 3885 qui
1123 3815 1218 3870 das
1261 3825 1346 3869 tua
1395 3817 1616 3870 nomina
1653 3814 1858 3881 mensi,

527 3908 660 3963 Jane
699 3906 925 3973 bifrons,
952 3918 1162 3976 spectas
1196 3919 1434 3977 tempora
1463 3909 1584 3963 bina
1613 3911 1795 3967 simul.

461 4001 592 4057 Post
612 4015 869 4070 superum
897 4002 1099 4069 Cultus,
1133 4001 1312 4056 vicino
1344 4002 1552 4057 Februa
1577 4020 1766 4061 mense

529 4097 633 4150 Dat
651 4095 820 4151 Numa
852 4096 1095 4166 cognatis
1128 4097 1376 4152 Manibus
1413 4099 1654 4154 inferias.

456 4188 680 4244 Martius
712 4197 766 4243 et
789 4189 1004 4258 generis
1034 4188 1260 4243 Romani
1289 4193 1512 4260 prazsul,
1543 4201 1598 4246 et
1623 4194 1772 4258 anni,

527 4279 704 4332 Prima
730 4278 895 4332 dabas
919 4277 1086 4333 Latiis
1119 4288 1362 4349 tempora
1393 4285 1726 4340 consulibus.

456 4367 762 4424 Eneadum
787 4369 1031 4439 genetrix
1058 4370 1238 4426 vicino
1270 4387 1463 4428 nomen
1505 4375 1678 4443 Aprili

531 4463 630 4516 Dat
659 4461 860 4528 Venus,
885 4473 967 4518 est
986 4462 1140 4517 Marti
1169 4479 1398 4534 namque
1422 4466 1723 4534 Apltt'odila
1755 4484 1960 4526 comes.

455 4555 593 4612 Maia
622 4555 750 4622 dea,
777 4572 845 4609 an
879 4557 1070 4626 major,
1099 4557 1230 4625 Mai,
1270 4570 1322 4614 te
1349 4559 1534 4615 fecerit
1565 4569 1726 4627 tetas,

526 4646 760 4714 Ambigo
787 4664 797 4698 :
828 4646 923 4701 sed
961 4649 1136 4701 mensi
1167 4657 1250 4702 est
1276 4659 1467 4706 auctor
1505 4661 1727 4723 uterque
1757 4653 1956 4710 bonus.

453 4737 647 4793 Junius
678 4736 818 4791 hunc
845 4736 1091 4805 sequitur
1112 4738 1307 4808 duplici
1341 4743 1699 4799 celebrandus
1729 4744 1954 4812 honore,

527 4829 634 4883 Seu
661 4844 856 4884 nomen
886 4828 1048 4894 Juno,
1082 4831 1194 4885 sive
1225 4831 1449 4887 Juventa
1477 4834 1646 4890 dedit.

452 4919 581 4975 lude
608 4919 826 4974 Diouzeo
857 4919 1180 4991 praefulgens
1206 4922 1377 4978 Julius
1398 4933 1566 4994 astro,

523 4997 755 5065 Estatis
785 5011 975 5065 mediae
1007 5021 1245 5080 tempora
1278 5025 1421 5070 certa
1465 5025 1635 5072 tenet.

456 5103 731 5172 Augustus
752 5104 997 5173 sequitur
1022 5115 1309 5173 cognatum
1337 5123 1365 5161 a
1394 5109 1608 5165 Cmsare
1646 5125 1839 5168 nomen
1867 5131 1882 5171 :

525 5197 724 5251 Ordine
747 5197 824 5250 sic
850 5197 978 5250 anni
1006 5198 1309 5268 proximus,
1342 5210 1396 5254 ut
1423 5203 1658 5271 generis.

451 5289 754 5346 Nectuutur
776 5301 896 5360 post
919 5293 1037 5358 hos,
1065 5309 1454 5366 numerumque
1479 5313 1543 5352 ex
1561 5299 1758 5357 ordine
1785 5303 2024 5374 signant;

521 5383 862 5452 September,
892 5385 1090 5441 Bacchi
1118 5404 1338 5445 munere
1368 5391 1529 5460 przela
1559 5393 1741 5463 rigans
1774 5412 1788 5450 :

450 5473 521 5530 Et
547 5473 640 5542 qui
679 5477 942 5530 sementis
972 5494 1064 5544 per
1092 5488 1356 5550 tempora,
1401 5483 1771 5544 fenore‘laztus
1795 5531 1811 5558 ,

520 5565 773 5632 October,
806 5566 983 5636 cupidi
1008 5583 1158 5637 spem
1190 5572 1336 5628 fovet
1371 5577 1622 5645 agricola:
1655 5597 1670 5636 ε,

440 5657 649 5726 Quique
677 5659 796 5712 salo
825 5673 1072 5730 mergens
1108 5663 1366 5718 solemnia
1401 5668 1551 5737 signa
1579 5669 1880 5729 November

492 5753 824 5823 Prmeipitat,
859 5754 999 5812 coelo
1031 5770 1152 5813 mox
1183 5757 1420 5816 reditura
1463 5776 1584 5819 suo.

2220 495 2383 566 Finit,
2419 504 2475 550 ut
2502 509 2530 549 a
2554 494 2741 550 bruma
2771 509 2896 547 mox
2932 507 3106 548 novus
3135 508 3311 547 annus
3338 501 3446 547 eat.

2361 674 2586 740 Quoteni
2617 676 2726 729 dies
2755 677 2859 728 sint
2889 675 3143 729 nimium
3172 674 3517 746 singulorum.

2148 784 2377 854 lmplent
2407 785 2642 842 tricenas
2674 802 2772 857 per
2809 787 3022 857 singula
3050 797 3332 842 menstrua
3373 788 3522 843 luces

2146 875 2356 943 Junius,
2383 877 2721 948 Aprilisque,
2747 887 2801 932 et
2832 893 2954 933 cum
2975 879 3295 946 Septembre
3335 879 3650 936 November.

2149 968 2322 1024 Unum
2356 981 2437 1024 ter
2456 970 2614 1025 denis
2643 971 2973 1026 cumulatius
3003 971 3143 1027 adde
3169 971 3363 1028 diebus

2148 1060 2250 1115 Per
2277 1069 2482 1131 septem
2514 1077 2754 1130 menses,
2781 1062 2910 1118 Jani
2940 1063 3233 1131 Martisque
3261 1063 3550 1132 Kalendis,

2146 1152 2211 1206 Et
2238 1168 2373 1223 quas
2403 1155 2574 1209 Maius
2597 1157 2742 1226 agit,
2773 1171 2910 1227 quas
2937 1156 3114 1212 Julius
3133 1201 3148 1225 ,
3181 1157 3584 1228 Augustusque,

2149 1243 2216 1298 Et
2237 1261 2372 1315 quas
2397 1246 2658 1315 October,
2694 1249 3012 1319 positusque
3036 1251 3087 1305 in
3117 1249 3226 1306 line
3253 1251 3571 1308 December.

2149 1339 2301 1404 Unus
2330 1341 2432 1396 erit
2466 1350 2673 1397 tantum
2703 1343 3106 1414 duodetriginta
3138 1344 3374 1411 dierum,

2143 1435 2312 1501 Quem
2345 1435 2519 1490 Numa
2543 1438 2837 1506 praeposito
2861 1436 3034 1493 voluit
3057 1438 3352 1493 succedere
3382 1437 3538 1492 Jano.

2141 1525 2236 1582 Sic
2266 1527 2600 1583 tercentenis
2629 1527 2811 1584 decies
2837 1527 3100 1584 accedere
3129 1544 3326 1596 senos,

2139 1621 2637 1692 Quadrantemque.
2657 1632 2712 1677 et
2727 1623 2966 1693 quinque
2983 1624 3101 1676 dies
3113 1623 3216 1676 sibi
3234 1630 3716 1692 computatannus.

2072 1779 2145 1839 δ’
2503 1799 2576 1854 De
2605 1801 2769 1854 tribus
2797 1804 3068 1854 menstruis
3097 1802 3366 1854 mensium.

2143 1912 2234 1966 Bis
2260 1927 2418 1968 senas
2445 1927 2588 1969 anno
2609 1921 2830 1983 reparat
2849 1912 3049 1968 Lucina
3072 1912 3368 1967 Kalendas:

2145 2009 2211 2062 Et
2238 2007 2459 2063 totidem
2492 2007 2699 2063 medias
2721 2007 2814 2062 dat
2840 2021 3063 2062 currere
3087 2006 3302 2075 Jupiter
3331 2005 3470 2059 ldus.

2145 2099 2528 2170 Nonarumque
2557 2099 2702 2155 diem
2734 2099 2940 2154 faciunt
2966 2099 3102 2152 infra
3129 2107 3254 2154 octo
3283 2095 3531 2152 secundi.

2145 2193 2270 2248 Hmc
2300 2204 2428 2248 sunt
2459 2192 2706 2248 Romano
2738 2202 2945 2248 tantum
2981 2193 3081 2247 tria
3106 2193 3321 2246 nomina
3352 2191 3547 2254 mensi,

2142 2285 2353 2341 Czntera
2380 2300 2476 2356 per
2505 2299 2760 2341 numeros
2781 2294 2907 2340 sunt
2931 2294 3287 2369 cognomenta
3331 2283 3556 2340 dierum.

2358 2470 2473 2534 Quo
2496 2484 2668 2523 mense
2687 2476 2857 2539 quota
2884 2466 3088 2533 Name,
3115 2468 3198 2521 uel
3224 2464 3356 2521 Idus
3383 2468 3507 2520 sint.

2145 2589 2213 2642 At
2234 2587 2410 2642 Nonas
2430 2586 2593 2642 modo
2614 2595 2805 2656 quarta
2825 2585 3022 2653 aperit,
3046 2583 3208 2638 modo
3232 2591 3387 2639 sem
3409 2581 3575 2638 refert
3608 2582 3714 2637 lus.

2143 2679 2308 2734 Sexta
2340 2677 2507 2733 refert
2540 2677 2686 2746 Maii,
2721 2675 2993 2742 Octobris,
3023 2675 3316 2744 Martisque
3355 2688 3576 2730 recursu
3597 2717 3614 2741 ,

2146 2771 2210 2824 Et
2235 2771 2326 2840 qui
2349 2769 2584 2824 solstitio
2606 2783 2704 2822 sua
2732 2776 2982 2836 tempora
3010 2765 3186 2820 Julius
3226 2765 3408 2820 infert.

2143 2859 2352 2915 Caetera
2379 2873 2502 2928 pars
2529 2858 2795 2912 mensium
2836 2857 3043 2926 quartis
3072 2856 3175 2912 'est
3208 2856 3430 2924 praedita
3461 2854 3646 2910 Nonis.

2141 2950 2342 3007 Omnes
2369 2966 2501 3005 vero
2526 2949 2650 3005 ldus
2679 2958 2869 3004 octava
2895 2948 3014 3003 luce
3035 2956 3344 3002 recurrunt.

2063 3157 2110 3220 ο
2307 3140 2488 3208 Quota
2509 3137 2760 3194 Kalendae
2785 3140 2888 3193 sint
2928 3138 3180 3192 mensium
3213 3135 3551 3221 singulorum.

2141 3251 2268 3306 Post
2289 3231 2434 3317 ldus,
2462 3266 2597 3320 quas
2623 3253 2852 3322 quisque
2883 3264 3008 3305 suas
3035 3249 3197 3303 habet
3229 3248 3419 3304 ordine
3445 3248 3676 3314 mensis,

2051 3389 2057 3394 .
2142 3343 2378 3398 Diversa:
2405 3357 2631 3397 numero
2662 3342 2884 3396 redeunt
2909 3340 3147 3394 variante
3174 3339 3453 3404 Kalende,

2147 3475 2160 3488 .
2195 3477 2206 3488 .
2239 3473 2253 3488 .
2280 3476 2293 3488 .
2330 3476 2342 3488 .
2379 3435 2517 3490 Dum
2547 3448 2869 3504 rursumque
2895 3434 3199 3501 iterumque
3218 3440 3510 3500 vocantur,

2140 3525 2210 3582 Ut
2237 3525 2450 3582 tandem
2474 3525 2642 3596 optati
2678 3525 2974 3595 procedant
3003 3524 3264 3594 temporis
3291 3532 3436 3578 ortu.

2139 3618 2248 3674 Ter
2269 3619 2442 3687 senis,
2486 3618 2817 3688 unoque‘die
2845 3618 3077 3688 genialia
3118 3616 3255 3672 festa

2141 3712 2395 3782 Porrigit,
2426 3721 2485 3766 ut
2506 3711 2700 3767 Janttm
2733 3720 2973 3765 arcessat
3005 3725 3139 3764 nova
3169 3710 3360 3764 bruma
3391 3717 3710 3763 morantem.

2140 3805 2254 3858 Hoc
2276 3818 2501 3866 numero
2525 3803 2832 3873 mensisque
2857 3801 3045 3856 Numm
3071 3802 3233 3866 redit,
3266 3803 3610 3869 autumnique

2139 3897 2468 3966 Principium
2496 3895 2742 3951 referens
2767 3893 2967 3949 Bacchi
3010 3891 3334 3962 September
3373 3889 3641 3945 alumnus.

2140 3989 2339 4053 Julius,
2371 3999 2426 4043 et
2453 3987 2644 4056 Maius,
2669 3985 2984 4056 positusque
3013 3985 3067 4038 in
3099 3985 3208 4038 line
3241 3982 3568 4049 December,

2139 4079 2479 4148 Octoberquc
2499 4078 2586 4133 die
2614 4085 2900 4133 revocatur
2928 4074 3137 4130 tardius
3167 4089 3300 4130 uno.
3354 4099 3366 4108 -

2138 4172 2267 4229 inde
2287 4173 2374 4228 die
2406 4171 2633 4228 redeunt
2655 4173 2832 4226 minus
2861 4184 2967 4225 uno
2984 4177 3239 4240 quattuor
3265 4167 3434 4233 ultra,

2138 4269 2538 4337 Ouospumero
2557 4265 2829 4334 adjiciam,
2861 4262 3083 4318 Sextilis
3102 4303 3116 4327 ,
3156 4261 3354 4316 Junius
3383 4269 3534 4327 atque

2139 4359 2365 4429 Aprilis,
2403 4356 2522 4429 post
2542 4374 2678 4429 quos
2718 4357 3013 4428 penultima
3045 4365 3188 4412 meta
3213 4353 3530 4410 November.

2139 4451 2245 4508 Ter
2274 4453 2474 4524 quiuis,
2507 4463 2723 4520 unoque
2742 4450 2831 4505 die
2865 4449 3096 4504 Juuonie
3124 4448 3358 4513 Mavors,

2058 4532 2114 4593 D
2139 4543 2207 4600 Ut
2235 4545 2445 4612 redeas,
2473 4543 2783 4612 referasque
2825 4539 3044 4597 exordia
3073 4539 3268 4610 prima,
3295 4536 3472 4594 cieris.

2139 4637 2259 4694 lloc
2284 4653 2530 4705 numero,
2557 4636 2623 4692 ad
2658 4636 2875 4707 plenum
2905 4643 3123 4690 vertens
3153 4631 3490 4704 reparabitur
3513 4642 3706 4683 annus.

2241 4821 2307 4875 In
2329 4837 2430 4893 quo
2447 4834 2619 4874 mense
2639 4820 2777 4890 quod
2806 4820 3014 4890 signum
3039 4819 3106 4871 sit
3127 4815 3197 4870 ad
3217 4829 3419 4870 cursum
3445 4809 3598 4868 Solis.

2136 4933 2464 5004 Principium
2494 4934 2612 4989 Jani
2642 4933 2814 4990 sancit
2843 4931 3082 5006 trcpicus
3106 4928 3485 5002 Capricornus.

2136 5027 2319 5082 Mense
2349 5027 2536 5080 Numa:
2569 5026 2621 5081 in
2651 5025 2828 5081 medio
2855 5023 3018 5079 solidi
3049 5032 3162 5080 stat
3193 5021 3334 5076 ftdus
3361 5016 3573 5089 Aquari.

2136 5119 2447 5174 Procedunt
2473 5118 2715 5188 duplices
2741 5119 2792 5172 in
2819 5118 3008 5173 Martia
3039 5127 3282 5183 tempora
3314 5113 3510 5170 Pisces.

2134 5211 2379 5283 Respicis
2407 5212 2644 5282 Apriles.
2677 5213 2837 5267 Aries
2861 5212 3127 5282 Pbryxee,
3163 5207 3450 5264 Kalendas.

2132 5307 2302 5376 Maius
2325 5296 2592 5374 Agenorei
2622 5305 2846 5359 miratur
2875 5318 3077 5359 cornua
3107 5301 3295 5358 Tauri.

2132 5399 2324 5457 Junius
2354 5407 2598 5468 aequatos
2641 5399 2778 5454 cmlo
2805 5398 2952 5451 videt
2977 5395 3059 5451 ire
3096 5395 3356 5451 Laconas.

2128 5490 2376 5548 Solstitio
2403 5491 2643 5546 ardentis
2672 5489 2867 5544 Caneri
2904 5489 3008 5544 fert
3035 5489 3213 5545 Julius
3239 5497 3462 5542 astrum.

2129 5585 2427 5654 Augustum
2451 5599 2696 5638 mensem
2721 5582 2830 5636 Leo
2856 5580 3094 5636 fervidus
3120 5580 3243 5650 igne
3270 5577 3490 5649 perurit.

2130 5675 2318 5732 Sidere
2349 5675 2514 5746 Virgo
2547 5683 2638 5729 tuo
2680 5674 2952 5728 Bacchum
2989 5670 3312 5742 September
3340 5669 3562 5740 opimat.

2127 5766 2327 5839 {Equat
2348 5774 2402 5824 et
2426 5766 2660 5824 October
2688 5766 2950 5824 sementis
2981 5772 3226 5835 tempore
3245 5762 3485 5820 Libram.
