  <div class='ocr_page' id='page_1' title='image "/cluster/home/n/w/nwhite01/storage/ocr_20150623/18-19/uva.x000826554/1248.png"; bbox 0 0 3884 6324; ppageno 0'>
   <div class='ocr_carea' id='block_1_1' title="bbox 168 265 278 323">
    <p class='ocr_par' dir='ltr' id='par_1_1' title="bbox 168 265 278 323">
     <span class='ocr_line' id='line_1_1' title="bbox 168 265 278 323; baseline -0.018 0"><span class='ocrx_word' id='word_1_1' title='bbox 168 265 278 323; x_wconf 77' lang='grc'><strong>915</strong></span> 
     </span>
    </p>
   </div>
   <div class='ocr_carea' id='block_1_2' title="bbox 168 377 1675 451">
    <p class='ocr_par' dir='ltr' id='par_1_2' title="bbox 168 377 1675 451">
     <span class='ocr_line' id='line_1_2' title="bbox 168 377 1675 451; baseline -0.003 -15"><span class='ocrx_word' id='word_1_2' title='bbox 168 379 450 451; x_wconf 73' lang='lat' dir='ltr'><strong>Scorpion</strong></span> <span class='ocrx_word' id='word_1_3' title='bbox 482 378 744 436; x_wconf 89' lang='lat' dir='ltr'><strong>hibernus</strong></span> <span class='ocrx_word' id='word_1_4' title='bbox 774 393 1020 450; x_wconf 64' lang='lat' dir='ltr'><strong>praeceps</strong></span> <span class='ocrx_word' id='word_1_5' title='bbox 1051 379 1210 450; x_wconf 83' lang='lat' dir='ltr'><strong>jubet</strong></span> <span class='ocrx_word' id='word_1_6' title='bbox 1232 379 1315 438; x_wconf 90' lang='lat' dir='ltr'><strong>ire</strong></span> <span class='ocrx_word' id='word_1_7' title='bbox 1345 377 1675 437; x_wconf 81' lang='lat' dir='ltr'><strong>November.</strong></span> 
     </span>
    </p>
   </div>
   <div class='ocr_carea' id='block_1_3' title="bbox 167 470 1678 546">
    <p class='ocr_par' dir='ltr' id='par_1_3' title="bbox 167 470 1678 546">
     <span class='ocr_line' id='line_1_3' title="bbox 167 470 1678 546; baseline -0.002 -17"><span class='ocrx_word' id='word_1_8' title='bbox 167 473 466 529; x_wconf 75' lang='lat' dir='ltr'><strong>Terminat</strong></span> <span class='ocrx_word' id='word_1_9' title='bbox 494 473 821 531; x_wconf 90' lang='lat' dir='ltr'><strong>Arcitenens</strong></span> <span class='ocrx_word' id='word_1_10' title='bbox 851 474 1031 529; x_wconf 91' lang='lat' dir='ltr'><strong>medio</strong></span> <span class='ocrx_word' id='word_1_11' title='bbox 1057 490 1153 530; x_wconf 91' lang='lat' dir='ltr'><strong>sua</strong></span> <span class='ocrx_word' id='word_1_12' title='bbox 1183 476 1339 546; x_wconf 89' lang='lat' dir='ltr'><strong>signa</strong></span> <span class='ocrx_word' id='word_1_13' title='bbox 1367 470 1678 530; x_wconf 90' lang='lat' dir='ltr'><strong>Decembri.</strong></span> 
     </span>
    </p>
   </div>
   <div class='ocr_carea' id='block_1_4' title="bbox 170 607 1788 681">
    <p class='ocr_par' dir='ltr' id='par_1_4' title="bbox 170 607 1788 681">
     <span class='ocr_line' id='line_1_4' title="bbox 170 607 1788 681; baseline -0.004 -16"><span class='ocrx_word' id='word_1_14' title='bbox 170 611 238 678; x_wconf 78' lang='grc' dir='ltr'><strong>Ο.</strong></span> <span class='ocrx_word' id='word_1_15' title='bbox 263 608 542 665; x_wconf 84' lang='lat' dir='ltr'><strong>Ciceronis</strong></span> <span class='ocrx_word' id='word_1_16' title='bbox 571 627 745 666; x_wconf 82' lang='lat' dir='ltr'><strong>versus</strong></span> <span class='ocrx_word' id='word_1_17' title='bbox 773 626 833 663; x_wconf 89' lang='lat' dir='ltr'><strong>eo</strong></span> <span class='ocrx_word' id='word_1_18' title='bbox 868 609 1150 681; x_wconf 74' lang='lat' dir='ltr'><strong>pertinent,</strong></span> <span class='ocrx_word' id='word_1_19' title='bbox 1186 618 1239 662; x_wconf 86' lang='lat' dir='ltr'><strong>ut</strong></span> <span class='ocrx_word' id='word_1_20' title='bbox 1279 609 1420 679; x_wconf 86' lang='lat' dir='ltr'><strong>quod</strong></span> <span class='ocrx_word' id='word_1_21' title='bbox 1446 607 1656 681; x_wconf 81' lang='lat' dir='ltr'><strong>signum</strong></span> <span class='ocrx_word' id='word_1_22' title='bbox 1684 620 1788 676; x_wconf 86' lang='lat' dir='ltr'><strong>quo</strong></span> 
     </span>
    </p>
   </div>
   <div class='ocr_carea' id='block_1_5' title="bbox 240 679 1790 752">
    <p class='ocr_par' dir='ltr' id='par_1_5' title="bbox 240 679 1790 752">
     <span class='ocr_line' id='line_1_5' title="bbox 240 679 1790 752; baseline -0.003 -17"><span class='ocrx_word' id='word_1_23' title='bbox 240 693 484 751; x_wconf 85' lang='lat' dir='ltr'><strong>tempore</strong></span> <span class='ocrx_word' id='word_1_24' title='bbox 514 681 719 736; x_wconf 73' lang='lat' dir='ltr'><strong>illustre</strong></span> <span class='ocrx_word' id='word_1_25' title='bbox 740 683 828 747; x_wconf 82' lang='lat' dir='ltr'><strong>sit,</strong></span> <span class='ocrx_word' id='word_1_26' title='bbox 862 679 1155 736; x_wconf 65' lang='lat' dir='ltr'><strong>noverimus</strong></span> <span class='ocrx_word' id='word_1_27' title='bbox 1179 698 1199 736; x_wconf 87' lang='lat'><strong><em>:</em></strong></span> <span class='ocrx_word' id='word_1_28' title='bbox 1221 682 1363 752; x_wconf 83' lang='lat' dir='ltr'><strong>quod</strong></span> <span class='ocrx_word' id='word_1_29' title='bbox 1391 679 1629 750; x_wconf 78' lang='lat' dir='ltr'><strong>superius</strong></span> <span class='ocrx_word' id='word_1_30' title='bbox 1657 693 1790 748; x_wconf 87' lang='lat' dir='ltr'><strong>quo-</strong></span> 
     </span>
    </p>
   </div>
   <div class='ocr_carea' id='block_1_6' title="bbox 241 754 1430 825">
    <p class='ocr_par' dir='ltr' id='par_1_6' title="bbox 241 754 1430 825">
     <span class='ocr_line' id='line_1_6' title="bbox 241 754 1430 825; baseline -0.001 -16"><span class='ocrx_word' id='word_1_31' title='bbox 241 771 343 825; x_wconf 83' lang='lat' dir='ltr'><strong>que</strong></span> <span class='ocrx_word' id='word_1_32' title='bbox 365 754 563 810; x_wconf 83' lang='lat' dir='ltr'><strong>nostris</strong></span> <span class='ocrx_word' id='word_1_33' title='bbox 592 754 819 809; x_wconf 80' lang='lat' dir='ltr'><strong>versibus</strong></span> <span class='ocrx_word' id='word_1_34' title='bbox 840 754 1133 824; x_wconf 72' lang='lat' dir='ltr'><strong>expeditur.</strong></span> <span class='ocrx_word' id='word_1_35' title='bbox 1425 766 1430 772; x_wconf 78' lang='lat'><strong><em>‘</em></strong></span> 
     </span>
    </p>
   </div>
   <div class='ocr_carea' id='block_1_7' title="bbox 168 887 1542 949">
    <p class='ocr_par' dir='ltr' id='par_1_7' title="bbox 168 887 1542 949">
     <span class='ocr_line' id='line_1_7' title="bbox 168 887 1542 949; baseline -0.004 -2"><span class='ocrx_word' id='word_1_36' title='bbox 168 891 431 949; x_wconf 83' lang='lat' dir='ltr'><strong>Flumina</strong></span> <span class='ocrx_word' id='word_1_37' title='bbox 465 907 632 947; x_wconf 88' lang='lat' dir='ltr'><strong>verna</strong></span> <span class='ocrx_word' id='word_1_38' title='bbox 655 891 807 947; x_wconf 90' lang='lat' dir='ltr'><strong>cient</strong></span> <span class='ocrx_word' id='word_1_39' title='bbox 830 892 1068 947; x_wconf 91' lang='lat' dir='ltr'><strong>obscuro</strong></span> <span class='ocrx_word' id='word_1_40' title='bbox 1097 888 1306 945; x_wconf 84' lang='lat' dir='ltr'><strong>lumine</strong></span> <span class='ocrx_word' id='word_1_41' title='bbox 1331 887 1542 944; x_wconf 83' lang='lat' dir='ltr'><strong>Pisces.</strong></span> 
     </span>
    </p>
   </div>
   <div class='ocr_carea' id='block_1_8' title="bbox 167 981 1566 1057">
    <p class='ocr_par' dir='ltr' id='par_1_8' title="bbox 167 981 1566 1057">
     <span class='ocr_line' id='line_1_8' title="bbox 167 981 1566 1057; baseline -0.005 -15"><span class='ocrx_word' id='word_1_42' title='bbox 167 985 642 1057; x_wconf 88' lang='lat' dir='ltr'><strong>Curriculutnque</strong></span> <span class='ocrx_word' id='word_1_43' title='bbox 665 987 822 1042; x_wconf 89' lang='lat' dir='ltr'><strong>Aries</strong></span> <span class='ocrx_word' id='word_1_44' title='bbox 840 993 1020 1056; x_wconf 68' lang='lat' dir='ltr'><strong>aequat</strong></span> <span class='ocrx_word' id='word_1_45' title='bbox 1045 984 1332 1052; x_wconf 74' lang='lat' dir='ltr'><strong>noctisque</strong></span> <span class='ocrx_word' id='word_1_46' title='bbox 1360 981 1566 1050; x_wconf 90' lang='lat' dir='ltr'><strong>diique.</strong></span> 
     </span>
    </p>
   </div>
   <div class='ocr_carea' id='block_1_9' title="bbox 165 1075 1641 1152">
    <p class='ocr_par' dir='ltr' id='par_1_9' title="bbox 165 1075 1641 1152">
     <span class='ocr_line' id='line_1_9' title="bbox 165 1075 1641 1152; baseline -0.005 -15"><span class='ocrx_word' id='word_1_47' title='bbox 165 1080 394 1137; x_wconf 83' lang='lat' dir='ltr'><strong>Cornua</strong></span> <span class='ocrx_word' id='word_1_48' title='bbox 427 1095 588 1152; x_wconf 91' lang='lat' dir='ltr'><strong>quem</strong></span> <span class='ocrx_word' id='word_1_49' title='bbox 617 1088 841 1135; x_wconf 92' lang='lat' dir='ltr'><strong>comunt</strong></span> <span class='ocrx_word' id='word_1_50' title='bbox 869 1079 1066 1134; x_wconf 86' lang='lat' dir='ltr'><strong>ﬂorum</strong></span> <span class='ocrx_word' id='word_1_51' title='bbox 1105 1076 1412 1148; x_wconf 54' lang='lat' dir='ltr'><strong>praenuntia</strong></span> <span class='ocrx_word' id='word_1_52' title='bbox 1454 1075 1641 1130; x_wconf 85' lang='lat' dir='ltr'><strong>Tauri.</strong></span> 
     </span>
    </p>
   </div>
   <div class='ocr_carea' id='block_1_10' title="bbox 167 1170 1570 1248">
    <p class='ocr_par' dir='ltr' id='par_1_10' title="bbox 167 1170 1570 1248">
     <span class='ocr_line' id='line_1_10' title="bbox 167 1170 1570 1248; baseline -0.007 -15"><span class='ocrx_word' id='word_1_53' title='bbox 167 1176 461 1248; x_wconf 81' lang='lat' dir='ltr'><strong>Aridaque</strong></span> <span class='ocrx_word' id='word_1_54' title='bbox 483 1175 691 1231; x_wconf 60' lang='lat' dir='ltr'><strong>aestatis</strong></span> <span class='ocrx_word' id='word_1_55' title='bbox 715 1173 929 1230; x_wconf 88' lang='lat' dir='ltr'><strong>Gemini</strong></span> <span class='ocrx_word' id='word_1_56' title='bbox 963 1170 1261 1243; x_wconf 87' lang='lat' dir='ltr'><strong>primordia</strong></span> <span class='ocrx_word' id='word_1_57' title='bbox 1302 1171 1570 1241; x_wconf 87' lang='lat' dir='ltr'><strong>pandunt.</strong></span> 
     </span>
    </p>
   </div>
   <div class='ocr_carea' id='block_1_11' title="bbox 169 1264 1681 1342">
    <p class='ocr_par' dir='ltr' id='par_1_11' title="bbox 169 1264 1681 1342">
     <span class='ocr_line' id='line_1_11' title="bbox 169 1264 1681 1342; baseline -0.003 -17"><span class='ocrx_word' id='word_1_58' title='bbox 169 1270 479 1342; x_wconf 80' lang='lat' dir='ltr'><strong>Longaque</strong></span> <span class='ocrx_word' id='word_1_59' title='bbox 503 1269 616 1341; x_wconf 84' lang='lat' dir='ltr'><strong>jam</strong></span> <span class='ocrx_word' id='word_1_60' title='bbox 646 1268 842 1324; x_wconf 87' lang='lat' dir='ltr'><strong>minuit</strong></span> <span class='ocrx_word' id='word_1_61' title='bbox 877 1267 1177 1338; x_wconf 68' lang='lat' dir='ltr'><strong>praeclarus</strong></span> <span class='ocrx_word' id='word_1_62' title='bbox 1217 1267 1421 1321; x_wconf 92' lang='lat' dir='ltr'><strong>lumina</strong></span> <span class='ocrx_word' id='word_1_63' title='bbox 1451 1264 1681 1322; x_wconf 86' lang='lat' dir='ltr'><strong>Cancer.</strong></span> 
     </span>
    </p>
   </div>
   <div class='ocr_carea' id='block_1_12' title="bbox 167 1358 1606 1433">
    <p class='ocr_par' dir='ltr' id='par_1_12' title="bbox 167 1358 1606 1433">
     <span class='ocr_line' id='line_1_12' title="bbox 167 1358 1606 1433; baseline -0.002 -15"><span class='ocrx_word' id='word_1_64' title='bbox 167 1361 642 1433; x_wconf 84' lang='lat' dir='ltr'><strong>Languilicusque</strong></span> <span class='ocrx_word' id='word_1_65' title='bbox 670 1361 782 1416; x_wconf 86' lang='lat' dir='ltr'><strong>Leo</strong></span> <span class='ocrx_word' id='word_1_66' title='bbox 808 1358 1007 1432; x_wconf 88' lang='lat' dir='ltr'><strong>proﬂat</strong></span> <span class='ocrx_word' id='word_1_67' title='bbox 1039 1359 1190 1416; x_wconf 90' lang='lat' dir='ltr'><strong>ferus</strong></span> <span class='ocrx_word' id='word_1_68' title='bbox 1221 1375 1320 1416; x_wconf 91' lang='lat' dir='ltr'><strong>ore</strong></span> <span class='ocrx_word' id='word_1_69' title='bbox 1371 1361 1606 1416; x_wconf 90' lang='lat' dir='ltr'><strong>calores.</strong></span> 
     </span>
    </p>
   </div>
   <div class='ocr_carea' id='block_1_13' title="bbox 168 1453 1751 1528">
    <p class='ocr_par' dir='ltr' id='par_1_13' title="bbox 168 1453 1751 1528">
     <span class='ocr_line' id='line_1_13' title="bbox 168 1453 1751 1528; baseline -0.002 -16"><span class='ocrx_word' id='word_1_70' title='bbox 168 1456 328 1525; x_wconf 82' lang='lat' dir='ltr'><strong>Post,</strong></span> <span class='ocrx_word' id='word_1_71' title='bbox 357 1456 635 1512; x_wconf 90' lang='lat' dir='ltr'><strong>modicum</strong></span> <span class='ocrx_word' id='word_1_72' title='bbox 668 1455 923 1527; x_wconf 87' lang='lat' dir='ltr'><strong>quatiens</strong></span> <span class='ocrx_word' id='word_1_73' title='bbox 967 1454 1128 1526; x_wconf 80' lang='lat' dir='ltr'><strong>Virgo</strong></span> <span class='ocrx_word' id='word_1_74' title='bbox 1149 1453 1304 1527; x_wconf 68' lang='lat' dir='ltr'><strong>fugat</strong></span> <span class='ocrx_word' id='word_1_75' title='bbox 1327 1465 1448 1511; x_wconf 87' lang='lat' dir='ltr'><strong>orta</strong></span> <span class='ocrx_word' id='word_1_76' title='bbox 1469 1470 1751 1528; x_wconf 84' lang='lat' dir='ltr'><strong>vaporem.</strong></span> 
     </span>
    </p>
   </div>
   <div class='ocr_carea' id='block_1_14' title="bbox 167 1548 1436 1620">
    <p class='ocr_par' dir='ltr' id='par_1_14' title="bbox 167 1548 1436 1620">
     <span class='ocr_line' id='line_1_14' title="bbox 167 1548 1436 1620; baseline -0.002 -13"><span class='ocrx_word' id='word_1_77' title='bbox 167 1549 448 1607; x_wconf 87' lang='lat' dir='ltr'><strong>Autumni</strong></span> <span class='ocrx_word' id='word_1_78' title='bbox 470 1559 681 1606; x_wconf 79' lang='lat' dir='ltr'><strong>reserat</strong></span> <span class='ocrx_word' id='word_1_79' title='bbox 709 1557 895 1619; x_wconf 88' lang='lat' dir='ltr'><strong>portas</strong></span> <span class='ocrx_word' id='word_1_80' title='bbox 922 1559 1218 1620; x_wconf 65' lang='lat' dir='ltr'><strong>aequatque</strong></span> <span class='ocrx_word' id='word_1_81' title='bbox 1240 1548 1436 1604; x_wconf 90' lang='lat' dir='ltr'><strong>diurna</strong></span> 
     </span>
    </p>
   </div>
   <div class='ocr_carea' id='block_1_15' title="bbox 167 1639 1465 1712">
    <p class='ocr_par' dir='ltr' id='par_1_15' title="bbox 167 1639 1465 1712">
     <span class='ocr_line' id='line_1_15' title="bbox 167 1639 1465 1712; baseline -0.003 -14"><span class='ocrx_word' id='word_1_82' title='bbox 167 1642 453 1712; x_wconf 86' lang='lat' dir='ltr'><strong>Tempora</strong></span> <span class='ocrx_word' id='word_1_83' title='bbox 476 1640 760 1697; x_wconf 86' lang='lat' dir='ltr'><strong>nocturnis</strong></span> <span class='ocrx_word' id='word_1_84' title='bbox 789 1641 1048 1712; x_wconf 90' lang='lat' dir='ltr'><strong>dispenso</strong></span> <span class='ocrx_word' id='word_1_85' title='bbox 1078 1639 1258 1696; x_wconf 78' lang='lat' dir='ltr'><strong>sidere</strong></span> <span class='ocrx_word' id='word_1_86' title='bbox 1281 1640 1465 1696; x_wconf 86' lang='lat' dir='ltr'><strong>Libra.</strong></span> 
     </span>
    </p>
   </div>
   <div class='ocr_carea' id='block_1_16' title="bbox 169 1731 1356 1803">
    <p class='ocr_par' dir='ltr' id='par_1_16' title="bbox 169 1731 1356 1803">
     <span class='ocr_line' id='line_1_16' title="bbox 169 1731 1356 1803; baseline -0.003 -12"><span class='ocrx_word' id='word_1_87' title='bbox 169 1735 240 1791; x_wconf 85' lang='lat' dir='ltr'><strong>Et</strong></span> <span class='ocrx_word' id='word_1_88' title='bbox 270 1735 419 1790; x_wconf 84' lang='lat' dir='ltr'><strong>fetos</strong></span> <span class='ocrx_word' id='word_1_89' title='bbox 441 1750 624 1790; x_wconf 89' lang='lat' dir='ltr'><strong>ramos</strong></span> <span class='ocrx_word' id='word_1_90' title='bbox 658 1733 884 1788; x_wconf 87' lang='lat' dir='ltr'><strong>dinudat</strong></span> <span class='ocrx_word' id='word_1_91' title='bbox 914 1732 1133 1788; x_wconf 88' lang='lat' dir='ltr'><strong>ﬂamma</strong></span> <span class='ocrx_word' id='word_1_92' title='bbox 1160 1731 1356 1803; x_wconf 84' lang='lat' dir='ltr'><strong>Nepai.</strong></span> 
     </span>
    </p>
   </div>
   <div class='ocr_carea' id='block_1_17' title="bbox 170 1825 1528 1900">
    <p class='ocr_par' dir='ltr' id='par_1_17' title="bbox 170 1825 1528 1900">
     <span class='ocr_line' id='line_1_17' title="bbox 170 1825 1528 1900; baseline -0.004 -15"><span class='ocrx_word' id='word_1_93' title='bbox 170 1829 334 1900; x_wconf 87' lang='lat' dir='ltr'><strong>Pigra</strong></span> <span class='ocrx_word' id='word_1_94' title='bbox 366 1827 768 1900; x_wconf 85' lang='lat' dir='ltr'><strong>Sagittipotens</strong></span> <span class='ocrx_word' id='word_1_95' title='bbox 793 1827 1070 1898; x_wconf 71' lang='lat' dir='ltr'><strong>iaculatur</strong></span> <span class='ocrx_word' id='word_1_96' title='bbox 1095 1825 1296 1897; x_wconf 79' lang='lat' dir='ltr'><strong>frigora</strong></span> <span class='ocrx_word' id='word_1_97' title='bbox 1342 1826 1528 1882; x_wconf 89' lang='lat' dir='ltr'><strong>terris.</strong></span> 
     </span>
    </p>
   </div>
   <div class='ocr_carea' id='block_1_18' title="bbox 170 1921 1588 1996">
    <p class='ocr_par' dir='ltr' id='par_1_18' title="bbox 170 1921 1588 1996">
     <span class='ocr_line' id='line_1_18' title="bbox 170 1921 1588 1996; baseline -0.003 -17"><span class='ocrx_word' id='word_1_98' title='bbox 170 1923 381 1980; x_wconf 82' lang='lat' dir='ltr'><strong>Bruma</strong></span> <span class='ocrx_word' id='word_1_99' title='bbox 407 1923 533 1996; x_wconf 90' lang='lat' dir='ltr'><strong>gelu</strong></span> <span class='ocrx_word' id='word_1_100' title='bbox 563 1923 807 1994; x_wconf 89' lang='lat' dir='ltr'><strong>glacians</strong></span> <span class='ocrx_word' id='word_1_101' title='bbox 830 1921 1026 1993; x_wconf 88' lang='lat' dir='ltr'><strong>jubare</strong></span> <span class='ocrx_word' id='word_1_102' title='bbox 1053 1923 1222 1992; x_wconf 88' lang='lat' dir='ltr'><strong>spirat</strong></span> <span class='ocrx_word' id='word_1_103' title='bbox 1245 1921 1588 1993; x_wconf 77' lang='lat' dir='ltr'><strong>Capricorni.</strong></span> 
     </span>
    </p>
   </div>
   <div class='ocr_carea' id='block_1_19' title="bbox 167 2016 1787 2089">
    <p class='ocr_par' dir='ltr' id='par_1_19' title="bbox 167 2016 1787 2089">
     <span class='ocr_line' id='line_1_19' title="bbox 167 2016 1787 2089; baseline -0.004 -15"><span class='ocrx_word' id='word_1_104' title='bbox 167 2019 348 2087; x_wconf 85' lang='lat' dir='ltr'><strong>Quam</strong></span> <span class='ocrx_word' id='word_1_105' title='bbox 384 2018 638 2089; x_wconf 90' lang='lat' dir='ltr'><strong>sequitur</strong></span> <span class='ocrx_word' id='word_1_106' title='bbox 667 2017 898 2073; x_wconf 85' lang='lat' dir='ltr'><strong>nebulas</strong></span> <span class='ocrx_word' id='word_1_107' title='bbox 927 2031 1125 2072; x_wconf 89' lang='lat' dir='ltr'><strong>rorans</strong></span> <span class='ocrx_word' id='word_1_108' title='bbox 1151 2017 1326 2087; x_wconf 91' lang='lat' dir='ltr'><strong>liquor</strong></span> <span class='ocrx_word' id='word_1_109' title='bbox 1366 2017 1514 2072; x_wconf 88' lang='lat' dir='ltr'><strong>altus</strong></span> <span class='ocrx_word' id='word_1_110' title='bbox 1535 2016 1740 2087; x_wconf 83' lang='lat' dir='ltr'><strong>Aquari</strong></span> <span class='ocrx_word' id='word_1_111' title='bbox 1776 2035 1787 2068; x_wconf 90' lang='lat'><strong>:</strong></span> 
     </span>
    </p>
   </div>
   <div class='ocr_carea' id='block_1_20' title="bbox 170 2107 1680 2183">
    <p class='ocr_par' dir='ltr' id='par_1_20' title="bbox 170 2107 1680 2183">
     <span class='ocr_line' id='line_1_20' title="bbox 170 2107 1680 2183; baseline -0.003 -15"><span class='ocrx_word' id='word_1_112' title='bbox 170 2111 349 2168; x_wconf 87' lang='lat' dir='ltr'><strong>Tenta</strong></span> <span class='ocrx_word' id='word_1_113' title='bbox 383 2125 572 2183; x_wconf 86' lang='lat' dir='ltr'><strong>supra,</strong></span> <span class='ocrx_word' id='word_1_114' title='bbox 600 2112 858 2181; x_wconf 90' lang='lat' dir='ltr'><strong>circaque</strong></span> <span class='ocrx_word' id='word_1_115' title='bbox 886 2109 1072 2182; x_wconf 80' lang='lat' dir='ltr'><strong>vigent</strong></span> <span class='ocrx_word' id='word_1_116' title='bbox 1095 2109 1186 2164; x_wconf 90' lang='lat' dir='ltr'><strong>ubi</strong></span> <span class='ocrx_word' id='word_1_117' title='bbox 1221 2107 1446 2166; x_wconf 89' lang='lat' dir='ltr'><strong>ﬂumina</strong></span> <span class='ocrx_word' id='word_1_118' title='bbox 1471 2110 1680 2166; x_wconf 92' lang='lat' dir='ltr'><strong>mundi.</strong></span> 
     </span>
    </p>
   </div>
   <div class='ocr_carea' id='block_1_21' title="bbox 172 2204 1435 2276">
    <p class='ocr_par' dir='ltr' id='par_1_21' title="bbox 172 2204 1435 2276">
     <span class='ocr_line' id='line_1_21' title="bbox 172 2204 1435 2276; baseline -0.002 -16"><span class='ocrx_word' id='word_1_119' title='bbox 172 2206 244 2260; x_wconf 91' lang='lat' dir='ltr'><strong>At</strong></span> <span class='ocrx_word' id='word_1_120' title='bbox 271 2204 493 2271; x_wconf 78' lang='lat' dir='ltr'><strong>dextra,</strong></span> <span class='ocrx_word' id='word_1_121' title='bbox 525 2206 770 2276; x_wconf 68' lang='lat' dir='ltr'><strong>laevaque</strong></span> <span class='ocrx_word' id='word_1_122' title='bbox 792 2208 902 2263; x_wconf 88' lang='lat' dir='ltr'><strong>ciet</strong></span> <span class='ocrx_word' id='word_1_123' title='bbox 924 2215 1040 2272; x_wconf 82' lang='lat' dir='ltr'><strong>rota</strong></span> <span class='ocrx_word' id='word_1_124' title='bbox 1061 2205 1264 2276; x_wconf 90' lang='lat' dir='ltr'><strong>fulgida</strong></span> <span class='ocrx_word' id='word_1_125' title='bbox 1288 2206 1435 2263; x_wconf 91' lang='lat' dir='ltr'><strong>Solis</strong></span> 
     </span>
    </p>
   </div>
   <div class='ocr_carea' id='block_1_22' title="bbox 172 2297 1670 2366">
    <p class='ocr_par' dir='ltr' id='par_1_22' title="bbox 172 2297 1670 2366">
     <span class='ocr_line' id='line_1_22' title="bbox 172 2297 1670 2366; baseline 0.001 -13"><span class='ocrx_word' id='word_1_126' title='bbox 172 2297 382 2354; x_wconf 78' lang='lat' dir='ltr'><strong>Mobile</strong></span> <span class='ocrx_word' id='word_1_127' title='bbox 409 2298 770 2366; x_wconf 87' lang='lat' dir='ltr'><strong>curriculum,</strong></span> <span class='ocrx_word' id='word_1_128' title='bbox 797 2310 856 2355; x_wconf 87' lang='lat' dir='ltr'><strong>et</strong></span> <span class='ocrx_word' id='word_1_129' title='bbox 886 2298 1052 2355; x_wconf 66' lang='lat' dir='ltr'><strong>Lunae</strong></span> <span class='ocrx_word' id='word_1_130' title='bbox 1073 2299 1361 2355; x_wconf 87' lang='lat' dir='ltr'><strong>simulacra</strong></span> <span class='ocrx_word' id='word_1_131' title='bbox 1390 2298 1670 2355; x_wconf 72' lang='lat' dir='ltr'><strong>feruntur.</strong></span> 
     </span>
    </p>
   </div>
   <div class='ocr_carea' id='block_1_23' title="bbox 173 2390 1611 2464">
    <p class='ocr_par' dir='ltr' id='par_1_23' title="bbox 173 2390 1611 2464">
     <span class='ocr_line' id='line_1_23' title="bbox 173 2390 1611 2464; baseline 0.001 -17"><span class='ocrx_word' id='word_1_132' title='bbox 173 2390 424 2461; x_wconf 82' lang='lat' dir='ltr'><strong>Squama</strong></span> <span class='ocrx_word' id='word_1_133' title='bbox 455 2391 561 2447; x_wconf 90' lang='lat' dir='ltr'><strong>sub</strong></span> <span class='ocrx_word' id='word_1_134' title='bbox 586 2402 797 2447; x_wconf 84' lang='lat' dir='ltr'><strong>:eterno</strong></span> <span class='ocrx_word' id='word_1_135' title='bbox 839 2401 1140 2464; x_wconf 93' lang='lat' dir='ltr'><strong>conspectu</strong></span> <span class='ocrx_word' id='word_1_136' title='bbox 1173 2400 1313 2448; x_wconf 88' lang='lat' dir='ltr'><strong>torta</strong></span> <span class='ocrx_word' id='word_1_137' title='bbox 1346 2393 1611 2448; x_wconf 83' lang='lat' dir='ltr'><strong>Draconis</strong></span> 
     </span>
    </p>
   </div>
   <div class='ocr_carea' id='block_1_24' title="bbox 173 2486 1564 2560">
    <p class='ocr_par' dir='ltr' id='par_1_24' title="bbox 173 2486 1564 2560">
     <span class='ocr_line' id='line_1_24' title="bbox 173 2486 1564 2560; baseline 0 -18"><span class='ocrx_word' id='word_1_138' title='bbox 173 2486 416 2543; x_wconf 82' lang='lat' dir='ltr'><strong>Eminet.</strong></span> <span class='ocrx_word' id='word_1_139' title='bbox 445 2487 600 2542; x_wconf 88' lang='lat' dir='ltr'><strong>Hunc</strong></span> <span class='ocrx_word' id='word_1_140' title='bbox 627 2488 770 2543; x_wconf 89' lang='lat' dir='ltr'><strong>inter</strong></span> <span class='ocrx_word' id='word_1_141' title='bbox 800 2487 1098 2560; x_wconf 85' lang='lat' dir='ltr'><strong>fulgentem</strong></span> <span class='ocrx_word' id='word_1_142' title='bbox 1130 2487 1312 2542; x_wconf 78' lang='lat' dir='ltr'><strong>sidera</strong></span> <span class='ocrx_word' id='word_1_143' title='bbox 1345 2496 1564 2557; x_wconf 88' lang='lat' dir='ltr'><strong>septem</strong></span> 
     </span>
    </p>
   </div>
   <div class='ocr_carea' id='block_1_25' title="bbox 173 2580 1790 2654">
    <p class='ocr_par' dir='ltr' id='par_1_25' title="bbox 173 2580 1790 2654">
     <span class='ocr_line' id='line_1_25' title="bbox 173 2580 1790 2654; baseline -0.001 -18"><span class='ocrx_word' id='word_1_144' title='bbox 173 2580 369 2652; x_wconf 84' lang='lat' dir='ltr'><strong>Magna</strong></span> <span class='ocrx_word' id='word_1_145' title='bbox 402 2583 586 2654; x_wconf 86' lang='lat' dir='ltr'><strong>quatit</strong></span> <span class='ocrx_word' id='word_1_146' title='bbox 618 2583 851 2638; x_wconf 91' lang='lat' dir='ltr'><strong>stellans</strong></span> <span class='ocrx_word' id='word_1_147' title='bbox 882 2601 894 2636; x_wconf 88' lang='lat'><strong>:</strong></span> <span class='ocrx_word' id='word_1_148' title='bbox 927 2597 1089 2652; x_wconf 92' lang='lat' dir='ltr'><strong>quam</strong></span> <span class='ocrx_word' id='word_1_149' title='bbox 1130 2597 1366 2638; x_wconf 87' lang='lat' dir='ltr'><strong>servans</strong></span> <span class='ocrx_word' id='word_1_150' title='bbox 1397 2596 1554 2638; x_wconf 90' lang='lat' dir='ltr'><strong>serus</strong></span> <span class='ocrx_word' id='word_1_151' title='bbox 1586 2582 1639 2637; x_wconf 91' lang='lat' dir='ltr'><strong>in</strong></span> <span class='ocrx_word' id='word_1_152' title='bbox 1682 2581 1790 2636; x_wconf 89' lang='lat' dir='ltr'><strong>alta</strong></span> 
     </span>
    </p>
   </div>
   <div class='ocr_carea' id='block_1_26' title="bbox 171 2673 1366 2745">
    <p class='ocr_par' dir='ltr' id='par_1_26' title="bbox 171 2673 1366 2745">
     <span class='ocr_line' id='line_1_26' title="bbox 171 2673 1366 2745; baseline -0.002 -15"><span class='ocrx_word' id='word_1_153' title='bbox 171 2673 446 2731; x_wconf 88' lang='lat' dir='ltr'><strong>Conditur</strong></span> <span class='ocrx_word' id='word_1_154' title='bbox 474 2674 676 2731; x_wconf 89' lang='lat' dir='ltr'><strong>Oceani</strong></span> <span class='ocrx_word' id='word_1_155' title='bbox 707 2675 820 2745; x_wconf 86' lang='lat' dir='ltr'><strong>ripa</strong></span> <span class='ocrx_word' id='word_1_156' title='bbox 847 2689 970 2729; x_wconf 91' lang='lat' dir='ltr'><strong>cum</strong></span> <span class='ocrx_word' id='word_1_157' title='bbox 993 2674 1114 2729; x_wconf 91' lang='lat' dir='ltr'><strong>luce</strong></span> <span class='ocrx_word' id='word_1_158' title='bbox 1145 2673 1366 2730; x_wconf 88' lang='lat' dir='ltr'><strong>Bootes.</strong></span> 
     </span>
    </p>
   </div>
   <div class='ocr_carea' id='block_1_27' title="bbox 496 2861 1470 2934">
    <p class='ocr_par' dir='ltr' id='par_1_27' title="bbox 496 2861 1470 2934">
     <span class='ocr_line' id='line_1_27' title="bbox 496 2861 1470 2934; baseline 0 -18"><span class='ocrx_word' id='word_1_159' title='bbox 496 2861 541 2916; x_wconf 81' lang='grc' dir='ltr'><em>Α</em></span> <span class='ocrx_word' id='word_1_160' title='bbox 572 2861 812 2918; x_wconf 83' lang='lat' dir='ltr'><strong>Solstitio</strong></span> <span class='ocrx_word' id='word_1_161' title='bbox 834 2863 886 2916; x_wconf 88' lang='lat' dir='ltr'><strong>in</strong></span> <span class='ocrx_word' id='word_1_162' title='bbox 916 2861 1283 2934; x_wconf 69' lang='lat' dir='ltr'><strong>aequinoctium</strong></span> <span class='ocrx_word' id='word_1_163' title='bbox 1308 2862 1470 2916; x_wconf 83' lang='lat' dir='ltr'><strong>ratio.</strong></span> 
     </span>
    </p>
   </div>
   <div class='ocr_carea' id='block_1_28' title="bbox 173 2974 1410 3048">
    <p class='ocr_par' dir='ltr' id='par_1_28' title="bbox 173 2974 1410 3048">
     <span class='ocr_line' id='line_1_28' title="bbox 173 2974 1410 3048; baseline -0.003 -15"><span class='ocrx_word' id='word_1_164' title='bbox 173 2976 270 3033; x_wconf 89' lang='lat' dir='ltr'><strong>Sol</strong></span> <span class='ocrx_word' id='word_1_165' title='bbox 305 2974 583 3048; x_wconf 90' lang='lat' dir='ltr'><strong>profectus</strong></span> <span class='ocrx_word' id='word_1_166' title='bbox 603 2991 632 3031; x_wconf 88' lang='lat' dir='ltr'><strong>a</strong></span> <span class='ocrx_word' id='word_1_167' title='bbox 659 2985 853 3047; x_wconf 89' lang='lat' dir='ltr'><strong>teporo</strong></span> <span class='ocrx_word' id='word_1_168' title='bbox 878 2977 1026 3032; x_wconf 92' lang='lat' dir='ltr'><strong>veris</strong></span> <span class='ocrx_word' id='word_1_169' title='bbox 1057 2976 1410 3047; x_wconf 74' lang='lat' dir='ltr'><strong>:equinoctio,</strong></span> 
     </span>
    </p>
   </div>
   <div class='ocr_carea' id='block_1_29' title="bbox 175 3068 1752 3142">
    <p class='ocr_par' dir='ltr' id='par_1_29' title="bbox 175 3068 1752 3142">
     <span class='ocr_line' id='line_1_29' title="bbox 175 3068 1752 3142; baseline 0.001 -18"><span class='ocrx_word' id='word_1_170' title='bbox 175 3068 309 3126; x_wconf 90' lang='lat' dir='ltr'><strong>Post</strong></span> <span class='ocrx_word' id='word_1_171' title='bbox 335 3069 627 3126; x_wconf 88' lang='lat' dir='ltr'><strong>semidiem</strong></span> <span class='ocrx_word' id='word_1_172' title='bbox 657 3079 890 3140; x_wconf 87' lang='lat' dir='ltr'><strong>postque</strong></span> <span class='ocrx_word' id='word_1_173' title='bbox 919 3077 1061 3126; x_wconf 91' lang='lat' dir='ltr'><strong>totos</strong></span> <span class='ocrx_word' id='word_1_174' title='bbox 1089 3071 1380 3141; x_wconf 81' lang='lat' dir='ltr'><strong>nonaginta</strong></span> <span class='ocrx_word' id='word_1_175' title='bbox 1414 3078 1472 3126; x_wconf 92' lang='lat' dir='ltr'><strong>et</strong></span> <span class='ocrx_word' id='word_1_176' title='bbox 1499 3078 1752 3142; x_wconf 90' lang='lat' dir='ltr'><strong>quatuor,</strong></span> 
     </span>
    </p>
   </div>
   <div class='ocr_carea' id='block_1_30' title="bbox 179 3159 1866 3246">
    <p class='ocr_par' dir='ltr' id='par_1_30' title="bbox 179 3159 1866 3246">
     <span class='ocr_line' id='line_1_30' title="bbox 179 3159 1866 3246; baseline 0.001 -31"><span class='ocrx_word' id='word_1_177' title='bbox 179 3159 430 3216; x_wconf 78' lang='lat' dir='ltr'><strong>Fervidis</strong></span> <span class='ocrx_word' id='word_1_178' title='bbox 451 3159 690 3231; x_wconf 83' lang='lat' dir='ltr'><strong>ﬂagrans</strong></span> <span class='ocrx_word' id='word_1_179' title='bbox 729 3159 960 3217; x_wconf 88' lang='lat' dir='ltr'><strong>habenis</strong></span> <span class='ocrx_word' id='word_1_180' title='bbox 988 3162 1206 3232; x_wconf 86' lang='lat' dir='ltr'><strong>pulsum</strong></span> <span class='ocrx_word' id='word_1_181' title='bbox 1235 3163 1483 3216; x_wconf 69' lang='lat' dir='ltr'><strong>testivum</strong></span> <span class='ocrx_word' id='word_1_182' title='bbox 1512 3163 1754 3218; x_wconf 86' lang='lat' dir='ltr'><strong>conficit.</strong></span> <span class='ocrx_word' id='word_1_183' title='bbox 1820 3184 1866 3246; x_wconf 67' lang='grc' dir='ltr'><strong>ρ</strong></span> 
     </span>
    </p>
   </div>
   <div class='ocr_carea' id='block_1_31' title="bbox 176 3251 1754 3327">
    <p class='ocr_par' dir='ltr' id='par_1_31' title="bbox 176 3251 1754 3327">
     <span class='ocr_line' id='line_1_31' title="bbox 176 3251 1754 3327; baseline 0.003 -19"><span class='ocrx_word' id='word_1_184' title='bbox 176 3251 311 3309; x_wconf 81' lang='lat' dir='ltr'><strong>Inde</strong></span> <span class='ocrx_word' id='word_1_185' title='bbox 344 3258 656 3309; x_wconf 79' lang='lat' dir='ltr'><strong>Autumnus</strong></span> <span class='ocrx_word' id='word_1_186' title='bbox 685 3255 862 3310; x_wconf 92' lang='lat' dir='ltr'><strong>noctis</strong></span> <span class='ocrx_word' id='word_1_187' title='bbox 906 3255 1068 3311; x_wconf 86' lang='lat' dir='ltr'><strong>horas</strong></span> <span class='ocrx_word' id='word_1_188' title='bbox 1100 3256 1305 3313; x_wconf 88' lang='lat' dir='ltr'><strong>librans</strong></span> <span class='ocrx_word' id='word_1_189' title='bbox 1337 3272 1494 3327; x_wconf 62' lang='lat' dir='ltr'><strong>atquo</strong></span> <span class='ocrx_word' id='word_1_190' title='bbox 1527 3257 1754 3325; x_wconf 81' lang='lat' dir='ltr'><strong>lumine,</strong></span> 
     </span>
    </p>
   </div>
   <div class='ocr_carea' id='block_1_32' title="bbox 180 3344 1487 3421">
    <p class='ocr_par' dir='ltr' id='par_1_32' title="bbox 180 3344 1487 3421">
     <span class='ocr_line' id='line_1_32' title="bbox 180 3344 1487 3421; baseline 0.005 -21"><span class='ocrx_word' id='word_1_191' title='bbox 180 3344 326 3403; x_wconf 90' lang='lat' dir='ltr'><strong>Octo</strong></span> <span class='ocrx_word' id='word_1_192' title='bbox 354 3354 416 3404; x_wconf 91' lang='lat' dir='ltr'><strong>et</strong></span> <span class='ocrx_word' id='word_1_193' title='bbox 439 3348 714 3419; x_wconf 88' lang='lat' dir='ltr'><strong>octoginta</strong></span> <span class='ocrx_word' id='word_1_194' title='bbox 740 3349 933 3420; x_wconf 68' lang='lat' dir='ltr'><strong>geris,</strong></span> <span class='ocrx_word' id='word_1_195' title='bbox 964 3358 1021 3405; x_wconf 92' lang='lat' dir='ltr'><strong>et</strong></span> <span class='ocrx_word' id='word_1_196' title='bbox 1045 3365 1213 3421; x_wconf 88' lang='lat' dir='ltr'><strong>super</strong></span> <span class='ocrx_word' id='word_1_197' title='bbox 1236 3350 1487 3407; x_wconf 91' lang='lat' dir='ltr'><strong>trihorio.</strong></span> 
     </span>
    </p>
   </div>
   <div class='ocr_carea' id='block_1_33' title="bbox 182 3528 1366 3593">
    <p class='ocr_par' dir='ltr' id='par_1_33' title="bbox 182 3528 1366 3593">
     <span class='ocr_line' id='line_1_33' title="bbox 182 3528 1366 3593; baseline 0.005 -6"><span class='ocrx_word' id='word_1_198' title='bbox 182 3528 316 3588; x_wconf 88' lang='lat' dir='ltr'><strong>lude</strong></span> <span class='ocrx_word' id='word_1_199' title='bbox 346 3532 603 3588; x_wconf 91' lang='lat' dir='ltr'><strong>ﬂoridum</strong></span> <span class='ocrx_word' id='word_1_200' title='bbox 628 3533 851 3590; x_wconf 75' lang='lat' dir='ltr'><strong>reﬂexis</strong></span> <span class='ocrx_word' id='word_1_201' title='bbox 881 3550 980 3591; x_wconf 90' lang='lat' dir='ltr'><strong>ver</strong></span> <span class='ocrx_word' id='word_1_202' title='bbox 1009 3536 1200 3592; x_wconf 86' lang='lat' dir='ltr'><strong>revisit</strong></span> <span class='ocrx_word' id='word_1_203' title='bbox 1221 3539 1366 3593; x_wconf 89' lang='lat' dir='ltr'><strong>oreis</strong></span> 
     </span>
    </p>
   </div>
   <div class='ocr_carea' id='block_1_34' title="bbox 181 3623 1625 3703">
    <p class='ocr_par' dir='ltr' id='par_1_34' title="bbox 181 3623 1625 3703">
     <span class='ocr_line' id='line_1_34' title="bbox 181 3623 1625 3703; baseline 0.007 -23"><span class='ocrx_word' id='word_1_204' title='bbox 181 3623 403 3683; x_wconf 85' lang='lat' dir='ltr'><strong>Additis</strong></span> <span class='ocrx_word' id='word_1_205' title='bbox 431 3626 498 3683; x_wconf 90' lang='lat' dir='ltr'><strong>ad</strong></span> <span class='ocrx_word' id='word_1_206' title='bbox 528 3627 629 3684; x_wconf 90' lang='lat' dir='ltr'><strong>hos</strong></span> <span class='ocrx_word' id='word_1_207' title='bbox 658 3630 874 3700; x_wconf 87' lang='lat' dir='ltr'><strong>priores</strong></span> <span class='ocrx_word' id='word_1_208' title='bbox 901 3644 1086 3701; x_wconf 75' lang='lat' dir='ltr'><strong>gmros</strong></span> <span class='ocrx_word' id='word_1_209' title='bbox 1122 3633 1360 3703; x_wconf 84' lang='lat' dir='ltr'><strong>geminis</strong></span> <span class='ocrx_word' id='word_1_210' title='bbox 1379 3632 1625 3690; x_wconf 89' lang='lat' dir='ltr'><strong>orbibus.</strong></span> 
     </span>
    </p>
   </div>
   <div class='ocr_carea' id='block_1_35' title="bbox 696 3813 1289 3884">
    <p class='ocr_par' dir='ltr' id='par_1_35' title="bbox 696 3813 1289 3884">
     <span class='ocr_line' id='line_1_35' title="bbox 696 3813 1289 3884; baseline 0.007 -14"><span class='ocrx_word' id='word_1_211' title='bbox 696 3814 776 3870; x_wconf 87' lang='lat' dir='ltr'><strong>De</strong></span> <span class='ocrx_word' id='word_1_212' title='bbox 805 3813 978 3871; x_wconf 80' lang='lat' dir='ltr'><strong>Feriis</strong></span> <span class='ocrx_word' id='word_1_213' title='bbox 1017 3815 1289 3884; x_wconf 73' lang='lat' dir='ltr'><strong>Romanis.</strong></span> 
     </span>
    </p>
   </div>
   <div class='ocr_carea' id='block_1_36' title="bbox 185 3925 1580 4003">
    <p class='ocr_par' dir='ltr' id='par_1_36' title="bbox 185 3925 1580 4003">
     <span class='ocr_line' id='line_1_36' title="bbox 185 3925 1580 4003; baseline 0.006 -20"><span class='ocrx_word' id='word_1_214' title='bbox 185 3925 342 3984; x_wconf 87' lang='lat' dir='ltr'><strong>Nunc</strong></span> <span class='ocrx_word' id='word_1_215' title='bbox 372 3936 430 3985; x_wconf 90' lang='lat' dir='ltr'><strong>et</strong></span> <span class='ocrx_word' id='word_1_216' title='bbox 458 3927 774 4000; x_wconf 89' lang='lat' dir='ltr'><strong>Apollineos</strong></span> <span class='ocrx_word' id='word_1_217' title='bbox 799 3930 1054 3988; x_wconf 89' lang='lat' dir='ltr'><strong>Tiberina</strong></span> <span class='ocrx_word' id='word_1_218' title='bbox 1087 3947 1185 4003; x_wconf 88' lang='lat' dir='ltr'><strong>per</strong></span> <span class='ocrx_word' id='word_1_219' title='bbox 1217 3932 1358 3990; x_wconf 90' lang='lat' dir='ltr'><strong>ostia</strong></span> <span class='ocrx_word' id='word_1_220' title='bbox 1391 3933 1580 4003; x_wconf 89' lang='lat' dir='ltr'><strong>ludos,</strong></span> 
     </span>
    </p>
   </div>
   <div class='ocr_carea' id='block_1_37' title="bbox 259 4021 1430 4103">
    <p class='ocr_par' dir='ltr' id='par_1_37' title="bbox 259 4021 1430 4103">
     <span class='ocr_line' id='line_1_37' title="bbox 259 4021 1430 4103; baseline 0.005 -27"><span class='ocrx_word' id='word_1_221' title='bbox 259 4021 737 4092; x_wconf 80' lang='lat' dir='ltr'><strong>Et‘Megalesiaca:</strong></span> <span class='ocrx_word' id='word_1_222' title='bbox 769 4026 961 4080; x_wconf 86' lang='lat' dir='ltr'><strong>matris</strong></span> <span class='ocrx_word' id='word_1_223' title='bbox 991 4035 1183 4097; x_wconf 87' lang='lat' dir='ltr'><strong>operta</strong></span> <span class='ocrx_word' id='word_1_224' title='bbox 1221 4028 1430 4103; x_wconf 90' lang='lat' dir='ltr'><strong>loquar.</strong></span> 
     </span>
    </p>
   </div>
   <div class='ocr_carea' id='block_1_38' title="bbox 193 4113 1431 4194">
    <p class='ocr_par' dir='ltr' id='par_1_38' title="bbox 193 4113 1431 4194">
     <span class='ocr_line' id='line_1_38' title="bbox 193 4113 1431 4194; baseline 0.009 -27"><span class='ocrx_word' id='word_1_225' title='bbox 193 4113 533 4187; x_wconf 85' lang='lat' dir='ltr'><strong>Vulcanique</strong></span> <span class='ocrx_word' id='word_1_226' title='bbox 562 4117 682 4173; x_wconf 91' lang='lat' dir='ltr'><strong>dies</strong></span> <span class='ocrx_word' id='word_1_227' title='bbox 708 4119 955 4174; x_wconf 89' lang='lat' dir='ltr'><strong>autumni</strong></span> <span class='ocrx_word' id='word_1_228' title='bbox 991 4121 1217 4178; x_wconf 83' lang='lat' dir='ltr'><strong>exordia</strong></span> <span class='ocrx_word' id='word_1_229' title='bbox 1250 4123 1431 4194; x_wconf 85' lang='lat' dir='ltr'><strong>primi.</strong></span> 
     </span>
    </p>
   </div>
   <div class='ocr_carea' id='block_1_39' title="bbox 258 4208 1551 4285">
    <p class='ocr_par' dir='ltr' id='par_1_39' title="bbox 258 4208 1551 4285">
     <span class='ocr_line' id='line_1_39' title="bbox 258 4208 1551 4285; baseline 0.008 -22"><span class='ocrx_word' id='word_1_230' title='bbox 258 4208 750 4281; x_wconf 86' lang='lat' dir='ltr'><strong>Quinquatrusque</strong></span> <span class='ocrx_word' id='word_1_231' title='bbox 785 4213 906 4268; x_wconf 67' lang='lat' dir='ltr'><strong>Dea:</strong></span> <span class='ocrx_word' id='word_1_232' title='bbox 937 4213 1191 4270; x_wconf 83' lang='lat' dir='ltr'><strong>Pallados</strong></span> <span class='ocrx_word' id='word_1_233' title='bbox 1219 4217 1506 4285; x_wconf 80' lang='lat' dir='ltr'><strong>expediam</strong></span> <span class='ocrx_word' id='word_1_234' title='bbox 1541 4237 1551 4272; x_wconf 89' lang='lat'><strong>:</strong></span> 
     </span>
    </p>
   </div>
   <div class='ocr_carea' id='block_1_40' title="bbox 193 4298 1508 4382">
    <p class='ocr_par' dir='ltr' id='par_1_40' title="bbox 193 4298 1508 4382">
     <span class='ocr_line' id='line_1_40' title="bbox 193 4298 1508 4382; baseline 0.013 -30"><span class='ocrx_word' id='word_1_235' title='bbox 193 4298 256 4355; x_wconf 64' lang='lat' dir='ltr'><strong>lit</strong></span> <span class='ocrx_word' id='word_1_236' title='bbox 283 4300 493 4358; x_wconf 86' lang='lat' dir='ltr'><strong>medias</strong></span> <span class='ocrx_word' id='word_1_237' title='bbox 522 4302 671 4370; x_wconf 90' lang='lat' dir='ltr'><strong>ldus,</strong></span> <span class='ocrx_word' id='word_1_238' title='bbox 704 4304 846 4370; x_wconf 84' lang='lat' dir='ltr'><strong>Maii,</strong></span> <span class='ocrx_word' id='word_1_239' title='bbox 876 4306 1220 4380; x_wconf 84' lang='lat' dir='ltr'><strong>Augustique</strong></span> <span class='ocrx_word' id='word_1_240' title='bbox 1244 4327 1471 4368; x_wconf 90' lang='lat' dir='ltr'><strong>recursu</strong></span> <span class='ocrx_word' id='word_1_241' title='bbox 1490 4355 1508 4382; x_wconf 82' lang='lat'><strong>,</strong></span> 
     </span>
    </p>
   </div>
   <div class='ocr_carea' id='block_1_41' title="bbox 261 4394 1566 4474">
    <p class='ocr_par' dir='ltr' id='par_1_41' title="bbox 261 4394 1566 4474">
     <span class='ocr_line' id='line_1_41' title="bbox 261 4394 1566 4474; baseline 0.013 -28"><span class='ocrx_word' id='word_1_242' title='bbox 261 4394 411 4460; x_wconf 80' lang='lat' dir='ltr'><strong>Quas</strong></span> <span class='ocrx_word' id='word_1_243' title='bbox 432 4395 538 4451; x_wconf 87' lang='lat' dir='ltr'><strong>sibi</strong></span> <span class='ocrx_word' id='word_1_244' title='bbox 567 4396 891 4467; x_wconf 79' lang='lat' dir='ltr'><strong>Mercurius,</strong></span> <span class='ocrx_word' id='word_1_245' title='bbox 923 4417 1166 4474; x_wconf 88' lang='lat' dir='ltr'><strong>quasque</strong></span> <span class='ocrx_word' id='word_1_246' title='bbox 1196 4403 1366 4460; x_wconf 88' lang='lat' dir='ltr'><strong>Diana</strong></span> <span class='ocrx_word' id='word_1_247' title='bbox 1398 4405 1566 4463; x_wconf 88' lang='lat' dir='ltr'><strong>dicat.</strong></span> 
     </span>
    </p>
   </div>
   <div class='ocr_carea' id='block_1_42' title="bbox 193 4484 1616 4571">
    <p class='ocr_par' dir='ltr' id='par_1_42' title="bbox 193 4484 1616 4571">
     <span class='ocr_line' id='line_1_42' title="bbox 193 4484 1616 4571; baseline 0.013 -32"><span class='ocrx_word' id='word_1_248' title='bbox 193 4484 452 4542; x_wconf 72' lang='lat' dir='ltr'><strong>Matrona:</strong></span> <span class='ocrx_word' id='word_1_249' title='bbox 478 4505 602 4559; x_wconf 75' lang='lat' dir='ltr'><strong>quae</strong></span> <span class='ocrx_word' id='word_1_250' title='bbox 630 4504 782 4547; x_wconf 89' lang='lat' dir='ltr'><strong>sacra</strong></span> <span class='ocrx_word' id='word_1_251' title='bbox 808 4495 992 4550; x_wconf 82' lang='lat' dir='ltr'><strong>colant</strong></span> <span class='ocrx_word' id='word_1_252' title='bbox 1021 4512 1118 4566; x_wconf 93' lang='lat' dir='ltr'><strong>pro</strong></span> <span class='ocrx_word' id='word_1_253' title='bbox 1142 4497 1301 4555; x_wconf 91' lang='lat' dir='ltr'><strong>laude</strong></span> <span class='ocrx_word' id='word_1_254' title='bbox 1340 4499 1579 4557; x_wconf 90' lang='lat' dir='ltr'><strong>virorum</strong></span> <span class='ocrx_word' id='word_1_255' title='bbox 1599 4544 1616 4571; x_wconf 88' lang='lat'><strong>,</strong></span> 
     </span>
    </p>
   </div>
   <div class='ocr_carea' id='block_1_43' title="bbox 265 4581 1278 4653">
    <p class='ocr_par' dir='ltr' id='par_1_43' title="bbox 265 4581 1278 4653">
     <span class='ocr_line' id='line_1_43' title="bbox 265 4581 1278 4653; baseline 0.014 -19"><span class='ocrx_word' id='word_1_256' title='bbox 265 4581 527 4636; x_wconf 84' lang='lat' dir='ltr'><strong>Mavortis</strong></span> <span class='ocrx_word' id='word_1_257' title='bbox 556 4585 714 4653; x_wconf 87' lang='lat' dir='ltr'><strong>primi</strong></span> <span class='ocrx_word' id='word_1_258' title='bbox 740 4601 864 4642; x_wconf 92' lang='lat' dir='ltr'><strong>cum</strong></span> <span class='ocrx_word' id='word_1_259' title='bbox 892 4589 1110 4646; x_wconf 89' lang='lat' dir='ltr'><strong>rediere</strong></span> <span class='ocrx_word' id='word_1_260' title='bbox 1137 4592 1278 4648; x_wconf 90' lang='lat' dir='ltr'><strong>dies.</strong></span> 
     </span>
    </p>
   </div>
   <div class='ocr_carea' id='block_1_44' title="bbox 194 4671 1528 4746">
    <p class='ocr_par' dir='ltr' id='par_1_44' title="bbox 194 4671 1528 4746">
     <span class='ocr_line' id='line_1_44' title="bbox 194 4671 1528 4746; baseline 0.015 -19"><span class='ocrx_word' id='word_1_261' title='bbox 194 4671 355 4729; x_wconf 84' lang='lat' dir='ltr'><strong>Festa</strong></span> <span class='ocrx_word' id='word_1_262' title='bbox 390 4676 703 4746; x_wconf 86' lang='lat' dir='ltr'><strong>Caprotinis</strong></span> <span class='ocrx_word' id='word_1_263' title='bbox 731 4684 1047 4740; x_wconf 86' lang='lat' dir='ltr'><strong>memorabo</strong></span> <span class='ocrx_word' id='word_1_264' title='bbox 1074 4687 1313 4743; x_wconf 87' lang='lat' dir='ltr'><strong>celebria</strong></span> <span class='ocrx_word' id='word_1_265' title='bbox 1347 4693 1528 4746; x_wconf 92' lang='lat' dir='ltr'><strong>nonis.</strong></span> 
     </span>
    </p>
   </div>
   <div class='ocr_carea' id='block_1_45' title="bbox 262 4767 1584 4852">
    <p class='ocr_par' dir='ltr' id='par_1_45' title="bbox 262 4767 1584 4852">
     <span class='ocr_line' id='line_1_45' title="bbox 262 4767 1584 4852; baseline 0.018 -36"><span class='ocrx_word' id='word_1_266' title='bbox 262 4767 401 4824; x_wconf 78' lang='lat' dir='ltr'><strong>Cum</strong></span> <span class='ocrx_word' id='word_1_267' title='bbox 430 4771 568 4825; x_wconf 82' lang='lat' dir='ltr'><strong>stola</strong></span> <span class='ocrx_word' id='word_1_268' title='bbox 600 4776 868 4830; x_wconf 83' lang='lat' dir='ltr'><strong>matronis</strong></span> <span class='ocrx_word' id='word_1_269' title='bbox 896 4775 1113 4848; x_wconf 88' lang='lat' dir='ltr'><strong>dempta</strong></span> <span class='ocrx_word' id='word_1_270' title='bbox 1158 4790 1304 4852; x_wconf 88' lang='lat' dir='ltr'><strong>teget</strong></span> <span class='ocrx_word' id='word_1_271' title='bbox 1330 4782 1584 4842; x_wconf 87' lang='lat' dir='ltr'><strong>famulas.</strong></span> 
     </span>
    </p>
   </div>
   <div class='ocr_carea' id='block_1_46' title="bbox 195 4860 1499 4943">
    <p class='ocr_par' dir='ltr' id='par_1_46' title="bbox 195 4860 1499 4943">
     <span class='ocr_line' id='line_1_46' title="bbox 195 4860 1499 4943; baseline 0.015 -31"><span class='ocrx_word' id='word_1_272' title='bbox 195 4860 466 4929; x_wconf 84' lang='lat' dir='ltr'><strong>Quattuor</strong></span> <span class='ocrx_word' id='word_1_273' title='bbox 487 4864 575 4918; x_wconf 82' lang='lat' dir='ltr'><strong>illa</strong></span> <span class='ocrx_word' id='word_1_274' title='bbox 606 4868 769 4921; x_wconf 88' lang='lat' dir='ltr'><strong>etiam</strong></span> <span class='ocrx_word' id='word_1_275' title='bbox 799 4868 1056 4927; x_wconf 86' lang='lat' dir='ltr'><strong>discretis</strong></span> <span class='ocrx_word' id='word_1_276' title='bbox 1097 4873 1340 4943; x_wconf 88' lang='lat' dir='ltr'><strong>partibus</strong></span> <span class='ocrx_word' id='word_1_277' title='bbox 1371 4878 1499 4932; x_wconf 90' lang='lat' dir='ltr'><strong>anni</strong></span> 
     </span>
    </p>
   </div>
   <div class='ocr_carea' id='block_1_47' title="bbox 265 4956 1442 5038">
    <p class='ocr_par' dir='ltr' id='par_1_47' title="bbox 265 4956 1442 5038">
     <span class='ocr_line' id='line_1_47' title="bbox 265 4956 1442 5038; baseline 0.014 -29"><span class='ocrx_word' id='word_1_278' title='bbox 265 4956 539 5022; x_wconf 83' lang='lat' dir='ltr'><strong>Solstitia,</strong></span> <span class='ocrx_word' id='word_1_279' title='bbox 564 4969 618 5013; x_wconf 89' lang='lat' dir='ltr'><strong>et</strong></span> <span class='ocrx_word' id='word_1_280' title='bbox 647 4960 798 5015; x_wconf 82' lang='lat' dir='ltr'><strong>luces</strong></span> <span class='ocrx_word' id='word_1_281' title='bbox 829 4971 1007 5031; x_wconf 91' lang='lat' dir='ltr'><strong>nocte,</strong></span> <span class='ocrx_word' id='word_1_282' title='bbox 1040 4964 1240 5036; x_wconf 90' lang='lat' dir='ltr'><strong>dieque</strong></span> <span class='ocrx_word' id='word_1_283' title='bbox 1264 4983 1442 5038; x_wconf 90' lang='lat' dir='ltr'><strong>pares.</strong></span> 
     </span>
    </p>
   </div>
   <div class='ocr_carea' id='block_1_48' title="bbox 199 5048 1442 5132">
    <p class='ocr_par' dir='ltr' id='par_1_48' title="bbox 199 5048 1442 5132">
     <span class='ocr_line' id='line_1_48' title="bbox 199 5048 1442 5132; baseline 0.014 -31"><span class='ocrx_word' id='word_1_284' title='bbox 199 5048 303 5106; x_wconf 88' lang='lat' dir='ltr'><strong>Nec</strong></span> <span class='ocrx_word' id='word_1_285' title='bbox 332 5051 674 5125; x_wconf 84' lang='lat' dir='ltr'><strong>Regifugium</strong></span> <span class='ocrx_word' id='word_1_286' title='bbox 705 5055 875 5125; x_wconf 81' lang='lat' dir='ltr'><strong>pulsis</strong></span> <span class='ocrx_word' id='word_1_287' title='bbox 906 5073 974 5112; x_wconf 76' lang='lat' dir='ltr'><strong>ex</strong></span> <span class='ocrx_word' id='word_1_288' title='bbox 997 5059 1130 5115; x_wconf 88' lang='lat' dir='ltr'><strong>urbe</strong></span> <span class='ocrx_word' id='word_1_289' title='bbox 1164 5064 1442 5132; x_wconf 88' lang='lat' dir='ltr'><strong>tyrannis,</strong></span> 
     </span>
    </p>
   </div>
   <div class='ocr_carea' id='block_1_49' title="bbox 1602 253 2021 313">
    <p class='ocr_par' dir='ltr' id='par_1_49' title="bbox 1602 253 2021 313">
     <span class='ocr_line' id='line_1_49' title="bbox 1602 253 2021 313; baseline -0.012 0"><span class='ocrx_word' id='word_1_290' title='bbox 1602 272 1605 273; x_wconf 72' lang='lat'><strong><em>&#39;</em></strong></span> <span class='ocrx_word' id='word_1_291' title='bbox 1635 253 2021 313; x_wconf 67' lang='lat' dir='ltr'><strong>EPISTOLIE.</strong></span> 
     </span>
    </p>
   </div>
   <div class='ocr_carea' id='block_1_50' title="bbox 1814 371 3025 440">
    <p class='ocr_par' dir='ltr' id='par_1_50' title="bbox 1814 371 3025 440">
     <span class='ocr_line' id='line_1_50' title="bbox 1814 371 3025 440; baseline -0.006 -9"><span class='ocrx_word' id='word_1_292' title='bbox 1814 382 1867 440; x_wconf 77' lang='grc' dir='ltr'><strong>Α</strong></span> <span class='ocrx_word' id='word_1_293' title='bbox 1963 373 2172 430; x_wconf 65' lang='lat' dir='ltr'><strong>Lartum</strong></span> <span class='ocrx_word' id='word_1_294' title='bbox 2197 372 2460 430; x_wconf 83' lang='lat' dir='ltr'><strong>Romanis</strong></span> <span class='ocrx_word' id='word_1_295' title='bbox 2492 373 2573 430; x_wconf 88' lang='lat' dir='ltr'><strong>fas</strong></span> <span class='ocrx_word' id='word_1_296' title='bbox 2597 372 2839 430; x_wconf 85' lang='lat' dir='ltr'><strong>reticere</strong></span> <span class='ocrx_word' id='word_1_297' title='bbox 2857 371 3025 427; x_wconf 92' lang='lat' dir='ltr'><strong>diem.</strong></span> 
     </span>
    </p>
   </div>
   <div class='ocr_carea' id='block_1_51' title="bbox 1829 4599 1882 4661">
    <p class='ocr_par' dir='ltr' id='par_1_51' title="bbox 1829 4599 1882 4661">
     <span class='ocr_line' id='line_1_51' title="bbox 1829 4599 1882 4661; baseline 0 0"><span class='ocrx_word' id='word_1_298' title='bbox 1829 4599 1882 4661; x_wconf 89' lang='lat' dir='ltr'><strong>D</strong></span> 
     </span>
    </p>
   </div>
   <div class='ocr_carea' id='block_1_52' title="bbox 3387 247 3495 307">
    <p class='ocr_par' dir='ltr' id='par_1_52' title="bbox 3387 247 3495 307">
     <span class='ocr_line' id='line_1_52' title="bbox 3387 247 3495 307; baseline -0.019 0"><span class='ocrx_word' id='word_1_299' title='bbox 3387 247 3495 307; x_wconf 76' lang='lat' dir='ltr'><strong>9M</strong></span> 
     </span>
    </p>
   </div>
   <div class='ocr_carea' id='block_1_53' title="bbox 1899 467 3348 545">
    <p class='ocr_par' dir='ltr' id='par_1_53' title="bbox 1899 467 3348 545">
     <span class='ocr_line' id='line_1_53' title="bbox 1899 467 3348 545; baseline -0.007 -14"><span class='ocrx_word' id='word_1_300' title='bbox 1899 475 2059 531; x_wconf 89' lang='lat' dir='ltr'><strong>Visne</strong></span> <span class='ocrx_word' id='word_1_301' title='bbox 2087 474 2219 545; x_wconf 90' lang='lat' dir='ltr'><strong>Opis</strong></span> <span class='ocrx_word' id='word_1_302' title='bbox 2245 482 2373 530; x_wconf 90' lang='lat' dir='ltr'><strong>ante</strong></span> <span class='ocrx_word' id='word_1_303' title='bbox 2404 489 2645 540; x_wconf 89' lang='lat' dir='ltr'><strong>sacrum,</strong></span> <span class='ocrx_word' id='word_1_304' title='bbox 2680 473 2769 528; x_wconf 87' lang='lat' dir='ltr'><strong>vel</strong></span> <span class='ocrx_word' id='word_1_305' title='bbox 2802 468 3117 528; x_wconf 88' lang='lat' dir='ltr'><strong>Saturnalia</strong></span> <span class='ocrx_word' id='word_1_306' title='bbox 3144 467 3348 535; x_wconf 81' lang='lat' dir='ltr'><strong>dicant,</strong></span> 
     </span>
    </p>
   </div>
   <div class='ocr_carea' id='block_1_54' title="bbox 1966 561 3292 639">
    <p class='ocr_par' dir='ltr' id='par_1_54' title="bbox 1966 561 3292 639">
     <span class='ocr_line' id='line_1_54' title="bbox 1966 561 3292 639; baseline -0.005 -17"><span class='ocrx_word' id='word_1_307' title='bbox 1966 567 2235 639; x_wconf 87' lang='lat' dir='ltr'><strong>Festaque</strong></span> <span class='ocrx_word' id='word_1_308' title='bbox 2265 582 2575 632; x_wconf 87' lang='lat' dir='ltr'><strong>servorum,</strong></span> <span class='ocrx_word' id='word_1_309' title='bbox 2604 581 2727 622; x_wconf 91' lang='lat' dir='ltr'><strong>cum</strong></span> <span class='ocrx_word' id='word_1_310' title='bbox 2752 565 3093 620; x_wconf 89' lang='lat' dir='ltr'><strong>famulantur</strong></span> <span class='ocrx_word' id='word_1_311' title='bbox 3123 561 3242 617; x_wconf 89' lang='lat' dir='ltr'><strong>heri</strong></span> <span class='ocrx_word' id='word_1_312' title='bbox 3271 561 3292 615; x_wconf 84' lang='lat'><strong>?</strong></span> 
     </span>
    </p>
   </div>
   <div class='ocr_carea' id='block_1_55' title="bbox 1894 659 3203 732">
    <p class='ocr_par' dir='ltr' id='par_1_55' title="bbox 1894 659 3203 732">
     <span class='ocr_line' id='line_1_55' title="bbox 1894 659 3203 732; baseline -0.005 -15"><span class='ocrx_word' id='word_1_313' title='bbox 1894 662 1962 718; x_wconf 87' lang='lat' dir='ltr'><strong>Et</strong></span> <span class='ocrx_word' id='word_1_314' title='bbox 1981 675 2275 732; x_wconf 88' lang='lat' dir='ltr'><strong>numquam</strong></span> <span class='ocrx_word' id='word_1_315' title='bbox 2301 661 2467 716; x_wconf 90' lang='lat' dir='ltr'><strong>certis</strong></span> <span class='ocrx_word' id='word_1_316' title='bbox 2491 659 2774 715; x_wconf 86' lang='lat' dir='ltr'><strong>redeuntia</strong></span> <span class='ocrx_word' id='word_1_317' title='bbox 2806 659 2946 715; x_wconf 88' lang='lat' dir='ltr'><strong>festa</strong></span> <span class='ocrx_word' id='word_1_318' title='bbox 2974 659 3164 714; x_wconf 90' lang='lat' dir='ltr'><strong>diebus</strong></span> <span class='ocrx_word' id='word_1_319' title='bbox 3187 700 3203 724; x_wconf 94' lang='lat'><strong>,</strong></span> 
     </span>
    </p>
   </div>
   <div class='ocr_carea' id='block_1_56' title="bbox 1964 749 3275 826">
    <p class='ocr_par' dir='ltr' id='par_1_56' title="bbox 1964 749 3275 826">
     <span class='ocr_line' id='line_1_56' title="bbox 1964 749 3275 826; baseline -0.006 -16"><span class='ocrx_word' id='word_1_320' title='bbox 1964 753 2212 826; x_wconf 87' lang='lat' dir='ltr'><strong>Compita</strong></span> <span class='ocrx_word' id='word_1_321' title='bbox 2244 768 2343 824; x_wconf 93' lang='lat' dir='ltr'><strong>per</strong></span> <span class='ocrx_word' id='word_1_322' title='bbox 2365 755 2519 809; x_wconf 90' lang='lat' dir='ltr'><strong>vicos</strong></span> <span class='ocrx_word' id='word_1_323' title='bbox 2547 768 2670 809; x_wconf 91' lang='lat' dir='ltr'><strong>cum</strong></span> <span class='ocrx_word' id='word_1_324' title='bbox 2700 768 2796 808; x_wconf 90' lang='lat' dir='ltr'><strong>sua</strong></span> <span class='ocrx_word' id='word_1_325' title='bbox 2835 752 3068 823; x_wconf 89' lang='lat' dir='ltr'><strong>quisque</strong></span> <span class='ocrx_word' id='word_1_326' title='bbox 3098 749 3275 807; x_wconf 87' lang='lat' dir='ltr'><strong>colit?</strong></span> 
     </span>
    </p>
   </div>
   <div class='ocr_carea' id='block_1_57' title="bbox 1892 845 3363 920">
    <p class='ocr_par' dir='ltr' id='par_1_57' title="bbox 1892 845 3363 920">
     <span class='ocr_line' id='line_1_57' title="bbox 1892 845 3363 920; baseline -0.005 -13"><span class='ocrx_word' id='word_1_327' title='bbox 1892 853 1999 907; x_wconf 89' lang='lat' dir='ltr'><strong>Aut</strong></span> <span class='ocrx_word' id='word_1_328' title='bbox 2020 850 2294 919; x_wconf 90' lang='lat' dir='ltr'><strong>duplicem</strong></span> <span class='ocrx_word' id='word_1_329' title='bbox 2335 849 2562 916; x_wconf 88' lang='lat' dir='ltr'><strong>cultum,</strong></span> <span class='ocrx_word' id='word_1_330' title='bbox 2593 864 2754 920; x_wconf 91' lang='lat' dir='ltr'><strong>quem</strong></span> <span class='ocrx_word' id='word_1_331' title='bbox 2777 847 3109 918; x_wconf 88' lang='lat' dir='ltr'><strong>Neptunalia</strong></span> <span class='ocrx_word' id='word_1_332' title='bbox 3140 845 3363 911; x_wconf 86' lang='lat' dir='ltr'><strong>dicunt,</strong></span> 
     </span>
    </p>
   </div>
   <div class='ocr_carea' id='block_1_58' title="bbox 1967 938 3188 1013">
    <p class='ocr_par' dir='ltr' id='par_1_58' title="bbox 1967 938 3188 1013">
     <span class='ocr_line' id='line_1_58' title="bbox 1967 938 3188 1013; baseline -0.006 -15"><span class='ocrx_word' id='word_1_333' title='bbox 1967 943 2036 998; x_wconf 84' lang='lat' dir='ltr'><strong>Et</strong></span> <span class='ocrx_word' id='word_1_334' title='bbox 2059 958 2219 1013; x_wconf 91' lang='lat' dir='ltr'><strong>quem</strong></span> <span class='ocrx_word' id='word_1_335' title='bbox 2251 941 2320 996; x_wconf 91' lang='lat' dir='ltr'><strong>de</strong></span> <span class='ocrx_word' id='word_1_336' title='bbox 2345 941 2525 996; x_wconf 87' lang='lat' dir='ltr'><strong>Conso</strong></span> <span class='ocrx_word' id='word_1_337' title='bbox 2552 941 2910 1012; x_wconf 90' lang='lat' dir='ltr'><strong>consiliisque</strong></span> <span class='ocrx_word' id='word_1_338' title='bbox 2937 945 3138 994; x_wconf 92' lang='lat' dir='ltr'><strong>vocant</strong></span> <span class='ocrx_word' id='word_1_339' title='bbox 3164 938 3188 991; x_wconf 87' lang='lat'><strong>?</strong></span> 
     </span>
    </p>
   </div>
   <div class='ocr_carea' id='block_1_59' title="bbox 1893 1026 3424 1106">
    <p class='ocr_par' dir='ltr' id='par_1_59' title="bbox 1893 1026 3424 1106">
     <span class='ocr_line' id='line_1_59' title="bbox 1893 1026 3424 1106; baseline -0.007 -14"><span class='ocrx_word' id='word_1_340' title='bbox 1893 1037 2056 1094; x_wconf 88' lang='lat' dir='ltr'><strong>Festa</strong></span> <span class='ocrx_word' id='word_1_341' title='bbox 2083 1035 2223 1103; x_wconf 68' lang='lat' dir='ltr'><strong>hate,</strong></span> <span class='ocrx_word' id='word_1_342' title='bbox 2252 1034 2503 1106; x_wconf 84' lang='lat' dir='ltr'><strong>navigiis,</strong></span> <span class='ocrx_word' id='word_1_343' title='bbox 2529 1043 2620 1088; x_wconf 89' lang='lat' dir='ltr'><strong>aut</strong></span> <span class='ocrx_word' id='word_1_344' title='bbox 2647 1048 2769 1104; x_wconf 85' lang='lat' dir='ltr'><strong>quae</strong></span> <span class='ocrx_word' id='word_1_345' title='bbox 2799 1032 3078 1089; x_wconf 86' lang='lat' dir='ltr'><strong>celebrata</strong></span> <span class='ocrx_word' id='word_1_346' title='bbox 3101 1026 3377 1102; x_wconf 86' lang='lat' dir='ltr'><strong>quadrigis</strong></span> <span class='ocrx_word' id='word_1_347' title='bbox 3407 1067 3424 1093; x_wconf 91' lang='lat'><strong>,</strong></span> 
     </span>
    </p>
   </div>
   <div class='ocr_carea' id='block_1_60' title="bbox 1964 1125 3134 1201">
    <p class='ocr_par' dir='ltr' id='par_1_60' title="bbox 1964 1125 3134 1201">
     <span class='ocr_line' id='line_1_60' title="bbox 1964 1125 3134 1201; baseline -0.007 -14"><span class='ocrx_word' id='word_1_348' title='bbox 1964 1132 2206 1201; x_wconf 86' lang='lat' dir='ltr'><strong>Jungunt</strong></span> <span class='ocrx_word' id='word_1_349' title='bbox 2227 1127 2503 1184; x_wconf 84' lang='lat' dir='ltr'><strong>Romanos</strong></span> <span class='ocrx_word' id='word_1_350' title='bbox 2535 1126 2903 1197; x_wconf 83' lang='lat' dir='ltr'><strong>finitimosque</strong></span> <span class='ocrx_word' id='word_1_351' title='bbox 2925 1125 3134 1182; x_wconf 82' lang='lat' dir='ltr'><strong>duces?</strong></span> 
     </span>
    </p>
   </div>
   <div class='ocr_carea' id='block_1_61' title="bbox 1893 1218 3356 1294">
    <p class='ocr_par' dir='ltr' id='par_1_61' title="bbox 1893 1218 3356 1294">
     <span class='ocr_line' id='line_1_61' title="bbox 1893 1218 3356 1294; baseline -0.005 -15"><span class='ocrx_word' id='word_1_352' title='bbox 1893 1223 2161 1294; x_wconf 85' lang='lat' dir='ltr'><strong>Adjiciam</strong></span> <span class='ocrx_word' id='word_1_353' title='bbox 2192 1223 2393 1288; x_wconf 91' lang='lat' dir='ltr'><strong>cultus,</strong></span> <span class='ocrx_word' id='word_1_354' title='bbox 2426 1221 2819 1292; x_wconf 86' lang='lat' dir='ltr'><strong>peregrinaque</strong></span> <span class='ocrx_word' id='word_1_355' title='bbox 2847 1234 3002 1274; x_wconf 87' lang='lat' dir='ltr'><strong>sacra</strong></span> <span class='ocrx_word' id='word_1_356' title='bbox 3029 1218 3254 1274; x_wconf 88' lang='lat' dir='ltr'><strong>deorum</strong></span> <span class='ocrx_word' id='word_1_357' title='bbox 3277 1259 3293 1285; x_wconf 91' lang='lat'><strong>,</strong></span> <span class='ocrx_word' id='word_1_358' title='bbox 3345 1218 3356 1246; x_wconf 74' lang='lat'><strong>&#39;</strong></span> 
     </span>
    </p>
   </div>
   <div class='ocr_carea' id='block_1_62' title="bbox 1964 1298 3369 1382">
    <p class='ocr_par' dir='ltr' id='par_1_62' title="bbox 1964 1298 3369 1382">
     <span class='ocr_line' id='line_1_62' title="bbox 1964 1298 3369 1382; baseline -0.006 -10"><span class='ocrx_word' id='word_1_359' title='bbox 1964 1316 2212 1372; x_wconf 82' lang='lat' dir='ltr'><strong>Natalem</strong></span> <span class='ocrx_word' id='word_1_360' title='bbox 2243 1314 2596 1382; x_wconf 82' lang='lat' dir='ltr'><strong>Herculeum,</strong></span> <span class='ocrx_word' id='word_1_361' title='bbox 2630 1313 2716 1368; x_wconf 85' lang='lat' dir='ltr'><strong>vel</strong></span> <span class='ocrx_word' id='word_1_362' title='bbox 2747 1309 3132 1378; x_wconf 75' lang='lat' dir='ltr'><strong>ratislsiacte:</strong></span> <span class='ocrx_word' id='word_1_363' title='bbox 3364 1298 3369 1306; x_wconf 82' lang='grc'><strong>’</strong></span> 
     </span>
    </p>
   </div>
   <div class='ocr_carea' id='block_1_63' title="bbox 1893 1404 3018 1471">
    <p class='ocr_par' dir='ltr' id='par_1_63' title="bbox 1893 1404 3018 1471">
     <span class='ocr_line' id='line_1_63' title="bbox 1893 1404 3018 1471; baseline -0.01 -3"><span class='ocrx_word' id='word_1_364' title='bbox 1893 1410 2006 1468; x_wconf 85' lang='lat' dir='ltr'><strong>Nec</strong></span> <span class='ocrx_word' id='word_1_365' title='bbox 2026 1425 2135 1466; x_wconf 93' lang='lat' dir='ltr'><strong>non</strong></span> <span class='ocrx_word' id='word_1_366' title='bbox 2160 1407 2352 1464; x_wconf 87' lang='lat' dir='ltr'><strong>lascivi</strong></span> <span class='ocrx_word' id='word_1_367' title='bbox 2379 1407 2614 1463; x_wconf 84' lang='lat' dir='ltr'><strong>Floralia</strong></span> <span class='ocrx_word' id='word_1_368' title='bbox 2640 1407 2762 1460; x_wconf 67' lang='lat' dir='ltr'><strong>laeta</strong></span> <span class='ocrx_word' id='word_1_369' title='bbox 2791 1404 3018 1471; x_wconf 84' lang='lat' dir='ltr'><strong>theatri,</strong></span> 
     </span>
    </p>
   </div>
   <div class='ocr_carea' id='block_1_64' title="bbox 1964 1497 3261 1573">
    <p class='ocr_par' dir='ltr' id='par_1_64' title="bbox 1964 1497 3261 1573">
     <span class='ocr_line' id='line_1_64' title="bbox 1964 1497 3261 1573; baseline -0.009 -14"><span class='ocrx_word' id='word_1_370' title='bbox 1964 1502 2099 1573; x_wconf 77' lang='lat' dir='ltr'><strong>Quze</strong></span> <span class='ocrx_word' id='word_1_371' title='bbox 2127 1510 2375 1573; x_wconf 88' lang='lat' dir='ltr'><strong>spectare</strong></span> <span class='ocrx_word' id='word_1_372' title='bbox 2407 1500 2622 1567; x_wconf 88' lang='lat' dir='ltr'><strong>volunt,</strong></span> <span class='ocrx_word' id='word_1_373' title='bbox 2646 1499 2738 1568; x_wconf 88' lang='lat' dir='ltr'><strong>qui</strong></span> <span class='ocrx_word' id='word_1_374' title='bbox 2771 1497 3009 1552; x_wconf 89' lang='lat' dir='ltr'><strong>voluisse</strong></span> <span class='ocrx_word' id='word_1_375' title='bbox 3041 1503 3261 1566; x_wconf 87' lang='lat' dir='ltr'><strong>negant.</strong></span> 
     </span>
    </p>
   </div>
   <div class='ocr_carea' id='block_1_65' title="bbox 1893 1588 3288 1662">
    <p class='ocr_par' dir='ltr' id='par_1_65' title="bbox 1893 1588 3288 1662">
     <span class='ocr_line' id='line_1_65' title="bbox 1893 1588 3288 1662; baseline -0.009 -7"><span class='ocrx_word' id='word_1_376' title='bbox 1893 1598 2048 1655; x_wconf 85' lang='lat' dir='ltr'><strong>Nunc</strong></span> <span class='ocrx_word' id='word_1_377' title='bbox 2073 1597 2240 1653; x_wconf 89' lang='lat' dir='ltr'><strong>etiam</strong></span> <span class='ocrx_word' id='word_1_378' title='bbox 2270 1593 2500 1652; x_wconf 71' lang='lat' dir='ltr'><strong>veteres’</strong></span> <span class='ocrx_word' id='word_1_379' title='bbox 2515 1592 2866 1650; x_wconf 80' lang='lat' dir='ltr'><strong>celebrantur</strong></span> <span class='ocrx_word' id='word_1_380' title='bbox 2891 1590 3113 1662; x_wconf 88' lang='lat' dir='ltr'><strong>Equiria</strong></span> <span class='ocrx_word' id='word_1_381' title='bbox 3150 1588 3288 1644; x_wconf 86' lang='lat' dir='ltr'><strong>ludi.</strong></span> 
     </span>
    </p>
   </div>
   <div class='ocr_carea' id='block_1_66' title="bbox 1966 1685 3278 1767">
    <p class='ocr_par' dir='ltr' id='par_1_66' title="bbox 1966 1685 3278 1767">
     <span class='ocr_line' id='line_1_66' title="bbox 1966 1685 3278 1767; baseline -0.01 -16"><span class='ocrx_word' id='word_1_382' title='bbox 1966 1696 2148 1752; x_wconf 90' lang='lat' dir='ltr'><strong>Prima</strong></span> <span class='ocrx_word' id='word_1_383' title='bbox 2177 1693 2294 1749; x_wconf 73' lang='lat' dir='ltr'><strong>hzec</strong></span> <span class='ocrx_word' id='word_1_384' title='bbox 2323 1693 2605 1767; x_wconf 75' lang='lat' dir='ltr'><strong>Romanus</strong></span> <span class='ocrx_word' id='word_1_385' title='bbox 2627 1689 2850 1746; x_wconf 91' lang='lat' dir='ltr'><strong>nomina</strong></span> <span class='ocrx_word' id='word_1_386' title='bbox 2872 1687 3065 1744; x_wconf 81' lang='lat' dir='ltr'><strong>Circus</strong></span> <span class='ocrx_word' id='word_1_387' title='bbox 3096 1685 3278 1742; x_wconf 86' lang='lat' dir='ltr'><strong>habet.</strong></span> 
     </span>
    </p>
   </div>
   <div class='ocr_carea' id='block_1_67' title="bbox 1818 1779 3075 1866">
    <p class='ocr_par' dir='ltr' id='par_1_67' title="bbox 1818 1779 3075 1866">
     <span class='ocr_line' id='line_1_67' title="bbox 1818 1779 3075 1866; baseline -0.006 -15"><span class='ocrx_word' id='word_1_388' title='bbox 1818 1779 1866 1839; x_wconf 77' lang='grc' dir='ltr'><strong>Β</strong></span> <span class='ocrx_word' id='word_1_389' title='bbox 1898 1794 1968 1850; x_wconf 84' lang='lat' dir='ltr'><strong>Et</strong></span> <span class='ocrx_word' id='word_1_390' title='bbox 1996 1793 2351 1866; x_wconf 80' lang='lat' dir='ltr'><strong>Dionysiacos</strong></span> <span class='ocrx_word' id='word_1_391' title='bbox 2381 1792 2538 1848; x_wconf 91' lang='lat' dir='ltr'><strong>Latio</strong></span> <span class='ocrx_word' id='word_1_392' title='bbox 2562 1790 2890 1862; x_wconf 82' lang='lat' dir='ltr'><strong>cognomine</strong></span> <span class='ocrx_word' id='word_1_393' title='bbox 2915 1789 3075 1844; x_wconf 90' lang='lat' dir='ltr'><strong>ludos</strong></span> 
     </span>
    </p>
   </div>
   <div class='ocr_carea' id='block_1_68' title="bbox 1967 1872 3233 1957">
    <p class='ocr_par' dir='ltr' id='par_1_68' title="bbox 1967 1872 3233 1957">
     <span class='ocr_line' id='line_1_68' title="bbox 1967 1872 3233 1957; baseline -0.005 -14"><span class='ocrx_word' id='word_1_394' title='bbox 1967 1887 2141 1944; x_wconf 81' lang='lat' dir='ltr'><strong>Roma</strong></span> <span class='ocrx_word' id='word_1_395' title='bbox 2163 1888 2312 1956; x_wconf 87' lang='lat' dir='ltr'><strong>colit,</strong></span> <span class='ocrx_word' id='word_1_396' title='bbox 2347 1874 2510 1948; x_wconf 71' lang='lat' dir='ltr'><strong>Liber</strong></span> <span class='ocrx_word' id='word_1_397' title='bbox 2539 1901 2659 1957; x_wconf 61' lang='lat' dir='ltr'><strong>quae</strong></span> <span class='ocrx_word' id='word_1_398' title='bbox 2687 1885 2793 1940; x_wconf 90' lang='lat' dir='ltr'><strong>sibi</strong></span> <span class='ocrx_word' id='word_1_399' title='bbox 2817 1893 2940 1940; x_wconf 88' lang='lat' dir='ltr'><strong>vota</strong></span> <span class='ocrx_word' id='word_1_400' title='bbox 2962 1883 3130 1938; x_wconf 89' lang='lat' dir='ltr'><strong>dicat.</strong></span> <span class='ocrx_word' id='word_1_401' title='bbox 3230 1872 3233 1873; x_wconf 41' lang='grc'><strong><em>⁷</em></strong></span> 
     </span>
    </p>
   </div>
   <div class='ocr_carea' id='block_1_69' title="bbox 1894 1977 3145 2054">
    <p class='ocr_par' dir='ltr' id='par_1_69' title="bbox 1894 1977 3145 2054">
     <span class='ocr_line' id='line_1_69' title="bbox 1894 1977 3145 2054; baseline -0.007 -14"><span class='ocrx_word' id='word_1_402' title='bbox 1894 1982 2112 2040; x_wconf 71' lang='grc' dir='ltr'>Ᾱίἀὶιεε</span> <span class='ocrx_word' id='word_1_403' title='bbox 2137 1981 2336 2054; x_wconf 90' lang='lat' dir='ltr'><strong>plebeii</strong></span> <span class='ocrx_word' id='word_1_404' title='bbox 2369 1979 2561 2047; x_wconf 84' lang='lat' dir='ltr'><strong>etiam,</strong></span> <span class='ocrx_word' id='word_1_405' title='bbox 2591 1979 2888 2050; x_wconf 66' lang='lat' dir='ltr'><strong>mdilesque</strong></span> <span class='ocrx_word' id='word_1_406' title='bbox 2925 1977 3145 2032; x_wconf 87' lang='lat' dir='ltr'><strong>curules</strong></span> 
     </span>
    </p>
   </div>
   <div class='ocr_carea' id='block_1_70' title="bbox 1967 2070 3146 2146">
    <p class='ocr_par' dir='ltr' id='par_1_70' title="bbox 1967 2070 3146 2146">
     <span class='ocr_line' id='line_1_70' title="bbox 1967 2070 3146 2146; baseline -0.008 -13"><span class='ocrx_word' id='word_1_407' title='bbox 1967 2077 2133 2134; x_wconf 88' lang='lat' dir='ltr'><strong>Sacra</strong></span> <span class='ocrx_word' id='word_1_408' title='bbox 2164 2075 2481 2146; x_wconf 86' lang='lat' dir='ltr'><strong>Sigillorum</strong></span> <span class='ocrx_word' id='word_1_409' title='bbox 2506 2071 2728 2129; x_wconf 86' lang='lat' dir='ltr'><strong>nomine</strong></span> <span class='ocrx_word' id='word_1_410' title='bbox 2759 2071 2902 2127; x_wconf 89' lang='lat' dir='ltr'><strong>dicta</strong></span> <span class='ocrx_word' id='word_1_411' title='bbox 2934 2070 3146 2126; x_wconf 92' lang='lat' dir='ltr'><strong>colunt.</strong></span> 
     </span>
    </p>
   </div>
   <div class='ocr_carea' id='block_1_71' title="bbox 1896 2165 3047 2243">
    <p class='ocr_par' dir='ltr' id='par_1_71' title="bbox 1896 2165 3047 2243">
     <span class='ocr_line' id='line_1_71' title="bbox 1896 2165 3047 2243; baseline -0.01 -15"><span class='ocrx_word' id='word_1_412' title='bbox 1896 2173 1962 2228; x_wconf 87' lang='lat' dir='ltr'><strong>Et</strong></span> <span class='ocrx_word' id='word_1_413' title='bbox 1991 2170 2331 2243; x_wconf 83' lang='lat' dir='ltr'><strong>gladiatores</strong></span> <span class='ocrx_word' id='word_1_414' title='bbox 2359 2167 2609 2223; x_wconf 87' lang='lat' dir='ltr'><strong>funebria</strong></span> <span class='ocrx_word' id='word_1_415' title='bbox 2635 2165 2824 2237; x_wconf 73' lang='lat' dir='ltr'><strong>prmlia</strong></span> <span class='ocrx_word' id='word_1_416' title='bbox 2858 2173 3047 2220; x_wconf 86' lang='lat' dir='ltr'><strong>notum</strong></span> 
     </span>
    </p>
   </div>
   <div class='ocr_carea' id='block_1_72' title="bbox 1973 2259 3161 2332">
    <p class='ocr_par' dir='ltr' id='par_1_72' title="bbox 1973 2259 3161 2332">
     <span class='ocr_line' id='line_1_72' title="bbox 1973 2259 3161 2332; baseline -0.008 -12"><span class='ocrx_word' id='word_1_417' title='bbox 1973 2264 2296 2320; x_wconf 89' lang='lat' dir='ltr'><strong>Decertasse</strong></span> <span class='ocrx_word' id='word_1_418' title='bbox 2326 2260 2446 2332; x_wconf 85' lang='lat' dir='ltr'><strong>foro</strong></span> <span class='ocrx_word' id='word_1_419' title='bbox 2472 2279 2485 2316; x_wconf 91' lang='lat'><strong>:</strong></span> <span class='ocrx_word' id='word_1_420' title='bbox 2520 2274 2665 2314; x_wconf 91' lang='lat' dir='ltr'><strong>nunc</strong></span> <span class='ocrx_word' id='word_1_421' title='bbox 2692 2259 2796 2314; x_wconf 92' lang='lat' dir='ltr'><strong>sibi</strong></span> <span class='ocrx_word' id='word_1_422' title='bbox 2831 2272 2998 2313; x_wconf 87' lang='lat' dir='ltr'><strong>arena</strong></span> <span class='ocrx_word' id='word_1_423' title='bbox 3030 2271 3161 2311; x_wconf 87' lang='lat' dir='ltr'><strong>suos</strong></span> 
     </span>
    </p>
   </div>
   <div class='ocr_carea' id='block_1_73' title="bbox 1898 2349 3362 2428">
    <p class='ocr_par' dir='ltr' id='par_1_73' title="bbox 1898 2349 3362 2428">
     <span class='ocr_line' id='line_1_73' title="bbox 1898 2349 3362 2428; baseline -0.008 -12"><span class='ocrx_word' id='word_1_424' title='bbox 1898 2356 2167 2416; x_wconf 88' lang='lat' dir='ltr'><strong>Vendicat</strong></span> <span class='ocrx_word' id='word_1_425' title='bbox 2189 2374 2202 2410; x_wconf 92' lang='lat'><strong>:</strong></span> <span class='ocrx_word' id='word_1_426' title='bbox 2227 2368 2478 2428; x_wconf 81' lang='lat' dir='ltr'><strong>extremo</strong></span> <span class='ocrx_word' id='word_1_427' title='bbox 2502 2355 2592 2426; x_wconf 88' lang='lat' dir='ltr'><strong>qui</strong></span> <span class='ocrx_word' id='word_1_428' title='bbox 2619 2355 2731 2425; x_wconf 88' lang='lat' dir='ltr'><strong>jam</strong></span> <span class='ocrx_word' id='word_1_429' title='bbox 2773 2353 2878 2407; x_wconf 91' lang='lat' dir='ltr'><strong>sub</strong></span> <span class='ocrx_word' id='word_1_430' title='bbox 2908 2352 3015 2408; x_wconf 87' lang='lat' dir='ltr'><strong>ﬂne</strong></span> <span class='ocrx_word' id='word_1_431' title='bbox 3048 2349 3362 2407; x_wconf 85' lang='lat' dir='ltr'><strong>Decembris</strong></span> 
     </span>
    </p>
   </div>
   <div class='ocr_carea' id='block_1_74' title="bbox 1968 2442 3252 2521">
    <p class='ocr_par' dir='ltr' id='par_1_74' title="bbox 1968 2442 3252 2521">
     <span class='ocr_line' id='line_1_74' title="bbox 1968 2442 3252 2521; baseline -0.006 -16"><span class='ocrx_word' id='word_1_432' title='bbox 1968 2449 2310 2521; x_wconf 86' lang='lat' dir='ltr'><strong>Falcigerum</strong></span> <span class='ocrx_word' id='word_1_433' title='bbox 2344 2448 2566 2519; x_wconf 89' lang='lat' dir='ltr'><strong>placant</strong></span> <span class='ocrx_word' id='word_1_434' title='bbox 2606 2443 2876 2515; x_wconf 89' lang='lat' dir='ltr'><strong>sanguine</strong></span> <span class='ocrx_word' id='word_1_435' title='bbox 2899 2442 3252 2514; x_wconf 75' lang='lat' dir='ltr'><strong>Cteligenam.</strong></span> 
     </span>
    </p>
   </div>
   <div class='ocr_carea' id='block_1_75' title="bbox 2459 2565 2870 2579">
    <p class='ocr_par' dir='ltr' id='par_1_75' title="bbox 2459 2565 2870 2579">
     <span class='ocr_line' id='line_1_75' title="bbox 2459 2565 2870 2579; baseline -0.005 0"><span class='ocrx_word' id='word_1_436' title='bbox 2459 2565 2870 2579; x_wconf 48' lang='lat'><strong>—_‘</strong></span> 
     </span>
    </p>
   </div>
   <div class='ocr_carea' id='block_1_76' title="bbox 2353 2649 3055 2733">
    <p class='ocr_par' dir='ltr' id='par_1_76' title="bbox 2353 2649 3055 2733">
     <span class='ocr_line' id='line_1_76' title="bbox 2353 2649 3055 2733; baseline -0.003 -27"><span class='ocrx_word' id='word_1_437' title='bbox 2353 2653 2428 2709; x_wconf 85' lang='lat' dir='ltr'><strong>De</strong></span> <span class='ocrx_word' id='word_1_438' title='bbox 2455 2651 2758 2733; x_wconf 73' lang='lat' dir='ltr'><strong>lustralibus</strong></span> <span class='ocrx_word' id='word_1_439' title='bbox 2782 2649 3055 2722; x_wconf 73' lang='lat' dir='ltr'><strong>agonibus.</strong></span> 
     </span>
    </p>
   </div>
   <div class='ocr_carea' id='block_1_77' title="bbox 1874 2767 3213 2847">
    <p class='ocr_par' dir='ltr' id='par_1_77' title="bbox 1874 2767 3213 2847">
     <span class='ocr_line' id='line_1_77' title="bbox 1874 2767 3213 2847; baseline -0.009 -13"><span class='ocrx_word' id='word_1_440' title='bbox 1874 2778 2167 2846; x_wconf 84' lang='lat' dir='ltr'><strong>.Quattuor</strong></span> <span class='ocrx_word' id='word_1_441' title='bbox 2187 2776 2444 2847; x_wconf 90' lang='lat' dir='ltr'><strong>antiquos</strong></span> <span class='ocrx_word' id='word_1_442' title='bbox 2466 2772 2768 2830; x_wconf 76' lang='lat' dir='ltr'><strong>celebravit</strong></span> <span class='ocrx_word' id='word_1_443' title='bbox 2793 2769 2999 2841; x_wconf 86' lang='lat' dir='ltr'><strong>Achaia</strong></span> <span class='ocrx_word' id='word_1_444' title='bbox 3034 2767 3213 2824; x_wconf 91' lang='lat' dir='ltr'><strong>ludos.</strong></span> 
     </span>
    </p>
   </div>
   <div class='ocr_carea' id='block_1_78' title="bbox 1968 2863 3322 2933">
    <p class='ocr_par' dir='ltr' id='par_1_78' title="bbox 1968 2863 3322 2933">
     <span class='ocr_line' id='line_1_78' title="bbox 1968 2863 3322 2933; baseline -0.009 -6"><span class='ocrx_word' id='word_1_445' title='bbox 1968 2870 2284 2927; x_wconf 69' lang='lat' dir='ltr'><strong>Caelicolum</strong></span> <span class='ocrx_word' id='word_1_446' title='bbox 2315 2868 2425 2924; x_wconf 93' lang='lat' dir='ltr'><strong>duo</strong></span> <span class='ocrx_word' id='word_1_447' title='bbox 2445 2877 2596 2933; x_wconf 89' lang='lat' dir='ltr'><strong>sunt,</strong></span> <span class='ocrx_word' id='word_1_448' title='bbox 2624 2875 2680 2922; x_wconf 90' lang='lat' dir='ltr'><strong>et</strong></span> <span class='ocrx_word' id='word_1_449' title='bbox 2707 2865 2815 2921; x_wconf 92' lang='lat' dir='ltr'><strong>duo</strong></span> <span class='ocrx_word' id='word_1_450' title='bbox 2844 2864 2979 2920; x_wconf 88' lang='lat' dir='ltr'><strong>festa</strong></span> <span class='ocrx_word' id='word_1_451' title='bbox 3011 2863 3322 2919; x_wconf 86' lang='lat' dir='ltr'><strong>hominum.</strong></span> 
     </span>
    </p>
   </div>
   <div class='ocr_carea' id='block_1_79' title="bbox 1897 2957 3496 3034">
    <p class='ocr_par' dir='ltr' id='par_1_79' title="bbox 1897 2957 3496 3034">
     <span class='ocr_line' id='line_1_79' title="bbox 1897 2957 3496 3034; baseline -0.009 -10"><span class='ocrx_word' id='word_1_452' title='bbox 1897 2967 2064 3024; x_wconf 87' lang='lat' dir='ltr'><strong>Sacra</strong></span> <span class='ocrx_word' id='word_1_453' title='bbox 2086 2965 2260 3033; x_wconf 86' lang='lat' dir='ltr'><strong>Jovis,</strong></span> <span class='ocrx_word' id='word_1_454' title='bbox 2296 2963 2614 3034; x_wconf 71' lang='lat' dir='ltr'><strong>Pbmbique,</strong></span> <span class='ocrx_word' id='word_1_455' title='bbox 2643 2959 2990 3027; x_wconf 67' lang='lat' dir='ltr'><strong>Palaemonis,</strong></span> <span class='ocrx_word' id='word_1_456' title='bbox 3021 2957 3458 3028; x_wconf 81' lang='lat' dir='ltr'><strong>Archemorique</strong></span> <span class='ocrx_word' id='word_1_457' title='bbox 3483 2971 3496 3010; x_wconf 67' lang='grc' dir='ltr'><strong>ς</strong></span> 
     </span>
    </p>
   </div>
   <div class='ocr_carea' id='block_1_80' title="bbox 1968 3052 3214 3129">
    <p class='ocr_par' dir='ltr' id='par_1_80' title="bbox 1968 3052 3214 3129">
     <span class='ocr_line' id='line_1_80' title="bbox 1968 3052 3214 3129; baseline -0.007 -14"><span class='ocrx_word' id='word_1_458' title='bbox 1968 3057 2128 3115; x_wconf 87' lang='lat' dir='ltr'><strong>Serta</strong></span> <span class='ocrx_word' id='word_1_459' title='bbox 2150 3057 2347 3129; x_wconf 88' lang='lat' dir='ltr'><strong>quibus</strong></span> <span class='ocrx_word' id='word_1_460' title='bbox 2374 3057 2557 3127; x_wconf 89' lang='lat' dir='ltr'><strong>pinus,</strong></span> <span class='ocrx_word' id='word_1_461' title='bbox 2590 3053 2788 3121; x_wconf 89' lang='lat' dir='ltr'><strong>malus,</strong></span> <span class='ocrx_word' id='word_1_462' title='bbox 2819 3053 2983 3120; x_wconf 89' lang='lat' dir='ltr'><strong>oliva,</strong></span> <span class='ocrx_word' id='word_1_463' title='bbox 3008 3052 3214 3125; x_wconf 90' lang='lat' dir='ltr'><strong>apium.</strong></span> 
     </span>
    </p>
   </div>
   <div class='ocr_carea' id='block_1_81' title="bbox 2440 3238 2968 3310">
    <p class='ocr_par' dir='ltr' id='par_1_81' title="bbox 2440 3238 2968 3310">
     <span class='ocr_line' id='line_1_81' title="bbox 2440 3238 2968 3310; baseline -0.004 -18"><span class='ocrx_word' id='word_1_464' title='bbox 2440 3238 2521 3294; x_wconf 87' lang='lat' dir='ltr'><strong>De</strong></span> <span class='ocrx_word' id='word_1_465' title='bbox 2549 3239 2682 3294; x_wconf 79' lang='lat' dir='ltr'><strong>locis</strong></span> <span class='ocrx_word' id='word_1_466' title='bbox 2718 3253 2968 3310; x_wconf 83' lang='lat' dir='ltr'><strong>agonum.</strong></span> 
     </span>
    </p>
   </div>
   <div class='ocr_carea' id='block_1_82' title="bbox 1899 3351 3295 3428">
    <p class='ocr_par' dir='ltr' id='par_1_82' title="bbox 1899 3351 3295 3428">
     <span class='ocr_line' id='line_1_82' title="bbox 1899 3351 3295 3428; baseline -0.009 -11"><span class='ocrx_word' id='word_1_467' title='bbox 1899 3360 2079 3418; x_wconf 90' lang='lat' dir='ltr'><strong>Prima</strong></span> <span class='ocrx_word' id='word_1_468' title='bbox 2103 3357 2224 3415; x_wconf 84' lang='lat' dir='ltr'><strong>Jovi</strong></span> <span class='ocrx_word' id='word_1_469' title='bbox 2257 3371 2456 3428; x_wconf 86' lang='lat' dir='ltr'><strong>magno</strong></span> <span class='ocrx_word' id='word_1_470' title='bbox 2479 3354 2826 3410; x_wconf 87' lang='lat' dir='ltr'><strong>celebrantur</strong></span> <span class='ocrx_word' id='word_1_471' title='bbox 2853 3351 3104 3423; x_wconf 86' lang='lat' dir='ltr'><strong>Olympia</strong></span> <span class='ocrx_word' id='word_1_472' title='bbox 3136 3351 3295 3408; x_wconf 71' lang='lat' dir='ltr'><strong>Pism.</strong></span> 
     </span>
    </p>
   </div>
   <div class='ocr_carea' id='block_1_83' title="bbox 1898 3444 3174 3519">
    <p class='ocr_par' dir='ltr' id='par_1_83' title="bbox 1898 3444 3174 3519">
     <span class='ocr_line' id='line_1_83' title="bbox 1898 3444 3174 3519; baseline -0.007 -10"><span class='ocrx_word' id='word_1_473' title='bbox 1898 3455 2206 3510; x_wconf 88' lang='lat' dir='ltr'><strong>Parnassus</strong></span> <span class='ocrx_word' id='word_1_474' title='bbox 2234 3450 2420 3507; x_wconf 88' lang='lat' dir='ltr'><strong>Clario</strong></span> <span class='ocrx_word' id='word_1_475' title='bbox 2448 3448 2688 3504; x_wconf 85' lang='lat' dir='ltr'><strong>sacravit</strong></span> <span class='ocrx_word' id='word_1_476' title='bbox 2717 3446 2914 3519; x_wconf 85' lang='lat' dir='ltr'><strong>Pythia</strong></span> <span class='ocrx_word' id='word_1_477' title='bbox 2945 3444 3174 3503; x_wconf 87' lang='lat' dir='ltr'><strong>Phoebo.</strong></span> 
     </span>
    </p>
   </div>
   <div class='ocr_carea' id='block_1_84' title="bbox 1898 3536 3294 3601">
    <p class='ocr_par' dir='ltr' id='par_1_84' title="bbox 1898 3536 3294 3601">
     <span class='ocr_line' id='line_1_84' title="bbox 1898 3536 3294 3601; baseline -0.008 0"><span class='ocrx_word' id='word_1_478' title='bbox 1898 3545 2125 3601; x_wconf 85' lang='lat' dir='ltr'><strong>Isthmia</strong></span> <span class='ocrx_word' id='word_1_479' title='bbox 2160 3543 2406 3598; x_wconf 90' lang='lat' dir='ltr'><strong>Portuno</strong></span> <span class='ocrx_word' id='word_1_480' title='bbox 2434 3541 2658 3597; x_wconf 90' lang='lat' dir='ltr'><strong>bimaris</strong></span> <span class='ocrx_word' id='word_1_481' title='bbox 2688 3540 2835 3595; x_wconf 90' lang='lat' dir='ltr'><strong>dicat</strong></span> <span class='ocrx_word' id='word_1_482' title='bbox 2873 3546 2991 3595; x_wconf 88' lang='lat' dir='ltr'><strong>acta</strong></span> <span class='ocrx_word' id='word_1_483' title='bbox 3022 3536 3294 3594; x_wconf 90' lang='lat' dir='ltr'><strong>Corinthi.</strong></span> 
     </span>
    </p>
   </div>
   <div class='ocr_carea' id='block_1_85' title="bbox 1846 3630 3262 3697">
    <p class='ocr_par' dir='ltr' id='par_1_85' title="bbox 1846 3630 3262 3697">
     <span class='ocr_line' id='line_1_85' title="bbox 1846 3630 3262 3697; baseline -0.008 -1"><span class='ocrx_word' id='word_1_484' title='bbox 1846 3685 1853 3690; x_wconf 91' lang='lat'><strong>.</strong></span> <span class='ocrx_word' id='word_1_485' title='bbox 1900 3637 2229 3697; x_wconf 84' lang='lat' dir='ltr'><strong>Archemori</strong></span> <span class='ocrx_word' id='word_1_486' title='bbox 2262 3635 2513 3692; x_wconf 62' lang='lat' dir='ltr'><strong>Nemeaea</strong></span> <span class='ocrx_word' id='word_1_487' title='bbox 2543 3634 2732 3689; x_wconf 91' lang='lat' dir='ltr'><strong>colunt</strong></span> <span class='ocrx_word' id='word_1_488' title='bbox 2759 3631 3005 3688; x_wconf 85' lang='lat' dir='ltr'><strong>funebria</strong></span> <span class='ocrx_word' id='word_1_489' title='bbox 3038 3630 3262 3687; x_wconf 79' lang='lat' dir='ltr'><strong>Thebae.</strong></span> 
     </span>
    </p>
   </div>
   <div class='ocr_carea' id='block_1_86' title="bbox 2359 3819 3042 3892">
    <p class='ocr_par' dir='ltr' id='par_1_86' title="bbox 2359 3819 3042 3892">
     <span class='ocr_line' id='line_1_86' title="bbox 2359 3819 3042 3892; baseline -0.007 -16"><span class='ocrx_word' id='word_1_490' title='bbox 2359 3821 2437 3877; x_wconf 89' lang='lat' dir='ltr'><strong>De</strong></span> <span class='ocrx_word' id='word_1_491' title='bbox 2457 3819 2760 3875; x_wconf 85' lang='lat' dir='ltr'><strong>auctoribus</strong></span> <span class='ocrx_word' id='word_1_492' title='bbox 2796 3835 3042 3892; x_wconf 87' lang='lat' dir='ltr'><strong>agonum.</strong></span> 
     </span>
    </p>
   </div>
   <div class='ocr_carea' id='block_1_87' title="bbox 1903 3932 3141 4010">
    <p class='ocr_par' dir='ltr' id='par_1_87' title="bbox 1903 3932 3141 4010">
     <span class='ocr_line' id='line_1_87' title="bbox 1903 3932 3141 4010; baseline -0.011 -13"><span class='ocrx_word' id='word_1_493' title='bbox 1903 3940 2126 3998; x_wconf 92' lang='lat' dir='ltr'><strong>Primus</strong></span> <span class='ocrx_word' id='word_1_494' title='bbox 2144 3937 2478 4010; x_wconf 69' lang='lat' dir='ltr'><strong>Olympiacae</strong></span> <span class='ocrx_word' id='word_1_495' title='bbox 2499 3933 2734 3990; x_wconf 89' lang='lat' dir='ltr'><strong>sacravit</strong></span> <span class='ocrx_word' id='word_1_496' title='bbox 2762 3932 2900 3988; x_wconf 91' lang='lat' dir='ltr'><strong>festa</strong></span> <span class='ocrx_word' id='word_1_497' title='bbox 2920 3944 3141 3988; x_wconf 63' lang='lat' dir='ltr'><strong>coronae</strong></span> 
     </span>
    </p>
   </div>
   <div class='ocr_carea' id='block_1_88' title="bbox 1903 4027 3148 4109">
    <p class='ocr_par' dir='ltr' id='par_1_88' title="bbox 1903 4027 3148 4109">
     <span class='ocr_line' id='line_1_88' title="bbox 1903 4027 3148 4109; baseline -0.009 -16"><span class='ocrx_word' id='word_1_498' title='bbox 1903 4037 2113 4109; x_wconf 79' lang='lat' dir='ltr'><strong>Jupiter</strong></span> <span class='ocrx_word' id='word_1_499' title='bbox 2135 4035 2319 4106; x_wconf 85' lang='lat' dir='ltr'><strong>Argivi</strong></span> <span class='ocrx_word' id='word_1_500' title='bbox 2345 4033 2520 4088; x_wconf 89' lang='lat' dir='ltr'><strong>stadia</strong></span> <span class='ocrx_word' id='word_1_501' title='bbox 2547 4030 2614 4087; x_wconf 91' lang='lat' dir='ltr'><strong>ad</strong></span> <span class='ocrx_word' id='word_1_502' title='bbox 2644 4029 2959 4099; x_wconf 88' lang='lat' dir='ltr'><strong>longissima</strong></span> <span class='ocrx_word' id='word_1_503' title='bbox 2980 4027 3148 4082; x_wconf 87' lang='lat' dir='ltr'><strong>Circi.</strong></span> 
     </span>
    </p>
   </div>
   <div class='ocr_carea' id='block_1_89' title="bbox 1908 4122 3246 4190">
    <p class='ocr_par' dir='ltr' id='par_1_89' title="bbox 1908 4122 3246 4190">
     <span class='ocr_line' id='line_1_89' title="bbox 1908 4122 3246 4190; baseline -0.012 0"><span class='ocrx_word' id='word_1_504' title='bbox 1908 4133 2196 4190; x_wconf 83' lang='lat' dir='ltr'><strong>Proximus</strong></span> <span class='ocrx_word' id='word_1_505' title='bbox 2221 4129 2440 4186; x_wconf 82' lang='lat' dir='ltr'><strong>Alcides</strong></span> <span class='ocrx_word' id='word_1_506' title='bbox 2467 4126 2684 4183; x_wconf 62' lang='lat' dir='ltr'><strong>Nemeae</strong></span> <span class='ocrx_word' id='word_1_507' title='bbox 2703 4122 2939 4179; x_wconf 87' lang='lat' dir='ltr'><strong>sacravit</strong></span> <span class='ocrx_word' id='word_1_508' title='bbox 2958 4122 3246 4177; x_wconf 89' lang='lat' dir='ltr'><strong>honorem.</strong></span> 
     </span>
    </p>
   </div>
   <div class='ocr_carea' id='block_1_90' title="bbox 1907 4210 3504 4296">
    <p class='ocr_par' dir='ltr' id='par_1_90' title="bbox 1907 4210 3504 4296">
     <span class='ocr_line' id='line_1_90' title="bbox 1907 4210 3504 4296; baseline -0.011 -14"><span class='ocrx_word' id='word_1_509' title='bbox 1907 4227 2036 4282; x_wconf 66' lang='lat' dir='ltr'><strong>llatc</strong></span> <span class='ocrx_word' id='word_1_510' title='bbox 2061 4238 2280 4296; x_wconf 91' lang='lat' dir='ltr'><strong>quoque</strong></span> <span class='ocrx_word' id='word_1_511' title='bbox 2313 4220 2646 4293; x_wconf 79' lang='lat' dir='ltr'><strong>temporibus</strong></span> <span class='ocrx_word' id='word_1_512' title='bbox 2669 4217 3039 4289; x_wconf 88' lang='lat' dir='ltr'><strong>quinquennia</strong></span> <span class='ocrx_word' id='word_1_513' title='bbox 3063 4229 3218 4269; x_wconf 88' lang='lat' dir='ltr'><strong>sacra</strong></span> <span class='ocrx_word' id='word_1_514' title='bbox 3249 4210 3504 4269; x_wconf 87' lang='lat' dir='ltr'><strong>notandis</strong></span> 
     </span>
    </p>
   </div>
   <div class='ocr_carea' id='block_1_91' title="bbox 1905 4307 3308 4388">
    <p class='ocr_par' dir='ltr' id='par_1_91' title="bbox 1905 4307 3308 4388">
     <span class='ocr_line' id='line_1_91' title="bbox 1905 4307 3308 4388; baseline -0.011 -13"><span class='ocrx_word' id='word_1_515' title='bbox 1905 4319 2128 4375; x_wconf 87' lang='lat' dir='ltr'><strong>lsthmia</strong></span> <span class='ocrx_word' id='word_1_516' title='bbox 2151 4316 2404 4388; x_wconf 91' lang='lat' dir='ltr'><strong>Neptuno</strong></span> <span class='ocrx_word' id='word_1_517' title='bbox 2428 4315 2553 4369; x_wconf 86' lang='lat' dir='ltr'><strong>data</strong></span> <span class='ocrx_word' id='word_1_518' title='bbox 2584 4319 2732 4382; x_wconf 87' lang='lat' dir='ltr'><strong>sunt,</strong></span> <span class='ocrx_word' id='word_1_519' title='bbox 2765 4309 3030 4382; x_wconf 85' lang='lat' dir='ltr'><strong>eththia</strong></span> <span class='ocrx_word' id='word_1_520' title='bbox 3064 4307 3308 4374; x_wconf 78' lang='lat' dir='ltr'><strong>Pbmbo,</strong></span> 
     </span>
    </p>
   </div>
   <div class='ocr_carea' id='block_1_92' title="bbox 1911 4402 3331 4485">
    <p class='ocr_par' dir='ltr' id='par_1_92' title="bbox 1911 4402 3331 4485">
     <span class='ocr_line' id='line_1_92' title="bbox 1911 4402 3331 4485; baseline -0.009 -15"><span class='ocrx_word' id='word_1_521' title='bbox 1911 4413 2148 4485; x_wconf 85' lang='lat' dir='ltr'><strong>Ancipiti</strong></span> <span class='ocrx_word' id='word_1_522' title='bbox 2196 4411 2342 4467; x_wconf 90' lang='lat' dir='ltr'><strong>cultu</strong></span> <span class='ocrx_word' id='word_1_523' title='bbox 2375 4410 2620 4465; x_wconf 89' lang='lat' dir='ltr'><strong>divorum</strong></span> <span class='ocrx_word' id='word_1_524' title='bbox 2653 4407 3048 4476; x_wconf 89' lang='lat' dir='ltr'><strong>hominumque</strong></span> <span class='ocrx_word' id='word_1_525' title='bbox 3077 4402 3331 4476; x_wconf 91' lang='lat' dir='ltr'><strong>sepultis.</strong></span> 
     </span>
    </p>
   </div>
   <div class='ocr_carea' id='block_1_93' title="bbox 2933 4529 2962 4542">
    <p class='ocr_par' dir='ltr' id='par_1_93' title="bbox 2933 4529 2962 4542">
     <span class='ocr_line' id='line_1_93' title="bbox 2933 4529 2962 4542; baseline 0 -2"><span class='ocrx_word' id='word_1_526' title='bbox 2933 4529 2962 4542; x_wconf 51' lang='grc' dir='ltr'><strong><em>η</em></strong></span> 
     </span>
    </p>
   </div>
   <div class='ocr_carea' id='block_1_94' title="bbox 2017 4585 3407 4666">
    <p class='ocr_par' dir='ltr' id='par_1_94' title="bbox 2017 4585 3407 4666">
     <span class='ocr_line' id='line_1_94' title="bbox 2017 4585 3407 4666; baseline -0.011 -13"><span class='ocrx_word' id='word_1_527' title='bbox 2017 4598 2169 4666; x_wconf 83' lang='lat' dir='ltr'><strong>Quod</strong></span> <span class='ocrx_word' id='word_1_528' title='bbox 2194 4594 2377 4662; x_wconf 80' lang='lat' dir='ltr'><strong>iidem,</strong></span> <span class='ocrx_word' id='word_1_529' title='bbox 2403 4593 2489 4664; x_wconf 80' lang='lat' dir='ltr'><strong>qui</strong></span> <span class='ocrx_word' id='word_1_530' title='bbox 2513 4592 2652 4666; x_wconf 68' lang='lat' dir='ltr'><strong>sacri</strong></span> <span class='ocrx_word' id='word_1_531' title='bbox 2682 4605 2873 4666; x_wconf 82' lang='lat' dir='ltr'><strong>agones</strong></span> <span class='ocrx_word' id='word_1_532' title='bbox 2900 4597 3049 4655; x_wconf 82' lang='lat' dir='ltr'><strong>sunt,</strong></span> <span class='ocrx_word' id='word_1_533' title='bbox 3087 4595 3135 4640; x_wconf 87' lang='lat' dir='ltr'><strong>et</strong></span> <span class='ocrx_word' id='word_1_534' title='bbox 3163 4585 3407 4656; x_wconf 78' lang='lat' dir='ltr'><strong>funebres</strong></span> 
     </span>
    </p>
   </div>
   <div class='ocr_carea' id='block_1_95' title="bbox 2480 4663 2933 4721">
    <p class='ocr_par' dir='ltr' id='par_1_95' title="bbox 2480 4663 2933 4721">
     <span class='ocr_line' id='line_1_95' title="bbox 2480 4663 2933 4721; baseline -0.015 0"><span class='ocrx_word' id='word_1_535' title='bbox 2480 4664 2590 4721; x_wconf 83' lang='lat' dir='ltr'><strong>ludi</strong></span> <span class='ocrx_word' id='word_1_536' title='bbox 2624 4663 2933 4717; x_wconf 85' lang='lat' dir='ltr'><strong>habeantur.</strong></span> 
     </span>
    </p>
   </div>
   <div class='ocr_carea' id='block_1_96' title="bbox 1910 4774 3364 4854">
    <p class='ocr_par' dir='ltr' id='par_1_96' title="bbox 1910 4774 3364 4854">
     <span class='ocr_line' id='line_1_96' title="bbox 1910 4774 3364 4854; baseline -0.011 -11"><span class='ocrx_word' id='word_1_537' title='bbox 1910 4785 2208 4844; x_wconf 80' lang='lat' dir='ltr'><strong>Tantalidzc</strong></span> <span class='ocrx_word' id='word_1_538' title='bbox 2241 4782 2429 4854; x_wconf 87' lang='lat' dir='ltr'><strong>Pelopi</strong></span> <span class='ocrx_word' id='word_1_539' title='bbox 2459 4790 2714 4837; x_wconf 72' lang='lat' dir='ltr'><strong>mmstutn</strong></span> <span class='ocrx_word' id='word_1_540' title='bbox 2746 4777 2892 4833; x_wconf 92' lang='lat' dir='ltr'><strong>dicat</strong></span> <span class='ocrx_word' id='word_1_541' title='bbox 2934 4775 3046 4831; x_wconf 81' lang='lat' dir='ltr'><strong>Elis</strong></span> <span class='ocrx_word' id='word_1_542' title='bbox 3079 4774 3364 4829; x_wconf 89' lang='lat' dir='ltr'><strong>honorem.</strong></span> 
     </span>
    </p>
   </div>
   <div class='ocr_carea' id='block_1_97' title="bbox 1909 4867 3404 4941">
    <p class='ocr_par' dir='ltr' id='par_1_97' title="bbox 1909 4867 3404 4941">
     <span class='ocr_line' id='line_1_97' title="bbox 1909 4867 3404 4941; baseline -0.013 -4"><span class='ocrx_word' id='word_1_543' title='bbox 1909 4878 2233 4937; x_wconf 86' lang='lat' dir='ltr'><strong>Archemori</strong></span> <span class='ocrx_word' id='word_1_544' title='bbox 2264 4877 2512 4934; x_wconf 69' lang='lat' dir='ltr'><strong>Nemeaza</strong></span> <span class='ocrx_word' id='word_1_545' title='bbox 2555 4874 2741 4930; x_wconf 90' lang='lat' dir='ltr'><strong>colunt</strong></span> <span class='ocrx_word' id='word_1_546' title='bbox 2777 4869 3146 4941; x_wconf 87' lang='lat' dir='ltr'><strong>quinquennia</strong></span> <span class='ocrx_word' id='word_1_547' title='bbox 3178 4867 3404 4924; x_wconf 68' lang='lat' dir='ltr'><strong>Thebaa.</strong></span> 
     </span>
    </p>
   </div>
   <div class='ocr_carea' id='block_1_98' title="bbox 1912 4969 3330 5036">
    <p class='ocr_par' dir='ltr' id='par_1_98' title="bbox 1912 4969 3330 5036">
     <span class='ocr_line' id='line_1_98' title="bbox 1912 4969 3330 5036; baseline -0.008 -4"><span class='ocrx_word' id='word_1_548' title='bbox 1912 4975 2136 5032; x_wconf 88' lang='lat' dir='ltr'><strong>lstlnnia</strong></span> <span class='ocrx_word' id='word_1_549' title='bbox 2165 4974 2428 5031; x_wconf 91' lang='lat' dir='ltr'><strong>defuncto</strong></span> <span class='ocrx_word' id='word_1_550' title='bbox 2454 4973 2730 5030; x_wconf 86' lang='lat' dir='ltr'><strong>celebrata</strong></span> <span class='ocrx_word' id='word_1_551' title='bbox 2755 4969 3092 5036; x_wconf 72' lang='lat' dir='ltr'><strong>Palmmoue,</strong></span> <span class='ocrx_word' id='word_1_552' title='bbox 3119 4976 3330 5022; x_wconf 89' lang='lat' dir='ltr'><strong>notum.</strong></span> 
     </span>
    </p>
   </div>
   <div class='ocr_carea' id='block_1_99' title="bbox 1915 5060 3198 5140">
    <p class='ocr_par' dir='ltr' id='par_1_99' title="bbox 1915 5060 3198 5140">
     <span class='ocr_line' id='line_1_99' title="bbox 1915 5060 3198 5140; baseline -0.008 -17"><span class='ocrx_word' id='word_1_553' title='bbox 1915 5068 2107 5140; x_wconf 88' lang='lat' dir='ltr'><strong>Pythia</strong></span> <span class='ocrx_word' id='word_1_554' title='bbox 2141 5066 2411 5139; x_wconf 85' lang='lat' dir='ltr'><strong>placando</strong></span> <span class='ocrx_word' id='word_1_555' title='bbox 2436 5064 2627 5136; x_wconf 89' lang='lat' dir='ltr'><strong>Delphi</strong></span> <span class='ocrx_word' id='word_1_556' title='bbox 2661 5071 2907 5118; x_wconf 89' lang='lat' dir='ltr'><strong>statuere</strong></span> <span class='ocrx_word' id='word_1_557' title='bbox 2943 5060 3198 5115; x_wconf 88' lang='lat' dir='ltr'><strong>Draconi.</strong></span> 
     </span>
    </p>
   </div>
   <div class='ocr_carea' id='block_1_100' title="bbox 1203 5309 2506 5398">
    <p class='ocr_par' dir='ltr' id='par_1_100' title="bbox 1203 5309 2506 5398">
     <span class='ocr_line' id='line_1_100' title="bbox 1203 5309 2506 5398; baseline -0.001 -6"><span class='ocrx_word' id='word_1_558' title='bbox 1203 5309 2049 5398; x_wconf 82' lang='lat' dir='ltr'><strong>EPISTOLARUM</strong></span> <span class='ocrx_word' id='word_1_559' title='bbox 2124 5309 2506 5394; x_wconf 81' lang='lat' dir='ltr'><strong>LIBER.</strong></span> 
     </span>
    </p>
   </div>
   <div class='ocr_carea' id='block_1_101' title="bbox 799 5446 1210 5503">
    <p class='ocr_par' dir='ltr' id='par_1_101' title="bbox 799 5446 1210 5503">
     <span class='ocr_line' id='line_1_101' title="bbox 799 5446 1210 5503; baseline 0.005 -2"><span class='ocrx_word' id='word_1_560' title='bbox 799 5446 1130 5503; x_wconf 80' lang='lat' dir='ltr'><strong>EPISTULA</strong></span> <span class='ocrx_word' id='word_1_561' title='bbox 1172 5447 1210 5503; x_wconf 91' lang='grc' dir='ltr'><strong>Ι.</strong></span> 
     </span>
    </p>
   </div>
   <div class='ocr_carea' id='block_1_102' title="bbox 315 5581 1590 5657">
    <p class='ocr_par' dir='ltr' id='par_1_102' title="bbox 315 5581 1590 5657">
     <span class='ocr_line' id='line_1_102' title="bbox 315 5581 1590 5657; baseline 0.005 -20"><span class='ocrx_word' id='word_1_562' title='bbox 315 5597 320 5600; x_wconf 91' lang='grc'><strong>·</strong></span> <span class='ocrx_word' id='word_1_563' title='bbox 417 5581 685 5639; x_wconf 78' lang='lat' dir='ltr'><strong>AUSONIUS</strong></span> <span class='ocrx_word' id='word_1_564' title='bbox 720 5585 789 5638; x_wconf 84' lang='lat' dir='ltr'><strong>ad</strong></span> <span class='ocrx_word' id='word_1_565' title='bbox 826 5600 1039 5640; x_wconf 62' lang='lat' dir='ltr'><strong>parum</strong></span> <span class='ocrx_word' id='word_1_566' title='bbox 1077 5586 1141 5640; x_wconf 88' lang='lat' dir='ltr'><strong>de</strong></span> <span class='ocrx_word' id='word_1_567' title='bbox 1174 5596 1411 5657; x_wconf 76' lang='lat' dir='ltr'><strong>suscepto</strong></span> <span class='ocrx_word' id='word_1_568' title='bbox 1460 5587 1590 5656; x_wconf 80' lang='lat' dir='ltr'><strong>ﬁlio.</strong></span> 
     </span>
    </p>
   </div>
   <div class='ocr_carea' id='block_1_103' title="bbox 205 5717 1504 5793">
    <p class='ocr_par' dir='ltr' id='par_1_103' title="bbox 205 5717 1504 5793">
     <span class='ocr_line' id='line_1_103' title="bbox 205 5717 1504 5793; baseline 0.005 -20"><span class='ocrx_word' id='word_1_569' title='bbox 205 5717 557 5776; x_wconf 86' lang='lat' dir='ltr'><strong>Credideram</strong></span> <span class='ocrx_word' id='word_1_570' title='bbox 587 5721 662 5774; x_wconf 89' lang='lat' dir='ltr'><strong>nil</strong></span> <span class='ocrx_word' id='word_1_571' title='bbox 691 5736 856 5790; x_wconf 74' lang='lat' dir='ltr'><strong>posse</strong></span> <span class='ocrx_word' id='word_1_572' title='bbox 885 5723 1024 5778; x_wconf 85' lang='lat' dir='ltr'><strong>tneis</strong></span> <span class='ocrx_word' id='word_1_573' title='bbox 1048 5723 1334 5780; x_wconf 74' lang='lat' dir='ltr'><strong>affectibus</strong></span> <span class='ocrx_word' id='word_1_574' title='bbox 1356 5724 1504 5793; x_wconf 85' lang='lat' dir='ltr'><strong>addi,</strong></span> 
     </span>
    </p>
   </div>
   <div class='ocr_carea' id='block_1_104' title="bbox 274 5814 1518 5889">
    <p class='ocr_par' dir='ltr' id='par_1_104' title="bbox 274 5814 1518 5889">
     <span class='ocr_line' id='line_1_104' title="bbox 274 5814 1518 5889; baseline 0.006 -22"><span class='ocrx_word' id='word_1_575' title='bbox 274 5814 416 5883; x_wconf 83' lang='lat' dir='ltr'><strong>Quo,</strong></span> <span class='ocrx_word' id='word_1_576' title='bbox 452 5814 767 5870; x_wconf 84' lang='lat' dir='ltr'><strong>venerande</strong></span> <span class='ocrx_word' id='word_1_577' title='bbox 798 5822 972 5885; x_wconf 85' lang='lat' dir='ltr'><strong>pater,</strong></span> <span class='ocrx_word' id='word_1_578' title='bbox 997 5815 1293 5886; x_wconf 77' lang='lat' dir='ltr'><strong>diligerere</strong></span> <span class='ocrx_word' id='word_1_579' title='bbox 1325 5819 1518 5889; x_wconf 84' lang='lat' dir='ltr'><strong>magis.</strong></span> 
     </span>
    </p>
   </div>
   <div class='ocr_carea' id='block_1_105' title="bbox 1918 5449 3249 5522">
    <p class='ocr_par' dir='ltr' id='par_1_105' title="bbox 1918 5449 3249 5522">
     <span class='ocr_line' id='line_1_105' title="bbox 1918 5449 3249 5522; baseline -0.005 -13"><span class='ocrx_word' id='word_1_580' title='bbox 1918 5452 2164 5510; x_wconf 86' lang='lat' dir='ltr'><strong>Accessit</strong></span> <span class='ocrx_word' id='word_1_581' title='bbox 2186 5453 2396 5522; x_wconf 85' lang='lat' dir='ltr'><strong>(grates</strong></span> <span class='ocrx_word' id='word_1_582' title='bbox 2431 5451 2670 5522; x_wconf 86' lang='lat' dir='ltr'><strong>superis,</strong></span> <span class='ocrx_word' id='word_1_583' title='bbox 2705 5451 2993 5522; x_wconf 87' lang='lat' dir='ltr'><strong>medioque</strong></span> <span class='ocrx_word' id='word_1_584' title='bbox 3023 5449 3204 5520; x_wconf 91' lang='lat' dir='ltr'><strong>nepoti</strong></span> <span class='ocrx_word' id='word_1_585' title='bbox 3232 5490 3249 5518; x_wconf 87' lang='lat'><strong>,</strong></span> 
     </span>
    </p>
   </div>
   <div class='ocr_carea' id='block_1_106' title="bbox 1987 5545 3167 5617">
    <p class='ocr_par' dir='ltr' id='par_1_106' title="bbox 1987 5545 3167 5617">
     <span class='ocr_line' id='line_1_106' title="bbox 1987 5545 3167 5617; baseline -0.002 -17"><span class='ocrx_word' id='word_1_586' title='bbox 1987 5546 2122 5600; x_wconf 86' lang='lat' dir='ltr'><strong>Bina</strong></span> <span class='ocrx_word' id='word_1_587' title='bbox 2150 5545 2304 5601; x_wconf 92' lang='lat' dir='ltr'><strong>dedit</strong></span> <span class='ocrx_word' id='word_1_588' title='bbox 2332 5546 2534 5600; x_wconf 86' lang='lat' dir='ltr'><strong>nostris</strong></span> <span class='ocrx_word' id='word_1_589' title='bbox 2565 5547 2656 5616; x_wconf 91' lang='lat' dir='ltr'><strong>qui</strong></span> <span class='ocrx_word' id='word_1_590' title='bbox 2682 5546 2804 5617; x_wconf 87' lang='lat' dir='ltr'><strong>juga</strong></span> <span class='ocrx_word' id='word_1_591' title='bbox 2835 5545 3167 5601; x_wconf 90' lang='lat' dir='ltr'><strong>nominibus.</strong></span> 
     </span>
    </p>
   </div>
   <div class='ocr_carea' id='block_1_107' title="bbox 1913 5635 3255 5706">
    <p class='ocr_par' dir='ltr' id='par_1_107' title="bbox 1913 5635 3255 5706">
     <span class='ocr_line' id='line_1_107' title="bbox 1913 5635 3255 5706; baseline -0.001 -14"><span class='ocrx_word' id='word_1_592' title='bbox 1913 5636 2043 5706; x_wconf 83' lang='lat' dir='ltr'><strong>Ipse</strong></span> <span class='ocrx_word' id='word_1_593' title='bbox 2075 5651 2243 5706; x_wconf 88' lang='lat' dir='ltr'><strong>nepos</strong></span> <span class='ocrx_word' id='word_1_594' title='bbox 2271 5644 2324 5692; x_wconf 89' lang='lat' dir='ltr'><strong>te</strong></span> <span class='ocrx_word' id='word_1_595' title='bbox 2356 5637 2482 5692; x_wconf 89' lang='lat' dir='ltr'><strong>fecit</strong></span> <span class='ocrx_word' id='word_1_596' title='bbox 2510 5653 2672 5693; x_wconf 89' lang='lat' dir='ltr'><strong>avum</strong></span> <span class='ocrx_word' id='word_1_597' title='bbox 2702 5657 2713 5691; x_wconf 92' lang='lat'>:</span> <span class='ocrx_word' id='word_1_598' title='bbox 2747 5636 2881 5691; x_wconf 89' lang='lat' dir='ltr'><strong>mihi</strong></span> <span class='ocrx_word' id='word_1_599' title='bbox 2907 5636 3047 5691; x_wconf 90' lang='lat' dir='ltr'><strong>lilius</strong></span> <span class='ocrx_word' id='word_1_600' title='bbox 3075 5635 3218 5690; x_wconf 92' lang='lat' dir='ltr'><strong>idem</strong></span> <span class='ocrx_word' id='word_1_601' title='bbox 3239 5675 3255 5701; x_wconf 89' lang='lat'><strong>,</strong></span> 
     </span>
    </p>
   </div>
   <div class='ocr_carea' id='block_1_108' title="bbox 1987 5729 3406 5803">
    <p class='ocr_par' dir='ltr' id='par_1_108' title="bbox 1987 5729 3406 5803">
     <span class='ocr_line' id='line_1_108' title="bbox 1987 5729 3406 5803; baseline 0 -17"><span class='ocrx_word' id='word_1_602' title='bbox 1987 5732 2056 5786; x_wconf 85' lang='lat' dir='ltr'><strong>Et</strong></span> <span class='ocrx_word' id='word_1_603' title='bbox 2087 5732 2180 5786; x_wconf 92' lang='lat' dir='ltr'><strong>tibi</strong></span> <span class='ocrx_word' id='word_1_604' title='bbox 2209 5747 2312 5803; x_wconf 86' lang='lat' dir='ltr'><strong>ego</strong></span> <span class='ocrx_word' id='word_1_605' title='bbox 2345 5751 2356 5786; x_wconf 88' lang='lat'><strong>:</strong></span> <span class='ocrx_word' id='word_1_606' title='bbox 2389 5731 2488 5787; x_wconf 90' lang='lat' dir='ltr'><strong>hoc</strong></span> <span class='ocrx_word' id='word_1_607' title='bbox 2521 5743 2649 5786; x_wconf 87' lang='lat' dir='ltr'><strong>nato</strong></span> <span class='ocrx_word' id='word_1_608' title='bbox 2674 5745 2774 5786; x_wconf 90' lang='lat' dir='ltr'><strong>nos</strong></span> <span class='ocrx_word' id='word_1_609' title='bbox 2795 5746 2980 5785; x_wconf 91' lang='lat' dir='ltr'><strong>sumus</strong></span> <span class='ocrx_word' id='word_1_610' title='bbox 3016 5729 3176 5784; x_wconf 75' lang='lat' dir='ltr'><strong>ambo</strong></span> <span class='ocrx_word' id='word_1_611' title='bbox 3207 5739 3406 5800; x_wconf 89' lang='lat' dir='ltr'><strong>patres.</strong></span> 
     </span>
    </p>
   </div>
   <div class='ocr_carea' id='block_1_109' title="bbox 1915 5822 3393 5898">
    <p class='ocr_par' dir='ltr' id='par_1_109' title="bbox 1915 5822 3393 5898">
     <span class='ocr_line' id='line_1_109' title="bbox 1915 5822 3393 5898; baseline 0 -19"><span class='ocrx_word' id='word_1_612' title='bbox 1915 5823 2026 5879; x_wconf 85' lang='lat' dir='ltr'><strong>Nec</strong></span> <span class='ocrx_word' id='word_1_613' title='bbox 2051 5823 2164 5896; x_wconf 88' lang='lat' dir='ltr'><strong>jam</strong></span> <span class='ocrx_word' id='word_1_614' title='bbox 2197 5825 2313 5882; x_wconf 86' lang='lat' dir='ltr'><strong>sola</strong></span> <span class='ocrx_word' id='word_1_615' title='bbox 2346 5825 2478 5881; x_wconf 90' lang='lat' dir='ltr'><strong>mihi</strong></span> <span class='ocrx_word' id='word_1_616' title='bbox 2508 5826 2681 5898; x_wconf 89' lang='lat' dir='ltr'><strong>pictas</strong></span> <span class='ocrx_word' id='word_1_617' title='bbox 2712 5839 2834 5882; x_wconf 89' lang='lat' dir='ltr'><strong>mea</strong></span> <span class='ocrx_word' id='word_1_618' title='bbox 2864 5822 3057 5882; x_wconf 83' lang='lat' dir='ltr'><strong>suadet</strong></span> <span class='ocrx_word' id='word_1_619' title='bbox 3092 5839 3334 5883; x_wconf 87' lang='lat' dir='ltr'><strong>amorem</strong></span> <span class='ocrx_word' id='word_1_620' title='bbox 3363 5843 3393 5898; x_wconf 33' lang='grc' dir='ltr'><strong>ε,</strong></span> 
     </span>
    </p>
   </div>
  </div>
