3884 6322
381 330 487 383 illi”)

464 446 689 500 Nomine
724 452 772 497 te
802 441 997 513 gemini
1028 439 1136 507 jam
1167 432 1434 505 genitoris
1459 446 1604 483 amo.
1638 434 1652 497 )

395 541 643 603 Accessit
672 536 876 599 titulus,
912 542 993 585 tua
1022 546 1125 600 quo
1151 525 1456 582 reverentia
1486 533 1693 579 crescat
1721 540 1731 575 :

467 636 586 697 Quo
613 630 836 683 doceant
869 630 1076 683 natum,
1107 618 1234 689 quid
1266 617 1335 671 sit
1366 631 1550 670 amare
1580 626 1815 685 patrem.

396 726 441 795 Q
482 727 605 795 ippe
637 722 727 776 tibi
758 728 998 789 aequatus
1029 715 1240 783 videor,
1276 711 1419 784 quod
1454 712 1712 783 parvulus
1738 712 1841 765 isto

467 816 693 873 Nomine
723 814 1047 875 honoratum
1093 823 1179 863 me
1209 820 1424 877 quoque
1456 805 1745 861 nobilitat:

392 914 567 981 Atque
590 918 720 962 tetas
747 904 870 975 qui)
901 913 1083 957 nostra
1112 900 1304 957 eadem
1335 918 1347 955 :
1380 916 1505 955 nam
1538 898 1794 969 supparis
1816 898 1916 953 πενί

462 1002 589 1058 Sunt
626 1000 717 1053 tibi
750 1012 876 1066 ego,
908 1004 963 1050 et
994 1008 1215 1065 possum
1249 992 1437 1048 fratris
1482 992 1685 1047 habere
1717 992 1912 1046 vicem.

392 1095 501 1152 Nec
523 1102 727 1147 tantum
764 1086 967 1143 nostris
999 1088 1237 1157 spatium
1272 1085 1636 1154 interponitur
1663 1084 1853 1148 annis,

462 1186 670 1253 Quanta
701 1182 878 1237 solrnt
907 1179 1047 1234 alios
1076 1188 1323 1247 tempora
1352 1176 1622 1231 dividere.

394 1277 515 1335 Vidi
546 1290 676 1346 ergo
702 1273 909 1329 natales
938 1272 1162 1325 fratrum
1185 1272 1388 1325 distare
1415 1278 1492 1323 tot
1512 1269 1703 1337 anuis,

463 1370 606 1437 Quot
636 1374 872 1423 nostros.
907 1363 1105 1421 Erum
1132 1363 1351 1417 nomina
1387 1378 1493 1418 non
1526 1371 1779 1417 onerant.

392 1462 624 1520 Pulchra
646 1460 878 1531 juventa
913 1459 1005 1514 tibi
1039 1458 1248 1513 senium
1277 1457 1355 1513 sic
1397 1456 1595 1527 jungit,
1634 1464 1693 1510 ut
1722 1469 1920 1520 :evum,

465 1557 620 1627 Quod
650 1557 799 1625 prius
825 1562 928 1620 est,
964 1561 1182 1608 maneat
1211 1567 1225 1606 :
1261 1551 1401 1622 quod
1446 1550 1629 1619 modo,
1664 1559 1723 1604 ut
1750 1549 1993 1620 incipiat.

394 1652 465 1707 Et
497 1650 759 1720 placuisse
790 1663 914 1702 reor
934 1645 1465 1717 geministctattbus,
1499 1655 1554 1698 ut
1582 1659 1644 1699 se

466 1743 584 1800 Non
611 1742 867 1799 feSIinato
897 1754 1142 1811 tempore
1168 1748 1397 1809 utraque
1429 1740 1604 1794 daret.

392 1836 614 1893 Leniter
645 1835 763 1890 haec
794 1836 1004 1895 flueret,
1039 1833 1156 1887 hate
1188 1848 1294 1888 non
1322 1840 1611 1903 properata
1638 1831 1875 1897 veniret,

462 1930 721 1983 Maturata
755 1930 965 1997 lrugem
1010 1927 1146 1982 ﬂore
1178 1936 1433 1981 manente
1463 1924 1667 1981 ferens.

403 2026 585 2079 Annos
616 2039 701 2078 me
732 2022 943 2077 nescire
975 2030 1119 2089 tuos,
1156 2031 1310 2091 pater
1335 2021 1563 2091 Optime,
1600 2032 1768 2075 teetor
1800 2037 1814 2075 :

468 2118 677 2186 Totque
712 2129 896 2187 putare
925 2128 1071 2185 tuos,
1106 2123 1239 2186 quot
1270 2129 1395 2171 reor
1434 2130 1556 2170 esse
1586 2129 1755 2169 meos.

404 2209 623 2266 Nesciat
664 2208 765 2264 boc
789 2217 966 2275 natus,
999 2217 1251 2263 numeret
1282 2207 1661 2278 properantior
1691 2207 1889 2275 haeres,

471 2310 819 2364 Testamenta
846 2307 1037 2377 magis,
1068 2321 1230 2375 quant
1260 2304 1343 2375 pia
1378 2312 1499 2360 vota
1527 2303 1716 2360 fovens
1745 2322 1759 2363 :

398 2402 775 2472 Exemploque
807 2400 1007 2455 docens
1037 2415 1204 2469 pravo
1229 2400 1591 2469 juvenescerc
1620 2406 1775 2454 natos
1802 2440 1817 2464 ,

474 2494 539 2549 Ut
572 2494 949 2563 nolintpatres
974 2506 1273 2563 sequoque
1300 2491 1502 2546 habere
1535 2505 1719 2545 senes.

401 2588 604 2641 Verum
633 2602 733 2657 ego
768 2588 1026 2655 primaevo
1056 2586 1273 2654 genitus
1302 2584 1574 2654 genitore,
1608 2582 1818 2637 fatebor

471 2684 730 2752 Supparis
757 2679 875 2735 haec
904 2680 1005 2734 αξνὶ
1032 2686 1276 2748 tempora
1297 2686 1449 2749 grata
1484 2678 1636 2732 mihi.

402 2776 605 2837 Debeo,
632 2773 775 2844 quod
808 2783 986 2827 natus.
1006 2772 1211 2827 Snadet
1240 2775 1321 2840 pia
1350 2786 1478 2825 cura
1509 2770 1744 2839 nepotis,

472 2866 792 2921 Addcndntu
822 2865 981 2933 patri,
1016 2879 1124 2933 quo
1148 2874 1473 2916 veneremur
1500 2872 1683 2915 amnt.

398 2959 480 3013 Tu
506 2955 846 3030 quoquemui
876 2957 1110 3028 genitor,
1133 2953 1404 3026 geminata
1442 2951 1703 3009 vocabula
1726 2951 1921 3025 gaude,

479 3052 597 3107 Nati
636 3052 882 3121 primtevi
913 3050 1132 3105 nomine
1156 3046 1329 3103 factus
1358 3054 1511 3102 artis.

409 3146 698 3215 Exiguum,
730 3138 875 3214 quod
908 3154 1060 3197 avus.
1095 3142 1333 3196 Faveant
1362 3142 1445 3211 pia
1473 3139 1689 3194 numina
1713 3136 1923 3207 divum,

480 3239 661 3305 Deque
692 3247 889 3304 nepote
921 3251 1019 3290 suo
1053 3236 1143 3288 fiat
1171 3249 1305 3288 avus
1333 3237 1587 3303 proavus.

404 3332 626 3398 Largius
655 3337 709 3381 et
743 3338 995 3397 poterunt
1025 3321 1325 3396 producere
1360 3323 1465 3378 fati
1497 3333 1774 3379 senectam
1808 3342 1821 3377 :

481 3424 583 3476 Sed
621 3434 733 3475 rata
762 3434 879 3472 vota
907 3434 1050 3483 reor,
1080 3424 1197 3488 qua:
1230 3417 1511 3471 moderata
1542 3417 1731 3487 magis.

992 3548 1331 3607 EPISTULA
1366 3550 1430 3605 ll.

415 3649 570 3704 Pater
614 3651 682 3701 ad
735 3644 848 3715 ﬁliu
872 3663 938 3711 tt;
986 3663 1100 3698 cum
1164 3646 1481 3714 (corporibus
1549 3646 1844 3715 tyrannicis
1895 3646 2008 3715 ipse

482 3722 716 3774 Treveris
784 3719 1137 3782 remansisset,
1177 3728 1221 3770 et
1282 3716 1423 3785 ﬁlius
1473 3733 1503 3769 a
1551 3718 1695 3785 pdlre
1742 3720 2007 3788 profectus

480 3804 627 3847 esset.
662 3791 775 3845 Hoc
808 3790 1105 3843 inchoatum
1135 3805 1301 3858 neque
1328 3789 1597 3859 impletum
1627 3790 1701 3843 sic
1728 3790 1791 3843 de
1818 3792 2006 3843 litura-

482 3867 572 3918 t'iis
592 3864 863 3934 Scriptum.

412 3978 591 4033 ltebco
618 3994 668 4030 e'.
694 3979 832 4030 banc
863 3973 1087 4041 nostris,
1124 3973 1193 4026 fili
1223 3972 1564 4040 dulcissime,
1594 3978 1743 4030 curis

412 4072 701 4127 Historiam
741 4083 1103 4139 :qnamquam
1134 4068 1293 4122 titulo
1323 4083 1428 4122 non
1459 4068 1620 4139 digna
1643 4084 1842 4125 sereno

413 4167 587 4223 Anxia
620 4177 933 4219 mmStarutn
958 4158 1119 4217 luerit
1145 4160 1487 4231 querimonia
1520 4177 1720 4216 rerum.

411 4263 529 4317 Jam
559 4274 721 4329 super
746 4256 974 4327 egelida:
1005 4256 1314 4325 stagnantia
1348 4244 1495 4326 terga
1529 4256 1767 4311 Mosella:

414 4355 720 4410 Promlerat
752 4364 827 4417 te,
864 4359 1011 4416 nate,
1041 4360 1223 4427 rates:
1258 4351 1547 4421 nuestique
1577 4352 1817 4421 parentis

413 4449 611 4503 Oscula
637 4459 691 4501 et
718 4448 1002 4517 amplexus
1031 4445 1373 4501 discreverat
1397 4446 1615 4502 invidus
1643 4449 1839 4503 amnis.

416 4542 580 4597 Solus
615 4556 712 4609 ego
736 4556 749 4605 ;
776 4551 829 4595 et
855 4541 1100 4610 quamvis
1123 4549 1267 4595 coetu
1296 4538 1603 4595 celebratus
1631 4540 1825 4608 amico,

416 4635 579 4692 Solus
601 4648 747 4686 erant
782 4649 797 4689 :
833 4631 1183 4702 profugaque
1204 4632 1401 4687 dabam
1433 4635 1521 4704 pia
1550 4644 1673 4688 vota
1708 4635 1935 4701 carinae,

415 4726 581 4783 Solus
608 4725 789 4779 adhuc
824 4737 898 4790 te,
935 4733 1082 4790 nate,
1114 4725 1341 4779 videns:
1373 4726 1675 4798 celerisque
1713 4728 1938 4784 remulei

413 4818 711 4888 Culpabam
746 4830 1011 4887 properos
1036 4816 1271 4871 adverso
1299 4815 1521 4872 ﬂumine
1552 4835 1766 4875 cursus.

413 4912 546 4979 Quis
577 4910 675 4965 fuit
701 4910 792 4964 ille
820 4908 972 4963 dies?
1003 4924 1109 4964 non
1140 4922 1315 4962 annus
1350 4909 1562 4979 longior
1596 4912 1686 4967 ille
1711 4924 1818 4979 est,

414 5004 594 5061 Attica
619 5018 778 5073 quem
808 5001 954 5056 ducti
983 5001 1205 5073 collegit
1232 5016 1357 5055 cnra
1389 5002 1639 5059 Metonis.

416 5100 695 5163 Desertus,
726 5096 911 5150 vacuis
942 5094 1185 5165 solisque
1215 5109 1477 5149 exerceor
1508 5096 1652 5149 Aris.

415 5192 569 5249 Nunc
596 5205 696 5261 ego
725 5189 985 5259 pubentes
1007 5188 1231 5242 salicum
1262 5186 1568 5244 deverbero
1593 5188 1812 5245 frondes
1848 5207 1860 5242 :

420 5286 743 5344 Gramineus
769 5296 911 5336 nunc
944 5282 1129 5351 frango
1164 5290 1313 5335 toros
1341 5299 1351 5333 :
1378 5281 1697 5353 viridesque
1729 5299 1824 5353 per
1858 5283 2017 5342 ulvas

390 5383 649 5439 Lubrica
674 5380 961 5435 substratis
992 5378 1220 5449 vestigia
1254 5378 1391 5433 libro
1416 5378 1640 5449 lapillis.

415 5477 510 5533 Sic
542 5474 631 5528 lux
660 5474 829 5542 prima
861 5471 1025 5537 abiit;
1057 5472 1136 5526 sic
1165 5475 1341 5529 altera
1364 5484 1504 5529 meta
1536 5475 1643 5530 diei
1671 5491 1685 5541 ;

417 5572 509 5628 Sic
540 5570 787 5639 geminas
810 5566 1021 5619 alterna
1051 5572 1196 5620 rotat
1227 5568 1435 5637 vertigo
1467 5568 1742 5635 tenebras,

417 5664 509 5720 Sic
542 5660 674 5716 alias
705 5678 722 5714 τ
754 5667 1009 5729 totusque
1049 5660 1176 5713 mihi
1210 5661 1289 5715 sic
1312 5676 1487 5717 annus
1516 5662 1710 5732 abibit,

417 5756 724 5811 Restituam
765 5753 939 5807 donec
969 5761 1056 5805 tua
1081 5766 1165 5806 me
1194 5753 1289 5808 tibi
1317 5753 1420 5807 fata
1452 5768 1760 5825 parentem.

422 5846 550 5903 llam
572 5862 669 5919 ego
695 5842 1013 5904 conditione
1044 5845 1191 5914 licet,
1216 5846 1301 5902 vel
1334 5857 1508 5914 morte
1540 5849 1784 5923 pariscar
1814 5866 1829 5907 :

1786 312 1957 367 DECII
2002 310 2275 367 AUSONII

2014 433 2061 489 Λ
2097 430 2226 483 llum
2258 429 2486 482 det-ores
2520 440 2775 496 suprema
2812 422 3005 493 patris,
3034 432 3088 477 tu
3123 430 3271 487 nate,
3306 432 3598 491 superstes.

3580 304 3679 361 9l6

2658 563 2993 619 EPISTOLA
3022 562 3107 617 Ill.

2596 680 2865 736 AUSONIUS
2898 680 3191 735 llesrsmo.

2094 792 2279 869 Qualis
2308 796 2525 851 Picenae
2557 795 2845 865 pupulator
2870 793 3059 849 turdus
3091 794 3251 848 olivae

2165 888 2365 945 Clunes
2398 887 2605 957 opimat
2637 901 2827 941 cereas
2860 905 2873 943 :

2094 981 2192 1038 Vel
2223 981 2313 1052 qui
2345 981 2593 1035 lucentes
2619 978 2805 1049 rapuit
2834 976 2904 1033 de
2935 976 3144 1032 vitibus
3178 989 3334 1043 uvas,

2167 1077 2486 1147 Pendetque
2516 1091 2693 1130 nexus
2724 1072 2931 1130 retibus
2958 1091 2971 1128 :

2096 1175 2225 1245 Quae
2256 1170 2585 1245 vespertinis
2614 1169 2828 1233 ﬂuitant
2851 1168 3110 1226 nebulosa
3144 1165 3249 1223 sub
3269 1162 3438 1233 horis,

2169 1268 2263 1323 Vel
2290 1282 2447 1321 tuane
2470 1276 2617 1321 tcnta
2648 1264 2866 1321 roscido
2893 1283 2906 1317 :

2097 1361 2261 1417 Tales
2292 1361 2533 1416 hibernis
2560 1356 2629 1414 ad
2660 1371 2709 1414 te
2738 1357 2807 1413 de
2838 1357 3079 1429 sepibus,
3114 1358 3265 1428 ipsos

2169 1452 2301 1525 Capi
2331 1455 2597 1519 volentes,
2632 1452 2903 1520 misimus,

2100 1552 2189 1606 Bis
2219 1550 2389 1605 denos
2424 1567 2435 1603 :
2470 1551 2548 1603 tot
2577 1546 2725 1603 enim
2757 1560 2988 1615 crepero
3013 1543 3115 1600 sub
3140 1544 3279 1600 lucis
3312 1543 3437 1600 an;

2171 1644 2421 1713 Praeceps
2444 1641 2665 1696 volatus
2694 1639 2900 1695 intulit.

2100 1740 2238 1795 Tum
2267 1752 2401 1808 quas
2428 1736 2620 1792 vicinae
2642 1736 2917 1806 suggessit
2938 1734 3123 1806 praeda
3148 1734 3377 1801 lacuum,

2027 1827 2074 1887 B
2173 1836 2378 1888 Anates
2406 1832 2631 1885 maritas
2658 1828 2967 1899 junximus,

2102 1923 2449 1994 Rentipedes,
2488 1922 2598 1977 lato
2628 1923 2952 1993 pepulantes
2982 1920 3185 1977 cternla
3212 1932 3410 1988 rostro,

2173 2018 2240 2072 Et
2266 2032 2425 2073 crure
2451 2017 2645 2071 rubras
2678 2008 2899 2085 punico.

2100 2109 2325 2166 lricolor
2356 2110 2507 2163 vario
2532 2108 2711 2179 pinxit
2739 2124 2875 2180 quas
2908 2107 3087 2179 pluma
3116 2102 3329 2177 colore,

2174 2199 2385 2258 Collum
2414 2202 2685 2259 columbis
2711 2202 2956 2257 aemulas.

2102 2301 2397 2358 Defrudata
2429 2316 2564 2355 mea:
2590 2314 2693 2355 non
2728 2306 2852 2354 sunt
2879 2296 2995 2353 hate
3022 2297 3229 2354 fercula
3260 2310 3477 2352 mensae.

2176 2394 2447 2451 Vescente
2470 2401 2543 2460 te,
2582 2391 2816 2448 fruimur
2847 2387 3039 2462 magis.

2429 2487 2556 2543 Vale
2582 2487 2747 2555 bene,
2781 2498 2838 2542 ut
2860 2480 3094 2543 valeam.

2662 2645 2997 2702 EPISTULA
3041 2644 3134 2702 IV.

2178 2764 2466 2831 AUsoNtUs,
2502 2766 2651 2834 cujus
2674 2762 2895 2831 ferulam
2925 2778 2995 2834 nr:
3016 2776 3060 2814 ιι
3086 2772 3289 2834 ιεςριηι
3311 2769 3569 2825 verentur,

2180 2837 2457 2908 I’agnnunt
2482 2832 2698 2890 meditti:
2712 2835 2872 2908 jubet)
2894 2832 3091 2888 salvere
3120 2832 3405 2887 Tuscum.

2104 2951 2243 3020 Quid
2274 2951 2440 3020 geris,
2472 2946 2731 3003 extremis
2766 2947 2975 3017 positus
2999 2947 3217 3003 telluris
3244 2946 3295 3000 itt
3327 2943 3463 3010 oris,

2105 3044 2295 3101 Cultor
2321 3058 2613 3098 arenarum
2642 3040 2832 3096 vates?
2864 3041 2950 3095 etti
2982 3040 3136 3094 littus
3162 3038 3452 3102 arandum,

2105 3139 2306 3195 Oceani
2338 3139 2497 3192 tinent
2520 3144 2694 3207 juxta,
2729 3137 3008 3205 solemque
3037 3135 3326 3192 cadentem
3366 3151 3376 3186 :

2031 3219 2076 3283 C
2110 3232 2523 3292 Vilisarttndint
2549 3231 2593 3285 is
2620 3230 2837 3285 cohibet
2861 3242 3023 3300 quem
3059 3229 3285 3298 pergula
3319 3227 3514 3283 lectis:

2111 3329 2178 3383 Et
2208 3327 2363 3393 tingit
2395 3326 2546 3394 piceo
2575 3323 2877 3394 larrymosa
2909 3322 3156 3377 colonica
3189 3322 3362 3375 fumo.

2112 3423 2250 3493 Quid
2276 3438 2479 3485 rerum,
2514 3418 2787 3488 Musa-que
2809 3426 3030 3488 gerunt,
3058 3426 3113 3472 et
3141 3424 3335 3471 cantor
3366 3407 3594 3485 Apollo?

2112 3516 2280 3571 Musa:
2309 3531 2415 3567 non
2452 3512 2711 3565 Helicone
2744 3520 2897 3578 satae,
2944 3525 3046 3565 nec
3070 3510 3220 3565 fonte
3251 3510 3445 3565 caballi
3474 3528 3486 3564 :

2111 3608 2214 3663 Sed
2248 3622 2365 3675 qtae
2398 3596 2628 3658 fecundo
2656 3602 2722 3657 de
2755 3609 2978 3672 pectore
3007 3600 3339 3658 Clementinl

2111 3697 2381 3769 lnspirant
2403 3711 2604 3751 Vacuus
2636 3696 2813 3751 aliena
2839 3704 3021 3752 mente
3051 3706 3262 3766 poetas.

2110 3794 2241 3849 Jure
2267 3790 2483 3863 quidem
2514 3808 2524 3843 :
2554 3804 2676 3844 nam
2711 3789 2832 3860 quis
2863 3790 3016 3843 malit
3044 3804 3140 3845 sua
3166 3790 3406 3846 carmina
3434 3790 3558 3855 dici,

2112 3885 2212 3953 Qui
2238 3894 2513 3955 tesecuro
2548 3884 2721 3953 possit
2754 3882 3105 3951 proscindere
3134 3880 3281 3937 risu?

2112 3978 2240 4032 llaec
2269 3992 2487 4047 quoque
2514 3989 2581 4029 ne
2604 3962 2852 4029 nostrum
2881 3976 3093 4045 possint
3124 3981 3319 4045 urgere
3350 3974 3627 4043 pudorem,

2112 4068 2192 4123 Tu
2222 4068 2392 4123 recita
2430 4084 2441 4119 ι
2474 4075 2529 4121 et
2559 4081 2685 4121 vere
2716 4074 2979 4136 peterent
3006 4075 3096 4120 tua
3123 4066 3271 4121 dicta
3298 4066 3487 4121 videri.

2113 4167 2283 4235 Quam
2318 4174 2500 4219 tamen
2523 4180 2750 4220 exerces
2773 4163 3108 4219 Medulorum
3140 4166 3193 4219 in
3227 4166 3410 4221 littore
3439 4160 3629 4219 vitam?

2115 4260 2457 4314 Mercatusne
2485 4259 2684 4329 agitas,
2718 4257 2928 4313 leviore
2962 4261 3294 4314 homistnate
3319 4268 3560 4327 captans,

2114 4351 2323 4407 Insanis
2354 4350 2498 4421 quod
2531 4365 2657 4403 mox
2682 4350 2867 4418 pretiis
2893 4350 3076 4418 gravis
3106 4352 3290 4405 auctio
3326 4348 3552 4405 vendat?

2114 4447 2377 4503 Albeutes
2407 4449 2521 4500 sevi
2549 4444 2822 4515 globulos,
2848 4456 2901 4500 et
2930 4444 3152 4515 pinguia
3176 4452 3319 4501 cera:

2116 4540 2385 4606 l’ondera,
2404 4539 2801 4614 Naryciamque
2830 4539 3031 4609 picem,
3059 4539 3399 4609 scissamque
3421 4546 3691 4611 papyrum,

2038 4611 2091 4671 D
2117 4632 2524 4704 Fumantesque
2544 4611 2672 4687 olim
2700 4631 2958 4702 paganica
2988 4616 3193 4687 lumina
3224 4632 3428 4689 taedas?

2119 4726 2199 4781 An
2225 4728 2429 4795 majora
2453 4740 2669 4796 gerens,
2702 4735 2811 4779 tota
2837 4725 3056 4795 regione
3082 4737 3345 4797 vagantes

2117 4820 2474 4889 Perseqneris
2501 4818 2669 4883 fures,
2700 4819 2789 4887 qui
2825 4828 2895 4885 te,
2932 4832 3203 4889 posuema
3234 4823 3517 4886 timentes,

2118 4914 2175 4968 ln
2203 4924 2439 4985 partem,
2472 4912 2820 4981 prmdamque
2849 4914 3077 4968 vocent?
3101 4914 3182 4969 Tu
3206 4916 3377 4982 mitis,
3401 4925 3458 4970 et
3479 4928 3603 4969 osor

2122 5007 2419 5077 Sanguinis
2455 5004 2679 5058 ltuntani
2712 5003 2993 5060 condonas
3023 5007 3254 5061 crimina
3286 5010 3541 5063 nummis.

2122 5102 2488 5170 Erroremque
2513 5112 2699 5165 Vocas,
2738 5100 3087 5169 pretiumque
3110 5100 3344 5170 imponis
3367 5101 3572 5156 abactis

2124 5195 2322 5260 Bubus,
2349 5195 2479 5249 etin
2508 5203 2717 5264 partem
2752 5194 3019 5250 scelerum
3045 5194 3111 5249 de
3137 5194 3324 5265 judice
3354 5196 3581 5251 transis?

2121 5292 2204 5345 Att
2230 5303 2349 5342 cum
2382 5287 2546 5351 fratre
2568 5301 2731 5357 vagos
2759 5287 2975 5342 dumeta
3008 5304 3105 5358 per
3138 5288 3255 5341 avia
3283 5302 3473 5342 cervos

2120 5376 2442 5436 Circumdas
2474 5378 2727 5447 maculis,
2752 5390 2806 5433 et
2832 5379 3001 5434 multa
3031 5379 3289 5451 indagine
3316 5380 3531 5451 pinnat?

2101 5476 2227 5532 'Aut
2253 5473 2554 5543 spumantis
2584 5472 2701 5542 apri
2727 5487 2947 5527 cursum
2981 5472 3322 5531 clamoribus
3352 5490 3535 5545 urges,

2118 5566 2469 5637 Subsidisque
2504 5564 2659 5620 fero?
2690 5582 2889 5621 moneo
2925 5576 3130 5636 tamen,
3168 5584 3339 5639 usque
3369 5584 3586 5624 recuses

2118 5656 2396 5727 Stringere
2428 5656 2693 5713 fulmineo
2726 5658 2989 5714 venabula
3026 5664 3277 5717 Cominus
3307 5661 3471 5723 ltosti,

2120 5751 2439 5821 Exemplum
2473 5750 2541 5807 de
2580 5752 2747 5809 fratre
2778 5754 2929 5824 time,
2965 5755 3058 5826 qui
3093 5764 3245 5813 veste
3276 5756 3513 5831 reducta,

2118 5844 2363 5901 Ostentat
2396 5845 2561 5906 [ωαξης
2598 5862 2766 5919 prope
2792 5848 2967 5919 turpia
2994 5851 3247 5921 membra
3269 5844 3514 5922 lacunas,
