  <div class='ocr_page' id='page_1' title='image "/cluster/home/n/w/nwhite01/storage/ocr_20150623/18-19/uva.x000826554/125.png"; bbox 0 0 3826 6348; ppageno 0'>
   <div class='ocr_carea' id='block_1_1' title="bbox 491 102 595 165">
    <p class='ocr_par' dir='ltr' id='par_1_1' title="bbox 491 102 595 165">
     <span class='ocr_line' id='line_1_1' title="bbox 491 102 595 165; baseline -0.019 -8"><span class='ocrx_word' id='word_1_1' title='bbox 491 102 595 165; x_wconf 69' lang='lat'><strong>227</strong></span> 
     </span>
    </p>
   </div>
   <div class='ocr_carea' id='block_1_2' title="bbox 1602 120 2522 186">
    <p class='ocr_par' dir='ltr' id='par_1_2' title="bbox 1602 120 2522 186">
     <span class='ocr_line' id='line_1_2' title="bbox 1602 120 2522 186; baseline 0.016 -15"><span class='ocrx_word' id='word_1_2' title='bbox 1602 122 1662 186; x_wconf 78' lang='grc' dir='ltr'><strong>ρ.</strong></span> <span class='ocrx_word' id='word_1_3' title='bbox 1708 120 2052 176; x_wconf 78' lang='lat' dir='ltr'><strong>AURELIUS</strong></span> <span class='ocrx_word' id='word_1_4' title='bbox 2091 121 2522 185; x_wconf 73' lang='lat' dir='ltr'><strong>SYMMACHUS.</strong></span> 
     </span>
    </p>
   </div>
   <div class='ocr_carea' id='block_1_3' title="bbox 3592 141 3691 195">
    <p class='ocr_par' dir='ltr' id='par_1_3' title="bbox 3592 141 3691 195">
     <span class='ocr_line' id='line_1_3' title="bbox 3592 141 3691 195; baseline -0.01 0"><span class='ocrx_word' id='word_1_5' title='bbox 3592 141 3691 195; x_wconf 67' lang='grc' dir='ltr'>ξξθι</span> 
     </span>
    </p>
   </div>
   <div class='ocr_carea' id='block_1_4' title="bbox 492 214 3690 319">
    <p class='ocr_par' dir='ltr' id='par_1_4' title="bbox 492 214 3690 319">
     <span class='ocr_line' id='line_1_4' title="bbox 492 214 3690 319; baseline 0.013 -54"><span class='ocrx_word' id='word_1_6' title='bbox 492 228 646 280; x_wconf 90' lang='lat' dir='ltr'><strong>quem</strong></span> <span class='ocrx_word' id='word_1_7' title='bbox 677 214 819 271; x_wconf 82' lang='lat' dir='ltr'><strong>vides</strong></span> <span class='ocrx_word' id='word_1_8' title='bbox 849 228 901 275; x_wconf 91' lang='lat' dir='ltr'><strong>et</strong></span> <span class='ocrx_word' id='word_1_9' title='bbox 933 226 1128 278; x_wconf 88' lang='lat' dir='ltr'><strong>amoris</strong></span> <span class='ocrx_word' id='word_1_10' title='bbox 1165 233 1217 279; x_wconf 87' lang='lat' dir='ltr'><strong>et</strong></span> <span class='ocrx_word' id='word_1_11' title='bbox 1251 230 1509 282; x_wconf 75' lang='lat' dir='ltr'><strong>sermonis</strong></span> <span class='ocrx_word' id='word_1_12' title='bbox 1554 229 1626 282; x_wconf 91' lang='lat' dir='ltr'><strong>tui</strong></span> <span class='ocrx_word' id='word_1_13' title='bbox 1663 244 1781 284; x_wconf 88' lang='lat' dir='ltr'><strong>esse</strong></span> <span class='ocrx_word' id='word_1_14' title='bbox 1813 242 1915 283; x_wconf 86' lang='lat' dir='ltr'><strong>tam</strong></span> <span class='ocrx_word' id='word_1_15' title='bbox 1947 245 2035 283; x_wconf 51' lang='lat' dir='ltr'><strong>cu.</strong></span> <span class='ocrx_word' id='word_1_16' title='bbox 2068 235 2115 292; x_wconf 78' lang='grc' dir='ltr'><strong>Α</strong></span> <span class='ocrx_word' id='word_1_17' title='bbox 2143 249 2297 301; x_wconf 86' lang='lat' dir='ltr'><strong>quam</strong></span> <span class='ocrx_word' id='word_1_18' title='bbox 2323 241 2626 303; x_wconf 87' lang='lat' dir='ltr'><strong>petendum.</strong></span> <span class='ocrx_word' id='word_1_19' title='bbox 2652 242 2788 296; x_wconf 72' lang='lat' dir='ltr'><strong>Nihil</strong></span> <span class='ocrx_word' id='word_1_20' title='bbox 2819 246 2958 299; x_wconf 90' lang='lat' dir='ltr'><strong>enim</strong></span> <span class='ocrx_word' id='word_1_21' title='bbox 2983 248 3133 319; x_wconf 59' lang='lat' dir='ltr'><strong>bonre</strong></span> <span class='ocrx_word' id='word_1_22' title='bbox 3151 250 3230 303; x_wconf 90' lang='lat' dir='ltr'><strong>rei</strong></span> <span class='ocrx_word' id='word_1_23' title='bbox 3262 250 3401 305; x_wconf 90' lang='lat' dir='ltr'><strong>inter</strong></span> <span class='ocrx_word' id='word_1_24' title='bbox 3422 266 3512 305; x_wconf 87' lang='lat' dir='ltr'><strong>vos</strong></span> <span class='ocrx_word' id='word_1_25' title='bbox 3532 252 3690 306; x_wconf 86' lang='lat' dir='ltr'><strong>dividi</strong></span> 
     </span>
    </p>
   </div>
   <div class='ocr_carea' id='block_1_5' title="bbox 497 304 861 371">
    <p class='ocr_par' dir='ltr' id='par_1_5' title="bbox 497 304 861 371">
     <span class='ocr_line' id='line_1_5' title="bbox 497 304 861 371; baseline 0.019 -16"><span class='ocrx_word' id='word_1_26' title='bbox 497 304 692 371; x_wconf 87' lang='lat' dir='ltr'><strong>pidum.</strong></span> <span class='ocrx_word' id='word_1_27' title='bbox 721 307 861 363; x_wconf 76' lang='lat' dir='ltr'><strong>Vale.</strong></span> 
     </span>
    </p>
   </div>
   <div class='ocr_carea' id='block_1_6' title="bbox 1035 403 1453 459">
    <p class='ocr_par' dir='ltr' id='par_1_6' title="bbox 1035 403 1453 459">
     <span class='ocr_line' id='line_1_6' title="bbox 1035 403 1453 459; baseline 0.007 -3"><span class='ocrx_word' id='word_1_28' title='bbox 1035 403 1261 459; x_wconf 57' lang='lat' dir='ltr'><strong>&#39;EPIST.</strong></span> <span class='ocrx_word' id='word_1_29' title='bbox 1293 406 1453 459; x_wconf 77' lang='lat' dir='ltr'><strong>XVII.</strong></span> 
     </span>
    </p>
   </div>
   <div class='ocr_carea' id='block_1_7' title="bbox 977 507 1587 550">
    <p class='ocr_par' dir='ltr' id='par_1_7' title="bbox 977 507 1587 550">
     <span class='ocr_line' id='line_1_7' title="bbox 977 507 1587 550; baseline 0.007 -4"><span class='ocrx_word' id='word_1_30' title='bbox 977 507 1279 549; x_wconf 69' lang='grc' dir='ltr'>εγιιιιιςιιυε</span> <span class='ocrx_word' id='word_1_31' title='bbox 1306 511 1587 550; x_wconf 62' lang='grc' dir='ltr'><strong>Ριιοτλοιο.</strong></span> 
     </span>
    </p>
   </div>
   <div class='ocr_carea' id='block_1_8' title="bbox 563 598 2043 676">
    <p class='ocr_par' dir='ltr' id='par_1_8' title="bbox 563 598 2043 676">
     <span class='ocr_line' id='line_1_8' title="bbox 563 598 2043 676; baseline 0.006 -25"><span class='ocrx_word' id='word_1_32' title='bbox 563 598 687 652; x_wconf 87' lang='lat' dir='ltr'><strong>Sum</strong></span> <span class='ocrx_word' id='word_1_33' title='bbox 716 602 922 669; x_wconf 85' lang='lat' dir='ltr'><strong>quidem</strong></span> <span class='ocrx_word' id='word_1_34' title='bbox 951 604 1106 657; x_wconf 91' lang='lat' dir='ltr'><strong>nimis</strong></span> <span class='ocrx_word' id='word_1_35' title='bbox 1127 620 1266 674; x_wconf 75' lang='lat' dir='ltr'><strong>:eger</strong></span> <span class='ocrx_word' id='word_1_36' title='bbox 1293 608 1476 672; x_wconf 90' lang='lat' dir='ltr'><strong>animi,</strong></span> <span class='ocrx_word' id='word_1_37' title='bbox 1500 618 1555 661; x_wconf 92' lang='lat' dir='ltr'><strong>et</strong></span> <span class='ocrx_word' id='word_1_38' title='bbox 1584 622 1692 676; x_wconf 75' lang='lat' dir='ltr'><strong>pra:</strong></span> <span class='ocrx_word' id='word_1_39' title='bbox 1729 616 1876 662; x_wconf 85' lang='lat' dir='ltr'><strong>tanto</strong></span> <span class='ocrx_word' id='word_1_40' title='bbox 1903 608 2043 661; x_wconf 90' lang='lat' dir='ltr'><strong>luctu</strong></span> 
     </span>
    </p>
   </div>
   <div class='ocr_carea' id='block_1_9' title="bbox 495 687 2044 765">
    <p class='ocr_par' dir='ltr' id='par_1_9' title="bbox 495 687 2044 765">
     <span class='ocr_line' id='line_1_9' title="bbox 495 687 2044 765; baseline 0.007 -25"><span class='ocrx_word' id='word_1_41' title='bbox 495 687 750 744; x_wconf 83' lang='lat' dir='ltr'><strong>obeundis</strong></span> <span class='ocrx_word' id='word_1_42' title='bbox 778 692 948 759; x_wconf 85' lang='lat' dir='ltr'><strong>impar</strong></span> <span class='ocrx_word' id='word_1_43' title='bbox 966 692 1171 747; x_wconf 87' lang='lat' dir='ltr'><strong>officiis.</strong></span> <span class='ocrx_word' id='word_1_44' title='bbox 1198 694 1302 748; x_wconf 86' lang='lat' dir='ltr'><strong>Sed</strong></span> <span class='ocrx_word' id='word_1_45' title='bbox 1335 711 1603 765; x_wconf 81' lang='lat' dir='ltr'><strong>nunquam</strong></span> <span class='ocrx_word' id='word_1_46' title='bbox 1634 697 1857 751; x_wconf 72' lang='lat' dir='ltr'><strong>fortuna:</strong></span> <span class='ocrx_word' id='word_1_47' title='bbox 1878 699 1928 750; x_wconf 95' lang='lat' dir='ltr'><strong>in</strong></span> <span class='ocrx_word' id='word_1_48' title='bbox 1959 714 2044 751; x_wconf 90' lang='lat' dir='ltr'><strong>me</strong></span> 
     </span>
    </p>
   </div>
   <div class='ocr_carea' id='block_1_10' title="bbox 495 781 2044 843">
    <p class='ocr_par' dir='ltr' id='par_1_10' title="bbox 495 781 2044 843">
     <span class='ocr_line' id='line_1_10' title="bbox 495 781 2044 843; baseline 0.005 -11"><span class='ocrx_word' id='word_1_49' title='bbox 495 787 694 833; x_wconf 87' lang='lat' dir='ltr'><strong>tantum</strong></span> <span class='ocrx_word' id='word_1_50' title='bbox 718 781 913 843; x_wconf 79' lang='lat' dir='ltr'><strong>licebit.</strong></span> <span class='ocrx_word' id='word_1_51' title='bbox 938 792 995 837; x_wconf 92' lang='lat' dir='ltr'><strong>ut</strong></span> <span class='ocrx_word' id='word_1_52' title='bbox 1024 784 1277 840; x_wconf 86' lang='lat' dir='ltr'><strong>honorem</strong></span> <span class='ocrx_word' id='word_1_53' title='bbox 1312 797 1455 841; x_wconf 92' lang='lat' dir='ltr'><strong>tuum</strong></span> <span class='ocrx_word' id='word_1_54' title='bbox 1487 788 1654 841; x_wconf 91' lang='lat' dir='ltr'><strong>victus</strong></span> <span class='ocrx_word' id='word_1_55' title='bbox 1682 802 1911 841; x_wconf 73' lang='lat' dir='ltr'><strong>mterore</strong></span> <span class='ocrx_word' id='word_1_56' title='bbox 1935 787 2044 840; x_wconf 88' lang='lat' dir='ltr'><strong>dis-</strong></span> 
     </span>
    </p>
   </div>
   <div class='ocr_carea' id='block_1_11' title="bbox 493 869 2042 938">
    <p class='ocr_par' dir='ltr' id='par_1_11' title="bbox 493 869 2042 938">
     <span class='ocr_line' id='line_1_11' title="bbox 493 869 2042 938; baseline 0.003 -16"><span class='ocrx_word' id='word_1_57' title='bbox 493 869 755 924; x_wconf 89' lang='lat' dir='ltr'><strong>simulem.</strong></span> <span class='ocrx_word' id='word_1_58' title='bbox 818 872 1064 938; x_wconf 88' lang='lat' dir='ltr'><strong>Quinimo</strong></span> <span class='ocrx_word' id='word_1_59' title='bbox 1101 875 1376 931; x_wconf 85' lang='lat' dir='ltr'><strong>litterariis</strong></span> <span class='ocrx_word' id='word_1_60' title='bbox 1420 877 1776 931; x_wconf 77' lang='lat' dir='ltr'><strong>delinimentis</strong></span> <span class='ocrx_word' id='word_1_61' title='bbox 1813 877 2042 930; x_wconf 88' lang='lat' dir='ltr'><strong>remedia</strong></span> 
     </span>
    </p>
   </div>
   <div class='ocr_carea' id='block_1_12' title="bbox 494 959 2041 1034">
    <p class='ocr_par' dir='ltr' id='par_1_12' title="bbox 494 959 2041 1034">
     <span class='ocr_line' id='line_1_12' title="bbox 494 959 2041 1034; baseline 0.005 -25"><span class='ocrx_word' id='word_1_62' title='bbox 494 959 694 1013; x_wconf 78' lang='lat' dir='ltr'><strong>vulneri</strong></span> <span class='ocrx_word' id='word_1_63' title='bbox 721 975 842 1014; x_wconf 90' lang='lat' dir='ltr'><strong>meo</strong></span> <span class='ocrx_word' id='word_1_64' title='bbox 871 961 1022 1014; x_wconf 83' lang='lat' dir='ltr'><strong>facio.</strong></span> <span class='ocrx_word' id='word_1_65' title='bbox 1051 963 1179 1027; x_wconf 67' lang='lat' dir='ltr'><strong>Qum</strong></span> <span class='ocrx_word' id='word_1_66' title='bbox 1204 966 1302 1017; x_wconf 91' lang='lat' dir='ltr'><strong>etsi</strong></span> <span class='ocrx_word' id='word_1_67' title='bbox 1343 980 1436 1033; x_wconf 90' lang='lat' dir='ltr'><strong>pro</strong></span> <span class='ocrx_word' id='word_1_68' title='bbox 1464 966 1821 1034; x_wconf 82' lang='lat' dir='ltr'><strong>magnitudine</strong></span> <span class='ocrx_word' id='word_1_69' title='bbox 1842 964 2041 1018; x_wconf 91' lang='lat' dir='ltr'><strong>doloris</strong></span> 
     </span>
    </p>
   </div>
   <div class='ocr_carea' id='block_1_13' title="bbox 493 1049 2040 1112">
    <p class='ocr_par' dir='ltr' id='par_1_13' title="bbox 493 1049 2040 1112">
     <span class='ocr_line' id='line_1_13' title="bbox 493 1049 2040 1112; baseline 0.003 -11"><span class='ocrx_word' id='word_1_70' title='bbox 493 1049 717 1103; x_wconf 87' lang='lat' dir='ltr'><strong>invalida</strong></span> <span class='ocrx_word' id='word_1_71' title='bbox 744 1049 877 1112; x_wconf 88' lang='lat' dir='ltr'><strong>sint;</strong></span> <span class='ocrx_word' id='word_1_72' title='bbox 902 1052 1214 1106; x_wconf 91' lang='lat' dir='ltr'><strong>medicinam</strong></span> <span class='ocrx_word' id='word_1_73' title='bbox 1243 1060 1419 1108; x_wconf 90' lang='lat' dir='ltr'><strong>tamen</strong></span> <span class='ocrx_word' id='word_1_74' title='bbox 1454 1054 1579 1106; x_wconf 84' lang='lat' dir='ltr'><strong>mihi</strong></span> <span class='ocrx_word' id='word_1_75' title='bbox 1620 1053 2040 1107; x_wconf 83' lang='lat' dir='ltr'><strong>efficacissimam</strong></span> 
     </span>
    </p>
   </div>
   <div class='ocr_carea' id='block_1_14' title="bbox 493 1139 2036 1214">
    <p class='ocr_par' dir='ltr' id='par_1_14' title="bbox 493 1139 2036 1214">
     <span class='ocr_line' id='line_1_14' title="bbox 493 1139 2036 1214; baseline 0.003 -24"><span class='ocrx_word' id='word_1_76' title='bbox 493 1139 567 1193; x_wconf 90' lang='lat' dir='ltr'><strong>tui</strong></span> <span class='ocrx_word' id='word_1_77' title='bbox 594 1142 852 1196; x_wconf 88' lang='lat' dir='ltr'><strong>sermonis</strong></span> <span class='ocrx_word' id='word_1_78' title='bbox 877 1142 1119 1197; x_wconf 88' lang='lat' dir='ltr'><strong>atferunt.</strong></span> <span class='ocrx_word' id='word_1_79' title='bbox 1142 1144 1276 1210; x_wconf 81' lang='lat' dir='ltr'><strong>Quid</strong></span> <span class='ocrx_word' id='word_1_80' title='bbox 1296 1155 1592 1214; x_wconf 77' lang='lat' dir='ltr'><strong>exspectem</strong></span> <span class='ocrx_word' id='word_1_81' title='bbox 1621 1145 1770 1197; x_wconf 87' lang='lat' dir='ltr'><strong>vide?</strong></span> <span class='ocrx_word' id='word_1_82' title='bbox 1791 1147 2036 1213; x_wconf 79' lang='lat' dir='ltr'><strong>Operam,</strong></span> 
     </span>
    </p>
   </div>
   <div class='ocr_carea' id='block_1_15' title="bbox 491 1229 2040 1304">
    <p class='ocr_par' dir='ltr' id='par_1_15' title="bbox 491 1229 2040 1304">
     <span class='ocr_line' id='line_1_15' title="bbox 491 1229 2040 1304; baseline 0.003 -23"><span class='ocrx_word' id='word_1_83' title='bbox 491 1229 533 1282; x_wconf 88' lang='lat' dir='ltr'><strong>si</strong></span> <span class='ocrx_word' id='word_1_84' title='bbox 558 1230 838 1295; x_wconf 77' lang='lat' dir='ltr'><strong>videbitur,</strong></span> <span class='ocrx_word' id='word_1_85' title='bbox 862 1232 1105 1295; x_wconf 69' lang='lat' dir='ltr'><strong>amicitia:</strong></span> <span class='ocrx_word' id='word_1_86' title='bbox 1134 1234 1397 1299; x_wconf 79' lang='lat' dir='ltr'><strong>debitam,</strong></span> <span class='ocrx_word' id='word_1_87' title='bbox 1435 1250 1579 1304; x_wconf 74' lang='lat' dir='ltr'><strong>aegro</strong></span> <span class='ocrx_word' id='word_1_88' title='bbox 1601 1235 1778 1289; x_wconf 86' lang='lat' dir='ltr'><strong>animo</strong></span> <span class='ocrx_word' id='word_1_89' title='bbox 1806 1234 2040 1302; x_wconf 87' lang='lat' dir='ltr'><strong>profutu-</strong></span> 
     </span>
    </p>
   </div>
   <div class='ocr_carea' id='block_1_16' title="bbox 493 1321 797 1375">
    <p class='ocr_par' dir='ltr' id='par_1_16' title="bbox 493 1321 797 1375">
     <span class='ocr_line' id='line_1_16' title="bbox 493 1321 797 1375; baseline 0.003 -1"><span class='ocrx_word' id='word_1_90' title='bbox 493 1336 625 1375; x_wconf 86' lang='lat' dir='ltr'><strong>ram.</strong></span> <span class='ocrx_word' id='word_1_91' title='bbox 654 1321 797 1375; x_wconf 69' lang='lat' dir='ltr'><strong>Vade.</strong></span> 
     </span>
    </p>
   </div>
   <div class='ocr_carea' id='block_1_17' title="bbox 1054 1410 1460 1467">
    <p class='ocr_par' dir='ltr' id='par_1_17' title="bbox 1054 1410 1460 1467">
     <span class='ocr_line' id='line_1_17' title="bbox 1054 1410 1460 1467; baseline 0.01 -4"><span class='ocrx_word' id='word_1_92' title='bbox 1054 1410 1267 1466; x_wconf 85' lang='lat' dir='ltr'><strong>EPIST.</strong></span> <span class='ocrx_word' id='word_1_93' title='bbox 1298 1412 1460 1467; x_wconf 80' lang='lat' dir='ltr'><strong>XVIII</strong></span> 
     </span>
    </p>
   </div>
   <div class='ocr_carea' id='block_1_18' title="bbox 954 1511 1567 1555">
    <p class='ocr_par' dir='ltr' id='par_1_18' title="bbox 954 1511 1567 1555">
     <span class='ocr_line' id='line_1_18' title="bbox 954 1511 1567 1555; baseline 0.007 -5"><span class='ocrx_word' id='word_1_94' title='bbox 954 1511 1261 1554; x_wconf 68' lang='lat' dir='ltr'><strong>SYIIACHUS</strong></span> <span class='ocrx_word' id='word_1_95' title='bbox 1293 1517 1567 1555; x_wconf 72' lang='lat' dir='ltr'><strong>PROTADIO.</strong></span> 
     </span>
    </p>
   </div>
   <div class='ocr_carea' id='block_1_19' title="bbox 564 1606 2040 1679">
    <p class='ocr_par' dir='ltr' id='par_1_19' title="bbox 564 1606 2040 1679">
     <span class='ocr_line' id='line_1_19' title="bbox 564 1606 2040 1679; baseline 0.001 -20"><span class='ocrx_word' id='word_1_96' title='bbox 564 1606 720 1661; x_wconf 81' lang='lat' dir='ltr'><strong>Falso</strong></span> <span class='ocrx_word' id='word_1_97' title='bbox 749 1607 885 1673; x_wconf 86' lang='lat' dir='ltr'><strong>apud</strong></span> <span class='ocrx_word' id='word_1_98' title='bbox 918 1623 1003 1663; x_wconf 90' lang='lat' dir='ltr'><strong>me</strong></span> <span class='ocrx_word' id='word_1_99' title='bbox 1028 1610 1253 1663; x_wconf 81' lang='lat' dir='ltr'><strong>venandi</strong></span> <span class='ocrx_word' id='word_1_100' title='bbox 1281 1611 1455 1663; x_wconf 87' lang='lat' dir='ltr'><strong>studio</strong></span> <span class='ocrx_word' id='word_1_101' title='bbox 1478 1610 1744 1678; x_wconf 85' lang='lat' dir='ltr'><strong>gloriaris,</strong></span> <span class='ocrx_word' id='word_1_102' title='bbox 1772 1624 1889 1662; x_wconf 90' lang='lat' dir='ltr'><strong>cum</strong></span> <span class='ocrx_word' id='word_1_103' title='bbox 1926 1610 2040 1679; x_wconf 84' lang='lat' dir='ltr'><strong>thy-</strong></span> 
     </span>
    </p>
   </div>
   <div class='ocr_carea' id='block_1_20' title="bbox 496 1694 2041 1764">
    <p class='ocr_par' dir='ltr' id='par_1_20' title="bbox 496 1694 2041 1764">
     <span class='ocr_line' id='line_1_20' title="bbox 496 1694 2041 1764; baseline 0.003 -17"><span class='ocrx_word' id='word_1_104' title='bbox 496 1709 638 1747; x_wconf 89' lang='lat' dir='ltr'><strong>mum</strong></span> <span class='ocrx_word' id='word_1_105' title='bbox 667 1694 922 1748; x_wconf 69' lang='lat' dir='ltr'><strong>facundiae</strong></span> <span class='ocrx_word' id='word_1_106' title='bbox 948 1695 1151 1764; x_wconf 92' lang='lat' dir='ltr'><strong>spirent</strong></span> <span class='ocrx_word' id='word_1_107' title='bbox 1188 1698 1375 1752; x_wconf 58' lang='lat' dir='ltr'><strong>litterae</strong></span> <span class='ocrx_word' id='word_1_108' title='bbox 1413 1709 1534 1752; x_wconf 84' lang='lat' dir='ltr'><strong>tuae.</strong></span> <span class='ocrx_word' id='word_1_109' title='bbox 1560 1700 1635 1753; x_wconf 83' lang='lat' dir='ltr'><strong>Ne</strong></span> <span class='ocrx_word' id='word_1_110' title='bbox 1663 1699 1792 1752; x_wconf 84' lang='lat' dir='ltr'><strong>milii</strong></span> <span class='ocrx_word' id='word_1_111' title='bbox 1822 1715 1882 1751; x_wconf 90' lang='lat' dir='ltr'><strong>os</strong></span> <span class='ocrx_word' id='word_1_112' title='bbox 1920 1702 2041 1752; x_wconf 84' lang='lat' dir='ltr'><strong>sub—</strong></span> 
     </span>
    </p>
   </div>
   <div class='ocr_carea' id='block_1_21' title="bbox 497 1785 2037 1857">
    <p class='ocr_par' dir='ltr' id='par_1_21' title="bbox 497 1785 2037 1857">
     <span class='ocr_line' id='line_1_21' title="bbox 497 1785 2037 1857; baseline 0.001 -17"><span class='ocrx_word' id='word_1_113' title='bbox 497 1785 708 1850; x_wconf 85' lang='lat' dir='ltr'><strong>leveris,</strong></span> <span class='ocrx_word' id='word_1_114' title='bbox 734 1785 835 1839; x_wconf 89' lang='lat' dir='ltr'><strong>alia</strong></span> <span class='ocrx_word' id='word_1_115' title='bbox 862 1787 976 1849; x_wconf 86' lang='lat' dir='ltr'><strong>otii,</strong></span> <span class='ocrx_word' id='word_1_116' title='bbox 998 1786 1099 1840; x_wconf 88' lang='lat' dir='ltr'><strong>alia</strong></span> <span class='ocrx_word' id='word_1_117' title='bbox 1127 1788 1320 1857; x_wconf 75' lang='lat' dir='ltr'><strong>negotii</strong></span> <span class='ocrx_word' id='word_1_118' title='bbox 1349 1790 1497 1857; x_wconf 88' lang='lat' dir='ltr'><strong>signa</strong></span> <span class='ocrx_word' id='word_1_119' title='bbox 1526 1798 1668 1843; x_wconf 89' lang='lat' dir='ltr'><strong>sunt.</strong></span> <span class='ocrx_word' id='word_1_120' title='bbox 1710 1790 1898 1843; x_wconf 86' lang='lat' dir='ltr'><strong>Tetras</strong></span> <span class='ocrx_word' id='word_1_121' title='bbox 1925 1789 2037 1842; x_wconf 82' lang='lat' dir='ltr'><strong>lier-</strong></span> 
     </span>
    </p>
   </div>
   <div class='ocr_carea' id='block_1_22' title="bbox 448 1874 2035 1944">
    <p class='ocr_par' dir='ltr' id='par_1_22' title="bbox 448 1874 2035 1944">
     <span class='ocr_line' id='line_1_22' title="bbox 448 1874 2035 1944; baseline 0.002 -17"><span class='ocrx_word' id='word_1_122' title='bbox 448 1874 451 1877; x_wconf 69' lang='grc'>’</span> <span class='ocrx_word' id='word_1_123' title='bbox 493 1874 584 1927; x_wconf 88' lang='lat' dir='ltr'><strong>bas</strong></span> <span class='ocrx_word' id='word_1_124' title='bbox 610 1874 718 1927; x_wconf 91' lang='lat' dir='ltr'><strong>olet</strong></span> <span class='ocrx_word' id='word_1_125' title='bbox 741 1874 968 1929; x_wconf 82' lang='lat' dir='ltr'><strong>ruSIicus</strong></span> <span class='ocrx_word' id='word_1_126' title='bbox 998 1892 1012 1928; x_wconf 90' lang='lat'><strong>:</strong></span> <span class='ocrx_word' id='word_1_127' title='bbox 1038 1877 1215 1930; x_wconf 88' lang='lat' dir='ltr'><strong>vinum</strong></span> <span class='ocrx_word' id='word_1_128' title='bbox 1241 1877 1462 1931; x_wconf 81' lang='lat' dir='ltr'><strong>anhelus</strong></span> <span class='ocrx_word' id='word_1_129' title='bbox 1492 1887 1660 1931; x_wconf 82' lang='lat' dir='ltr'><strong>ructat</strong></span> <span class='ocrx_word' id='word_1_130' title='bbox 1679 1892 1847 1944; x_wconf 86' lang='lat' dir='ltr'><strong>ganeo</strong></span> <span class='ocrx_word' id='word_1_131' title='bbox 1870 1896 1882 1929; x_wconf 90' lang='lat'>:</span> <span class='ocrx_word' id='word_1_132' title='bbox 1908 1893 2035 1930; x_wconf 83' lang='lat' dir='ltr'><strong>nan-</strong></span> 
     </span>
    </p>
   </div>
   <div class='ocr_carea' id='block_1_23' title="bbox 490 1967 2038 2034">
    <p class='ocr_par' dir='ltr' id='par_1_23' title="bbox 490 1967 2038 2034">
     <span class='ocr_line' id='line_1_23' title="bbox 490 1967 2038 2034; baseline 0.003 -17"><span class='ocrx_word' id='word_1_133' title='bbox 490 1975 593 2017; x_wconf 88' lang='lat' dir='ltr'><strong>tem</strong></span> <span class='ocrx_word' id='word_1_134' title='bbox 623 1968 857 2034; x_wconf 87' lang='lat' dir='ltr'><strong>sequitur</strong></span> <span class='ocrx_word' id='word_1_135' title='bbox 877 1967 1104 2033; x_wconf 77' lang='lat' dir='ltr'><strong>gravedo</strong></span> <span class='ocrx_word' id='word_1_136' title='bbox 1136 1984 1149 2019; x_wconf 87' lang='lat'><strong>:</strong></span> <span class='ocrx_word' id='word_1_137' title='bbox 1179 1982 1273 2020; x_wconf 91' lang='lat' dir='ltr'><strong>vos</strong></span> <span class='ocrx_word' id='word_1_138' title='bbox 1295 1969 1448 2022; x_wconf 90' lang='lat' dir='ltr'><strong>amici</strong></span> <span class='ocrx_word' id='word_1_139' title='bbox 1478 1984 1833 2023; x_wconf 70' lang='lat' dir='ltr'><strong>cammnarum</strong></span> <span class='ocrx_word' id='word_1_140' title='bbox 1855 1969 2038 2022; x_wconf 86' lang='lat' dir='ltr'><strong>florem</strong></span> 
     </span>
    </p>
   </div>
   <div class='ocr_carea' id='block_1_24' title="bbox 489 2036 2034 2126">
    <p class='ocr_par' dir='ltr' id='par_1_24' title="bbox 489 2036 2034 2126">
     <span class='ocr_line' id='line_1_24' title="bbox 489 2036 2034 2126; baseline 0.002 -20"><span class='ocrx_word' id='word_1_141' title='bbox 489 2055 707 2108; x_wconf 88' lang='lat' dir='ltr'><strong>ructatis</strong></span> <span class='ocrx_word' id='word_1_142' title='bbox 730 2054 1016 2107; x_wconf 85' lang='lat' dir='ltr'><strong>Heliconis.</strong></span> <span class='ocrx_word' id='word_1_143' title='bbox 1048 2057 1191 2122; x_wconf 82' lang='lat' dir='ltr'><strong>Quas</strong></span> <span class='ocrx_word' id='word_1_144' title='bbox 1218 2064 1271 2109; x_wconf 91' lang='lat' dir='ltr'><strong>tu</strong></span> <span class='ocrx_word' id='word_1_145' title='bbox 1286 2036 1442 2111; x_wconf 41' lang='lat' dir='ltr'><strong>&#39;nobis</strong></span> <span class='ocrx_word' id='word_1_146' title='bbox 1474 2058 1741 2126; x_wconf 83' lang='lat' dir='ltr'><strong>indagines</strong></span> <span class='ocrx_word' id='word_1_147' title='bbox 1775 2059 2034 2125; x_wconf 85' lang='lat' dir='ltr'><strong>leporum,</strong></span> 
     </span>
    </p>
   </div>
   <div class='ocr_carea' id='block_1_25' title="bbox 485 2140 2038 2215">
    <p class='ocr_par' dir='ltr' id='par_1_25' title="bbox 485 2140 2038 2215">
     <span class='ocr_line' id='line_1_25' title="bbox 485 2140 2038 2215; baseline 0.003 -19"><span class='ocrx_word' id='word_1_148' title='bbox 485 2158 619 2212; x_wconf 91' lang='lat' dir='ltr'><strong>quos</strong></span> <span class='ocrx_word' id='word_1_149' title='bbox 646 2143 850 2199; x_wconf 84' lang='lat' dir='ltr'><strong>natales</strong></span> <span class='ocrx_word' id='word_1_150' title='bbox 878 2159 1066 2199; x_wconf 89' lang='lat' dir='ltr'><strong>canum</strong></span> <span class='ocrx_word' id='word_1_151' title='bbox 1102 2145 1239 2211; x_wconf 90' lang='lat' dir='ltr'><strong>dies,</strong></span> <span class='ocrx_word' id='word_1_152' title='bbox 1282 2140 1400 2215; x_wconf 54' lang='lat' dir='ltr'><strong>quae</strong></span> <span class='ocrx_word' id='word_1_153' title='bbox 1429 2151 1665 2202; x_wconf 88' lang='lat' dir='ltr'><strong>venatica</strong></span> <span class='ocrx_word' id='word_1_154' title='bbox 1690 2148 1820 2202; x_wconf 89' lang='lat' dir='ltr'><strong>festa</strong></span> <span class='ocrx_word' id='word_1_155' title='bbox 1839 2150 2038 2203; x_wconf 87' lang='lat' dir='ltr'><strong>menti-</strong></span> 
     </span>
    </p>
   </div>
   <div class='ocr_carea' id='block_1_26' title="bbox 392 2238 2039 2308">
    <p class='ocr_par' dir='ltr' id='par_1_26' title="bbox 392 2238 2039 2308">
     <span class='ocr_line' id='line_1_26' title="bbox 392 2238 2039 2308; baseline 0.001 -18"><span class='ocrx_word' id='word_1_156' title='bbox 392 2303 399 2308; x_wconf 91' lang='lat'>_</span> <span class='ocrx_word' id='word_1_157' title='bbox 486 2238 600 2291; x_wconf 80' lang='lat' dir='ltr'><strong>ris?</strong></span> <span class='ocrx_word' id='word_1_158' title='bbox 624 2238 849 2292; x_wconf 69' lang='lat' dir='ltr'><strong>Censen”</strong></span> <span class='ocrx_word' id='word_1_159' title='bbox 878 2252 1031 2305; x_wconf 81' lang='lat' dir='ltr'><strong>posse</strong></span> <span class='ocrx_word' id='word_1_160' title='bbox 1074 2253 1158 2293; x_wconf 87' lang='lat' dir='ltr'><strong>me</strong></span> <span class='ocrx_word' id='word_1_161' title='bbox 1197 2240 1390 2294; x_wconf 86' lang='lat' dir='ltr'><strong>retrahi</strong></span> <span class='ocrx_word' id='word_1_162' title='bbox 1433 2255 1465 2294; x_wconf 89' lang='lat' dir='ltr'><strong>a</strong></span> <span class='ocrx_word' id='word_1_163' title='bbox 1503 2242 1823 2295; x_wconf 81' lang='lat' dir='ltr'><strong>voluminum</strong></span> <span class='ocrx_word' id='word_1_164' title='bbox 1864 2241 2039 2295; x_wconf 89' lang='lat' dir='ltr'><strong>studio</strong></span> 
     </span>
    </p>
   </div>
   <div class='ocr_carea' id='block_1_27' title="bbox 487 2327 2036 2399">
    <p class='ocr_par' dir='ltr' id='par_1_27' title="bbox 487 2327 2036 2399">
     <span class='ocr_line' id='line_1_27' title="bbox 487 2327 2036 2399; baseline 0.003 -19"><span class='ocrx_word' id='word_1_165' title='bbox 487 2327 543 2381; x_wconf 91' lang='lat' dir='ltr'><strong>in</strong></span> <span class='ocrx_word' id='word_1_166' title='bbox 563 2342 653 2382; x_wconf 84' lang='lat' dir='ltr'><strong>eas</strong></span> <span class='ocrx_word' id='word_1_167' title='bbox 676 2335 837 2392; x_wconf 85' lang='lat' dir='ltr'><strong>artes,</strong></span> <span class='ocrx_word' id='word_1_168' title='bbox 866 2342 995 2397; x_wconf 87' lang='lat' dir='ltr'><strong>quas</strong></span> <span class='ocrx_word' id='word_1_169' title='bbox 1022 2327 1113 2381; x_wconf 91' lang='lat' dir='ltr'><strong>tibi</strong></span> <span class='ocrx_word' id='word_1_170' title='bbox 1137 2330 1388 2397; x_wconf 78' lang='lat' dir='ltr'><strong>arrogas?</strong></span> <span class='ocrx_word' id='word_1_171' title='bbox 1409 2330 1483 2385; x_wconf 81' lang='lat' dir='ltr'><strong>Ne</strong></span> <span class='ocrx_word' id='word_1_172' title='bbox 1507 2330 1783 2399; x_wconf 65' lang='lat' dir='ltr'><strong>primaevus</strong></span> <span class='ocrx_word' id='word_1_173' title='bbox 1803 2329 2036 2399; x_wconf 88' lang='lat' dir='ltr'><strong>quidem,</strong></span> 
     </span>
    </p>
   </div>
   <div class='ocr_carea' id='block_1_28' title="bbox 482 2416 2033 2487">
    <p class='ocr_par' dir='ltr' id='par_1_28' title="bbox 482 2416 2033 2487">
     <span class='ocr_line' id='line_1_28' title="bbox 482 2416 2033 2487; baseline 0.002 -17"><span class='ocrx_word' id='word_1_174' title='bbox 482 2429 605 2472; x_wconf 86' lang='lat' dir='ltr'><strong>cum</strong></span> <span class='ocrx_word' id='word_1_175' title='bbox 626 2416 785 2471; x_wconf 90' lang='lat' dir='ltr'><strong>ferret</strong></span> <span class='ocrx_word' id='word_1_176' title='bbox 808 2427 955 2483; x_wconf 71' lang='lat' dir='ltr'><strong>aetas,</strong></span> <span class='ocrx_word' id='word_1_177' title='bbox 976 2419 1268 2487; x_wconf 65' lang='lat' dir='ltr'><strong>Amyclaeos</strong></span> <span class='ocrx_word' id='word_1_178' title='bbox 1281 2431 1370 2474; x_wconf 90' lang='lat' dir='ltr'><strong>aut</strong></span> <span class='ocrx_word' id='word_1_179' title='bbox 1389 2420 1645 2475; x_wconf 76' lang='lat' dir='ltr'><strong>Molossos</strong></span> <span class='ocrx_word' id='word_1_180' title='bbox 1674 2422 1816 2476; x_wconf 89' lang='lat' dir='ltr'><strong>alere</strong></span> <span class='ocrx_word' id='word_1_181' title='bbox 1836 2423 2033 2476; x_wconf 89' lang='lat' dir='ltr'><strong>curavi.</strong></span> 
     </span>
    </p>
   </div>
   <div class='ocr_carea' id='block_1_29' title="bbox 484 2505 2037 2579">
    <p class='ocr_par' dir='ltr' id='par_1_29' title="bbox 484 2505 2037 2579">
     <span class='ocr_line' id='line_1_29' title="bbox 484 2505 2037 2579; baseline 0.005 -22"><span class='ocrx_word' id='word_1_182' title='bbox 484 2505 708 2558; x_wconf 83' lang='lat' dir='ltr'><strong>Tantum</strong></span> <span class='ocrx_word' id='word_1_183' title='bbox 733 2505 904 2573; x_wconf 89' lang='lat' dir='ltr'><strong>abest,</strong></span> <span class='ocrx_word' id='word_1_184' title='bbox 933 2514 988 2558; x_wconf 90' lang='lat' dir='ltr'><strong>ut</strong></span> <span class='ocrx_word' id='word_1_185' title='bbox 1016 2506 1127 2560; x_wconf 67' lang='lat' dir='ltr'><strong>haec</strong></span> <span class='ocrx_word' id='word_1_186' title='bbox 1155 2508 1305 2561; x_wconf 90' lang='lat' dir='ltr'><strong>annis</strong></span> <span class='ocrx_word' id='word_1_187' title='bbox 1335 2511 1387 2562; x_wconf 91' lang='lat' dir='ltr'><strong>in</strong></span> <span class='ocrx_word' id='word_1_188' title='bbox 1414 2519 1676 2565; x_wconf 85' lang='lat' dir='ltr'><strong>senectam</strong></span> <span class='ocrx_word' id='word_1_189' title='bbox 1705 2511 2037 2579; x_wconf 76' lang='lat' dir='ltr'><strong>vergentibus</strong></span> 
     </span>
    </p>
   </div>
   <div class='ocr_carea' id='block_1_30' title="bbox 483 2595 662 2656">
    <p class='ocr_par' dir='ltr' id='par_1_30' title="bbox 483 2595 662 2656">
     <span class='ocr_line' id='line_1_30' title="bbox 483 2595 662 2656; baseline 0.011 -10"><span class='ocrx_word' id='word_1_190' title='bbox 483 2595 662 2656; x_wconf 86' lang='lat' dir='ltr'><strong>velint,</strong></span> 
     </span>
    </p>
   </div>
   <div class='ocr_carea' id='block_1_31' title="bbox 602 2684 1793 2749">
    <p class='ocr_par' dir='ltr' id='par_1_31' title="bbox 602 2684 1793 2749">
     <span class='ocr_line' id='line_1_31' title="bbox 602 2684 1793 2749; baseline 0.003 -14"><span class='ocrx_word' id='word_1_191' title='bbox 602 2684 855 2735; x_wconf 85' lang='lat' dir='ltr'><strong>Candidior</strong></span> <span class='ocrx_word' id='word_1_192' title='bbox 878 2692 1128 2749; x_wconf 80' lang='lat' dir='ltr'><strong>postquam</strong></span> <span class='ocrx_word' id='word_1_193' title='bbox 1151 2688 1369 2737; x_wconf 86' lang='lat' dir='ltr'><strong>tondenti</strong></span> <span class='ocrx_word' id='word_1_194' title='bbox 1396 2688 1545 2738; x_wconf 87' lang='lat' dir='ltr'><strong>barba</strong></span> <span class='ocrx_word' id='word_1_195' title='bbox 1571 2690 1793 2740; x_wconf 81' lang='lat' dir='ltr'><strong>cadebat.</strong></span> 
     </span>
    </p>
   </div>
   <div class='ocr_carea' id='block_1_32' title="bbox 486 2804 2030 2882">
    <p class='ocr_par' dir='ltr' id='par_1_32' title="bbox 486 2804 2030 2882">
     <span class='ocr_line' id='line_1_32' title="bbox 486 2804 2030 2882; baseline 0.003 -21"><span class='ocrx_word' id='word_1_196' title='bbox 486 2804 590 2861; x_wconf 83' lang='lat' dir='ltr'><strong>Sed</strong></span> <span class='ocrx_word' id='word_1_197' title='bbox 620 2807 699 2861; x_wconf 89' lang='lat' dir='ltr'><strong>fac</strong></span> <span class='ocrx_word' id='word_1_198' title='bbox 727 2808 859 2862; x_wconf 83' lang='lat' dir='ltr'><strong>velle</strong></span> <span class='ocrx_word' id='word_1_199' title='bbox 887 2824 971 2863; x_wconf 89' lang='lat' dir='ltr'><strong>me</strong></span> <span class='ocrx_word' id='word_1_200' title='bbox 1017 2808 1167 2865; x_wconf 89' lang='lat' dir='ltr'><strong>obire</strong></span> <span class='ocrx_word' id='word_1_201' title='bbox 1213 2826 1581 2882; x_wconf 87' lang='lat' dir='ltr'><strong>nonnunquam</strong></span> <span class='ocrx_word' id='word_1_202' title='bbox 1606 2818 1829 2873; x_wconf 87' lang='lat' dir='ltr'><strong>rusticas</strong></span> <span class='ocrx_word' id='word_1_203' title='bbox 1880 2814 2030 2867; x_wconf 89' lang='lat' dir='ltr'><strong>volu-</strong></span> 
     </span>
    </p>
   </div>
   <div class='ocr_carea' id='block_1_33' title="bbox 483 2880 2106 2964">
    <p class='ocr_par' dir='ltr' id='par_1_33' title="bbox 483 2880 2106 2964">
     <span class='ocr_line' id='line_1_33' title="bbox 483 2880 2106 2964; baseline 0.005 -17"><span class='ocrx_word' id='word_1_204' title='bbox 483 2903 671 2963; x_wconf 85' lang='lat' dir='ltr'><strong>ptates.</strong></span> <span class='ocrx_word' id='word_1_205' title='bbox 701 2894 798 2949; x_wconf 91' lang='lat' dir='ltr'><strong>Cui</strong></span> <span class='ocrx_word' id='word_1_206' title='bbox 823 2880 1036 2951; x_wconf 82' lang='lat' dir='ltr'><strong>tandem</strong></span> <span class='ocrx_word' id='word_1_207' title='bbox 1068 2900 1355 2964; x_wconf 91' lang='lat' dir='ltr'><strong>primorum</strong></span> <span class='ocrx_word' id='word_1_208' title='bbox 1390 2880 1605 2954; x_wconf 80' lang='lat' dir='ltr'><strong>senatus</strong></span> <span class='ocrx_word' id='word_1_209' title='bbox 1632 2912 1775 2955; x_wconf 87' lang='lat' dir='ltr'><strong>tanta</strong></span> <span class='ocrx_word' id='word_1_210' title='bbox 1806 2903 2035 2955; x_wconf 81' lang='lat' dir='ltr'><strong>vacatio-</strong></span> <span class='ocrx_word' id='word_1_211' title='bbox 2062 2896 2106 2955; x_wconf 92' lang='lat' dir='ltr'><strong>C</strong></span> 
     </span>
    </p>
   </div>
   <div class='ocr_carea' id='block_1_34' title="bbox 481 2982 2029 3060">
    <p class='ocr_par' dir='ltr' id='par_1_34' title="bbox 481 2982 2029 3060">
     <span class='ocr_line' id='line_1_34' title="bbox 481 2982 2029 3060; baseline 0.006 -25"><span class='ocrx_word' id='word_1_212' title='bbox 481 2984 563 3037; x_wconf 91' lang='lat' dir='ltr'><strong>nis</strong></span> <span class='ocrx_word' id='word_1_213' title='bbox 592 2982 818 3037; x_wconf 84' lang='lat' dir='ltr'><strong>felicitas</strong></span> <span class='ocrx_word' id='word_1_214' title='bbox 842 2986 1094 3053; x_wconf 85' lang='lat' dir='ltr'><strong>suppetit,</strong></span> <span class='ocrx_word' id='word_1_215' title='bbox 1127 2997 1182 3040; x_wconf 92' lang='lat' dir='ltr'><strong>ut</strong></span> <span class='ocrx_word' id='word_1_216' title='bbox 1215 2990 1350 3042; x_wconf 87' lang='lat' dir='ltr'><strong>inter</strong></span> <span class='ocrx_word' id='word_1_217' title='bbox 1388 2990 1573 3056; x_wconf 76' lang='lat' dir='ltr'><strong>patria:</strong></span> <span class='ocrx_word' id='word_1_218' title='bbox 1610 3006 1766 3045; x_wconf 86' lang='lat' dir='ltr'><strong>curas</strong></span> <span class='ocrx_word' id='word_1_219' title='bbox 1807 2993 2029 3060; x_wconf 89' lang='lat' dir='ltr'><strong>respiret</strong></span> 
     </span>
    </p>
   </div>
   <div class='ocr_carea' id='block_1_35' title="bbox 479 3074 2025 3143">
    <p class='ocr_par' dir='ltr' id='par_1_35' title="bbox 479 3074 2025 3143">
     <span class='ocr_line' id='line_1_35' title="bbox 479 3074 2025 3143; baseline 0.005 -17"><span class='ocrx_word' id='word_1_220' title='bbox 479 3088 642 3141; x_wconf 89' lang='lat' dir='ltr'><strong>opere</strong></span> <span class='ocrx_word' id='word_1_221' title='bbox 668 3074 939 3128; x_wconf 77' lang='lat' dir='ltr'><strong>silvestri?</strong></span> <span class='ocrx_word' id='word_1_222' title='bbox 982 3076 1298 3143; x_wconf 84' lang='lat' dir='ltr'><strong>Comperisti</strong></span> <span class='ocrx_word' id='word_1_223' title='bbox 1340 3080 1477 3132; x_wconf 84' lang='lat' dir='ltr'><strong>baud</strong></span> <span class='ocrx_word' id='word_1_224' title='bbox 1506 3081 1701 3134; x_wconf 90' lang='lat' dir='ltr'><strong>dudum</strong></span> <span class='ocrx_word' id='word_1_225' title='bbox 1736 3082 2025 3136; x_wconf 82' lang='lat' dir='ltr'><strong>frumenta—</strong></span> 
     </span>
    </p>
   </div>
   <div class='ocr_carea' id='block_1_36' title="bbox 478 3163 2029 3240">
    <p class='ocr_par' dir='ltr' id='par_1_36' title="bbox 478 3163 2029 3240">
     <span class='ocr_line' id='line_1_36' title="bbox 478 3163 2029 3240; baseline 0.006 -23"><span class='ocrx_word' id='word_1_226' title='bbox 478 3163 584 3217; x_wconf 87' lang='lat' dir='ltr'><strong>rias</strong></span> <span class='ocrx_word' id='word_1_227' title='bbox 610 3178 815 3233; x_wconf 70' lang='lat' dir='ltr'><strong>magum</strong></span> <span class='ocrx_word' id='word_1_228' title='bbox 834 3166 982 3220; x_wconf 89' lang='lat' dir='ltr'><strong>urbis</strong></span> <span class='ocrx_word' id='word_1_229' title='bbox 1001 3169 1264 3234; x_wconf 75' lang='lat' dir='ltr'><strong>querelas.</strong></span> <span class='ocrx_word' id='word_1_230' title='bbox 1296 3170 1559 3223; x_wconf 89' lang='lat' dir='ltr'><strong>Successit</strong></span> <span class='ocrx_word' id='word_1_231' title='bbox 1594 3172 1712 3224; x_wconf 86' lang='lat' dir='ltr'><strong>huic</strong></span> <span class='ocrx_word' id='word_1_232' title='bbox 1738 3174 1839 3224; x_wconf 88' lang='lat' dir='ltr'><strong>olei</strong></span> <span class='ocrx_word' id='word_1_233' title='bbox 1868 3188 2029 3240; x_wconf 86' lang='lat' dir='ltr'><strong>penu-</strong></span> 
     </span>
    </p>
   </div>
   <div class='ocr_carea' id='block_1_37' title="bbox 484 3253 2025 3339">
    <p class='ocr_par' dir='ltr' id='par_1_37' title="bbox 484 3253 2025 3339">
     <span class='ocr_line' id='line_1_37' title="bbox 484 3253 2025 3339; baseline 0.005 -34"><span class='ocrx_word' id='word_1_234' title='bbox 484 3253 595 3317; x_wconf 90' lang='lat' dir='ltr'><strong>ria;</strong></span> <span class='ocrx_word' id='word_1_235' title='bbox 627 3259 681 3307; x_wconf 91' lang='lat' dir='ltr'><strong>et</strong></span> <span class='ocrx_word' id='word_1_236' title='bbox 708 3254 881 3308; x_wconf 86' lang='lat' dir='ltr'><strong>adhuc</strong></span> <span class='ocrx_word' id='word_1_237' title='bbox 908 3264 1085 3309; x_wconf 89' lang='lat' dir='ltr'><strong>manet</strong></span> <span class='ocrx_word' id='word_1_238' title='bbox 1111 3258 1176 3309; x_wconf 89' lang='lat' dir='ltr'><strong>de</strong></span> <span class='ocrx_word' id='word_1_239' title='bbox 1207 3258 1352 3324; x_wconf 80' lang='lat' dir='ltr'><strong>fruge</strong></span> <span class='ocrx_word' id='word_1_240' title='bbox 1373 3261 1616 3339; x_wconf 61' lang='lat' dir='ltr'><strong>causatio</strong></span> <span class='ocrx_word' id='word_1_241' title='bbox 1644 3275 1658 3311; x_wconf 89' lang='lat'>:</span> <span class='ocrx_word' id='word_1_242' title='bbox 1699 3260 1821 3313; x_wconf 90' lang='lat' dir='ltr'><strong>hinc</strong></span> <span class='ocrx_word' id='word_1_243' title='bbox 1850 3276 2025 3315; x_wconf 91' lang='lat' dir='ltr'><strong>rerum</strong></span> 
     </span>
    </p>
   </div>
   <div class='ocr_carea' id='block_1_38' title="bbox 479 3344 2027 3419">
    <p class='ocr_par' dir='ltr' id='par_1_38' title="bbox 479 3344 2027 3419">
     <span class='ocr_line' id='line_1_38' title="bbox 479 3344 2027 3419; baseline 0.008 -27"><span class='ocrx_word' id='word_1_244' title='bbox 479 3344 601 3419; x_wconf 84' lang='lat' dir='ltr'><strong>fessi</strong></span> <span class='ocrx_word' id='word_1_245' title='bbox 631 3344 774 3397; x_wconf 89' lang='lat' dir='ltr'><strong>viros</strong></span> <span class='ocrx_word' id='word_1_246' title='bbox 799 3345 963 3398; x_wconf 67' lang='lat' dir='ltr'><strong>curiae</strong></span> <span class='ocrx_word' id='word_1_247' title='bbox 986 3359 1191 3398; x_wconf 83' lang='lat' dir='ltr'><strong>oratum</strong></span> <span class='ocrx_word' id='word_1_248' title='bbox 1226 3349 1455 3402; x_wconf 88' lang='lat' dir='ltr'><strong>remedia</strong></span> <span class='ocrx_word' id='word_1_249' title='bbox 1485 3350 1771 3417; x_wconf 83' lang='lat' dir='ltr'><strong>legavimus</strong></span> <span class='ocrx_word' id='word_1_250' title='bbox 1794 3366 1809 3405; x_wconf 86' lang='lat'>:</span> <span class='ocrx_word' id='word_1_251' title='bbox 1834 3360 1887 3405; x_wconf 90' lang='lat' dir='ltr'><strong>et</strong></span> <span class='ocrx_word' id='word_1_252' title='bbox 1907 3366 2027 3419; x_wconf 88' lang='lat' dir='ltr'><strong>spes</strong></span> 
     </span>
    </p>
   </div>
   <div class='ocr_carea' id='block_1_39' title="bbox 476 3414 2023 3507">
    <p class='ocr_par' dir='ltr' id='par_1_39' title="bbox 476 3414 2023 3507">
     <span class='ocr_line' id='line_1_39' title="bbox 476 3414 2023 3507; baseline 0.007 -23"><span class='ocrx_word' id='word_1_253' title='bbox 476 3440 579 3495; x_wconf 86' lang='lat' dir='ltr'><strong>est,</strong></span> <span class='ocrx_word' id='word_1_254' title='bbox 596 3414 1098 3497; x_wconf 72' lang='lat' dir='ltr'><strong>clementissimum,</strong></span> <span class='ocrx_word' id='word_1_255' title='bbox 1121 3437 1459 3506; x_wconf 89' lang='lat' dir='ltr'><strong>divinumque</strong></span> <span class='ocrx_word' id='word_1_256' title='bbox 1491 3441 1777 3507; x_wconf 88' lang='lat' dir='ltr'><strong>principem</strong></span> <span class='ocrx_word' id='word_1_257' title='bbox 1808 3444 2023 3495; x_wconf 84' lang='lat' dir='ltr'><strong>salutari</strong></span> 
     </span>
    </p>
   </div>
   <div class='ocr_carea' id='block_1_40' title="bbox 476 3524 2023 3593">
    <p class='ocr_par' dir='ltr' id='par_1_40' title="bbox 476 3524 2023 3593">
     <span class='ocr_line' id='line_1_40' title="bbox 476 3524 2023 3593; baseline 0.008 -20"><span class='ocrx_word' id='word_1_258' title='bbox 476 3536 578 3588; x_wconf 79' lang='lat' dir='ltr'><strong>Ope</strong></span> <span class='ocrx_word' id='word_1_259' title='bbox 609 3524 967 3577; x_wconf 89' lang='lat' dir='ltr'><strong>consulturum</strong></span> <span class='ocrx_word' id='word_1_260' title='bbox 1005 3527 1198 3593; x_wconf 86' lang='lat' dir='ltr'><strong>petitis.</strong></span> <span class='ocrx_word' id='word_1_261' title='bbox 1252 3528 1453 3582; x_wconf 87' lang='lat' dir='ltr'><strong>Interea</strong></span> <span class='ocrx_word' id='word_1_262' title='bbox 1500 3529 1847 3585; x_wconf 79' lang='lat' dir='ltr'><strong>IabOrantium</strong></span> <span class='ocrx_word' id='word_1_263' title='bbox 1877 3548 2023 3586; x_wconf 84' lang='lat' dir='ltr'><strong>mur-</strong></span> 
     </span>
    </p>
   </div>
   <div class='ocr_carea' id='block_1_41' title="bbox 478 3614 2026 3684">
    <p class='ocr_par' dir='ltr' id='par_1_41' title="bbox 478 3614 2026 3684">
     <span class='ocr_line' id='line_1_41' title="bbox 478 3614 2026 3684; baseline 0.007 -20"><span class='ocrx_word' id='word_1_264' title='bbox 478 3628 629 3667; x_wconf 85' lang='lat' dir='ltr'><strong>mure</strong></span> <span class='ocrx_word' id='word_1_265' title='bbox 653 3614 843 3681; x_wconf 89' lang='lat' dir='ltr'><strong>strepit</strong></span> <span class='ocrx_word' id='word_1_266' title='bbox 869 3614 1072 3668; x_wconf 86' lang='lat' dir='ltr'><strong>civitas.</strong></span> <span class='ocrx_word' id='word_1_267' title='bbox 1099 3616 1175 3669; x_wconf 88' lang='lat' dir='ltr'><strong>Tu</strong></span> <span class='ocrx_word' id='word_1_268' title='bbox 1206 3634 1363 3682; x_wconf 92' lang='lat' dir='ltr'><strong>nunc,</strong></span> <span class='ocrx_word' id='word_1_269' title='bbox 1397 3620 1588 3681; x_wconf 88' lang='lat' dir='ltr'><strong>amice,</strong></span> <span class='ocrx_word' id='word_1_270' title='bbox 1610 3621 1841 3684; x_wconf 88' lang='lat' dir='ltr'><strong>venaris,</strong></span> <span class='ocrx_word' id='word_1_271' title='bbox 1867 3631 1921 3675; x_wconf 90' lang='lat' dir='ltr'><strong>et</strong></span> <span class='ocrx_word' id='word_1_272' title='bbox 1948 3623 2026 3675; x_wconf 84' lang='lat' dir='ltr'><strong>ni-</strong></span> 
     </span>
    </p>
   </div>
   <div class='ocr_carea' id='block_1_42' title="bbox 478 3699 2017 3773">
    <p class='ocr_par' dir='ltr' id='par_1_42' title="bbox 478 3699 2017 3773">
     <span class='ocr_line' id='line_1_42' title="bbox 478 3699 2017 3773; baseline 0.007 -22"><span class='ocrx_word' id='word_1_273' title='bbox 478 3699 579 3753; x_wconf 88' lang='lat' dir='ltr'><strong>mis</strong></span> <span class='ocrx_word' id='word_1_274' title='bbox 607 3701 794 3754; x_wconf 80' lang='lat' dir='ltr'><strong>anxios</strong></span> <span class='ocrx_word' id='word_1_275' title='bbox 822 3700 1128 3756; x_wconf 85' lang='lat' dir='ltr'><strong>deliciarum</strong></span> <span class='ocrx_word' id='word_1_276' title='bbox 1166 3714 1373 3757; x_wconf 87' lang='lat' dir='ltr'><strong>tuarum</strong></span> <span class='ocrx_word' id='word_1_277' title='bbox 1408 3706 1694 3773; x_wconf 88' lang='lat' dir='ltr'><strong>jactatione</strong></span> <span class='ocrx_word' id='word_1_278' title='bbox 1741 3710 2017 3764; x_wconf 87' lang='lat' dir='ltr'><strong>sollicitas.</strong></span> 
     </span>
    </p>
   </div>
   <div class='ocr_carea' id='block_1_43' title="bbox 474 3791 2021 3866">
    <p class='ocr_par' dir='ltr' id='par_1_43' title="bbox 474 3791 2021 3866">
     <span class='ocr_line' id='line_1_43' title="bbox 474 3791 2021 3866; baseline 0.005 -20"><span class='ocrx_word' id='word_1_279' title='bbox 474 3791 580 3846; x_wconf 86' lang='lat' dir='ltr'><strong>Sed</strong></span> <span class='ocrx_word' id='word_1_280' title='bbox 611 3792 698 3861; x_wconf 85' lang='lat' dir='ltr'><strong>qui</strong></span> <span class='ocrx_word' id='word_1_281' title='bbox 726 3792 837 3847; x_wconf 83' lang='lat' dir='ltr'><strong>fieri</strong></span> <span class='ocrx_word' id='word_1_282' title='bbox 865 3804 1057 3861; x_wconf 90' lang='lat' dir='ltr'><strong>potest,</strong></span> <span class='ocrx_word' id='word_1_283' title='bbox 1087 3805 1140 3848; x_wconf 91' lang='lat' dir='ltr'><strong>ut</strong></span> <span class='ocrx_word' id='word_1_284' title='bbox 1171 3796 1326 3849; x_wconf 87' lang='lat' dir='ltr'><strong>talem</strong></span> <span class='ocrx_word' id='word_1_285' title='bbox 1354 3806 1658 3866; x_wconf 90' lang='lat' dir='ltr'><strong>tantumque</strong></span> <span class='ocrx_word' id='word_1_286' title='bbox 1684 3807 1735 3852; x_wconf 91' lang='lat' dir='ltr'><strong>te</strong></span> <span class='ocrx_word' id='word_1_287' title='bbox 1775 3816 2021 3865; x_wconf 85' lang='lat' dir='ltr'><strong>perscru-</strong></span> 
     </span>
    </p>
   </div>
   <div class='ocr_carea' id='block_1_44' title="bbox 479 3883 2023 3957">
    <p class='ocr_par' dir='ltr' id='par_1_44' title="bbox 479 3883 2023 3957">
     <span class='ocr_line' id='line_1_44' title="bbox 479 3883 2023 3957; baseline 0.006 -23"><span class='ocrx_word' id='word_1_288' title='bbox 479 3883 647 3935; x_wconf 78' lang='lat' dir='ltr'><strong>laudis</strong></span> <span class='ocrx_word' id='word_1_289' title='bbox 676 3883 936 3938; x_wconf 87' lang='lat' dir='ltr'><strong>cubilibus</strong></span> <span class='ocrx_word' id='word_1_290' title='bbox 959 3886 1197 3953; x_wconf 88' lang='lat' dir='ltr'><strong>leporqu</strong></span> <span class='ocrx_word' id='word_1_291' title='bbox 1228 3887 1438 3939; x_wconf 88' lang='lat' dir='ltr'><strong>credam</strong></span> <span class='ocrx_word' id='word_1_292' title='bbox 1470 3892 1689 3941; x_wconf 73' lang='lat' dir='ltr'><strong>vacare?</strong></span> <span class='ocrx_word' id='word_1_293' title='bbox 1731 3888 1877 3942; x_wconf 87' lang='lat' dir='ltr'><strong>Unde</strong></span> <span class='ocrx_word' id='word_1_294' title='bbox 1898 3906 2023 3957; x_wconf 88' lang='lat' dir='ltr'><strong>ergo</strong></span> 
     </span>
    </p>
   </div>
   <div class='ocr_carea' id='block_1_45' title="bbox 475 3974 2023 4049">
    <p class='ocr_par' dir='ltr' id='par_1_45' title="bbox 475 3974 2023 4049">
     <span class='ocr_line' id='line_1_45' title="bbox 475 3974 2023 4049; baseline 0.006 -24"><span class='ocrx_word' id='word_1_295' title='bbox 475 3983 577 4033; x_wconf 87' lang='lat' dir='ltr'><strong>est,</strong></span> <span class='ocrx_word' id='word_1_296' title='bbox 598 3975 733 4039; x_wconf 88' lang='lat' dir='ltr'><strong>quod</strong></span> <span class='ocrx_word' id='word_1_297' title='bbox 762 3974 946 4027; x_wconf 67' lang='lat' dir='ltr'><strong>iisdem</strong></span> <span class='ocrx_word' id='word_1_298' title='bbox 978 3976 1163 4028; x_wconf 89' lang='lat' dir='ltr'><strong>litteris</strong></span> <span class='ocrx_word' id='word_1_299' title='bbox 1184 3992 1212 4028; x_wconf 86' lang='lat' dir='ltr'><strong>a</strong></span> <span class='ocrx_word' id='word_1_300' title='bbox 1244 3991 1327 4029; x_wconf 92' lang='lat' dir='ltr'><strong>me</strong></span> <span class='ocrx_word' id='word_1_301' title='bbox 1354 3980 1523 4043; x_wconf 81' lang='lat' dir='ltr'><strong>poscis</strong></span> <span class='ocrx_word' id='word_1_302' title='bbox 1564 3978 1832 4032; x_wconf 57' lang='lat' dir='ltr'><strong>historiam</strong></span> <span class='ocrx_word' id='word_1_303' title='bbox 1859 4022 1873 4045; x_wconf 93' lang='lat'><strong>,</strong></span> <span class='ocrx_word' id='word_1_304' title='bbox 1908 3988 2023 4049; x_wconf 88' lang='lat' dir='ltr'><strong>qui-</strong></span> 
     </span>
    </p>
   </div>
   <div class='ocr_carea' id='block_1_46' title="bbox 479 4062 2019 4139">
    <p class='ocr_par' dir='ltr' id='par_1_46' title="bbox 479 4062 2019 4139">
     <span class='ocr_line' id='line_1_46' title="bbox 479 4062 2019 4139; baseline 0.009 -29"><span class='ocrx_word' id='word_1_305' title='bbox 479 4062 576 4113; x_wconf 88' lang='lat' dir='ltr'><strong>bus</strong></span> <span class='ocrx_word' id='word_1_306' title='bbox 600 4075 789 4114; x_wconf 82' lang='lat' dir='ltr'><strong>canum</strong></span> <span class='ocrx_word' id='word_1_307' title='bbox 824 4072 1029 4116; x_wconf 90' lang='lat' dir='ltr'><strong>tuorum</strong></span> <span class='ocrx_word' id='word_1_308' title='bbox 1069 4064 1231 4118; x_wconf 84' lang='lat' dir='ltr'><strong>festos</strong></span> <span class='ocrx_word' id='word_1_309' title='bbox 1275 4080 1337 4119; x_wconf 90' lang='lat' dir='ltr'><strong>ac</strong></span> <span class='ocrx_word' id='word_1_310' title='bbox 1380 4067 1639 4135; x_wconf 88' lang='lat' dir='ltr'><strong>profestos</strong></span> <span class='ocrx_word' id='word_1_311' title='bbox 1677 4071 1790 4123; x_wconf 88' lang='lat' dir='ltr'><strong>dies</strong></span> <span class='ocrx_word' id='word_1_312' title='bbox 1835 4074 2019 4139; x_wconf 74' lang='lat' dir='ltr'><strong>praedi-</strong></span> 
     </span>
    </p>
   </div>
   <div class='ocr_carea' id='block_1_47' title="bbox 476 4151 2023 4224">
    <p class='ocr_par' dir='ltr' id='par_1_47' title="bbox 476 4151 2023 4224">
     <span class='ocr_line' id='line_1_47' title="bbox 476 4151 2023 4224; baseline 0.009 -23"><span class='ocrx_word' id='word_1_313' title='bbox 476 4151 600 4203; x_wconf 76' lang='lat' dir='ltr'><strong>cas?</strong></span> <span class='ocrx_word' id='word_1_314' title='bbox 628 4151 952 4205; x_wconf 81' lang='lat' dir='ltr'><strong>Dissimulari</strong></span> <span class='ocrx_word' id='word_1_315' title='bbox 976 4153 1144 4206; x_wconf 81' lang='lat' dir='ltr'><strong>studia</strong></span> <span class='ocrx_word' id='word_1_316' title='bbox 1172 4168 1294 4208; x_wconf 89' lang='lat' dir='ltr'><strong>vera</strong></span> <span class='ocrx_word' id='word_1_317' title='bbox 1324 4169 1426 4208; x_wconf 90' lang='lat' dir='ltr'><strong>non</strong></span> <span class='ocrx_word' id='word_1_318' title='bbox 1456 4168 1691 4224; x_wconf 89' lang='lat' dir='ltr'><strong>possunt.</strong></span> <span class='ocrx_word' id='word_1_319' title='bbox 1727 4159 1853 4212; x_wconf 79' lang='lat' dir='ltr'><strong>Nam</strong></span> <span class='ocrx_word' id='word_1_320' title='bbox 1891 4159 2023 4215; x_wconf 79' lang='lat' dir='ltr'><strong>fate-</strong></span> 
     </span>
    </p>
   </div>
   <div class='ocr_carea' id='block_1_48' title="bbox 481 4233 2100 4327">
    <p class='ocr_par' dir='ltr' id='par_1_48' title="bbox 481 4233 2100 4327">
     <span class='ocr_line' id='line_1_48' title="bbox 481 4233 2100 4327; baseline 0.01 -39"><span class='ocrx_word' id='word_1_321' title='bbox 481 4240 555 4292; x_wconf 89' lang='lat' dir='ltr'><strong>ris</strong></span> <span class='ocrx_word' id='word_1_322' title='bbox 585 4234 780 4292; x_wconf 88' lang='lat' dir='ltr'><strong>invitus</strong></span> <span class='ocrx_word' id='word_1_323' title='bbox 809 4241 945 4293; x_wconf 87' lang='lat' dir='ltr'><strong>inter</strong></span> <span class='ocrx_word' id='word_1_324' title='bbox 979 4244 1221 4310; x_wconf 86' lang='lat' dir='ltr'><strong>figmenta</strong></span> <span class='ocrx_word' id='word_1_325' title='bbox 1262 4242 1462 4297; x_wconf 89' lang='lat' dir='ltr'><strong>ludicra</strong></span> <span class='ocrx_word' id='word_1_326' title='bbox 1504 4246 1744 4300; x_wconf 88' lang='lat' dir='ltr'><strong>morbum</strong></span> <span class='ocrx_word' id='word_1_327' title='bbox 1795 4248 2016 4327; x_wconf 79' lang='lat' dir='ltr'><strong>legendi.</strong></span> <span class='ocrx_word' id='word_1_328' title='bbox 2048 4233 2100 4291; x_wconf 79' lang='grc' dir='ltr'><strong>Ῑ)</strong></span> 
     </span>
    </p>
   </div>
   <div class='ocr_carea' id='block_1_49' title="bbox 481 4324 2023 4395">
    <p class='ocr_par' dir='ltr' id='par_1_49' title="bbox 481 4324 2023 4395">
     <span class='ocr_line' id='line_1_49' title="bbox 481 4324 2023 4395; baseline 0.009 -17"><span class='ocrx_word' id='word_1_329' title='bbox 481 4324 596 4379; x_wconf 80' lang='lat' dir='ltr'><strong>Non</strong></span> <span class='ocrx_word' id='word_1_330' title='bbox 626 4326 713 4379; x_wconf 92' lang='lat' dir='ltr'><strong>ibo</strong></span> <span class='ocrx_word' id='word_1_331' title='bbox 741 4327 964 4395; x_wconf 90' lang='lat' dir='ltr'><strong>longius.</strong></span> <span class='ocrx_word' id='word_1_332' title='bbox 999 4329 1200 4383; x_wconf 81' lang='lat' dir='ltr'><strong>l&#39;riscas</strong></span> <span class='ocrx_word' id='word_1_333' title='bbox 1223 4330 1485 4386; x_wconf 87' lang='lat' dir='ltr'><strong>Gallorum</strong></span> <span class='ocrx_word' id='word_1_334' title='bbox 1524 4337 1804 4390; x_wconf 86' lang='lat' dir='ltr'><strong>memorias</strong></span> <span class='ocrx_word' id='word_1_335' title='bbox 1826 4324 2023 4393; x_wconf 83' lang='lat' dir='ltr'><strong>deferri</strong></span> 
     </span>
    </p>
   </div>
   <div class='ocr_carea' id='block_1_50' title="bbox 476 4415 2024 4494">
    <p class='ocr_par' dir='ltr' id='par_1_50' title="bbox 476 4415 2024 4494">
     <span class='ocr_line' id='line_1_50' title="bbox 476 4415 2024 4494; baseline 0.01 -29"><span class='ocrx_word' id='word_1_336' title='bbox 476 4415 529 4465; x_wconf 89' lang='lat' dir='ltr'><strong>in</strong></span> <span class='ocrx_word' id='word_1_337' title='bbox 561 4429 746 4469; x_wconf 85' lang='lat' dir='ltr'><strong>manus</strong></span> <span class='ocrx_word' id='word_1_338' title='bbox 773 4424 889 4469; x_wconf 88' lang='lat' dir='ltr'><strong>tuas</strong></span> <span class='ocrx_word' id='word_1_339' title='bbox 930 4418 1183 4485; x_wconf 79' lang='lat' dir='ltr'><strong>postulas.</strong></span> <span class='ocrx_word' id='word_1_340' title='bbox 1217 4418 1449 4474; x_wconf 80' lang='lat' dir='ltr'><strong>Revolve</strong></span> <span class='ocrx_word' id='word_1_341' title='bbox 1481 4423 1715 4477; x_wconf 80' lang='lat' dir='ltr'><strong>Patavini</strong></span> <span class='ocrx_word' id='word_1_342' title='bbox 1754 4427 2024 4494; x_wconf 85' lang='lat' dir='ltr'><strong>scriptoris</strong></span> 
     </span>
    </p>
   </div>
   <div class='ocr_carea' id='block_1_51' title="bbox 474 4506 2021 4577">
    <p class='ocr_par' dir='ltr' id='par_1_51' title="bbox 474 4506 2021 4577">
     <span class='ocr_line' id='line_1_51' title="bbox 474 4506 2021 4577; baseline 0.008 -21"><span class='ocrx_word' id='word_1_343' title='bbox 474 4514 733 4569; x_wconf 55' lang='lat' dir='ltr'><strong>extrema,</strong></span> <span class='ocrx_word' id='word_1_344' title='bbox 767 4506 954 4572; x_wconf 91' lang='lat' dir='ltr'><strong>quibus</strong></span> <span class='ocrx_word' id='word_1_345' title='bbox 982 4522 1066 4560; x_wconf 89' lang='lat' dir='ltr'><strong>res</strong></span> <span class='ocrx_word' id='word_1_346' title='bbox 1093 4506 1319 4562; x_wconf 72' lang='lat' dir='ltr'><strong>Caesaris</strong></span> <span class='ocrx_word' id='word_1_347' title='bbox 1358 4511 1704 4577; x_wconf 65' lang='lat' dir='ltr'><strong>ext-licantur,</strong></span> <span class='ocrx_word' id='word_1_348' title='bbox 1732 4526 1820 4568; x_wconf 90' lang='lat' dir='ltr'><strong>aut</strong></span> <span class='ocrx_word' id='word_1_349' title='bbox 1848 4519 1891 4569; x_wconf 90' lang='lat' dir='ltr'><strong>si</strong></span> <span class='ocrx_word' id='word_1_350' title='bbox 1922 4518 2021 4569; x_wconf 87' lang='lat' dir='ltr'><strong>im-</strong></span> 
     </span>
    </p>
   </div>
   <div class='ocr_carea' id='block_1_52' title="bbox 477 4594 2019 4665">
    <p class='ocr_par' dir='ltr' id='par_1_52' title="bbox 477 4594 2019 4665">
     <span class='ocr_line' id='line_1_52' title="bbox 477 4594 2019 4665; baseline 0.012 -22"><span class='ocrx_word' id='word_1_351' title='bbox 477 4608 569 4657; x_wconf 85' lang='lat' dir='ltr'><strong>par</strong></span> <span class='ocrx_word' id='word_1_352' title='bbox 604 4604 687 4646; x_wconf 92' lang='lat' dir='ltr'><strong>est</strong></span> <span class='ocrx_word' id='word_1_353' title='bbox 715 4594 978 4647; x_wconf 88' lang='lat' dir='ltr'><strong>desiderio</strong></span> <span class='ocrx_word' id='word_1_354' title='bbox 1009 4606 1097 4648; x_wconf 89' lang='lat' dir='ltr'><strong>tuo</strong></span> <span class='ocrx_word' id='word_1_355' title='bbox 1129 4598 1322 4663; x_wconf 88' lang='lat' dir='ltr'><strong>Livius,</strong></span> <span class='ocrx_word' id='word_1_356' title='bbox 1352 4615 1503 4654; x_wconf 89' lang='lat' dir='ltr'><strong>sume</strong></span> <span class='ocrx_word' id='word_1_357' title='bbox 1538 4603 1937 4665; x_wconf 86' lang='lat' dir='ltr'><strong>Epltemeridem</strong></span> <span class='ocrx_word' id='word_1_358' title='bbox 1960 4609 2019 4661; x_wconf 90' lang='lat' dir='ltr'><strong>C.</strong></span> 
     </span>
    </p>
   </div>
   <div class='ocr_carea' id='block_1_53' title="bbox 473 4683 2026 4755">
    <p class='ocr_par' dir='ltr' id='par_1_53' title="bbox 473 4683 2026 4755">
     <span class='ocr_line' id='line_1_53' title="bbox 473 4683 2026 4755; baseline 0.011 -20"><span class='ocrx_word' id='word_1_359' title='bbox 473 4683 717 4749; x_wconf 67' lang='lat' dir='ltr'><strong>Csesaris,</strong></span> <span class='ocrx_word' id='word_1_360' title='bbox 744 4685 1044 4752; x_wconf 86' lang='lat' dir='ltr'><strong>decerptam</strong></span> <span class='ocrx_word' id='word_1_361' title='bbox 1073 4688 1455 4744; x_wconf 71' lang='lat' dir='ltr'><strong>bibliotheculm</strong></span> <span class='ocrx_word' id='word_1_362' title='bbox 1492 4708 1643 4755; x_wconf 65' lang='lat' dir='ltr'><strong>mea),</strong></span> <span class='ocrx_word' id='word_1_363' title='bbox 1677 4706 1733 4747; x_wconf 91' lang='lat' dir='ltr'><strong>ut</strong></span> <span class='ocrx_word' id='word_1_364' title='bbox 1775 4698 1865 4750; x_wconf 83' lang='lat' dir='ltr'><strong>tibi</strong></span> <span class='ocrx_word' id='word_1_365' title='bbox 1912 4715 2026 4752; x_wconf 87' lang='lat' dir='ltr'><strong>tnu-</strong></span> 
     </span>
    </p>
   </div>
   <div class='ocr_carea' id='block_1_54' title="bbox 473 4773 2027 4853">
    <p class='ocr_par' dir='ltr' id='par_1_54' title="bbox 473 4773 2027 4853">
     <span class='ocr_line' id='line_1_54' title="bbox 473 4773 2027 4853; baseline 0.014 -33"><span class='ocrx_word' id='word_1_366' title='bbox 473 4773 584 4825; x_wconf 89' lang='lat' dir='ltr'><strong>neri</strong></span> <span class='ocrx_word' id='word_1_367' title='bbox 617 4777 933 4825; x_wconf 88' lang='lat' dir='ltr'><strong>mitteretur.</strong></span> <span class='ocrx_word' id='word_1_368' title='bbox 969 4774 1090 4829; x_wconf 60' lang='lat' dir='ltr'><strong>Haec</strong></span> <span class='ocrx_word' id='word_1_369' title='bbox 1133 4785 1186 4831; x_wconf 88' lang='lat' dir='ltr'><strong>te</strong></span> <span class='ocrx_word' id='word_1_370' title='bbox 1231 4779 1479 4847; x_wconf 89' lang='lat' dir='ltr'><strong>origines,</strong></span> <span class='ocrx_word' id='word_1_371' title='bbox 1525 4781 1678 4847; x_wconf 77' lang='lat' dir='ltr'><strong>situs,</strong></span> <span class='ocrx_word' id='word_1_372' title='bbox 1710 4799 1927 4853; x_wconf 80' lang='lat' dir='ltr'><strong>pugnas,</strong></span> <span class='ocrx_word' id='word_1_373' title='bbox 1973 4797 2027 4841; x_wconf 90' lang='lat' dir='ltr'><strong>ct</strong></span> 
     </span>
    </p>
   </div>
   <div class='ocr_carea' id='block_1_55' title="bbox 470 4860 2022 4937">
    <p class='ocr_par' dir='ltr' id='par_1_55' title="bbox 470 4860 2022 4937">
     <span class='ocr_line' id='line_1_55' title="bbox 470 4860 2022 4937; baseline 0.014 -29"><span class='ocrx_word' id='word_1_374' title='bbox 470 4860 719 4927; x_wconf 75' lang='lat' dir='ltr'><strong>quidquid</strong></span> <span class='ocrx_word' id='word_1_375' title='bbox 748 4862 846 4915; x_wconf 86' lang='lat' dir='ltr'><strong>fuit</strong></span> <span class='ocrx_word' id='word_1_376' title='bbox 876 4863 926 4914; x_wconf 92' lang='lat' dir='ltr'><strong>in</strong></span> <span class='ocrx_word' id='word_1_377' title='bbox 974 4864 1209 4918; x_wconf 89' lang='lat' dir='ltr'><strong>moribus</strong></span> <span class='ocrx_word' id='word_1_378' title='bbox 1245 4877 1336 4919; x_wconf 91' lang='lat' dir='ltr'><strong>aut</strong></span> <span class='ocrx_word' id='word_1_379' title='bbox 1374 4869 1577 4937; x_wconf 90' lang='lat' dir='ltr'><strong>legibus</strong></span> <span class='ocrx_word' id='word_1_380' title='bbox 1604 4872 1889 4928; x_wconf 86' lang='lat' dir='ltr'><strong>Galliarum</strong></span> <span class='ocrx_word' id='word_1_381' title='bbox 1925 4879 2022 4930; x_wconf 89' lang='lat' dir='ltr'><strong>do-</strong></span> 
     </span>
    </p>
   </div>
   <div class='ocr_carea' id='block_1_56' title="bbox 470 4949 2023 5026">
    <p class='ocr_par' dir='ltr' id='par_1_56' title="bbox 470 4949 2023 5026">
     <span class='ocr_line' id='line_1_56' title="bbox 470 4949 2023 5026; baseline 0.015 -28"><span class='ocrx_word' id='word_1_382' title='bbox 470 4949 629 5003; x_wconf 73' lang='lat' dir='ltr'><strong>cebit.</strong></span> <span class='ocrx_word' id='word_1_383' title='bbox 655 4950 857 5015; x_wconf 85' lang='lat' dir='ltr'><strong>Enitar,</strong></span> <span class='ocrx_word' id='word_1_384' title='bbox 873 4954 914 5005; x_wconf 88' lang='lat' dir='ltr'><strong>si</strong></span> <span class='ocrx_word' id='word_1_385' title='bbox 931 4956 1036 5007; x_wconf 81' lang='lat' dir='ltr'><strong>for’s</strong></span> <span class='ocrx_word' id='word_1_386' title='bbox 1059 4965 1233 5011; x_wconf 84' lang='lat' dir='ltr'><strong>votum</strong></span> <span class='ocrx_word' id='word_1_387' title='bbox 1252 4958 1417 5026; x_wconf 78' lang='lat' dir='ltr'><strong>juvet‘,</strong></span> <span class='ocrx_word' id='word_1_388' title='bbox 1442 4964 1599 5014; x_wconf 73' lang='lat' dir='ltr'><strong>et‘am</strong></span> <span class='ocrx_word' id='word_1_389' title='bbox 1620 4962 1771 5017; x_wconf 86' lang='lat' dir='ltr'><strong>Plinii</strong></span> <span class='ocrx_word' id='word_1_390' title='bbox 1796 4966 2023 5021; x_wconf 89' lang='lat' dir='ltr'><strong>Secundi</strong></span> 
     </span>
    </p>
   </div>
   <div class='ocr_carea' id='block_1_57' title="bbox 471 5037 2021 5117">
    <p class='ocr_par' dir='ltr' id='par_1_57' title="bbox 471 5037 2021 5117">
     <span class='ocr_line' id='line_1_57' title="bbox 471 5037 2021 5117; baseline 0.013 -27"><span class='ocrx_word' id='word_1_391' title='bbox 471 5037 777 5094; x_wconf 81' lang='lat' dir='ltr'><strong>Germanica</strong></span> <span class='ocrx_word' id='word_1_392' title='bbox 811 5041 945 5095; x_wconf 89' lang='lat' dir='ltr'><strong>bella</strong></span> <span class='ocrx_word' id='word_1_393' title='bbox 972 5048 1302 5111; x_wconf 88' lang='lat' dir='ltr'><strong>conquirere.</strong></span> <span class='ocrx_word' id='word_1_394' title='bbox 1328 5049 1605 5117; x_wconf 82' lang='lat' dir='ltr'><strong>Tantisper</strong></span> <span class='ocrx_word' id='word_1_395' title='bbox 1645 5063 1760 5105; x_wconf 89' lang='lat' dir='ltr'><strong>esto</strong></span> <span class='ocrx_word' id='word_1_396' title='bbox 1804 5065 2021 5109; x_wconf 89' lang='lat' dir='ltr'><strong>conten-</strong></span> 
     </span>
    </p>
   </div>
   <div class='ocr_carea' id='block_1_58' title="bbox 470 5130 2017 5201">
    <p class='ocr_par' dir='ltr' id='par_1_58' title="bbox 470 5130 2017 5201">
     <span class='ocr_line' id='line_1_58' title="bbox 470 5130 2017 5201; baseline 0.013 -20"><span class='ocrx_word' id='word_1_397' title='bbox 470 5142 552 5183; x_wconf 78' lang='lat' dir='ltr'><strong>tus</strong></span> <span class='ocrx_word' id='word_1_398' title='bbox 575 5130 675 5184; x_wconf 87' lang='lat' dir='ltr'><strong>fide</strong></span> <span class='ocrx_word' id='word_1_399' title='bbox 702 5134 876 5197; x_wconf 78' lang='lat' dir='ltr'><strong>aperis</strong></span> <span class='ocrx_word' id='word_1_400' title='bbox 896 5134 1090 5197; x_wconf 80' lang='lat' dir='ltr'><strong>oblati;</strong></span> <span class='ocrx_word' id='word_1_401' title='bbox 1114 5146 1168 5188; x_wconf 90' lang='lat' dir='ltr'><strong>et</strong></span> <span class='ocrx_word' id='word_1_402' title='bbox 1200 5139 1409 5192; x_wconf 84' lang='lat' dir='ltr'><strong>fratrem</strong></span> <span class='ocrx_word' id='word_1_403' title='bbox 1438 5152 1677 5195; x_wconf 89' lang='lat' dir='ltr'><strong>nostrum</strong></span> <span class='ocrx_word' id='word_1_404' title='bbox 1704 5144 2017 5201; x_wconf 82' lang='lat' dir='ltr'><strong>Minervium</strong></span> 
     </span>
    </p>
   </div>
   <div class='ocr_carea' id='block_1_59' title="bbox 462 5222 2016 5305">
    <p class='ocr_par' dir='ltr' id='par_1_59' title="bbox 462 5222 2016 5305">
     <span class='ocr_line' id='line_1_59' title="bbox 462 5222 2016 5305; baseline 0.013 -34"><span class='ocrx_word' id='word_1_405' title='bbox 462 5222 788 5287; x_wconf 77' lang='lat' dir='ltr'><strong>scriptorum</strong></span> <span class='ocrx_word' id='word_1_406' title='bbox 816 5237 1048 5275; x_wconf 89' lang='lat' dir='ltr'><strong>meorum</strong></span> <span class='ocrx_word' id='word_1_407' title='bbox 1077 5224 1456 5305; x_wconf 70' lang='lat' dir='ltr'><strong>doctissimum,</strong></span> <span class='ocrx_word' id='word_1_408' title='bbox 1490 5242 1543 5283; x_wconf 90' lang='lat' dir='ltr'><strong>et</strong></span> <span class='ocrx_word' id='word_1_409' title='bbox 1584 5231 2016 5301; x_wconf 74' lang='lat' dir='ltr'><strong>benignissimum</strong></span> 
     </span>
    </p>
   </div>
   <div class='ocr_carea' id='block_1_60' title="bbox 466 5309 2011 5395">
    <p class='ocr_par' dir='ltr' id='par_1_60' title="bbox 466 5309 2011 5395">
     <span class='ocr_line' id='line_1_60' title="bbox 466 5309 2011 5395; baseline 0.016 -38"><span class='ocrx_word' id='word_1_410' title='bbox 466 5309 691 5383; x_wconf 63' lang='lat' dir='ltr'><strong>iudicem</strong></span> <span class='ocrx_word' id='word_1_411' title='bbox 714 5312 828 5378; x_wconf 92' lang='lat' dir='ltr'><strong>(cur</strong></span> <span class='ocrx_word' id='word_1_412' title='bbox 847 5312 1016 5366; x_wconf 90' lang='lat' dir='ltr'><strong>dicam</strong></span> <span class='ocrx_word' id='word_1_413' title='bbox 1036 5313 1452 5386; x_wconf 82' lang='lat' dir='ltr'><strong>judicem,quem</strong></span> <span class='ocrx_word' id='word_1_414' title='bbox 1478 5323 1615 5374; x_wconf 86' lang='lat' dir='ltr'><strong>malo</strong></span> <span class='ocrx_word' id='word_1_415' title='bbox 1637 5324 2011 5395; x_wconf 84' lang='lat' dir='ltr'><strong>plausorem?),</strong></span> 
     </span>
    </p>
   </div>
   <div class='ocr_carea' id='block_1_61' title="bbox 468 5400 2013 5485">
    <p class='ocr_par' dir='ltr' id='par_1_61' title="bbox 468 5400 2013 5485">
     <span class='ocr_line' id='line_1_61' title="bbox 468 5400 2013 5485; baseline 0.017 -38"><span class='ocrx_word' id='word_1_416' title='bbox 468 5414 524 5447; x_wconf 78' lang='lat' dir='ltr'><strong>ac</strong></span> <span class='ocrx_word' id='word_1_417' title='bbox 548 5400 745 5453; x_wconf 83' lang='lat' dir='ltr'><strong>socium</strong></span> <span class='ocrx_word' id='word_1_418' title='bbox 773 5402 1011 5458; x_wconf 85' lang='lat' dir='ltr'><strong>lectionis</strong></span> <span class='ocrx_word' id='word_1_419' title='bbox 1037 5421 1047 5455; x_wconf 90' lang='lat'>:</span> <span class='ocrx_word' id='word_1_420' title='bbox 1079 5419 1375 5473; x_wconf 80' lang='lat' dir='ltr'><strong>quanquam</strong></span> <span class='ocrx_word' id='word_1_421' title='bbox 1409 5408 1506 5464; x_wconf 90' lang='lat' dir='ltr'><strong>ltoc</strong></span> <span class='ocrx_word' id='word_1_422' title='bbox 1534 5426 1560 5465; x_wconf 70' lang='grc' dir='ltr'>τι</span> <span class='ocrx_word' id='word_1_423' title='bbox 1596 5422 1647 5467; x_wconf 91' lang='lat' dir='ltr'><strong>te</strong></span> <span class='ocrx_word' id='word_1_424' title='bbox 1686 5415 1797 5470; x_wconf 88' lang='lat' dir='ltr'><strong>scio</strong></span> <span class='ocrx_word' id='word_1_425' title='bbox 1825 5432 2013 5485; x_wconf 86' lang='lat' dir='ltr'><strong>nequa-</strong></span> 
     </span>
    </p>
   </div>
   <div class='ocr_carea' id='block_1_62' title="bbox 2147 334 3069 395">
    <p class='ocr_par' dir='ltr' id='par_1_62' title="bbox 2147 334 3069 395">
     <span class='ocr_line' id='line_1_62' title="bbox 2147 334 3069 395; baseline 0.012 -18"><span class='ocrx_word' id='word_1_426' title='bbox 2147 340 2295 378; x_wconf 89' lang='lat' dir='ltr'><strong>amor</strong></span> <span class='ocrx_word' id='word_1_427' title='bbox 2317 343 2495 395; x_wconf 61' lang='lat' dir='ltr'><strong>(equus</strong></span> <span class='ocrx_word' id='word_1_428' title='bbox 2520 340 2729 386; x_wconf 89' lang='lat' dir='ltr'><strong>mutuus</strong></span> <span class='ocrx_word' id='word_1_429' title='bbox 2756 334 2897 386; x_wconf 84' lang='lat' dir='ltr'><strong>sinit.</strong></span> <span class='ocrx_word' id='word_1_430' title='bbox 2925 335 3069 389; x_wconf 79' lang='lat' dir='ltr'><strong>Vale.</strong></span> 
     </span>
    </p>
   </div>
   <div class='ocr_carea' id='block_1_63' title="bbox 2727 423 3127 481">
    <p class='ocr_par' dir='ltr' id='par_1_63' title="bbox 2727 423 3127 481">
     <span class='ocr_line' id='line_1_63' title="bbox 2727 423 3127 481; baseline 0.013 -4"><span class='ocrx_word' id='word_1_431' title='bbox 2727 423 2939 479; x_wconf 81' lang='lat' dir='ltr'><strong>EPIST.</strong></span> <span class='ocrx_word' id='word_1_432' title='bbox 2987 426 3127 481; x_wconf 77' lang='lat' dir='ltr'><strong>XIX.</strong></span> 
     </span>
    </p>
   </div>
   <div class='ocr_carea' id='block_1_64' title="bbox 2618 530 3223 577">
    <p class='ocr_par' dir='ltr' id='par_1_64' title="bbox 2618 530 3223 577">
     <span class='ocr_line' id='line_1_64' title="bbox 2618 530 3223 577; baseline 0.01 -8"><span class='ocrx_word' id='word_1_433' title='bbox 2618 530 2925 573; x_wconf 68' lang='lat' dir='ltr'><strong>SYIISIACIIUS</strong></span> <span class='ocrx_word' id='word_1_434' title='bbox 2952 536 3223 577; x_wconf 72' lang='lat' dir='ltr'><strong>PROTADIO.</strong></span> 
     </span>
    </p>
   </div>
   <div class='ocr_carea' id='block_1_65' title="bbox 2213 603 3688 685">
    <p class='ocr_par' dir='ltr' id='par_1_65' title="bbox 2213 603 3688 685">
     <span class='ocr_line' id='line_1_65' title="bbox 2213 603 3688 685; baseline 0.012 -31"><span class='ocrx_word' id='word_1_435' title='bbox 2213 603 2255 654; x_wconf 76' lang='grc' dir='ltr'><strong>Α</strong></span> <span class='ocrx_word' id='word_1_436' title='bbox 2283 604 2549 685; x_wconf 84' lang='lat' dir='ltr'><strong>prosperis</strong></span> <span class='ocrx_word' id='word_1_437' title='bbox 2576 608 2889 663; x_wconf 88' lang='lat' dir='ltr'><strong>ordiendum</strong></span> <span class='ocrx_word' id='word_1_438' title='bbox 2916 620 3017 675; x_wconf 89' lang='lat' dir='ltr'><strong>est,</strong></span> <span class='ocrx_word' id='word_1_439' title='bbox 3048 623 3367 681; x_wconf 88' lang='lat' dir='ltr'><strong>quapropter</strong></span> <span class='ocrx_word' id='word_1_440' title='bbox 3386 615 3436 667; x_wconf 93' lang='lat' dir='ltr'><strong>in</strong></span> <span class='ocrx_word' id='word_1_441' title='bbox 3460 604 3688 685; x_wconf 70' lang='lat' dir='ltr'><strong>prologo,</strong></span> 
     </span>
    </p>
   </div>
   <div class='ocr_carea' id='block_1_66' title="bbox 2145 684 3694 773">
    <p class='ocr_par' dir='ltr' id='par_1_66' title="bbox 2145 684 3694 773">
     <span class='ocr_line' id='line_1_66' title="bbox 2145 684 3694 773; baseline 0.012 -32"><span class='ocrx_word' id='word_1_442' title='bbox 2145 700 2199 742; x_wconf 92' lang='grc' dir='ltr'><strong>ιιι</strong></span> <span class='ocrx_word' id='word_1_443' title='bbox 2228 691 2295 743; x_wconf 88' lang='lat' dir='ltr'><strong>ita</strong></span> <span class='ocrx_word' id='word_1_444' title='bbox 2335 684 2592 760; x_wconf 69' lang='lat' dir='ltr'><strong>dixerim,</strong></span> <span class='ocrx_word' id='word_1_445' title='bbox 2636 695 2926 751; x_wconf 83' lang='lat' dir='ltr'><strong>litterarum</strong></span> <span class='ocrx_word' id='word_1_446' title='bbox 2972 700 3194 754; x_wconf 79' lang='lat' dir='ltr'><strong>salutem</strong></span> <span class='ocrx_word' id='word_1_447' title='bbox 3235 703 3694 773; x_wconf 87' lang='lat' dir='ltr'><strong>valetudinemqne</strong></span> 
     </span>
    </p>
   </div>
   <div class='ocr_carea' id='block_1_67' title="bbox 2141 781 3693 857">
    <p class='ocr_par' dir='ltr' id='par_1_67' title="bbox 2141 781 3693 857">
     <span class='ocr_line' id='line_1_67' title="bbox 2141 781 3693 857; baseline 0.01 -26"><span class='ocrx_word' id='word_1_448' title='bbox 2141 781 2279 832; x_wconf 86' lang='lat' dir='ltr'><strong>dico.</strong></span> <span class='ocrx_word' id='word_1_449' title='bbox 2317 781 2514 836; x_wconf 89' lang='lat' dir='ltr'><strong>Dehinc</strong></span> <span class='ocrx_word' id='word_1_450' title='bbox 2541 798 2777 838; x_wconf 90' lang='lat' dir='ltr'><strong>meorum</strong></span> <span class='ocrx_word' id='word_1_451' title='bbox 2801 787 3023 854; x_wconf 83' lang='lat' dir='ltr'><strong>subjicio</strong></span> <span class='ocrx_word' id='word_1_452' title='bbox 3050 792 3387 857; x_wconf 89' lang='lat' dir='ltr'><strong>postulatum.</strong></span> <span class='ocrx_word' id='word_1_453' title='bbox 3422 793 3693 847; x_wconf 75' lang='lat' dir='ltr'><strong>Flavianus</strong></span> 
     </span>
    </p>
   </div>
   <div class='ocr_carea' id='block_1_68' title="bbox 2140 869 3696 948">
    <p class='ocr_par' dir='ltr' id='par_1_68' title="bbox 2140 869 3696 948">
     <span class='ocr_line' id='line_1_68' title="bbox 2140 869 3696 948; baseline 0.01 -27"><span class='ocrx_word' id='word_1_454' title='bbox 2140 870 2226 921; x_wconf 89' lang='lat' dir='ltr'><strong>vir</strong></span> <span class='ocrx_word' id='word_1_455' title='bbox 2266 869 2482 923; x_wconf 87' lang='lat' dir='ltr'><strong>illustris</strong></span> <span class='ocrx_word' id='word_1_456' title='bbox 2512 882 2749 927; x_wconf 89' lang='lat' dir='ltr'><strong>nostrum</strong></span> <span class='ocrx_word' id='word_1_457' title='bbox 2776 889 3057 932; x_wconf 89' lang='lat' dir='ltr'><strong>commune</strong></span> <span class='ocrx_word' id='word_1_458' title='bbox 3085 880 3294 948; x_wconf 80' lang='lat' dir='ltr'><strong>pignus,</strong></span> <span class='ocrx_word' id='word_1_459' title='bbox 3323 882 3413 934; x_wconf 86' lang='lat' dir='ltr'><strong>ditt</strong></span> <span class='ocrx_word' id='word_1_460' title='bbox 3441 884 3696 937; x_wconf 74' lang='lat' dir='ltr'><strong>eluctatus</strong></span> 
     </span>
    </p>
   </div>
   <div class='ocr_carea' id='block_1_69' title="bbox 2142 956 3694 1035">
    <p class='ocr_par' dir='ltr' id='par_1_69' title="bbox 2142 956 3694 1035">
     <span class='ocr_line' id='line_1_69' title="bbox 2142 956 3694 1035; baseline 0.013 -28"><span class='ocrx_word' id='word_1_461' title='bbox 2142 956 2363 1012; x_wconf 78' lang='lat' dir='ltr'><strong>fortuna:</strong></span> <span class='ocrx_word' id='word_1_462' title='bbox 2390 973 2598 1029; x_wconf 85' lang='lat' dir='ltr'><strong>aspera,</strong></span> <span class='ocrx_word' id='word_1_463' title='bbox 2640 964 2731 1016; x_wconf 87' lang='lat' dir='ltr'><strong>sed</strong></span> <span class='ocrx_word' id='word_1_464' title='bbox 2761 964 2867 1035; x_wconf 86' lang='lat' dir='ltr'><strong>divi</strong></span> <span class='ocrx_word' id='word_1_465' title='bbox 2901 967 3149 1035; x_wconf 82' lang='lat' dir='ltr'><strong>principis</strong></span> <span class='ocrx_word' id='word_1_466' title='bbox 3182 970 3436 1024; x_wconf 87' lang='lat' dir='ltr'><strong>beneficio</strong></span> <span class='ocrx_word' id='word_1_467' title='bbox 3464 973 3516 1025; x_wconf 91' lang='lat' dir='ltr'><strong>in</strong></span> <span class='ocrx_word' id='word_1_468' title='bbox 3557 981 3694 1026; x_wconf 84' lang='lat' dir='ltr'><strong>trau-</strong></span> 
     </span>
    </p>
   </div>
   <div class='ocr_carea' id='block_1_70' title="bbox 2139 1033 3691 1143">
    <p class='ocr_par' dir='ltr' id='par_1_70' title="bbox 2139 1033 3691 1143">
     <span class='ocr_line' id='line_1_70' title="bbox 2139 1033 3691 1143; baseline 0.01 -45"><span class='ocrx_word' id='word_1_469' title='bbox 2139 1048 2355 1114; x_wconf 88' lang='lat' dir='ltr'><strong>quillum</strong></span> <span class='ocrx_word' id='word_1_470' title='bbox 2387 1051 2655 1118; x_wconf 88' lang='lat' dir='ltr'><strong>reductus,</strong></span> <span class='ocrx_word' id='word_1_471' title='bbox 2681 1033 2887 1109; x_wconf 59' lang='lat' dir='ltr'><strong>solvere</strong></span> <span class='ocrx_word' id='word_1_472' title='bbox 2912 1058 3162 1111; x_wconf 88' lang='lat' dir='ltr'><strong>solarium</strong></span> <span class='ocrx_word' id='word_1_473' title='bbox 3197 1063 3356 1127; x_wconf 84' lang='lat' dir='ltr'><strong>patris</strong></span> <span class='ocrx_word' id='word_1_474' title='bbox 3394 1068 3571 1129; x_wconf 74' lang='lat' dir='ltr'><strong>jus~us</strong></span> <span class='ocrx_word' id='word_1_475' title='bbox 3596 1073 3691 1143; x_wconf 46' lang='lat' dir='ltr'><strong>est.</strong></span> 
     </span>
    </p>
   </div>
   <div class='ocr_carea' id='block_1_71' title="bbox 2140 1136 3682 1215">
    <p class='ocr_par' dir='ltr' id='par_1_71' title="bbox 2140 1136 3682 1215">
     <span class='ocr_line' id='line_1_71' title="bbox 2140 1136 3682 1215; baseline 0.009 -27"><span class='ocrx_word' id='word_1_476' title='bbox 2140 1136 2405 1191; x_wconf 78' lang='lat' dir='ltr'><strong>taxatione</strong></span> <span class='ocrx_word' id='word_1_477' title='bbox 2425 1141 2711 1207; x_wconf 89' lang='lat' dir='ltr'><strong>pretiorum</strong></span> <span class='ocrx_word' id='word_1_478' title='bbox 2734 1145 2968 1211; x_wconf 84' lang='lat' dir='ltr'><strong>graviter</strong></span> <span class='ocrx_word' id='word_1_479' title='bbox 2990 1158 3257 1214; x_wconf 85' lang='lat' dir='ltr'><strong>aggerata.</strong></span> <span class='ocrx_word' id='word_1_480' title='bbox 3285 1148 3467 1215; x_wconf 83' lang='lat' dir='ltr'><strong>Neque</strong></span> <span class='ocrx_word' id='word_1_481' title='bbox 3494 1136 3682 1202; x_wconf 78' lang='lat' dir='ltr'><strong>census</strong></span> 
     </span>
    </p>
   </div>
   <div class='ocr_carea' id='block_1_72' title="bbox 2143 1226 3695 1304">
    <p class='ocr_par' dir='ltr' id='par_1_72' title="bbox 2143 1226 3695 1304">
     <span class='ocr_line' id='line_1_72' title="bbox 2143 1226 3695 1304; baseline 0.008 -26"><span class='ocrx_word' id='word_1_482' title='bbox 2143 1241 2210 1279; x_wconf 81' lang='lat' dir='ltr'><strong>ex</strong></span> <span class='ocrx_word' id='word_1_483' title='bbox 2234 1226 2339 1281; x_wconf 90' lang='lat' dir='ltr'><strong>illis</strong></span> <span class='ocrx_word' id='word_1_484' title='bbox 2362 1236 2507 1294; x_wconf 81' lang='lat' dir='ltr'><strong>tanto</strong></span> <span class='ocrx_word' id='word_1_485' title='bbox 2535 1234 2680 1283; x_wconf 89' lang='lat' dir='ltr'><strong>oneri</strong></span> <span class='ocrx_word' id='word_1_486' title='bbox 2715 1233 2977 1287; x_wconf 84' lang='lat' dir='ltr'><strong>convenit.</strong></span> <span class='ocrx_word' id='word_1_487' title='bbox 3006 1235 3107 1287; x_wconf 83' lang='lat' dir='ltr'><strong>Fac</strong></span> <span class='ocrx_word' id='word_1_488' title='bbox 3129 1235 3308 1301; x_wconf 74' lang='lat' dir='ltr'><strong>igitur,</strong></span> <span class='ocrx_word' id='word_1_489' title='bbox 3341 1237 3384 1289; x_wconf 89' lang='lat' dir='ltr'><strong>si</strong></span> <span class='ocrx_word' id='word_1_490' title='bbox 3409 1238 3537 1304; x_wconf 89' lang='lat' dir='ltr'><strong>quid</strong></span> <span class='ocrx_word' id='word_1_491' title='bbox 3566 1238 3619 1291; x_wconf 92' lang='lat' dir='ltr'><strong>in</strong></span> <span class='ocrx_word' id='word_1_492' title='bbox 3648 1250 3695 1290; x_wconf 82' lang='lat' dir='ltr'><strong>te</strong></span> 
     </span>
    </p>
   </div>
   <div class='ocr_carea' id='block_1_73' title="bbox 2140 1316 3695 1393">
    <p class='ocr_par' dir='ltr' id='par_1_73' title="bbox 2140 1316 3695 1393">
     <span class='ocr_line' id='line_1_73' title="bbox 2140 1316 3695 1393; baseline 0.007 -26"><span class='ocrx_word' id='word_1_493' title='bbox 2140 1316 2254 1381; x_wconf 90' lang='lat' dir='ltr'><strong>opis</strong></span> <span class='ocrx_word' id='word_1_494' title='bbox 2275 1324 2378 1379; x_wconf 87' lang='lat' dir='ltr'><strong>est,</strong></span> <span class='ocrx_word' id='word_1_495' title='bbox 2409 1325 2464 1367; x_wconf 89' lang='lat' dir='ltr'><strong>nt</strong></span> <span class='ocrx_word' id='word_1_496' title='bbox 2484 1316 2693 1371; x_wconf 70' lang='lat' dir='ltr'><strong>afflicta:</strong></span> <span class='ocrx_word' id='word_1_497' title='bbox 2722 1319 2900 1372; x_wconf 90' lang='lat' dir='ltr'><strong>domui</strong></span> <span class='ocrx_word' id='word_1_498' title='bbox 2933 1325 3014 1388; x_wconf 89' lang='lat' dir='ltr'><strong>pia</strong></span> <span class='ocrx_word' id='word_1_499' title='bbox 3058 1332 3349 1389; x_wconf 84' lang='lat' dir='ltr'><strong>temporum</strong></span> <span class='ocrx_word' id='word_1_500' title='bbox 3384 1336 3564 1393; x_wconf 84' lang='lat' dir='ltr'><strong>parcat</strong></span> <span class='ocrx_word' id='word_1_501' title='bbox 3604 1326 3695 1378; x_wconf 84' lang='lat' dir='ltr'><strong>ltu-</strong></span> 
     </span>
    </p>
   </div>
   <div class='ocr_carea' id='block_1_74' title="bbox 2140 1405 3692 1483">
    <p class='ocr_par' dir='ltr' id='par_1_74' title="bbox 2140 1405 3692 1483">
     <span class='ocr_line' id='line_1_74' title="bbox 2140 1405 3692 1483; baseline 0.009 -27"><span class='ocrx_word' id='word_1_502' title='bbox 2140 1405 2364 1457; x_wconf 84' lang='lat' dir='ltr'><strong>manitas</strong></span> <span class='ocrx_word' id='word_1_503' title='bbox 2398 1422 2414 1457; x_wconf 90' lang='lat'><strong>:</strong></span> <span class='ocrx_word' id='word_1_504' title='bbox 2456 1406 2690 1474; x_wconf 89' lang='lat' dir='ltr'><strong>alioquin</strong></span> <span class='ocrx_word' id='word_1_505' title='bbox 2727 1411 2981 1478; x_wconf 85' lang='lat' dir='ltr'><strong>integrata</strong></span> <span class='ocrx_word' id='word_1_506' title='bbox 3021 1428 3111 1480; x_wconf 90' lang='lat' dir='ltr'><strong>per</strong></span> <span class='ocrx_word' id='word_1_507' title='bbox 3144 1415 3519 1483; x_wconf 77' lang='lat' dir='ltr'><strong>indulgentiam</strong></span> <span class='ocrx_word' id='word_1_508' title='bbox 3562 1416 3692 1470; x_wconf 82' lang='lat' dir='ltr'><strong>bona</strong></span> 
     </span>
    </p>
   </div>
   <div class='ocr_carea' id='block_1_75' title="bbox 2138 1494 3693 1573">
    <p class='ocr_par' dir='ltr' id='par_1_75' title="bbox 2138 1494 3693 1573">
     <span class='ocr_line' id='line_1_75' title="bbox 2138 1494 3693 1573; baseline 0.01 -30"><span class='ocrx_word' id='word_1_509' title='bbox 2138 1494 2221 1545; x_wconf 89' lang='lat' dir='ltr'><strong>vel</strong></span> <span class='ocrx_word' id='word_1_510' title='bbox 2247 1494 2491 1548; x_wconf 89' lang='lat' dir='ltr'><strong>auctione</strong></span> <span class='ocrx_word' id='word_1_511' title='bbox 2520 1495 2714 1550; x_wconf 92' lang='lat' dir='ltr'><strong>fenoris</strong></span> <span class='ocrx_word' id='word_1_512' title='bbox 2739 1498 3102 1554; x_wconf 87' lang='lat' dir='ltr'><strong>detrahentur.</strong></span> <span class='ocrx_word' id='word_1_513' title='bbox 3152 1502 3413 1570; x_wconf 89' lang='lat' dir='ltr'><strong>Sequetur</strong></span> <span class='ocrx_word' id='word_1_514' title='bbox 3432 1546 3448 1563; x_wconf 81' lang='lat'><strong>.</strong></span> <span class='ocrx_word' id='word_1_515' title='bbox 3490 1513 3547 1558; x_wconf 87' lang='lat' dir='ltr'><strong>ut</strong></span> <span class='ocrx_word' id='word_1_516' title='bbox 3572 1520 3693 1573; x_wconf 69' lang='lat' dir='ltr'><strong>spes</strong></span> 
     </span>
    </p>
   </div>
   <div class='ocr_carea' id='block_1_76' title="bbox 2074 1567 3692 1660">
    <p class='ocr_par' dir='ltr' id='par_1_76' title="bbox 2074 1567 3692 1660">
     <span class='ocr_line' id='line_1_76' title="bbox 2074 1567 3692 1660; baseline 0.006 -27"><span class='ocrx_word' id='word_1_517' title='bbox 2074 1567 2114 1623; x_wconf 77' lang='grc' dir='ltr'><strong>Β</strong></span> <span class='ocrx_word' id='word_1_518' title='bbox 2143 1589 2243 1641; x_wconf 89' lang='lat' dir='ltr'><strong>est.</strong></span> <span class='ocrx_word' id='word_1_519' title='bbox 2277 1593 2493 1649; x_wconf 88' lang='lat' dir='ltr'><strong>paterna</strong></span> <span class='ocrx_word' id='word_1_520' title='bbox 2539 1585 2812 1640; x_wconf 84' lang='lat' dir='ltr'><strong>benefacta</strong></span> <span class='ocrx_word' id='word_1_521' title='bbox 2855 1590 3064 1656; x_wconf 78' lang='lat' dir='ltr'><strong>juvenis</strong></span> <span class='ocrx_word' id='word_1_522' title='bbox 3094 1567 3387 1658; x_wconf 81' lang='lat' dir='ltr'><strong>Augustus;</strong></span> <span class='ocrx_word' id='word_1_523' title='bbox 3437 1594 3501 1644; x_wconf 90' lang='lat' dir='ltr'><strong>ad</strong></span> <span class='ocrx_word' id='word_1_524' title='bbox 3538 1567 3692 1660; x_wconf 76' lang='lat' dir='ltr'><strong>quem</strong></span> 
     </span>
    </p>
   </div>
   <div class='ocr_carea' id='block_1_77' title="bbox 2145 1672 3691 1749">
    <p class='ocr_par' dir='ltr' id='par_1_77' title="bbox 2145 1672 3691 1749">
     <span class='ocr_line' id='line_1_77' title="bbox 2145 1672 3691 1749; baseline 0.008 -27"><span class='ocrx_word' id='word_1_525' title='bbox 2145 1672 2298 1723; x_wconf 89' lang='lat' dir='ltr'><strong>sicuti</strong></span> <span class='ocrx_word' id='word_1_526' title='bbox 2342 1673 2608 1727; x_wconf 90' lang='lat' dir='ltr'><strong>successio</strong></span> <span class='ocrx_word' id='word_1_527' title='bbox 2656 1677 2858 1745; x_wconf 86' lang='lat' dir='ltr'><strong>imperii</strong></span> <span class='ocrx_word' id='word_1_528' title='bbox 2898 1678 2956 1732; x_wconf 75' lang='grc' dir='ltr'><strong>ν.</strong></span> <span class='ocrx_word' id='word_1_529' title='bbox 2989 1679 3051 1733; x_wconf 93' lang='lat' dir='ltr'><strong>C.</strong></span> <span class='ocrx_word' id='word_1_530' title='bbox 3077 1694 3107 1732; x_wconf 92' lang='lat' dir='ltr'><strong>a</strong></span> <span class='ocrx_word' id='word_1_531' title='bbox 3147 1689 3293 1748; x_wconf 86' lang='lat' dir='ltr'><strong>patre</strong></span> <span class='ocrx_word' id='word_1_532' title='bbox 3328 1681 3588 1749; x_wconf 89' lang='lat' dir='ltr'><strong>pervenit,</strong></span> <span class='ocrx_word' id='word_1_533' title='bbox 3628 1682 3691 1735; x_wconf 85' lang='lat' dir='ltr'><strong>ita</strong></span> 
     </span>
    </p>
   </div>
   <div class='ocr_carea' id='block_1_78' title="bbox 2140 1760 2824 1820">
    <p class='ocr_par' dir='ltr' id='par_1_78' title="bbox 2140 1760 2824 1820">
     <span class='ocr_line' id='line_1_78' title="bbox 2140 1760 2824 1820; baseline 0.007 -7"><span class='ocrx_word' id='word_1_534' title='bbox 2140 1760 2385 1815; x_wconf 88' lang='lat' dir='ltr'><strong>bonitatis</strong></span> <span class='ocrx_word' id='word_1_535' title='bbox 2406 1762 2648 1818; x_wconf 88' lang='lat' dir='ltr'><strong>imitatio.</strong></span> <span class='ocrx_word' id='word_1_536' title='bbox 2682 1766 2824 1820; x_wconf 81' lang='lat' dir='ltr'><strong>Vale.</strong></span> 
     </span>
    </p>
   </div>
   <div class='ocr_carea' id='block_1_79' title="bbox 2736 1857 3107 1913">
    <p class='ocr_par' dir='ltr' id='par_1_79' title="bbox 2736 1857 3107 1913">
     <span class='ocr_line' id='line_1_79' title="bbox 2736 1857 3107 1913; baseline 0.005 -3"><span class='ocrx_word' id='word_1_537' title='bbox 2736 1857 2940 1912; x_wconf 83' lang='lat' dir='ltr'><strong>EPIST.</strong></span> <span class='ocrx_word' id='word_1_538' title='bbox 2990 1859 3107 1913; x_wconf 79' lang='lat' dir='ltr'><strong>XX.</strong></span> 
     </span>
    </p>
   </div>
   <div class='ocr_carea' id='block_1_80' title="bbox 2620 1960 3224 2003">
    <p class='ocr_par' dir='ltr' id='par_1_80' title="bbox 2620 1960 3224 2003">
     <span class='ocr_line' id='line_1_80' title="bbox 2620 1960 3224 2003; baseline 0.007 -5"><span class='ocrx_word' id='word_1_539' title='bbox 2620 1960 2921 2002; x_wconf 69' lang='lat' dir='ltr'><strong>SYMMACBUS</strong></span> <span class='ocrx_word' id='word_1_540' title='bbox 2948 1964 3224 2003; x_wconf 74' lang='lat' dir='ltr'><strong>PROTADIO.</strong></span> 
     </span>
    </p>
   </div>
   <div class='ocr_carea' id='block_1_81' title="bbox 2208 2031 3690 2107">
    <p class='ocr_par' dir='ltr' id='par_1_81' title="bbox 2208 2031 3690 2107">
     <span class='ocr_line' id='line_1_81' title="bbox 2208 2031 3690 2107; baseline 0.007 -22"><span class='ocrx_word' id='word_1_541' title='bbox 2208 2031 2455 2087; x_wconf 81' lang='lat' dir='ltr'><strong>flilarasti</strong></span> <span class='ocrx_word' id='word_1_542' title='bbox 2488 2034 2613 2088; x_wconf 86' lang='lat' dir='ltr'><strong>mihi</strong></span> <span class='ocrx_word' id='word_1_543' title='bbox 2644 2037 2785 2090; x_wconf 89' lang='lat' dir='ltr'><strong>diem</strong></span> <span class='ocrx_word' id='word_1_544' title='bbox 2809 2038 3019 2100; x_wconf 89' lang='lat' dir='ltr'><strong>litteris,</strong></span> <span class='ocrx_word' id='word_1_545' title='bbox 3066 2054 3183 2107; x_wconf 86' lang='lat' dir='ltr'><strong>quae</strong></span> <span class='ocrx_word' id='word_1_546' title='bbox 3222 2049 3423 2093; x_wconf 78' lang='lat' dir='ltr'><strong>testatae</strong></span> <span class='ocrx_word' id='word_1_547' title='bbox 3466 2051 3589 2094; x_wconf 75' lang='lat' dir='ltr'><strong>sut-t</strong></span> <span class='ocrx_word' id='word_1_548' title='bbox 3614 2046 3690 2095; x_wconf 83' lang='lat' dir='ltr'><strong>vi-</strong></span> 
     </span>
    </p>
   </div>
   <div class='ocr_carea' id='block_1_82' title="bbox 2141 2117 3690 2200">
    <p class='ocr_par' dir='ltr' id='par_1_82' title="bbox 2141 2117 3690 2200">
     <span class='ocr_line' id='line_1_82' title="bbox 2141 2117 3690 2200; baseline 0.006 -24"><span class='ocrx_word' id='word_1_549' title='bbox 2141 2137 2267 2191; x_wconf 83' lang='lat' dir='ltr'><strong>gere</strong></span> <span class='ocrx_word' id='word_1_550' title='bbox 2293 2125 2429 2192; x_wconf 88' lang='lat' dir='ltr'><strong>apud</strong></span> <span class='ocrx_word' id='word_1_551' title='bbox 2456 2134 2507 2180; x_wconf 91' lang='lat' dir='ltr'><strong>te</strong></span> <span class='ocrx_word' id='word_1_552' title='bbox 2552 2117 2748 2181; x_wconf 70' lang='lat' dir='ltr'><strong>nostra:</strong></span> <span class='ocrx_word' id='word_1_553' title='bbox 2794 2130 3040 2183; x_wconf 77' lang='lat' dir='ltr'><strong>amicitiae</strong></span> <span class='ocrx_word' id='word_1_554' title='bbox 3082 2132 3423 2200; x_wconf 69' lang='lat' dir='ltr'><strong>diligentiam.</strong></span> <span class='ocrx_word' id='word_1_555' title='bbox 3478 2132 3690 2185; x_wconf 83' lang='lat' dir='ltr'><strong>Multum</strong></span> 
     </span>
    </p>
   </div>
   <div class='ocr_carea' id='block_1_83' title="bbox 2138 2213 3687 2287">
    <p class='ocr_par' dir='ltr' id='par_1_83' title="bbox 2138 2213 3687 2287">
     <span class='ocr_line' id='line_1_83' title="bbox 2138 2213 3687 2287; baseline 0.007 -23"><span class='ocrx_word' id='word_1_556' title='bbox 2138 2213 2337 2280; x_wconf 87' lang='lat' dir='ltr'><strong>pectori</strong></span> <span class='ocrx_word' id='word_1_557' title='bbox 2362 2229 2479 2268; x_wconf 93' lang='lat' dir='ltr'><strong>meo</strong></span> <span class='ocrx_word' id='word_1_558' title='bbox 2502 2216 2784 2284; x_wconf 89' lang='lat' dir='ltr'><strong>voluptatis</strong></span> <span class='ocrx_word' id='word_1_559' title='bbox 2809 2218 3050 2287; x_wconf 81' lang='lat' dir='ltr'><strong>illapsum</strong></span> <span class='ocrx_word' id='word_1_560' title='bbox 3094 2230 3194 2273; x_wconf 88' lang='lat' dir='ltr'><strong>est.</strong></span> <span class='ocrx_word' id='word_1_561' title='bbox 3230 2220 3294 2274; x_wconf 86' lang='lat' dir='ltr'><strong>Et</strong></span> <span class='ocrx_word' id='word_1_562' title='bbox 3322 2236 3450 2273; x_wconf 88' lang='lat' dir='ltr'><strong>sane</strong></span> <span class='ocrx_word' id='word_1_563' title='bbox 3485 2231 3687 2275; x_wconf 84' lang='lat' dir='ltr'><strong>statue-</strong></span> 
     </span>
    </p>
   </div>
   <div class='ocr_carea' id='block_1_84' title="bbox 2137 2304 3686 2372">
    <p class='ocr_par' dir='ltr' id='par_1_84' title="bbox 2137 2304 3686 2372">
     <span class='ocr_line' id='line_1_84' title="bbox 2137 2304 3686 2372; baseline 0.003 -15"><span class='ocrx_word' id='word_1_564' title='bbox 2137 2319 2247 2357; x_wconf 88' lang='lat' dir='ltr'><strong>ram</strong></span> <span class='ocrx_word' id='word_1_565' title='bbox 2273 2304 2483 2370; x_wconf 87' lang='lat' dir='ltr'><strong>scriptis</strong></span> <span class='ocrx_word' id='word_1_566' title='bbox 2521 2314 2851 2360; x_wconf 89' lang='lat' dir='ltr'><strong>antevertere</strong></span> <span class='ocrx_word' id='word_1_567' title='bbox 2885 2309 3113 2361; x_wconf 80' lang='lat' dir='ltr'><strong>officium</strong></span> <span class='ocrx_word' id='word_1_568' title='bbox 3142 2319 3308 2372; x_wconf 86' lang='lat' dir='ltr'><strong>tuum,</strong></span> <span class='ocrx_word' id='word_1_569' title='bbox 3333 2312 3377 2365; x_wconf 93' lang='lat' dir='ltr'><strong>si</strong></span> <span class='ocrx_word' id='word_1_570' title='bbox 3410 2322 3460 2364; x_wconf 92' lang='lat' dir='ltr'><strong>te</strong></span> <span class='ocrx_word' id='word_1_571' title='bbox 3489 2312 3686 2364; x_wconf 72' lang='lat' dir='ltr'><strong>Medio-</strong></span> 
     </span>
    </p>
   </div>
   <div class='ocr_carea' id='block_1_85' title="bbox 2138 2393 3690 2468">
    <p class='ocr_par' dir='ltr' id='par_1_85' title="bbox 2138 2393 3690 2468">
     <span class='ocr_line' id='line_1_85' title="bbox 2138 2393 3690 2468; baseline 0.005 -22"><span class='ocrx_word' id='word_1_572' title='bbox 2138 2395 2310 2446; x_wconf 84' lang='lat' dir='ltr'><strong>lanum</strong></span> <span class='ocrx_word' id='word_1_573' title='bbox 2361 2393 2570 2447; x_wconf 85' lang='lat' dir='ltr'><strong>venisse</strong></span> <span class='ocrx_word' id='word_1_574' title='bbox 2612 2394 2931 2450; x_wconf 75' lang='lat' dir='ltr'><strong>didicissem.</strong></span> <span class='ocrx_word' id='word_1_575' title='bbox 3002 2398 3257 2451; x_wconf 82' lang='lat' dir='ltr'><strong>Dederam</strong></span> <span class='ocrx_word' id='word_1_576' title='bbox 3314 2401 3507 2468; x_wconf 87' lang='lat' dir='ltr'><strong>quippe</strong></span> <span class='ocrx_word' id='word_1_577' title='bbox 3556 2402 3690 2454; x_wconf 84' lang='lat' dir='ltr'><strong>lianc</strong></span> 
     </span>
    </p>
   </div>
   <div class='ocr_carea' id='block_1_86' title="bbox 2141 2483 3686 2554">
    <p class='ocr_par' dir='ltr' id='par_1_86' title="bbox 2141 2483 3686 2554">
     <span class='ocr_line' id='line_1_86' title="bbox 2141 2483 3686 2554; baseline 0.008 -22"><span class='ocrx_word' id='word_1_578' title='bbox 2141 2483 2463 2550; x_wconf 85' lang='lat' dir='ltr'><strong>provinciam</strong></span> <span class='ocrx_word' id='word_1_579' title='bbox 2491 2498 2744 2551; x_wconf 83' lang='lat' dir='ltr'><strong>germano</strong></span> <span class='ocrx_word' id='word_1_580' title='bbox 2772 2493 2879 2548; x_wconf 90' lang='lat' dir='ltr'><strong>tuo,</strong></span> <span class='ocrx_word' id='word_1_581' title='bbox 2917 2486 3064 2554; x_wconf 82' lang='lat' dir='ltr'><strong>cujus</strong></span> <span class='ocrx_word' id='word_1_582' title='bbox 3092 2503 3268 2541; x_wconf 84' lang='lat' dir='ltr'><strong>amore</strong></span> <span class='ocrx_word' id='word_1_583' title='bbox 3303 2491 3392 2542; x_wconf 90' lang='lat' dir='ltr'><strong>tibi</strong></span> <span class='ocrx_word' id='word_1_584' title='bbox 3425 2505 3528 2543; x_wconf 88' lang='lat' dir='ltr'><strong>non</strong></span> <span class='ocrx_word' id='word_1_585' title='bbox 3572 2506 3686 2544; x_wconf 79' lang='lat' dir='ltr'><strong>ces-</strong></span> 
     </span>
    </p>
   </div>
   <div class='ocr_carea' id='block_1_87' title="bbox 2136 2572 3687 2642">
    <p class='ocr_par' dir='ltr' id='par_1_87' title="bbox 2136 2572 3687 2642">
     <span class='ocr_line' id='line_1_87' title="bbox 2136 2572 3687 2642; baseline 0.003 -19"><span class='ocrx_word' id='word_1_586' title='bbox 2136 2576 2316 2635; x_wconf 81' lang='lat' dir='ltr'><strong>serim,</strong></span> <span class='ocrx_word' id='word_1_587' title='bbox 2348 2583 2405 2626; x_wconf 92' lang='lat' dir='ltr'><strong>ut</strong></span> <span class='ocrx_word' id='word_1_588' title='bbox 2429 2572 2715 2627; x_wconf 85' lang='lat' dir='ltr'><strong>adventum</strong></span> <span class='ocrx_word' id='word_1_589' title='bbox 2744 2590 2963 2642; x_wconf 85' lang='lat' dir='ltr'><strong>propere</strong></span> <span class='ocrx_word' id='word_1_590' title='bbox 2992 2576 3273 2631; x_wconf 82' lang='lat' dir='ltr'><strong>nuntiaret.</strong></span> <span class='ocrx_word' id='word_1_591' title='bbox 3315 2579 3417 2633; x_wconf 91' lang='lat' dir='ltr'><strong>Sed</strong></span> <span class='ocrx_word' id='word_1_592' title='bbox 3457 2581 3687 2632; x_wconf 80' lang='lat' dir='ltr'><strong>collndm</strong></span> 
     </span>
    </p>
   </div>
   <div class='ocr_carea' id='block_1_88' title="bbox 2136 2663 3689 2731">
    <p class='ocr_par' dir='ltr' id='par_1_88' title="bbox 2136 2663 3689 2731">
     <span class='ocr_line' id='line_1_88' title="bbox 2136 2663 3689 2731; baseline 0.006 -17"><span class='ocrx_word' id='word_1_593' title='bbox 2136 2663 2362 2731; x_wconf 89' lang='lat' dir='ltr'><strong>quodam</strong></span> <span class='ocrx_word' id='word_1_594' title='bbox 2390 2674 2622 2717; x_wconf 84' lang='lat' dir='ltr'><strong>moratus</strong></span> <span class='ocrx_word' id='word_1_595' title='bbox 2655 2665 2924 2730; x_wconf 91' lang='lat' dir='ltr'><strong>indicium,</strong></span> <span class='ocrx_word' id='word_1_596' title='bbox 2956 2667 3046 2719; x_wconf 90' lang='lat' dir='ltr'><strong>tibi</strong></span> <span class='ocrx_word' id='word_1_597' title='bbox 3068 2668 3337 2722; x_wconf 64' lang='lat' dir='ltr'><strong>ordienda:</strong></span> <span class='ocrx_word' id='word_1_598' title='bbox 3360 2670 3689 2723; x_wconf 81' lang='lat' dir='ltr'><strong>salutationis</strong></span> 
     </span>
    </p>
   </div>
   <div class='ocr_carea' id='block_1_89' title="bbox 2139 2753 3686 2825">
    <p class='ocr_par' dir='ltr' id='par_1_89' title="bbox 2139 2753 3686 2825">
     <span class='ocr_line' id='line_1_89' title="bbox 2139 2753 3686 2825; baseline 0.008 -24"><span class='ocrx_word' id='word_1_599' title='bbox 2139 2755 2420 2821; x_wconf 75' lang='lat' dir='ltr'><strong>primorem</strong></span> <span class='ocrx_word' id='word_1_600' title='bbox 2450 2753 2618 2807; x_wconf 87' lang='lat' dir='ltr'><strong>locum</strong></span> <span class='ocrx_word' id='word_1_601' title='bbox 2651 2755 2912 2820; x_wconf 71' lang='lat' dir='ltr'><strong>prmstitit.</strong></span> <span class='ocrx_word' id='word_1_602' title='bbox 2941 2755 3119 2823; x_wconf 85' lang='lat' dir='ltr'><strong>Neque</strong></span> <span class='ocrx_word' id='word_1_603' title='bbox 3144 2757 3361 2810; x_wconf 87' lang='lat' dir='ltr'><strong>moleste</strong></span> <span class='ocrx_word' id='word_1_604' title='bbox 3384 2757 3517 2823; x_wconf 87' lang='lat' dir='ltr'><strong>fero,</strong></span> <span class='ocrx_word' id='word_1_605' title='bbox 3547 2762 3686 2825; x_wconf 88' lang='lat' dir='ltr'><strong>quod</strong></span> 
     </span>
    </p>
   </div>
   <div class='ocr_carea' id='block_1_90' title="bbox 2137 2842 3684 2915">
    <p class='ocr_par' dir='ltr' id='par_1_90' title="bbox 2137 2842 3684 2915">
     <span class='ocr_line' id='line_1_90' title="bbox 2137 2842 3684 2915; baseline 0.004 -20"><span class='ocrx_word' id='word_1_606' title='bbox 2137 2842 2272 2909; x_wconf 85' lang='lat' dir='ltr'><strong>apud</strong></span> <span class='ocrx_word' id='word_1_607' title='bbox 2311 2854 2361 2895; x_wconf 82' lang='lat' dir='ltr'><strong>te</strong></span> <span class='ocrx_word' id='word_1_608' title='bbox 2389 2845 2550 2909; x_wconf 79' lang='lat' dir='ltr'><strong>gratia</strong></span> <span class='ocrx_word' id='word_1_609' title='bbox 2568 2843 2750 2903; x_wconf 84' lang='lat' dir='ltr'><strong>fratris</strong></span> <span class='ocrx_word' id='word_1_610' title='bbox 2771 2846 3002 2899; x_wconf 63' lang='lat' dir='ltr'><strong>anti~tat.</strong></span> <span class='ocrx_word' id='word_1_611' title='bbox 3033 2845 3233 2900; x_wconf 84' lang='lat' dir='ltr'><strong>luterca</strong></span> <span class='ocrx_word' id='word_1_612' title='bbox 3264 2850 3684 2915; x_wconf 68' lang='lat' dir='ltr'><strong>respondendum</strong></span> 
     </span>
    </p>
   </div>
   <div class='ocr_carea' id='block_1_91' title="bbox 2139 2928 3686 3001">
    <p class='ocr_par' dir='ltr' id='par_1_91' title="bbox 2139 2928 3686 3001">
     <span class='ocr_line' id='line_1_91' title="bbox 2139 2928 3686 3001; baseline 0.005 -19"><span class='ocrx_word' id='word_1_613' title='bbox 2139 2939 2219 2983; x_wconf 89' lang='lat' dir='ltr'><strong>est</strong></span> <span class='ocrx_word' id='word_1_614' title='bbox 2248 2928 2594 2995; x_wconf 86' lang='lat' dir='ltr'><strong>inquisitioni,</strong></span> <span class='ocrx_word' id='word_1_615' title='bbox 2619 2945 2719 2997; x_wconf 87' lang='lat' dir='ltr'><strong>qua</strong></span> <span class='ocrx_word' id='word_1_616' title='bbox 2742 2930 2875 2984; x_wconf 89' lang='lat' dir='ltr'><strong>scire</strong></span> <span class='ocrx_word' id='word_1_617' title='bbox 2900 2933 3149 2997; x_wconf 72' lang='lat' dir='ltr'><strong>postulas,</strong></span> <span class='ocrx_word' id='word_1_618' title='bbox 3174 2936 3363 3001; x_wconf 88' lang='lat' dir='ltr'><strong>quibus</strong></span> <span class='ocrx_word' id='word_1_619' title='bbox 3382 2938 3587 2990; x_wconf 81' lang='lat' dir='ltr'><strong>actibus</strong></span> <span class='ocrx_word' id='word_1_620' title='bbox 3608 2940 3686 2990; x_wconf 82' lang='lat' dir='ltr'><strong>vi-</strong></span> 
     </span>
    </p>
   </div>
   <div class='ocr_carea' id='block_1_92' title="bbox 2134 3016 3683 3078">
    <p class='ocr_par' dir='ltr' id='par_1_92' title="bbox 2134 3016 3683 3078">
     <span class='ocr_line' id='line_1_92' title="bbox 2134 3016 3683 3078; baseline 0.005 -10"><span class='ocrx_word' id='word_1_621' title='bbox 2134 3026 2238 3069; x_wconf 86' lang='lat' dir='ltr'><strong>tam</strong></span> <span class='ocrx_word' id='word_1_622' title='bbox 2268 3016 2523 3068; x_wconf 82' lang='lat' dir='ltr'><strong>colamus.</strong></span> <span class='ocrx_word' id='word_1_623' title='bbox 2576 3016 2707 3069; x_wconf 82' lang='lat' dir='ltr'><strong>Dum</strong></span> <span class='ocrx_word' id='word_1_624' title='bbox 2740 3017 2877 3071; x_wconf 86' lang='lat' dir='ltr'><strong>filius</strong></span> <span class='ocrx_word' id='word_1_625' title='bbox 2901 3034 3051 3073; x_wconf 91' lang='lat' dir='ltr'><strong>meus</strong></span> <span class='ocrx_word' id='word_1_626' title='bbox 3072 3020 3269 3074; x_wconf 68' lang='lat' dir='ltr'><strong>Crazcis</strong></span> <span class='ocrx_word' id='word_1_627' title='bbox 3295 3023 3481 3077; x_wconf 89' lang='lat' dir='ltr'><strong>litteris</strong></span> <span class='ocrx_word' id='word_1_628' title='bbox 3510 3026 3683 3078; x_wconf 85' lang='lat' dir='ltr'><strong>initia-</strong></span> 
     </span>
    </p>
   </div>
   <div class='ocr_carea' id='block_1_93' title="bbox 2131 3106 3682 3181">
    <p class='ocr_par' dir='ltr' id='par_1_93' title="bbox 2131 3106 3682 3181">
     <span class='ocr_line' id='line_1_93' title="bbox 2131 3106 3682 3181; baseline 0.005 -21"><span class='ocrx_word' id='word_1_629' title='bbox 2131 3116 2235 3169; x_wconf 88' lang='lat' dir='ltr'><strong>tur,</strong></span> <span class='ocrx_word' id='word_1_630' title='bbox 2261 3121 2359 3175; x_wconf 85' lang='lat' dir='ltr'><strong>ego</strong></span> <span class='ocrx_word' id='word_1_631' title='bbox 2383 3123 2468 3161; x_wconf 89' lang='lat' dir='ltr'><strong>me</strong></span> <span class='ocrx_word' id='word_1_632' title='bbox 2496 3106 2668 3161; x_wconf 89' lang='lat' dir='ltr'><strong>denuo</strong></span> <span class='ocrx_word' id='word_1_633' title='bbox 2698 3108 2888 3162; x_wconf 91' lang='lat' dir='ltr'><strong>studiis</strong></span> <span class='ocrx_word' id='word_1_634' title='bbox 2913 3110 3027 3174; x_wconf 74' lang='lat' dir='ltr'><strong>ejus</strong></span> <span class='ocrx_word' id='word_1_635' title='bbox 3049 3112 3189 3163; x_wconf 89' lang='lat' dir='ltr'><strong>velut</strong></span> <span class='ocrx_word' id='word_1_636' title='bbox 3208 3115 3422 3179; x_wconf 78' lang='lat' dir='ltr'><strong>:rqualis</strong></span> <span class='ocrx_word' id='word_1_637' title='bbox 3447 3115 3682 3181; x_wconf 74' lang='lat' dir='ltr'><strong>adjunxi.</strong></span> 
     </span>
    </p>
   </div>
   <div class='ocr_carea' id='block_1_94' title="bbox 2130 3198 3684 3267">
    <p class='ocr_par' dir='ltr' id='par_1_94' title="bbox 2130 3198 3684 3267">
     <span class='ocr_line' id='line_1_94' title="bbox 2130 3198 3684 3267; baseline 0.006 -17"><span class='ocrx_word' id='word_1_638' title='bbox 2130 3198 2521 3265; x_wconf 85' lang='lat' dir='ltr'><strong>Repuerascere</strong></span> <span class='ocrx_word' id='word_1_639' title='bbox 2556 3198 2695 3251; x_wconf 92' lang='lat' dir='ltr'><strong>enim</strong></span> <span class='ocrx_word' id='word_1_640' title='bbox 2745 3214 2840 3251; x_wconf 89' lang='lat' dir='ltr'><strong>nos</strong></span> <span class='ocrx_word' id='word_1_641' title='bbox 2871 3201 3035 3267; x_wconf 87' lang='lat' dir='ltr'><strong>pietas</strong></span> <span class='ocrx_word' id='word_1_642' title='bbox 3073 3201 3255 3267; x_wconf 70' lang='lat' dir='ltr'><strong>julet,</strong></span> <span class='ocrx_word' id='word_1_643' title='bbox 3287 3214 3341 3255; x_wconf 92' lang='lat' dir='ltr'><strong>ut</strong></span> <span class='ocrx_word' id='word_1_644' title='bbox 3390 3204 3684 3261; x_wconf 89' lang='lat' dir='ltr'><strong>litterarum</strong></span> 
     </span>
    </p>
   </div>
   <div class='ocr_carea' id='block_1_95' title="bbox 2128 3287 3679 3357">
    <p class='ocr_par' dir='ltr' id='par_1_95' title="bbox 2128 3287 3679 3357">
     <span class='ocr_line' id='line_1_95' title="bbox 2128 3287 3679 3357; baseline 0.005 -18"><span class='ocrx_word' id='word_1_645' title='bbox 2128 3287 2455 3340; x_wconf 90' lang='lat' dir='ltr'><strong>dulcedinem</strong></span> <span class='ocrx_word' id='word_1_646' title='bbox 2480 3287 2659 3340; x_wconf 84' lang='lat' dir='ltr'><strong>liberis</strong></span> <span class='ocrx_word' id='word_1_647' title='bbox 2681 3288 2873 3341; x_wconf 88' lang='lat' dir='ltr'><strong>nostris</strong></span> <span class='ocrx_word' id='word_1_648' title='bbox 2900 3288 3047 3341; x_wconf 87' lang='lat' dir='ltr'><strong>labor</strong></span> <span class='ocrx_word' id='word_1_649' title='bbox 3069 3289 3408 3357; x_wconf 87' lang='lat' dir='ltr'><strong>participatus</strong></span> <span class='ocrx_word' id='word_1_650' title='bbox 3430 3294 3679 3347; x_wconf 69' lang='lat' dir='ltr'><strong>insinuet.</strong></span> 
     </span>
    </p>
   </div>
   <div class='ocr_carea' id='block_1_96' title="bbox 2127 3376 3685 3450">
    <p class='ocr_par' dir='ltr' id='par_1_96' title="bbox 2127 3376 3685 3450">
     <span class='ocr_line' id='line_1_96' title="bbox 2127 3376 3685 3450; baseline 0.004 -21"><span class='ocrx_word' id='word_1_651' title='bbox 2127 3376 2251 3430; x_wconf 74' lang='lat' dir='ltr'><strong>&#39;l‘uze</strong></span> <span class='ocrx_word' id='word_1_652' title='bbox 2279 3391 2363 3429; x_wconf 91' lang='lat' dir='ltr'><strong>res</strong></span> <span class='ocrx_word' id='word_1_653' title='bbox 2394 3392 2495 3429; x_wconf 93' lang='lat' dir='ltr'><strong>non</strong></span> <span class='ocrx_word' id='word_1_654' title='bbox 2526 3379 2575 3429; x_wconf 93' lang='lat' dir='ltr'><strong>in</strong></span> <span class='ocrx_word' id='word_1_655' title='bbox 2602 3377 2859 3447; x_wconf 89' lang='lat' dir='ltr'><strong>germine,</strong></span> <span class='ocrx_word' id='word_1_656' title='bbox 2890 3377 2983 3433; x_wconf 88' lang='lat' dir='ltr'><strong>sed</strong></span> <span class='ocrx_word' id='word_1_657' title='bbox 3027 3379 3172 3447; x_wconf 84' lang='lat' dir='ltr'><strong>fruge</strong></span> <span class='ocrx_word' id='word_1_658' title='bbox 3201 3391 3355 3445; x_wconf 89' lang='lat' dir='ltr'><strong>sunt;</strong></span> <span class='ocrx_word' id='word_1_659' title='bbox 3397 3384 3546 3450; x_wconf 81' lang='lat' dir='ltr'><strong>cujus</strong></span> <span class='ocrx_word' id='word_1_660' title='bbox 3573 3387 3685 3438; x_wconf 83' lang='lat' dir='ltr'><strong>elo-</strong></span> 
     </span>
    </p>
   </div>
   <div class='ocr_carea' id='block_1_97' title="bbox 2126 3466 3684 3537">
    <p class='ocr_par' dir='ltr' id='par_1_97' title="bbox 2126 3466 3684 3537">
     <span class='ocr_line' id='line_1_97' title="bbox 2126 3466 3684 3537; baseline 0.005 -19"><span class='ocrx_word' id='word_1_661' title='bbox 2126 3467 2503 3533; x_wconf 81' lang='lat' dir='ltr'><strong>quentissimus</strong></span> <span class='ocrx_word' id='word_1_662' title='bbox 2528 3467 2754 3530; x_wconf 82' lang='lat' dir='ltr'><strong>juvenis,</strong></span> <span class='ocrx_word' id='word_1_663' title='bbox 2780 3476 2837 3519; x_wconf 91' lang='lat' dir='ltr'><strong>ut</strong></span> <span class='ocrx_word' id='word_1_664' title='bbox 2862 3466 3015 3521; x_wconf 88' lang='lat' dir='ltr'><strong>fando</strong></span> <span class='ocrx_word' id='word_1_665' title='bbox 3040 3471 3296 3535; x_wconf 69' lang='lat' dir='ltr'><strong>sumpt-ri,</strong></span> <span class='ocrx_word' id='word_1_666' title='bbox 3327 3472 3584 3537; x_wconf 80' lang='lat' dir='ltr'><strong>proximis</strong></span> <span class='ocrx_word' id='word_1_667' title='bbox 3608 3477 3684 3526; x_wconf 67' lang='lat' dir='ltr'><strong>fa:</strong></span> 
     </span>
    </p>
   </div>
   <div class='ocr_carea' id='block_1_98' title="bbox 2130 3558 3680 3633">
    <p class='ocr_par' dir='ltr' id='par_1_98' title="bbox 2130 3558 3680 3633">
     <span class='ocr_line' id='line_1_98' title="bbox 2130 3558 3680 3633; baseline 0.008 -22"><span class='ocrx_word' id='word_1_668' title='bbox 2130 3558 2334 3621; x_wconf 71' lang='lat' dir='ltr'><strong>cundize</strong></span> <span class='ocrx_word' id='word_1_669' title='bbox 2354 3558 2585 3628; x_wconf 88' lang='lat' dir='ltr'><strong>calcibus</strong></span> <span class='ocrx_word' id='word_1_670' title='bbox 2609 3568 2755 3625; x_wconf 74' lang='lat' dir='ltr'><strong>urget</strong></span> <span class='ocrx_word' id='word_1_671' title='bbox 2783 3572 3073 3627; x_wconf 90' lang='lat' dir='ltr'><strong>parentem.</strong></span> <span class='ocrx_word' id='word_1_672' title='bbox 3096 3563 3139 3616; x_wconf 91' lang='grc'>0</span> <span class='ocrx_word' id='word_1_673' title='bbox 3161 3573 3211 3617; x_wconf 89' lang='lat' dir='ltr'><strong>te</strong></span> <span class='ocrx_word' id='word_1_674' title='bbox 3235 3564 3467 3631; x_wconf 76' lang='lat' dir='ltr'><strong>beatum,</strong></span> <span class='ocrx_word' id='word_1_675' title='bbox 3485 3569 3680 3633; x_wconf 84' lang='lat' dir='ltr'><strong>amice.</strong></span> 
     </span>
    </p>
   </div>
   <div class='ocr_carea' id='block_1_99' title="bbox 2126 3651 3682 3718">
    <p class='ocr_par' dir='ltr' id='par_1_99' title="bbox 2126 3651 3682 3718">
     <span class='ocr_line' id='line_1_99' title="bbox 2126 3651 3682 3718; baseline 0.006 -12"><span class='ocrx_word' id='word_1_676' title='bbox 2126 3653 2169 3706; x_wconf 90' lang='lat' dir='ltr'><strong>si</strong></span> <span class='ocrx_word' id='word_1_677' title='bbox 2200 3653 2457 3706; x_wconf 87' lang='lat' dir='ltr'><strong>vinceris!</strong></span> <span class='ocrx_word' id='word_1_678' title='bbox 2506 3651 2693 3706; x_wconf 87' lang='lat' dir='ltr'><strong>Nostra</strong></span> <span class='ocrx_word' id='word_1_679' title='bbox 2730 3654 2901 3707; x_wconf 84' lang='lat' dir='ltr'><strong>adhuc</strong></span> <span class='ocrx_word' id='word_1_680' title='bbox 2939 3656 3196 3710; x_wconf 91' lang='lat' dir='ltr'><strong>institutio</strong></span> <span class='ocrx_word' id='word_1_681' title='bbox 3233 3659 3446 3714; x_wconf 88' lang='lat' dir='ltr'><strong>molitur</strong></span> <span class='ocrx_word' id='word_1_682' title='bbox 3494 3663 3682 3718; x_wconf 88' lang='lat' dir='ltr'><strong>florem</strong></span> 
     </span>
    </p>
   </div>
   <div class='ocr_carea' id='block_1_100' title="bbox 2124 3741 3683 3818">
    <p class='ocr_par' dir='ltr' id='par_1_100' title="bbox 2124 3741 3683 3818">
     <span class='ocr_line' id='line_1_100' title="bbox 2124 3741 3683 3818; baseline 0.008 -25"><span class='ocrx_word' id='word_1_683' title='bbox 2124 3754 2326 3807; x_wconf 87' lang='lat' dir='ltr'><strong>creare,</strong></span> <span class='ocrx_word' id='word_1_684' title='bbox 2358 3755 2451 3795; x_wconf 92' lang='lat' dir='ltr'><strong>nec</strong></span> <span class='ocrx_word' id='word_1_685' title='bbox 2480 3741 2727 3808; x_wconf 89' lang='lat' dir='ltr'><strong>imperari</strong></span> <span class='ocrx_word' id='word_1_686' title='bbox 2758 3751 2927 3809; x_wconf 86' lang='lat' dir='ltr'><strong>potest</strong></span> <span class='ocrx_word' id='word_1_687' title='bbox 2946 3744 3102 3797; x_wconf 91' lang='lat' dir='ltr'><strong>unico</strong></span> <span class='ocrx_word' id='word_1_688' title='bbox 3130 3745 3300 3801; x_wconf 89' lang='lat' dir='ltr'><strong>labor.</strong></span> <span class='ocrx_word' id='word_1_689' title='bbox 3339 3748 3517 3818; x_wconf 89' lang='lat' dir='ltr'><strong>Itaque</strong></span> <span class='ocrx_word' id='word_1_690' title='bbox 3546 3753 3683 3815; x_wconf 73' lang='lat' dir='ltr'><strong>inter</strong></span> 
     </span>
    </p>
   </div>
   <div class='ocr_carea' id='block_1_101' title="bbox 2125 3831 3679 3905">
    <p class='ocr_par' dir='ltr' id='par_1_101' title="bbox 2125 3831 3679 3905">
     <span class='ocr_line' id='line_1_101' title="bbox 2125 3831 3679 3905; baseline 0.009 -24"><span class='ocrx_word' id='word_1_691' title='bbox 2125 3844 2323 3883; x_wconf 89' lang='lat' dir='ltr'><strong>merum</strong></span> <span class='ocrx_word' id='word_1_692' title='bbox 2348 3838 2564 3892; x_wconf 88' lang='lat' dir='ltr'><strong>metum,</strong></span> <span class='ocrx_word' id='word_1_693' title='bbox 2588 3839 2641 3882; x_wconf 92' lang='lat' dir='ltr'><strong>et</strong></span> <span class='ocrx_word' id='word_1_694' title='bbox 2662 3831 2982 3898; x_wconf 75' lang='lat' dir='ltr'><strong>diligentiam</strong></span> <span class='ocrx_word' id='word_1_695' title='bbox 3006 3833 3180 3887; x_wconf 87' lang='lat' dir='ltr'><strong>lentus</strong></span> <span class='ocrx_word' id='word_1_696' title='bbox 3228 3837 3460 3905; x_wconf 89' lang='lat' dir='ltr'><strong>pignoris</strong></span> <span class='ocrx_word' id='word_1_697' title='bbox 3508 3843 3679 3894; x_wconf 86' lang='lat' dir='ltr'><strong>nostri</strong></span> 
     </span>
    </p>
   </div>
   <div class='ocr_carea' id='block_1_102' title="bbox 2126 3918 3682 3992">
    <p class='ocr_par' dir='ltr' id='par_1_102' title="bbox 2126 3918 3682 3992">
     <span class='ocr_line' id='line_1_102' title="bbox 2126 3918 3682 3992; baseline 0.009 -24"><span class='ocrx_word' id='word_1_698' title='bbox 2126 3918 2387 3984; x_wconf 70' lang='lat' dir='ltr'><strong>prrfectus</strong></span> <span class='ocrx_word' id='word_1_699' title='bbox 2414 3918 2691 3970; x_wconf 86' lang='lat' dir='ltr'><strong>adolescit.</strong></span> <span class='ocrx_word' id='word_1_700' title='bbox 2723 3918 2902 3981; x_wconf 82' lang='lat' dir='ltr'><strong>Plane,</strong></span> <span class='ocrx_word' id='word_1_701' title='bbox 2944 3921 3289 3988; x_wconf 86' lang='lat' dir='ltr'><strong>ut.arbitror,</strong></span> <span class='ocrx_word' id='word_1_702' title='bbox 3321 3927 3555 3992; x_wconf 63' lang='lat' dir='ltr'><strong>quaesitis</strong></span> <span class='ocrx_word' id='word_1_703' title='bbox 3596 3942 3682 3981; x_wconf 84' lang='lat' dir='ltr'><strong>sa-</strong></span> 
     </span>
    </p>
   </div>
   <div class='ocr_carea' id='block_1_103' title="bbox 2124 4006 3682 4075">
    <p class='ocr_par' dir='ltr' id='par_1_103' title="bbox 2124 4006 3682 4075">
     <span class='ocr_line' id='line_1_103' title="bbox 2124 4006 3682 4075; baseline 0.008 -17"><span class='ocrx_word' id='word_1_704' title='bbox 2124 4006 2427 4061; x_wconf 83' lang='lat' dir='ltr'><strong>tisfecimns.</strong></span> <span class='ocrx_word' id='word_1_705' title='bbox 2462 4007 2609 4058; x_wconf 85' lang='lat' dir='ltr'><strong>Nunc</strong></span> <span class='ocrx_word' id='word_1_706' title='bbox 2634 4008 2863 4060; x_wconf 88' lang='lat' dir='ltr'><strong>vicissim</strong></span> <span class='ocrx_word' id='word_1_707' title='bbox 2892 4022 3066 4062; x_wconf 88' lang='lat' dir='ltr'><strong>rerum</strong></span> <span class='ocrx_word' id='word_1_708' title='bbox 3097 4018 3300 4063; x_wconf 91' lang='lat' dir='ltr'><strong>tuarum</strong></span> <span class='ocrx_word' id='word_1_709' title='bbox 3323 4015 3561 4075; x_wconf 84' lang='lat' dir='ltr'><strong>ordinent</strong></span> <span class='ocrx_word' id='word_1_710' title='bbox 3584 4031 3682 4070; x_wconf 86' lang='lat' dir='ltr'><strong>cn-</strong></span> 
     </span>
    </p>
   </div>
   <div class='ocr_carea' id='block_1_104' title="bbox 2124 4096 3682 4174">
    <p class='ocr_par' dir='ltr' id='par_1_104' title="bbox 2124 4096 3682 4174">
     <span class='ocr_line' id='line_1_104' title="bbox 2124 4096 3682 4174; baseline 0.009 -27"><span class='ocrx_word' id='word_1_711' title='bbox 2124 4098 2209 4161; x_wconf 86' lang='lat' dir='ltr'><strong>pio</strong></span> <span class='ocrx_word' id='word_1_712' title='bbox 2237 4111 2573 4164; x_wconf 78' lang='lat' dir='ltr'><strong>cognoscere.</strong></span> <span class='ocrx_word' id='word_1_713' title='bbox 2603 4096 2794 4150; x_wconf 88' lang='lat' dir='ltr'><strong>Facilis</strong></span> <span class='ocrx_word' id='word_1_714' title='bbox 2835 4112 3031 4167; x_wconf 87' lang='lat' dir='ltr'><strong>autem,</strong></span> <span class='ocrx_word' id='word_1_715' title='bbox 3082 4102 3122 4154; x_wconf 89' lang='lat' dir='ltr'><strong>si</strong></span> <span class='ocrx_word' id='word_1_716' title='bbox 3154 4117 3238 4154; x_wconf 89' lang='lat' dir='ltr'><strong>tne</strong></span> <span class='ocrx_word' id='word_1_717' title='bbox 3282 4103 3493 4171; x_wconf 84' lang='lat' dir='ltr'><strong>dignum</strong></span> <span class='ocrx_word' id='word_1_718' title='bbox 3526 4116 3682 4174; x_wconf 78' lang='lat' dir='ltr'><strong>putes</strong></span> 
     </span>
    </p>
   </div>
   <div class='ocr_carea' id='block_1_105' title="bbox 2127 4186 3679 4256">
    <p class='ocr_par' dir='ltr' id='par_1_105' title="bbox 2127 4186 3679 4256">
     <span class='ocr_line' id='line_1_105' title="bbox 2127 4186 3679 4256; baseline 0.01 -21"><span class='ocrx_word' id='word_1_719' title='bbox 2127 4186 2333 4249; x_wconf 88' lang='lat' dir='ltr'><strong>litteris,</strong></span> <span class='ocrx_word' id='word_1_720' title='bbox 2363 4188 2768 4239; x_wconf 90' lang='lat' dir='ltr'><strong>commeantium</strong></span> <span class='ocrx_word' id='word_1_721' title='bbox 2810 4190 2958 4256; x_wconf 89' lang='lat' dir='ltr'><strong>copia</strong></span> <span class='ocrx_word' id='word_1_722' title='bbox 3009 4199 3111 4255; x_wconf 90' lang='lat' dir='ltr'><strong>est,</strong></span> <span class='ocrx_word' id='word_1_723' title='bbox 3149 4207 3267 4246; x_wconf 88' lang='lat' dir='ltr'><strong>cum</strong></span> <span class='ocrx_word' id='word_1_724' title='bbox 3309 4196 3596 4251; x_wconf 62' lang='lat' dir='ltr'><strong>tabellaria</strong></span> <span class='ocrx_word' id='word_1_725' title='bbox 3628 4201 3679 4251; x_wconf 93' lang='lat' dir='ltr'><strong>in</strong></span> 
     </span>
    </p>
   </div>
   <div class='ocr_carea' id='block_1_106' title="bbox 2127 4274 3039 4341">
    <p class='ocr_par' dir='ltr' id='par_1_106' title="bbox 2127 4274 3039 4341">
     <span class='ocr_line' id='line_1_106' title="bbox 2127 4274 3039 4341; baseline 0.004 -14"><span class='ocrx_word' id='word_1_726' title='bbox 2127 4277 2239 4328; x_wconf 87' lang='lat' dir='ltr'><strong>aula</strong></span> <span class='ocrx_word' id='word_1_727' title='bbox 2273 4276 2426 4341; x_wconf 87' lang='lat' dir='ltr'><strong>positi</strong></span> <span class='ocrx_word' id='word_1_728' title='bbox 2468 4274 2644 4328; x_wconf 75' lang='lat' dir='ltr'><strong>fratris</strong></span> <span class='ocrx_word' id='word_1_729' title='bbox 2675 4277 2859 4330; x_wconf 90' lang='lat' dir='ltr'><strong>utaris.</strong></span> <span class='ocrx_word' id='word_1_730' title='bbox 2895 4278 3039 4331; x_wconf 87' lang='lat' dir='ltr'><strong>Vale.</strong></span> 
     </span>
    </p>
   </div>
   <div class='ocr_carea' id='block_1_107' title="bbox 2716 4364 3095 4419">
    <p class='ocr_par' dir='ltr' id='par_1_107' title="bbox 2716 4364 3095 4419">
     <span class='ocr_line' id='line_1_107' title="bbox 2716 4364 3095 4419; baseline 0.008 -3"><span class='ocrx_word' id='word_1_731' title='bbox 2716 4364 2925 4418; x_wconf 76' lang='lat' dir='ltr'><strong>EPIST.</strong></span> <span class='ocrx_word' id='word_1_732' title='bbox 2958 4366 3095 4419; x_wconf 80' lang='lat' dir='ltr'><strong>XXI.</strong></span> 
     </span>
    </p>
   </div>
   <div class='ocr_carea' id='block_1_108' title="bbox 2599 4468 3185 4510">
    <p class='ocr_par' dir='ltr' id='par_1_108' title="bbox 2599 4468 3185 4510">
     <span class='ocr_line' id='line_1_108' title="bbox 2599 4468 3185 4510; baseline 0.01 -6"><span class='ocrx_word' id='word_1_733' title='bbox 2599 4468 2906 4508; x_wconf 63' lang='lat' dir='ltr'><strong>SYHIACHUS</strong></span> <span class='ocrx_word' id='word_1_734' title='bbox 2935 4470 3185 4510; x_wconf 76' lang='lat' dir='ltr'><strong>PROTADIO</strong></span> 
     </span>
    </p>
   </div>
   <div class='ocr_carea' id='block_1_109' title="bbox 2199 4540 3674 4608">
    <p class='ocr_par' dir='ltr' id='par_1_109' title="bbox 2199 4540 3674 4608">
     <span class='ocr_line' id='line_1_109' title="bbox 2199 4540 3674 4608; baseline 0.007 -15"><span class='ocrx_word' id='word_1_735' title='bbox 2199 4541 2321 4594; x_wconf 87' lang='lat' dir='ltr'><strong>Post</strong></span> <span class='ocrx_word' id='word_1_736' title='bbox 2347 4540 2492 4593; x_wconf 86' lang='lat' dir='ltr'><strong>urbis</strong></span> <span class='ocrx_word' id='word_1_737' title='bbox 2519 4553 2712 4594; x_wconf 71' lang='lat' dir='ltr'><strong>nostra:</strong></span> <span class='ocrx_word' id='word_1_738' title='bbox 2753 4544 3072 4597; x_wconf 80' lang='lat' dir='ltr'><strong>exitiabilem</strong></span> <span class='ocrx_word' id='word_1_739' title='bbox 3106 4545 3315 4608; x_wconf 86' lang='lat' dir='ltr'><strong>famem,</strong></span> <span class='ocrx_word' id='word_1_740' title='bbox 3346 4563 3404 4602; x_wconf 91' lang='lat' dir='ltr'><strong>re</strong></span> <span class='ocrx_word' id='word_1_741' title='bbox 3439 4550 3674 4603; x_wconf 76' lang='lat' dir='ltr'><strong>frnnwn-</strong></span> 
     </span>
    </p>
   </div>
   <div class='ocr_carea' id='block_1_110' title="bbox 2134 4629 3676 4701">
    <p class='ocr_par' dir='ltr' id='par_1_110' title="bbox 2134 4629 3676 4701">
     <span class='ocr_line' id='line_1_110' title="bbox 2134 4629 3676 4701; baseline 0.008 -21"><span class='ocrx_word' id='word_1_742' title='bbox 2134 4631 2263 4681; x_wconf 88' lang='lat' dir='ltr'><strong>taria</strong></span> <span class='ocrx_word' id='word_1_743' title='bbox 2292 4629 2343 4680; x_wconf 88' lang='lat' dir='ltr'><strong>in</strong></span> <span class='ocrx_word' id='word_1_744' title='bbox 2363 4629 2693 4695; x_wconf 89' lang='lat' dir='ltr'><strong>tranquillum</strong></span> <span class='ocrx_word' id='word_1_745' title='bbox 2725 4631 2959 4694; x_wconf 75' lang='lat' dir='ltr'><strong>reducta,</strong></span> <span class='ocrx_word' id='word_1_746' title='bbox 2999 4648 3145 4685; x_wconf 86' lang='lat' dir='ltr'><strong>oram</strong></span> <span class='ocrx_word' id='word_1_747' title='bbox 3172 4634 3470 4701; x_wconf 65' lang='lat' dir='ltr'><strong>Campaniae</strong></span> <span class='ocrx_word' id='word_1_748' title='bbox 3496 4654 3676 4693; x_wconf 79' lang='lat' dir='ltr'><strong>arces-</strong></span> 
     </span>
    </p>
   </div>
   <div class='ocr_carea' id='block_1_111' title="bbox 2128 4717 3675 4792">
    <p class='ocr_par' dir='ltr' id='par_1_111' title="bbox 2128 4717 3675 4792">
     <span class='ocr_line' id='line_1_111' title="bbox 2128 4717 3675 4792; baseline 0.006 -23"><span class='ocrx_word' id='word_1_749' title='bbox 2128 4731 2320 4770; x_wconf 89' lang='lat' dir='ltr'><strong>seram.</strong></span> <span class='ocrx_word' id='word_1_750' title='bbox 2350 4717 2700 4770; x_wconf 84' lang='lat' dir='ltr'><strong>Commodum</strong></span> <span class='ocrx_word' id='word_1_751' title='bbox 2736 4719 2900 4771; x_wconf 89' lang='lat' dir='ltr'><strong>adfuit</strong></span> <span class='ocrx_word' id='word_1_752' title='bbox 2923 4719 3203 4774; x_wconf 76' lang='lat' dir='ltr'><strong>Martialius</strong></span> <span class='ocrx_word' id='word_1_753' title='bbox 3233 4722 3448 4777; x_wconf 89' lang='lat' dir='ltr'><strong>intimus</strong></span> <span class='ocrx_word' id='word_1_754' title='bbox 3470 4736 3675 4792; x_wconf 83' lang='lat' dir='ltr'><strong>vester,</strong></span> 
     </span>
    </p>
   </div>
   <div class='ocr_carea' id='block_1_112' title="bbox 2128 4805 3676 4882">
    <p class='ocr_par' dir='ltr' id='par_1_112' title="bbox 2128 4805 3676 4882">
     <span class='ocr_line' id='line_1_112' title="bbox 2128 4805 3676 4882; baseline 0.008 -25"><span class='ocrx_word' id='word_1_755' title='bbox 2128 4814 2178 4858; x_wconf 89' lang='lat' dir='ltr'><strong>et</strong></span> <span class='ocrx_word' id='word_1_756' title='bbox 2210 4805 2334 4857; x_wconf 89' lang='lat' dir='ltr'><strong>mibi</strong></span> <span class='ocrx_word' id='word_1_757' title='bbox 2361 4820 2455 4871; x_wconf 89' lang='lat' dir='ltr'><strong>per</strong></span> <span class='ocrx_word' id='word_1_758' title='bbox 2475 4818 2569 4856; x_wconf 89' lang='lat' dir='ltr'><strong>vos</strong></span> <span class='ocrx_word' id='word_1_759' title='bbox 2593 4807 2792 4860; x_wconf 88' lang='lat' dir='ltr'><strong>anticus</strong></span> <span class='ocrx_word' id='word_1_760' title='bbox 2818 4816 3099 4874; x_wconf 84' lang='lat' dir='ltr'><strong>apportans</strong></span> <span class='ocrx_word' id='word_1_761' title='bbox 3129 4808 3331 4864; x_wconf 69' lang='lat' dir='ltr'><strong>litteras</strong></span> <span class='ocrx_word' id='word_1_762' title='bbox 3362 4820 3509 4867; x_wconf 85' lang='lat' dir='ltr'><strong>tuas:</strong></span> <span class='ocrx_word' id='word_1_763' title='bbox 3537 4830 3676 4882; x_wconf 86' lang='lat' dir='ltr'><strong>quas</strong></span> 
     </span>
    </p>
   </div>
   <div class='ocr_carea' id='block_1_113' title="bbox 2127 4895 3672 4967">
    <p class='ocr_par' dir='ltr' id='par_1_113' title="bbox 2127 4895 3672 4967">
     <span class='ocr_line' id='line_1_113' title="bbox 2127 4895 3672 4967; baseline 0.008 -20"><span class='ocrx_word' id='word_1_764' title='bbox 2127 4896 2212 4948; x_wconf 90' lang='lat' dir='ltr'><strong>ubi</strong></span> <span class='ocrx_word' id='word_1_765' title='bbox 2241 4896 2373 4947; x_wconf 80' lang='lat' dir='ltr'><strong>I:etis</strong></span> <span class='ocrx_word' id='word_1_766' title='bbox 2400 4895 2565 4947; x_wconf 90' lang='lat' dir='ltr'><strong>oculis</strong></span> <span class='ocrx_word' id='word_1_767' title='bbox 2591 4898 2845 4963; x_wconf 87' lang='lat' dir='ltr'><strong>percurri,</strong></span> <span class='ocrx_word' id='word_1_768' title='bbox 2871 4906 3018 4950; x_wconf 87' lang='lat' dir='ltr'><strong>aucta</strong></span> <span class='ocrx_word' id='word_1_769' title='bbox 3052 4908 3131 4952; x_wconf 91' lang='lat' dir='ltr'><strong>est</strong></span> <span class='ocrx_word' id='word_1_770' title='bbox 3152 4900 3291 4967; x_wconf 91' lang='lat' dir='ltr'><strong>apud</strong></span> <span class='ocrx_word' id='word_1_771' title='bbox 3320 4916 3405 4955; x_wconf 88' lang='lat' dir='ltr'><strong>me</strong></span> <span class='ocrx_word' id='word_1_772' title='bbox 3428 4905 3672 4959; x_wconf 81' lang='lat' dir='ltr'><strong>celebra-</strong></span> 
     </span>
    </p>
   </div>
   <div class='ocr_carea' id='block_1_114' title="bbox 2126 4985 3671 5060">
    <p class='ocr_par' dir='ltr' id='par_1_114' title="bbox 2126 4985 3671 5060">
     <span class='ocr_line' id='line_1_114' title="bbox 2126 4985 3671 5060; baseline 0.01 -23"><span class='ocrx_word' id='word_1_773' title='bbox 2126 4994 2294 5037; x_wconf 92' lang='lat' dir='ltr'><strong>torum</strong></span> <span class='ocrx_word' id='word_1_774' title='bbox 2327 4985 2558 5037; x_wconf 91' lang='lat' dir='ltr'><strong>littorum</strong></span> <span class='ocrx_word' id='word_1_775' title='bbox 2613 4986 2799 5053; x_wconf 87' lang='lat' dir='ltr'><strong>gratia.</strong></span> <span class='ocrx_word' id='word_1_776' title='bbox 2832 4987 2914 5040; x_wconf 76' lang='lat' dir='ltr'><strong>Fit</strong></span> <span class='ocrx_word' id='word_1_777' title='bbox 2956 4990 3092 5041; x_wconf 80' lang='lat' dir='ltr'><strong>enim</strong></span> <span class='ocrx_word' id='word_1_778' title='bbox 3141 4992 3470 5060; x_wconf 89' lang='lat' dir='ltr'><strong>plerumque,</strong></span> <span class='ocrx_word' id='word_1_779' title='bbox 3516 5005 3570 5049; x_wconf 89' lang='lat' dir='ltr'><strong>ut</strong></span> <span class='ocrx_word' id='word_1_780' title='bbox 3604 5013 3671 5052; x_wconf 76' lang='lat' dir='ltr'><strong>es</strong></span> 
     </span>
    </p>
   </div>
   <div class='ocr_carea' id='block_1_115' title="bbox 2128 5065 3672 5147">
    <p class='ocr_par' dir='ltr' id='par_1_115' title="bbox 2128 5065 3672 5147">
     <span class='ocr_line' id='line_1_115' title="bbox 2128 5065 3672 5147; baseline 0.009 -19"><span class='ocrx_word' id='word_1_781' title='bbox 2128 5076 2277 5128; x_wconf 84' lang='lat' dir='ltr'><strong>bonis</strong></span> <span class='ocrx_word' id='word_1_782' title='bbox 2302 5065 2677 5139; x_wconf 90' lang='lat' dir='ltr'><strong>accidentibus,</strong></span> <span class='ocrx_word' id='word_1_783' title='bbox 2704 5078 2870 5129; x_wconf 89' lang='lat' dir='ltr'><strong>bonor</strong></span> <span class='ocrx_word' id='word_1_784' title='bbox 2904 5087 2955 5129; x_wconf 78' lang='lat' dir='ltr'><strong>et</strong></span> <span class='ocrx_word' id='word_1_785' title='bbox 2993 5081 3232 5147; x_wconf 86' lang='lat' dir='ltr'><strong>voluptas</strong></span> <span class='ocrx_word' id='word_1_786' title='bbox 3271 5082 3502 5138; x_wconf 90' lang='lat' dir='ltr'><strong>locorum</strong></span> <span class='ocrx_word' id='word_1_787' title='bbox 3545 5105 3672 5144; x_wconf 79' lang='lat' dir='ltr'><strong>cre-</strong></span> 
     </span>
    </p>
   </div>
   <div class='ocr_carea' id='block_1_116' title="bbox 2126 5164 3671 5241">
    <p class='ocr_par' dir='ltr' id='par_1_116' title="bbox 2126 5164 3671 5241">
     <span class='ocr_line' id='line_1_116' title="bbox 2126 5164 3671 5241; baseline 0.01 -28"><span class='ocrx_word' id='word_1_788' title='bbox 2126 5172 2257 5223; x_wconf 85' lang='lat' dir='ltr'><strong>scat,</strong></span> <span class='ocrx_word' id='word_1_789' title='bbox 2280 5171 2333 5215; x_wconf 92' lang='lat' dir='ltr'><strong>et</strong></span> <span class='ocrx_word' id='word_1_790' title='bbox 2360 5164 2555 5215; x_wconf 90' lang='lat' dir='ltr'><strong>amoris</strong></span> <span class='ocrx_word' id='word_1_791' title='bbox 2585 5165 2727 5230; x_wconf 86' lang='lat' dir='ltr'><strong>signa</strong></span> <span class='ocrx_word' id='word_1_792' title='bbox 2754 5166 3014 5231; x_wconf 71' lang='lat' dir='ltr'><strong>praeferat.</strong></span> <span class='ocrx_word' id='word_1_793' title='bbox 3037 5168 3163 5219; x_wconf 82' lang='lat' dir='ltr'><strong>Nam</strong></span> <span class='ocrx_word' id='word_1_794' title='bbox 3190 5184 3343 5223; x_wconf 88' lang='lat' dir='ltr'><strong>nemo</strong></span> <span class='ocrx_word' id='word_1_795' title='bbox 3364 5171 3671 5241; x_wconf 81' lang='lat' dir='ltr'><strong>flagrantius</strong></span> 
     </span>
    </p>
   </div>
   <div class='ocr_carea' id='block_1_117' title="bbox 2125 5250 3669 5328">
    <p class='ocr_par' dir='ltr' id='par_1_117' title="bbox 2125 5250 3669 5328">
     <span class='ocr_line' id='line_1_117' title="bbox 2125 5250 3669 5328; baseline 0.011 -26"><span class='ocrx_word' id='word_1_796' title='bbox 2125 5251 2404 5303; x_wconf 78' lang='lat' dir='ltr'><strong>amicitiam</strong></span> <span class='ocrx_word' id='word_1_797' title='bbox 2433 5250 2576 5313; x_wconf 89' lang='lat' dir='ltr'><strong>colit,</strong></span> <span class='ocrx_word' id='word_1_798' title='bbox 2600 5267 2752 5318; x_wconf 77' lang='lat' dir='ltr'><strong>qnam</strong></span> <span class='ocrx_word' id='word_1_799' title='bbox 2774 5255 2859 5321; x_wconf 88' lang='lat' dir='ltr'><strong>qui</strong></span> <span class='ocrx_word' id='word_1_800' title='bbox 2886 5254 3127 5308; x_wconf 90' lang='lat' dir='ltr'><strong>irascitur</strong></span> <span class='ocrx_word' id='word_1_801' title='bbox 3146 5258 3493 5328; x_wconf 73' lang='lat' dir='ltr'><strong>negligentim.</strong></span> <span class='ocrx_word' id='word_1_802' title='bbox 3512 5265 3669 5328; x_wconf 74' lang='lat' dir='ltr'><strong>Quod</strong></span> 
     </span>
    </p>
   </div>
   <div class='ocr_carea' id='block_1_118' title="bbox 2124 5341 3668 5409">
    <p class='ocr_par' dir='ltr' id='par_1_118' title="bbox 2124 5341 3668 5409">
     <span class='ocr_line' id='line_1_118' title="bbox 2124 5341 3668 5409; baseline 0.008 -15"><span class='ocrx_word' id='word_1_803' title='bbox 2124 5341 2195 5394; x_wconf 87' lang='lat' dir='ltr'><strong>ita</strong></span> <span class='ocrx_word' id='word_1_804' title='bbox 2220 5342 2447 5409; x_wconf 87' lang='lat' dir='ltr'><strong>accipias</strong></span> <span class='ocrx_word' id='word_1_805' title='bbox 2472 5344 2611 5408; x_wconf 87' lang='lat' dir='ltr'><strong>volo,</strong></span> <span class='ocrx_word' id='word_1_806' title='bbox 2644 5352 2700 5395; x_wconf 93' lang='lat' dir='ltr'><strong>ut</strong></span> <span class='ocrx_word' id='word_1_807' title='bbox 2736 5358 2890 5399; x_wconf 83' lang='lat' dir='ltr'><strong>causa</strong></span> <span class='ocrx_word' id='word_1_808' title='bbox 2918 5346 3077 5399; x_wconf 86' lang='lat' dir='ltr'><strong>oflicii</strong></span> <span class='ocrx_word' id='word_1_809' title='bbox 3106 5349 3208 5401; x_wconf 91' lang='lat' dir='ltr'><strong>mei</strong></span> <span class='ocrx_word' id='word_1_810' title='bbox 3238 5352 3377 5404; x_wconf 82' lang='lat' dir='ltr'><strong>salva</strong></span> <span class='ocrx_word' id='word_1_811' title='bbox 3407 5354 3477 5407; x_wconf 86' lang='lat' dir='ltr'><strong>sit</strong></span> <span class='ocrx_word' id='word_1_812' title='bbox 3502 5372 3515 5407; x_wconf 90' lang='lat'><strong>:</strong></span> <span class='ocrx_word' id='word_1_813' title='bbox 3548 5360 3668 5409; x_wconf 70' lang='lat' dir='ltr'><strong>nul.</strong></span> 
     </span>
    </p>
   </div>
   <div class='ocr_carea' id='block_1_119' title="bbox 2126 5429 3665 5504">
    <p class='ocr_par' dir='ltr' id='par_1_119' title="bbox 2126 5429 3665 5504">
     <span class='ocr_line' id='line_1_119' title="bbox 2126 5429 3665 5504; baseline 0.01 -23"><span class='ocrx_word' id='word_1_814' title='bbox 2126 5430 2228 5483; x_wconf 90' lang='lat' dir='ltr'><strong>lum</strong></span> <span class='ocrx_word' id='word_1_815' title='bbox 2256 5430 2446 5495; x_wconf 78' lang='lat' dir='ltr'><strong>quippe</strong></span> <span class='ocrx_word' id='word_1_816' title='bbox 2475 5429 2721 5485; x_wconf 86' lang='lat' dir='ltr'><strong>delictum</strong></span> <span class='ocrx_word' id='word_1_817' title='bbox 2747 5448 2890 5487; x_wconf 77' lang='lat' dir='ltr'><strong>cura:</strong></span> <span class='ocrx_word' id='word_1_818' title='bbox 2918 5450 3039 5500; x_wconf 77' lang='lat' dir='ltr'><strong>erga</strong></span> <span class='ocrx_word' id='word_1_819' title='bbox 3069 5444 3120 5491; x_wconf 91' lang='lat' dir='ltr'><strong>te</strong></span> <span class='ocrx_word' id='word_1_820' title='bbox 3150 5435 3384 5504; x_wconf 82' lang='lat' dir='ltr'><strong>frigentis</strong></span> <span class='ocrx_word' id='word_1_821' title='bbox 3409 5457 3665 5504; x_wconf 79' lang='lat' dir='ltr'><strong>agnoseo.</strong></span> 
     </span>
    </p>
   </div>
  </div>
