3884 6328
91 337 197 394 917
1572 318 1665 375 FP

1796 314 1952 370 )LIE.

91 463 506 534 Perfossasque
532 469 685 516 nates
732 454 907 511 vicino
941 450 1133 523 podice
1165 446 1353 503 nudat.
1742 438 1794 497 A

95 556 230 612 Inde
258 566 587 611 ostentator
614 554 838 608 volitat:
865 549 1131 603 mirentur
1158 550 1223 603 ut
1242 543 1419 611 ipsum

95 646 377 719 Gedippa,
412 650 759 715 Ursinusque
784 656 935 707 suus,
965 636 1256 708 prolesque
1288 630 1498 694 Iovini,

97 740 527 812 Taurinusqne,
561 742 735 809 ipsum
769 734 964 806 priscis
990 730 1255 785 heroibus
1277 737 1541 795 aequatis:

96 836 289 903 Qualis
325 838 382 890 in
416 836 613 892 Olenia
646 833 818 886 victor
844 825 1160 883 Calidonius
1189 837 1343 893 apro,

98 936 210 986 Aut
234 930 623 999 Erymanthon
655 926 826 996 pubes
850 922 949 999 fuit
978 920 1158 975 Attica
1179 924 1454 972 monstro.

97 1024 208 1079 Sed
240 997 512 1093 tu—parce
546 1020 674 1075 feris
697 997 1004 1081 venatibus,
1041 1022 1098 1068 et
1130 1011 1250 1081 fuge
1277 1018 1409 1063 nota

96 1118 354 1173 Crimina
383 1118 641 1173 silvarum
677 1129 691 1168 :
743 1126 812 1167 ne
834 1110 908 1165 sis
934 1105 1193 1179 Cinyreia
1218 1103 1429 1175 proles,

97 1211 476 1281 Accedasque
507 1210 708 1263 iterum
738 1200 937 1259 Veneri
965 1197 1267 1271 plorandus
1297 1193 1527 1253 Adonis.

97 1304 193 1361 Sic
216 1313 384 1359 certe
410 1302 617 1358 crinem
651 1298 844 1359 ﬂavus.
883 1295 1182 1363 niveusque
1205 1290 1464 1355 lacertos,

96 1396 414 1452 Caesariem
444 1395 665 1450 rutilam
695 1406 795 1463 per
817 1387 1047 1444 candida
1078 1385 1214 1441 colla
1240 1382 1489 1440 refundis
1525 1400 1535 1435 :

97 1492 345 1548 Pectore
376 1492 458 1546 sic
487 1499 695 1553 tenero,
728 1485 889 1556 plana
917 1483 996 1538 sic
1020 1481 1251 1553 junceus
1279 1480 1426 1548 alvo,

96 1588 206 1643 Per
240 1596 459 1643 teretes
488 1584 748 1639 feminum
777 1593 960 1652 gyros,
987 1591 1253 1647 surasque
1278 1575 1517 1630 nitentes

98 1683 443 1753 Descendis,
482 1682 621 1737 talos
650 1695 677 1733 a
702 1678 909 1734 vertice
944 1674 1172 1746 pulcher
1204 1672 1271 1728 ad
1306 1672 1466 1726 imos.

99 1776 298 1844 Qualis
326 1776 612 1831 [Inricoma
644 1771 922 1843 quondam
952 1768 1239 1841 populator
1272 1766 1325 1821 in
1350 1764 1536 1829 Aitna,

1963 429 2071 487 Sed
2094 429 2202 499 jam
2233 439 2341 480 non
2376 420 2605 494 potetis,
2640 418 2856 481 Theon,
2886 411 3073 467 doceri
3101 425 3113 463 :

1964 522 2074 578 Nec
2099 523 2176 576 l'as
2207 530 2291 574 est
2320 517 2453 572 mihi
2484 514 2637 585 regio
2680 512 2948 580 magistro

1964 613 2239 669 Plebeiam
2266 623 2524 667 numeros
2552 608 2755 662 docere
2787 602 3034 673 pulpam.

1970 707 2165 761 Verum
2194 703 2447 774 protinus
2475 700 2600 765 cale,
2634 695 2780 768 quod
2806 692 3053 763 requiro.

1966 799 2051 854 Nil
2082 811 2291 869 qumro,
2321 795 2422 849 nisi
2461 792 2605 864 quod
2634 791 2787 847 libris
2817 795 3037 844 tenetur
3072 804 3086 841 :

1969 893 2036 947 Et
2074 891 2219 961 quod
2248 903 2356 942 non
2383 888 2558 955 Opicae
2589 894 2780 955 tegunt
2810 880 3027 952 papyri.

1966 983 2113 1052 Quas
2152 980 2199 1035 si
2228 978 2484 1043 solveris,
2518 991 2549 1031 ο
2581 984 2766 1046 poeta,
2792 987 2991 1043 nugas,

1967 1077 2162 1132 Totam
2196 1071 2351 1128 trado
2382 1069 2481 1125 tibi
2504 1068 2669 1123 simul
2694 1067 3014 1134 Vacunam,

1969 1172 2077 1228 Nec
2100 1169 2207 1241 jam
2236 1173 2358 1238 post
2382 1173 2591 1219 metues
2613 1160 2813 1230 ubique
2837 1158 3065 1225 dictum,

1968 1267 2068 1321 llic
2098 1273 2181 1320 est
2211 1262 2299 1317 ille
2328 1260 2519 1315 Theon
2555 1264 2715 1328 poeta
2748 1252 2938 1317 falsus,

1969 1359 2243 1415 Bonorum
2273 1353 2414 1410 mala
2442 1349 2750 1407 carminum
2780 1347 3029 1403 taberna.

2409 1484 2755 1573 EPISTOLA
2787 1483 2853 1539 V.

1896 1618 2169 1674 Ausomos
2200 1610 2359 1668 Salve
2381 1624 2503 1663 caro
2529 1607 2658 1660 mihi
2689 1604 2810 1659 dico
2834 1601 3072 1668 Tnsom,

1904 1687 2157 1743 Versibus
2178 1682 2447 1757 experiens
2477 1679 2617 1752 quod
2652 1676 2789 1743 volo,
2815 1674 3016 1746 quodve
3041 1686 3253 1742 queror.

3331 290 3437 345 918

106 1868 409 1941 Virgineas
440 1868 581 1922 inter
607 1867 837 1920 choreas
865 1861 1066 1917 Deoida
1092 1868 1303 1929 raptam

100 1960 352 2017 Sustulit
376 1974 623 2016 emersus
656 1956 848 2028 stygiis
872 1953 1189 2009 fornacibus
1211 1953 1405 2007 Orcus.

101 2055 185 2108 An
231 2055 370 2123 quia
402 2060 631 2107 venatus
654 2051 721 2105 ob
752 2057 901 2104 tanta
932 2047 1173 2117 pericula
1196 2046 1358 2112 vitas,

102 2146 371 2203 Piscandi
398 2144 633 2200 traheris
660 2140 884 2196 studio?
911 2155 1034 2194 nam
1070 2146 1181 2193 tota
1207 2136 1455 2207 supellex

102 2238 441 2293 Dumnotini
470 2236 602 2291 tales
630 2234 792 2289 solita
823 2241 903 2289 est
934 2231 1225 2287 ostendere
1251 2244 1413 2301 gazas
1443 2243 1457 2283 :

101 2335 369 2390 Nodosas
410 2341 591 2387 vestes
618 2329 959 2383 animantum
996 2324 1350 2391 Nerinorum,

103 2430 173 2483 lit
196 2428 421 2499 jacula,
448 2435 503 2480 et
532 2422 750 2489 fundas,
778 2431 831 2476 et
857 2420 1076 2475 nomina
1108 2417 1287 2472 villica
1312 2416 1430 2482 lini,

100 2523 380 2592 Colaque,
407 2528 462 2575 et
492 2518 710 2573 indutos
742 2516 975 2569 terrenis
1005 2512 1287 2567 vermibus
1314 2512 1523 2565 hamos.

102 2616 204 2671 IIis
238 2615 443 2687 opibus
473 2611 679 2668 conﬁse
714 2610 921 2664 tumes?
954 2606 1148 2662 domus
1178 2604 1362 2660 omnis
1392 2602 1635 2658 abundat

103 2707 382 2763 Littoreis
412 2706 563 2760 dives
592 2702 801 2773 spoliis,
839 2698 1148 2754 referuntur
1175 2696 1241 2751 ab
1274 2694 1420 2751 unda

103 2803 384 2867 Carroco,
417 2798 602 2854 letalis
636 2806 851 2868 trygon,
889 2792 1189 2862 mollesque
1224 2790 1502 2861 platessac,

107 2896 353 2953 Urentes
386 2891 600 2962 thynni,
641 2900 695 2945 et
726 2888 868 2943 male
901 2886 1027 2943 tecti
1051 2886 1210 2956 spina
1236 2883 1457 2955 elegati,

103 2988 221 3043 Nec
256 2986 510 3041 duraturi
545 2994 663 3054 post
693 2982 820 3037 bina
848 2979 1078 3035 trilioria
1108 2978 1281 3033 corvi.
1499 2975 1507 2982 ’

106 3084 190 3137 An
222 3090 279 3137 te
310 3078 651 3135 carminibus
678 3078 830 3149 juvat
861 3076 1132 3131 incestare
1162 3087 1391 3128 canoras

104 3179 504 3249 Mnemosynes
534 3185 706 3239 natas,
732 3184 823 3228 aut
856 3182 986 3242 tres,
1020 3180 1113 3225 aut
1134 3177 1256 3224 octo
1282 3168 1539 3224 sorores?

109 3273 172 3326 Et
209 3271 479 3342 quoniam
512 3270 616 3323 huc
649 3278 893 3332 ventum,
927 3265 971 3318 si
1002 3262 1085 3317 vis
1116 3275 1471 3333 cognoscere,
1494 3258 1619 3331 quid
1646 3259 1717 3315 sit

107 3365 263 3421 Inter
305 3362 639 3427 doctrinam,
670 3358 1107 3426 deridendasque
1137 3354 1406 3410 Camenas
1436 3372 1448 3409 :

108 3461 321 3530 Accipe
342 3469 628 3529 congeStas
659 3454 917 3527 mysteria
952 3452 1141 3507 frivola
1174 3464 1368 3521 nugas,

108 3555 263 3623 Quas
297 3562 476 3607 tamen
511 3550 779 3621 explicitis
812 3562 1051 3620 nequeas
1078 3545 1391 3615 dependere
1420 3542 1643 3609 chartis,

110 3648 331 3705 Scillite
360 3646 545 3701 decies
572 3660 677 3699 non
706 3644 751 3697 si
785 3642 1033 3713 purgcris
1062 3651 1243 3705 aceto,

109 3740 512 3812 Anticipesque
545 3747 637 3795 tuo
662 3738 830 3795 Samii
862 3729 1195 3792 Lucumonis
1224 3749 1452 3791 acumen
1490 3750 1503 3787 :

261 3838 373 3891 Aut
404 3834 544 3889 adsit
576 3834 843 3902 interpres
868 3841 1011 3897 tuus,

262 3930 637 4000 zEnigmatum
671 3927 761 3998 qui
785 3927 1036 3997 cognitor

263 4027 395 4082 Fuit
421 4041 666 4082 meorum
704 4044 715 4077 :
756 4038 880 4078 cum
914 4023 1007 4077 tibi

262 4119 455 4176 Cadmi
487 4118 714 4189 nigellas
740 4117 895 4181 ﬁlias,

242 4212 494 4268 'Melonis
523 4210 704 4265 albam
736 4206 924 4275 ﬁliam,

264 4307 544 4376 Notasque
570 4303 739 4359 furvae
767 4305 959 4374 sepiae,

262 4400 603 4470 Cuidiosque
633 4398 805 4454 nodos
842 4397 1102 4468 prodidit.

258 4496 416 4552 Nunc
448 4493 592 4548 adsit
622 4510 633 4547 :
668 4501 722 4548 et
746 4500 893 4547 certe
923 4491 1083 4547 modo

265 4588 473 4645 Prmsul
500 4594 716 4643 creath
750 4587 964 4651 litteris,
1008 4610 1011 4613 ·

264 4682 594 4740 Enucleabit
622 4680 890 4752 protinus,

260 4775 423 4847 Quod
454 4774 757 4830 militantes
791 4772 1104 4828 scribimus.

258 4872 435 4927 Notos
466 4872 614 4939 ﬁngo
641 4868 737 4923 tibi
770 4876 925 4938 poeta
950 4882 1143 4924 versus
1169 4885 1181 4920 :
1218 4871 1221 4875 '

263 4965 416 5034 Quos
445 4965 553 5019 scis
579 4961 1064 5032 hendecasyllabos
1084 4961 1266 5016 vocari
1302 4980 1312 5014 :

263 5060 376 5117 Sed
410 5062 587 5114 nescis
617 5056 850 5111 modulis
885 5056 1056 5111 tribus
1096 5055 1324 5112 moveri.

266 5154 407 5210 Istos
434 5151 750 5223 composuit
781 5149 1067 5205 Phalaecus
1098 5150 1251 5216 olim,

266 5248 372 5316 Qui
394 5242 1087 5317 penthemimerin-habent
1111 5242 1348 5312 priorem
1386 5261 1400 5296 :

268 5343 335 5398 Et
363 5348 485 5412 post
505 5338 845 5408 semipedem
879 5338 1015 5392 duos
1044 5338 1278 5393 iambos.

266 5436 406 5492 Sunt
427 5449 568 5505 quos
594 5432 894 5487 hexametri
925 5440 1110 5485 creant
1138 5429 1335 5485 revulsi
1375 5447 1385 5481 :

266 5529 338 5585 Ut
369 5525 814 5597 penthemimeris
836 5526 991 5593 prior
1019 5525 1249 5579 locetur.

266 5622 403 5677 Tum
435 5619 577 5691 quod
611 5618 857 5673 bucolice
883 5616 1027 5671 teme
1061 5617 1339 5686 relinquit.

266 5715 406 5771 Sunt
429 5722 485 5767 et
506 5726 641 5782 quos
671 5718 899 5781 generat
932 5708 1108 5776 puclla
1133 5706 1355 5777 Sappho
1390 5726 1401 5761 :

270 5809 420 5875 Quos
452 5805 658 5877 primus
684 5801 825 5871 rn-git
856 5800 1081 5871 Ilippins
1110 5798 1383 5855 secundus
1415 5818 1429 5855 :

282 5904 353 5969 Ut
387 5900 607 5966 claudat
632 5894 1002 5958 Chnriambnn
1030 5891 1415 5951 Anlibacchus.

1750 1828 1801 1889 B
1827 1829 2011 1889 Tertia
2044 1824 2329 1895 ﬁssipedes
2358 1819 2644 1877 renovavit
2674 1818 2827 1873 Luna
2856 1815 3143 1885 juvencas,

1900 1925 1972 1980 Ut
2001 1922 2202 1993 fugitas
2226 1927 2491 1989 nostram,
2519 1913 2694 1969 dulcis
2725 1910 2920 1975 amice,
2952 1908 3196 1964 domum.

1826 2016 2131 2086 Nonaginta
2165 2012 2280 2067 dies
2306 2010 2427 2064 sine
2461 2017 2531 2073 te,
2556 2002 2901 2068 cbarissime,
2926 1998 3067 2055 traxi
3094 2017 3107 2051 :

1900 2109 2017 2165 Huc
2047 2104 2187 2161 adde
2210 2104 2428 2159 aestivos
2462 2117 2475 2155 :
2503 2102 2605 2154 hoc
2632 2096 2765 2153 mihi
2799 2109 2937 2166 pene
2958 2092 3184 2163 duplum
3217 2098 3322 2148 est.

1828 2201 1924 2256 Vis
1951 2198 2137 2276 novies
2168 2195 2338 2251 denos
2372 2194 2574 2258 dicam,
2607 2189 2904 2258 deciesque
2932 2197 3177 2241 novenos

1899 2294 2013 2349 Isse
2041 2290 2194 2346 dies?
2226 2287 2357 2344 anni
2398 2286 2578 2357 portio
2604 2290 2799 2353 quarta
2828 2279 2984 2335 abiit.

1826 2388 2123 2457 Sexaginta
2151 2384 2315 2437 horas
2338 2395 2505 2451 super
2529 2386 2584 2433 et
2612 2376 2722 2431 duo
2754 2373 2925 2428 millia
2958 2378 3183 2427 centum

1898 2482 1974 2537 Te
2002 2481 2120 2536 sine
2146 2474 2458 2545 consumpsi
2488 2491 2499 2528 :
2531 2487 2641 2543 quo
2663 2470 2781 2525 sine
2812 2476 2866 2523 et
2889 2467 3023 2521 hora
3046 2462 3250 2534 gravis.

1827 2576 1992 2635 Millia
2020 2575 2103 2631 bis
2128 2578 2396 2641 nongenta
2422 2567 2583 2637 jubet
2616 2561 2900 2619 demensio
2930 2560 3113 2630 legum

1899 2669 2271 2723 Annumerata
2295 2672 2422 2715 reos
2451 2672 2549 2727 per
2574 2663 2653 2710 tot
2674 2652 2829 2708 obire
2853 2649 2993 2705 dies.

1824 2761 1941 2817 Jam
1971 2758 2116 2830 potui
2141 2738 2371 2810 Romam
2404 2749 2567 2822 pedes
2600 2748 2705 2814 ire,
2736 2742 3013 2815 pedesque
3037 2734 3259 2803 reverti,

1898 2852 1975 2907 Ex
2001 2865 2106 2921 quo
2139 2858 2191 2903 te
2220 2844 2482 2901 dirimunt
2515 2837 2685 2896 millia
2720 2849 2891 2906 pauca
2921 2832 3078 2889 mihi.

1822 2948 2041 3017 Scirpea
2069 2938 2394 2998 Domnotoni
2430 2934 2563 2991 tanti
2586 2942 2670 2989 est
2694 2928 2963 2986 habitatio
2993 2924 3141 2980 vati?

1894 3039 2184 3095 Pauliacus
2218 3032 2354 3088 tanti
2384 3045 2491 3085 non
2523 3026 2655 3082 mihi
2682 3024 2809 3078 villa
2836 3020 2997 3076 foret.

1824 3136 1905 3191 An
1938 3132 2063 3204 quia
2094 3145 2190 3201 per
2220 3126 2459 3183 tabulam
2494 3121 2706 3178 medico
2729 3123 3009 3189 pugnante
3041 3121 3307 3179 notatam,

1744 3226 1791 3291 C
1895 3227 2079 3283 Debita
2109 3237 2319 3279 summa
2347 3218 2482 3274 mibi
2512 3227 2625 3281 est;
2658 3230 2725 3268 ne
2752 3220 3083 3281 repetamus,
3120 3208 3284 3265 abes?

1825 3322 1916 3378 Bis
1938 3328 2148 3390 septem
2178 3312 2373 3370 rutilos
2404 3310 2592 3380 regale
2622 3306 2891 3363 nomisma
2926 3301 3225 3371 Philippos,

1896 3413 1971 3469 Ne
2002 3410 2136 3468 tanti
2166 3408 2393 3474 fuerint,
2428 3403 2657 3475 perdere
2688 3398 2855 3463 malo,
2890 3396 3082 3450 Theon
3116 3413 3126 3448 :

1823 3507 2150 3579 Implicitum
2183 3516 2346 3573 quam
2372 3509 2425 3554 te
2455 3495 2660 3552 nostris
2693 3495 2907 3547 interna
2940 3487 3196 3545 medullis

1896 3600 2096 3657 Defore
2126 3606 2235 3652 tam
2259 3594 2409 3664 longi
2436 3588 2697 3660 temporis
2719 3588 2772 3641 in
2798 3584 2996 3655 spatio.

1824 3697 1968 3765 Ergo
1991 3700 2084 3747 aut
2108 3688 2403 3761 przedictos
2422 3686 2532 3755 jam
2565 3696 2709 3737 nunc
2736 3678 2980 3735 rescribe
3010 3676 3231 3743 Darios;

1897 3788 1963 3843 Et
1993 3784 2224 3848 redime,
2254 3791 2313 3835 ut
2343 3793 2493 3835 mora
2520 3776 2589 3830 sit
2616 3775 2793 3829 libera
2822 3770 3058 3826 desidiae
3087 3789 3097 3822 :

1826 3886 1932 3939 Aut
1954 3880 2088 3935 alios
2117 3891 2148 3931 a
2173 3890 2260 3930 me
2291 3872 2516 3929 totidem
2544 3868 2685 3924 dabo
2719 3863 3057 3925 :dummodo
3088 3862 3203 3918 cari

1895 3971 2195 4041 Conspicer
2210 3981 2305 4022 ora
2328 3964 2449 4029 viri,
2471 3961 2731 4033 pauperis
2756 3972 2929 4030 usque
2948 3957 3095 4012 licet.

1824 4068 2014 4136 Puppe
2040 4061 2179 4117 citus
2208 4071 2469 4129 propera,
2497 4055 2830 4121 sinuosaque
2866 4050 3029 4104 lintea
3059 4047 3165 4103 veli

1896 4158 2103 4214 Pande.
2138 4152 2417 4211 Medullini
2446 4160 2497 4206 te
2522 4149 2659 4206 feret
2691 4162 2822 4203 aura
2855 4145 2966 4200 noti

1826 4251 2152 4323 Expositum
2176 4247 2361 4302 subter
2395 4242 2645 4315 paradas,
2674 4237 3219 4309 lectoquejacentem
3251 4249 3263 4287 :

1897 4343 2155 4415 Corporis
2175 4352 2235 4395 ut
2262 4338 2396 4395 tanti
2424 4351 2532 4393 non
2567 4342 2854 4391 moveatur
2884 4324 3045 4387 onus.

1827 4443 1978 4499 Unus
2003 4435 2332 4495 Domnotoni
2362 4442 2415 4488 te
2441 4432 2627 4486 littore
2651 4427 2892 4502 perferet
2922 4436 3093 4481 aestus

1899 4531 2197 4591 Condatem
2232 4527 2298 4583 ad
2328 4536 2545 4598 portum
2581 4540 2594 4577 :
2628 4523 2673 4577 si
2701 4521 2867 4577 modo
2900 4521 3257 4590 deproperes.

1748 4631 1805 4691 D
1829 4630 1996 4701 Inque
2018 4625 2189 4681 vicem
2220 4620 2393 4687 venti,
2429 4617 2689 4689 quotiens
2716 4622 2807 4669 tua
2839 4613 3059 4668 ﬁamina
3091 4615 3333 4672 cessant,

1899 4715 2251 4788 Remipedem
2274 4712 2467 4781 iubeas
2498 4710 2745 4781 protinus
2774 4707 2853 4761 ire
2884 4715 3055 4760 ratem
3096 4723 3105 4755 :

1826 4810 2081 4870 Invenies
2107 4816 2310 4878 praesto
2340 4804 2634 4875 subjuncta
2665 4802 2898 4871 petorita
2931 4797 3115 4853 mulis.

1901 4902 2036 4958 Villa
2067 4898 2417 4955 Lucani-mox
2452 4895 2689 4967 potieris-
2711 4908 2830 4948 aco.

1827 4997 2081 5055 Rescisso
2105 4994 2259 5050 disce
2290 5003 2623 5061 componere
2652 4985 2877 5041 nomine
2900 4995 3141 5037 versum.

1901 5089 2075 5147 Lucili
2105 5087 2244 5155 vatis
2266 5084 2346 5141 sic
2372 5084 2611 5139 imitator
2643 5080 2772 5135 eris.

2420 5191 2753 5251 EPISTULA
2786 5190 2872 5244 VI.

2049 5297 2316 5351 Ausomus
2332 5287 2515 5345 consul
2545 5296 2718 5339 vatem
2738 5283 2971 5337 resaluto
3000 5278 3289 5335 THEONEM.

1834 5418 2013 5475 Aurea
2046 5412 2208 5477 mala,
2238 5407 2406 5470 Theo,
2442 5401 2538 5459 sed
2565 5400 2821 5471 plumbea
2852 5382 3100 5455 carmina
3130 5395 3329 5452 mittis.

1906 5509 2076 5567 Unius
2108 5518 2305 5560 massa:
2334 5501 2458 5571 quis
2490 5504 2643 5567 putet
2675 5495 2773 5550 has
2802 5493 3053 5564 species?

1833 5606 2010 5661 Unum
2034 5614 2232 5657 nomen
2262 5595 2514 5665 utrisque
2542 5611 2551 5644 :
2584 5590 2679 5647 sed
2710 5595 2793 5646 est
2819 5587 3122 5644 discrimen
3153 5585 3399 5656 utrisque
3425 5597 3438 5635 :

1908 5698 2072 5752 Poma
2104 5703 2159 5747 ut
2190 5690 2333 5745 mala
2366 5701 2554 5750 voces,
2585 5684 2829 5739 carmina
2865 5696 3001 5737 vero
3027 5681 3188 5736 mala.

1982 5788 2117 5845 Vale
2145 5785 2319 5841 beatis
2363 5796 2564 5838 nomen
2597 5796 2625 5834 a
2658 5778 2801 5835 divis
2832 5777 3041 5833 Theon.

1988 5880 2239 5941 Metoche
2278 5877 2374 5936 sed
2410 5879 2510 5933 ista
2542 5891 2691 5947 srepe
2714 5882 3026 5931 currentem
3052 5867 3277 5927 indicat.
