  <div class='ocr_page' id='page_1' title='image "/cluster/home/n/w/nwhite01/storage/ocr_20150623/18-19/uva.x000826554/1251.png"; bbox 0 0 3884 6320; ppageno 0'>
   <div class='ocr_carea' id='block_1_1' title="bbox 509 252 2065 322">
    <p class='ocr_par' dir='ltr' id='par_1_1' title="bbox 509 253 2065 322">
     <span class='ocr_line' id='line_1_1' title="bbox 509 253 2065 322; baseline -0.005 -3"><span class='ocrx_word' id='word_1_1' title='bbox 509 262 617 322; x_wconf 75' lang='grc'><strong>919</strong></span> <span class='ocrx_word' id='word_1_2' title='bbox 1700 262 1703 263; x_wconf 64' lang='grc'><strong><em>⁷</em></strong></span> <span class='ocrx_word' id='word_1_3' title='bbox 1890 253 2065 312; x_wconf 75' lang='lat' dir='ltr'><strong>DECII</strong></span> 
     </span>
    </p>
   </div>
   <div class='ocr_carea' id='block_1_2' title="bbox 2188 252 3767 322">
    <p class='ocr_par' dir='ltr' id='par_1_2' title="bbox 2188 252 3767 311">
     <span class='ocr_line' id='line_1_2' title="bbox 2188 252 3767 311; baseline -0.003 0"><span class='ocrx_word' id='word_1_4' title='bbox 2188 254 2380 311; x_wconf 82' lang='lat' dir='ltr'><strong>ISONII</strong></span> <span class='ocrx_word' id='word_1_5' title='bbox 3678 252 3767 307; x_wconf 69' lang='lat'><strong>.020</strong></span> 
     </span>
    </p>
   </div>
   <div class='ocr_carea' id='block_1_3' title="bbox 1088 377 1561 449">
    <p class='ocr_par' dir='ltr' id='par_1_3' title="bbox 1088 377 1561 449">
     <span class='ocr_line' id='line_1_3' title="bbox 1088 377 1561 449; baseline -0.008 -13"><span class='ocrx_word' id='word_1_6' title='bbox 1088 377 1413 436; x_wconf 69' lang='lat' dir='ltr'><strong>EPISTOLA</strong></span> <span class='ocrx_word' id='word_1_7' title='bbox 1453 377 1561 449; x_wconf 82' lang='lat' dir='ltr'><strong>vn.</strong></span> 
     </span>
    </p>
   </div>
   <div class='ocr_carea' id='block_1_4' title="bbox 582 468 2026 539">
    <p class='ocr_par' dir='ltr' id='par_1_4' title="bbox 582 468 2026 539">
     <span class='ocr_line' id='line_1_4' title="bbox 582 468 2026 539; baseline -0.004 -11"><span class='ocrx_word' id='word_1_8' title='bbox 582 475 845 529; x_wconf 67' lang='lat' dir='ltr'><strong>Acsoxtos</strong></span> <span class='ocrx_word' id='word_1_9' title='bbox 870 473 1095 535; x_wconf 75' lang='lat' dir='ltr'><strong>Tneoxt,</strong></span> <span class='ocrx_word' id='word_1_10' title='bbox 1127 488 1243 524; x_wconf 79' lang='lat' dir='ltr'><strong>rum</strong></span> <span class='ocrx_word' id='word_1_11' title='bbox 1265 473 1311 523; x_wconf 84' lang='lat' dir='ltr'><strong>ei</strong></span> <span class='ocrx_word' id='word_1_12' title='bbox 1331 471 1548 538; x_wconf 75' lang='lat' dir='ltr'><strong>triginta</strong></span> <span class='ocrx_word' id='word_1_13' title='bbox 1570 477 1762 532; x_wconf 82' lang='lat' dir='ltr'><strong>ostrea,</strong></span> <span class='ocrx_word' id='word_1_14' title='bbox 1802 468 2026 539; x_wconf 79' lang='lat' dir='ltr'><strong><em>grandia</em></strong></span> 
     </span>
    </p>
   </div>
   <div class='ocr_carea' id='block_1_5' title="bbox 829 540 1768 613">
    <p class='ocr_par' dir='ltr' id='par_1_5' title="bbox 829 540 1768 613">
     <span class='ocr_line' id='line_1_5' title="bbox 829 540 1768 613; baseline -0.002 -18"><span class='ocrx_word' id='word_1_15' title='bbox 829 544 1057 613; x_wconf 80' lang='lat' dir='ltr'><strong><em>quidem,</em></strong></span> <span class='ocrx_word' id='word_1_16' title='bbox 1082 544 1170 596; x_wconf 78' lang='lat' dir='ltr'><strong>sed</strong></span> <span class='ocrx_word' id='word_1_17' title='bbox 1200 553 1303 596; x_wconf 83' lang='lat' dir='ltr'><strong>tam</strong></span> <span class='ocrx_word' id='word_1_18' title='bbox 1330 557 1501 611; x_wconf 81' lang='lat' dir='ltr'><strong>pauca</strong></span> <span class='ocrx_word' id='word_1_19' title='bbox 1526 540 1768 594; x_wconf 68' lang='lat' dir='ltr'><strong>misisut.</strong></span> 
     </span>
    </p>
   </div>
   <div class='ocr_carea' id='block_1_6' title="bbox 508 652 1774 723">
    <p class='ocr_par' dir='ltr' id='par_1_6' title="bbox 508 652 1774 723">
     <span class='ocr_line' id='line_1_6' title="bbox 508 652 1774 723; baseline -0.003 -14"><span class='ocrx_word' id='word_1_20' title='bbox 508 658 697 710; x_wconf 80' lang='lat' dir='ltr'><strong>Ostrea</strong></span> <span class='ocrx_word' id='word_1_21' title='bbox 739 656 952 710; x_wconf 78' lang='lat' dir='ltr'><strong>Baianis</strong></span> <span class='ocrx_word' id='word_1_22' title='bbox 974 654 1261 719; x_wconf 75' lang='lat' dir='ltr'><strong>certantia,</strong></span> <span class='ocrx_word' id='word_1_23' title='bbox 1292 670 1411 721; x_wconf 81' lang='lat' dir='ltr'><strong>qua:</strong></span> <span class='ocrx_word' id='word_1_24' title='bbox 1438 652 1774 723; x_wconf 84' lang='lat' dir='ltr'><strong>Medulorum</strong></span> 
     </span>
    </p>
   </div>
   <div class='ocr_carea' id='block_1_7' title="bbox 507 743 1913 819">
    <p class='ocr_par' dir='ltr' id='par_1_7' title="bbox 507 743 1913 819">
     <span class='ocr_line' id='line_1_7' title="bbox 507 743 1913 819; baseline -0.004 -18"><span class='ocrx_word' id='word_1_25' title='bbox 507 748 762 801; x_wconf 85' lang='lat' dir='ltr'><strong>Dulcibus</strong></span> <span class='ocrx_word' id='word_1_26' title='bbox 796 747 847 801; x_wconf 91' lang='lat' dir='ltr'><strong>in</strong></span> <span class='ocrx_word' id='word_1_27' title='bbox 872 746 1076 814; x_wconf 75' lang='lat' dir='ltr'><strong>stagnis</strong></span> <span class='ocrx_word' id='word_1_28' title='bbox 1103 744 1253 819; x_wconf 80' lang='lat' dir='ltr'><strong>retlui</strong></span> <span class='ocrx_word' id='word_1_29' title='bbox 1287 746 1454 798; x_wconf 89' lang='lat' dir='ltr'><strong>maris</strong></span> <span class='ocrx_word' id='word_1_30' title='bbox 1485 754 1655 798; x_wconf 78' lang='lat' dir='ltr'><strong>:estus</strong></span> <span class='ocrx_word' id='word_1_31' title='bbox 1686 743 1913 812; x_wconf 88' lang='lat' dir='ltr'><strong>opimat,</strong></span> 
     </span>
    </p>
   </div>
   <div class='ocr_carea' id='block_1_8' title="bbox 497 835 1823 907">
    <p class='ocr_par' dir='ltr' id='par_1_8' title="bbox 497 835 1823 907">
     <span class='ocr_line' id='line_1_8' title="bbox 497 835 1823 907; baseline -0.002 -15"><span class='ocrx_word' id='word_1_32' title='bbox 497 839 723 907; x_wconf 81' lang='lat' dir='ltr'><strong>Accepi,</strong></span> <span class='ocrx_word' id='word_1_33' title='bbox 755 838 959 893; x_wconf 89' lang='lat' dir='ltr'><strong>dilecte</strong></span> <span class='ocrx_word' id='word_1_34' title='bbox 986 837 1195 902; x_wconf 91' lang='lat' dir='ltr'><strong>Theon,</strong></span> <span class='ocrx_word' id='word_1_35' title='bbox 1235 835 1575 890; x_wconf 90' lang='lat' dir='ltr'><strong>numerabile</strong></span> <span class='ocrx_word' id='word_1_36' title='bbox 1606 850 1823 889; x_wconf 86' lang='lat' dir='ltr'><strong>munus.</strong></span> 
     </span>
    </p>
   </div>
   <div class='ocr_carea' id='block_1_9' title="bbox 504 926 2108 999">
    <p class='ocr_par' dir='ltr' id='par_1_9' title="bbox 504 926 2108 999">
     <span class='ocr_line' id='line_1_9' title="bbox 504 926 2108 999; baseline 0.002 -17"><span class='ocrx_word' id='word_1_37' title='bbox 504 927 706 982; x_wconf 85' lang='lat' dir='ltr'><strong>Verum</strong></span> <span class='ocrx_word' id='word_1_38' title='bbox 751 938 877 999; x_wconf 86' lang='lat' dir='ltr'><strong>quot</strong></span> <span class='ocrx_word' id='word_1_39' title='bbox 934 929 1157 993; x_wconf 78' lang='lat' dir='ltr'><strong>fuerint,</strong></span> <span class='ocrx_word' id='word_1_40' title='bbox 1194 927 1439 996; x_wconf 86' lang='lat' dir='ltr'><strong>subjecta</strong></span> <span class='ocrx_word' id='word_1_41' title='bbox 1480 927 1826 981; x_wconf 90' lang='lat' dir='ltr'><strong>monosticha</strong></span> <span class='ocrx_word' id='word_1_42' title='bbox 1856 926 2108 997; x_wconf 85' lang='lat' dir='ltr'><strong>signant..</strong></span> 
     </span>
    </p>
   </div>
   <div class='ocr_carea' id='block_1_10' title="bbox 503 1018 1939 1096">
    <p class='ocr_par' dir='ltr' id='par_1_10' title="bbox 503 1018 1939 1096">
     <span class='ocr_line' id='line_1_10' title="bbox 503 1018 1939 1096; baseline -0.001 -24"><span class='ocrx_word' id='word_1_43' title='bbox 503 1018 651 1084; x_wconf 89' lang='lat' dir='ltr'><strong>Quot</strong></span> <span class='ocrx_word' id='word_1_44' title='bbox 677 1028 760 1074; x_wconf 85' lang='lat' dir='ltr'><strong>ter</strong></span> <span class='ocrx_word' id='word_1_45' title='bbox 798 1020 1034 1096; x_wconf 83' lang='lat' dir='ltr'><strong>luctatus</strong></span> <span class='ocrx_word' id='word_1_46' title='bbox 1063 1036 1186 1075; x_wconf 90' lang='lat' dir='ltr'><strong>eum</strong></span> <span class='ocrx_word' id='word_1_47' title='bbox 1217 1021 1416 1089; x_wconf 85' lang='lat' dir='ltr'><strong>pollice</strong></span> <span class='ocrx_word' id='word_1_48' title='bbox 1445 1028 1722 1086; x_wconf 88' lang='lat' dir='ltr'><strong>computat</strong></span> <span class='ocrx_word' id='word_1_49' title='bbox 1755 1018 1939 1074; x_wconf 82' lang='lat' dir='ltr'><strong>index.</strong></span> 
     </span>
    </p>
   </div>
   <div class='ocr_carea' id='block_1_11' title="bbox 501 1110 1927 1179">
    <p class='ocr_par' dir='ltr' id='par_1_11' title="bbox 501 1110 1927 1179">
     <span class='ocr_line' id='line_1_11' title="bbox 501 1110 1927 1179; baseline -0.003 -12"><span class='ocrx_word' id='word_1_50' title='bbox 501 1110 786 1179; x_wconf 84' lang='lat' dir='ltr'><strong>Geryones</strong></span> <span class='ocrx_word' id='word_1_51' title='bbox 812 1121 945 1179; x_wconf 89' lang='lat' dir='ltr'><strong>quot</strong></span> <span class='ocrx_word' id='word_1_52' title='bbox 975 1122 1156 1177; x_wconf 87' lang='lat' dir='ltr'><strong>erant,</strong></span> <span class='ocrx_word' id='word_1_53' title='bbox 1184 1112 1369 1167; x_wconf 77' lang='lat' dir='ltr'><strong>decies</strong></span> <span class='ocrx_word' id='word_1_54' title='bbox 1399 1112 1444 1166; x_wconf 90' lang='lat' dir='ltr'><strong>si</strong></span> <span class='ocrx_word' id='word_1_55' title='bbox 1475 1111 1927 1179; x_wconf 89' lang='lat' dir='ltr'><strong>multipliceutur.</strong></span> 
     </span>
    </p>
   </div>
   <div class='ocr_carea' id='block_1_12' title="bbox 501 1200 2025 1273">
    <p class='ocr_par' dir='ltr' id='par_1_12' title="bbox 501 1200 2025 1273">
     <span class='ocr_line' id='line_1_12' title="bbox 501 1200 2025 1273; baseline -0.001 -18"><span class='ocrx_word' id='word_1_56' title='bbox 501 1201 612 1256; x_wconf 85' lang='lat' dir='ltr'><strong>Ter</strong></span> <span class='ocrx_word' id='word_1_57' title='bbox 640 1212 774 1271; x_wconf 91' lang='lat' dir='ltr'><strong>quot</strong></span> <span class='ocrx_word' id='word_1_58' title='bbox 799 1212 956 1256; x_wconf 90' lang='lat' dir='ltr'><strong>erant</strong></span> <span class='ocrx_word' id='word_1_59' title='bbox 984 1202 1203 1273; x_wconf 74' lang='lat' dir='ltr'><strong>Phrygii</strong></span> <span class='ocrx_word' id='word_1_60' title='bbox 1227 1210 1515 1256; x_wconf 89' lang='lat' dir='ltr'><strong>numerata</strong></span> <span class='ocrx_word' id='word_1_61' title='bbox 1535 1202 1797 1255; x_wconf 89' lang='lat' dir='ltr'><strong>decennia</strong></span> <span class='ocrx_word' id='word_1_62' title='bbox 1829 1201 1981 1255; x_wconf 85' lang='lat' dir='ltr'><strong>belli.</strong></span> <span class='ocrx_word' id='word_1_63' title='bbox 2018 1200 2025 1206; x_wconf 83' lang='grc'><em>’</em></span> 
     </span>
    </p>
   </div>
   <div class='ocr_carea' id='block_1_13' title="bbox 502 1291 1936 1364">
    <p class='ocr_par' dir='ltr' id='par_1_13' title="bbox 502 1291 1936 1364">
     <span class='ocr_line' id='line_1_13' title="bbox 502 1291 1936 1364; baseline 0.002 -18"><span class='ocrx_word' id='word_1_64' title='bbox 502 1291 610 1347; x_wconf 88' lang='lat' dir='ltr'><strong>Aut</strong></span> <span class='ocrx_word' id='word_1_65' title='bbox 640 1302 723 1348; x_wconf 90' lang='lat' dir='ltr'><strong>ter</strong></span> <span class='ocrx_word' id='word_1_66' title='bbox 750 1302 811 1347; x_wconf 90' lang='lat' dir='ltr'><strong>ut</strong></span> <span class='ocrx_word' id='word_1_67' title='bbox 846 1294 1051 1349; x_wconf 63' lang='grc' dir='ltr'><strong>Αἰοιίᾶὶ</strong></span> <span class='ocrx_word' id='word_1_68' title='bbox 1079 1294 1282 1348; x_wconf 84' lang='lat' dir='ltr'><strong>mensis</strong></span> <span class='ocrx_word' id='word_1_69' title='bbox 1319 1304 1465 1349; x_wconf 90' lang='lat' dir='ltr'><strong>tenet</strong></span> <span class='ocrx_word' id='word_1_70' title='bbox 1494 1293 1796 1364; x_wconf 87' lang='lat' dir='ltr'><strong>ignicomus</strong></span> <span class='ocrx_word' id='word_1_71' title='bbox 1819 1294 1936 1349; x_wconf 89' lang='lat' dir='ltr'><strong>Sol.</strong></span> 
     </span>
    </p>
   </div>
   <div class='ocr_carea' id='block_1_14' title="bbox 502 1383 2089 1457">
    <p class='ocr_par' dir='ltr' id='par_1_14' title="bbox 502 1383 2089 1457">
     <span class='ocr_line' id='line_1_14' title="bbox 502 1383 2089 1457; baseline 0.001 -20"><span class='ocrx_word' id='word_1_72' title='bbox 502 1383 775 1437; x_wconf 84' lang='lat' dir='ltr'><strong>Cornibus</strong></span> <span class='ocrx_word' id='word_1_73' title='bbox 806 1400 833 1435; x_wconf 88' lang='lat' dir='ltr'><strong>a</strong></span> <span class='ocrx_word' id='word_1_74' title='bbox 884 1385 1071 1450; x_wconf 85' lang='lat' dir='ltr'><strong>primis</strong></span> <span class='ocrx_word' id='word_1_75' title='bbox 1100 1395 1231 1455; x_wconf 90' lang='lat' dir='ltr'><strong>quot</strong></span> <span class='ocrx_word' id='word_1_76' title='bbox 1266 1384 1430 1439; x_wconf 88' lang='lat' dir='ltr'><strong>habet</strong></span> <span class='ocrx_word' id='word_1_77' title='bbox 1455 1400 1586 1455; x_wconf 88' lang='lat' dir='ltr'><strong>vaga</strong></span> <span class='ocrx_word' id='word_1_78' title='bbox 1616 1385 1848 1457; x_wconf 85' lang='lat' dir='ltr'><strong>Cynthia</strong></span> <span class='ocrx_word' id='word_1_79' title='bbox 1881 1396 2089 1441; x_wconf 85' lang='lat' dir='ltr'><strong>noctes.</strong></span> 
     </span>
    </p>
   </div>
   <div class='ocr_carea' id='block_1_15' title="bbox 501 1475 1808 1547">
    <p class='ocr_par' dir='ltr' id='par_1_15' title="bbox 501 1475 1808 1547">
     <span class='ocr_line' id='line_1_15' title="bbox 501 1475 1808 1547; baseline 0.001 -17"><span class='ocrx_word' id='word_1_80' title='bbox 501 1475 732 1544; x_wconf 80' lang='lat' dir='ltr'><strong>Singula</strong></span> <span class='ocrx_word' id='word_1_81' title='bbox 764 1477 1039 1543; x_wconf 87' lang='lat' dir='ltr'><strong>percurrit</strong></span> <span class='ocrx_word' id='word_1_82' title='bbox 1064 1476 1223 1532; x_wconf 88' lang='lat' dir='ltr'><strong>Titan</strong></span> <span class='ocrx_word' id='word_1_83' title='bbox 1255 1488 1381 1547; x_wconf 89' lang='lat' dir='ltr'><strong>quot</strong></span> <span class='ocrx_word' id='word_1_84' title='bbox 1406 1478 1557 1546; x_wconf 86' lang='lat' dir='ltr'><strong>signa</strong></span> <span class='ocrx_word' id='word_1_85' title='bbox 1592 1478 1808 1533; x_wconf 89' lang='lat' dir='ltr'><strong>diebus.</strong></span> 
     </span>
    </p>
   </div>
   <div class='ocr_carea' id='block_1_16' title="bbox 500 1564 1982 1641">
    <p class='ocr_par' dir='ltr' id='par_1_16' title="bbox 500 1564 1982 1641">
     <span class='ocr_line' id='line_1_16' title="bbox 500 1564 1982 1641; baseline 0.006 -25"><span class='ocrx_word' id='word_1_86' title='bbox 500 1567 752 1635; x_wconf 82' lang='lat' dir='ltr'><strong>Quotque</strong></span> <span class='ocrx_word' id='word_1_87' title='bbox 780 1569 939 1624; x_wconf 85' lang='lat' dir='ltr'><strong>anuis</strong></span> <span class='ocrx_word' id='word_1_88' title='bbox 969 1564 1219 1625; x_wconf 80' lang='lat' dir='ltr'><strong>sublimis</strong></span> <span class='ocrx_word' id='word_1_89' title='bbox 1241 1571 1351 1641; x_wconf 88' lang='lat' dir='ltr'><strong>agit</strong></span> <span class='ocrx_word' id='word_1_90' title='bbox 1374 1586 1473 1625; x_wconf 81' lang='lat' dir='ltr'><strong>sua</strong></span> <span class='ocrx_word' id='word_1_91' title='bbox 1500 1572 1685 1626; x_wconf 85' lang='lat' dir='ltr'><strong>secula</strong></span> <span class='ocrx_word' id='word_1_92' title='bbox 1719 1571 1982 1626; x_wconf 64' lang='lat' dir='ltr'><strong>I‘bnnon.</strong></span> 
     </span>
    </p>
   </div>
   <div class='ocr_carea' id='block_1_17' title="bbox 496 1661 2082 1738">
    <p class='ocr_par' dir='ltr' id='par_1_17' title="bbox 496 1661 2082 1738">
     <span class='ocr_line' id='line_1_17' title="bbox 496 1661 2082 1738; baseline 0.003 -27"><span class='ocrx_word' id='word_1_93' title='bbox 496 1661 643 1726; x_wconf 85' lang='lat' dir='ltr'><strong>Quot</strong></span> <span class='ocrx_word' id='word_1_94' title='bbox 686 1675 971 1716; x_wconf 85' lang='lat' dir='ltr'><strong>numerum</strong></span> <span class='ocrx_word' id='word_1_95' title='bbox 1019 1677 1288 1717; x_wconf 85' lang='lat' dir='ltr'><strong>annorum</strong></span> <span class='ocrx_word' id='word_1_96' title='bbox 1323 1661 1559 1717; x_wconf 81' lang='lat' dir='ltr'><strong>Vestalis</strong></span> <span class='ocrx_word' id='word_1_97' title='bbox 1604 1664 1758 1733; x_wconf 84' lang='lat' dir='ltr'><strong>virgo</strong></span> <span class='ocrx_word' id='word_1_98' title='bbox 1786 1662 2082 1738; x_wconf 78' lang='lat' dir='ltr'><strong>ministrat,</strong></span> 
     </span>
    </p>
   </div>
   <div class='ocr_carea' id='block_1_18' title="bbox 507 1750 1957 1825">
    <p class='ocr_par' dir='ltr' id='par_1_18' title="bbox 507 1750 1957 1825">
     <span class='ocr_line' id='line_1_18' title="bbox 507 1750 1957 1825; baseline 0 -21"><span class='ocrx_word' id='word_1_99' title='bbox 507 1750 924 1821; x_wconf 88' lang='lat' dir='ltr'><strong>Dardaniusque</strong></span> <span class='ocrx_word' id='word_1_100' title='bbox 949 1768 1116 1823; x_wconf 83' lang='lat' dir='ltr'><strong>nepos</strong></span> <span class='ocrx_word' id='word_1_101' title='bbox 1146 1769 1312 1825; x_wconf 84' lang='lat' dir='ltr'><strong>regno</strong></span> <span class='ocrx_word' id='word_1_102' title='bbox 1343 1762 1478 1823; x_wconf 89' lang='lat' dir='ltr'><strong>quot</strong></span> <span class='ocrx_word' id='word_1_103' title='bbox 1508 1753 1737 1823; x_wconf 87' lang='lat' dir='ltr'><strong>protulit</strong></span> <span class='ocrx_word' id='word_1_104' title='bbox 1765 1767 1957 1808; x_wconf 87' lang='lat' dir='ltr'><strong>annos.</strong></span> 
     </span>
    </p>
   </div>
   <div class='ocr_carea' id='block_1_19' title="bbox 503 1843 1876 1914">
    <p class='ocr_par' dir='ltr' id='par_1_19' title="bbox 503 1843 1876 1914">
     <span class='ocr_line' id='line_1_19' title="bbox 503 1843 1876 1914; baseline 0.001 -19"><span class='ocrx_word' id='word_1_105' title='bbox 503 1843 790 1898; x_wconf 65' lang='lat' dir='ltr'><strong>Priamidas</strong></span> <span class='ocrx_word' id='word_1_106' title='bbox 815 1848 948 1914; x_wconf 88' lang='lat' dir='ltr'><strong>quot</strong></span> <span class='ocrx_word' id='word_1_107' title='bbox 969 1854 1147 1911; x_wconf 87' lang='lat' dir='ltr'><strong>erant,</strong></span> <span class='ocrx_word' id='word_1_108' title='bbox 1172 1847 1216 1899; x_wconf 93' lang='lat' dir='ltr'><strong>si</strong></span> <span class='ocrx_word' id='word_1_109' title='bbox 1249 1846 1330 1900; x_wconf 84' lang='lat' dir='ltr'><strong>bis</strong></span> <span class='ocrx_word' id='word_1_110' title='bbox 1355 1845 1478 1899; x_wconf 91' lang='lat' dir='ltr'><strong>deni</strong></span> <span class='ocrx_word' id='word_1_111' title='bbox 1507 1844 1876 1901; x_wconf 76' lang='lat' dir='ltr'><strong>retrahuntur.</strong></span> 
     </span>
    </p>
   </div>
   <div class='ocr_carea' id='block_1_20' title="bbox 506 1932 2104 2011">
    <p class='ocr_par' dir='ltr' id='par_1_20' title="bbox 506 1932 2104 2011">
     <span class='ocr_line' id='line_1_20' title="bbox 506 1932 2104 2011; baseline 0.001 -24"><span class='ocrx_word' id='word_1_112' title='bbox 506 1932 707 2003; x_wconf 83' lang='lat' dir='ltr'><strong>Bisque</strong></span> <span class='ocrx_word' id='word_1_113' title='bbox 744 1935 889 1989; x_wconf 85' lang='lat' dir='ltr'><strong>viros</strong></span> <span class='ocrx_word' id='word_1_114' title='bbox 921 1949 1196 2000; x_wconf 90' lang='lat' dir='ltr'><strong>numeres,</strong></span> <span class='ocrx_word' id='word_1_115' title='bbox 1226 1934 1317 2006; x_wconf 90' lang='lat' dir='ltr'><strong>qui</strong></span> <span class='ocrx_word' id='word_1_116' title='bbox 1348 1934 1456 1988; x_wconf 84' lang='lat' dir='ltr'><strong>fata</strong></span> <span class='ocrx_word' id='word_1_117' title='bbox 1486 1935 1814 2004; x_wconf 77' lang='lat' dir='ltr'><strong>Amphrysia</strong></span> <span class='ocrx_word' id='word_1_118' title='bbox 1841 1942 2104 2011; x_wconf 30' lang='lat' dir='ltr'><strong>servant:</strong></span> 
     </span>
    </p>
   </div>
   <div class='ocr_carea' id='block_1_21' title="bbox 501 2024 1739 2094">
    <p class='ocr_par' dir='ltr' id='par_1_21' title="bbox 501 2024 1739 2094">
     <span class='ocr_line' id='line_1_21' title="bbox 501 2024 1739 2094; baseline 0.002 -17"><span class='ocrx_word' id='word_1_119' title='bbox 501 2024 637 2092; x_wconf 86' lang='lat' dir='ltr'><strong>Quot</strong></span> <span class='ocrx_word' id='word_1_120' title='bbox 662 2027 846 2094; x_wconf 80' lang='lat' dir='ltr'><strong>genuit</strong></span> <span class='ocrx_word' id='word_1_121' title='bbox 873 2027 1011 2081; x_wconf 90' lang='lat' dir='ltr'><strong>fetus</strong></span> <span class='ocrx_word' id='word_1_122' title='bbox 1035 2028 1239 2082; x_wconf 88' lang='lat' dir='ltr'><strong>Albana</strong></span> <span class='ocrx_word' id='word_1_123' title='bbox 1264 2028 1366 2082; x_wconf 91' lang='lat' dir='ltr'><strong>sub</strong></span> <span class='ocrx_word' id='word_1_124' title='bbox 1389 2027 1603 2082; x_wconf 82' lang='lat' dir='ltr'><strong>ilicibus</strong></span> <span class='ocrx_word' id='word_1_125' title='bbox 1628 2042 1739 2083; x_wconf 81' lang='lat' dir='ltr'><strong>sus.</strong></span> 
     </span>
    </p>
   </div>
   <div class='ocr_carea' id='block_1_22' title="bbox 504 2113 1799 2187">
    <p class='ocr_par' dir='ltr' id='par_1_22' title="bbox 504 2113 1799 2187">
     <span class='ocr_line' id='line_1_22' title="bbox 504 2113 1799 2187; baseline 0.004 -21"><span class='ocrx_word' id='word_1_126' title='bbox 504 2113 570 2166; x_wconf 84' lang='lat' dir='ltr'><strong>Et</strong></span> <span class='ocrx_word' id='word_1_127' title='bbox 591 2122 726 2185; x_wconf 89' lang='lat' dir='ltr'><strong>quot</strong></span> <span class='ocrx_word' id='word_1_128' title='bbox 754 2125 882 2171; x_wconf 91' lang='lat' dir='ltr'><strong>sunt</strong></span> <span class='ocrx_word' id='word_1_129' title='bbox 906 2132 1078 2183; x_wconf 83' lang='lat' dir='ltr'><strong>asses,</strong></span> <span class='ocrx_word' id='word_1_130' title='bbox 1108 2118 1195 2172; x_wconf 91' lang='lat' dir='ltr'><strong>ubi</strong></span> <span class='ocrx_word' id='word_1_131' title='bbox 1229 2119 1519 2187; x_wconf 78' lang='lat' dir='ltr'><strong>nonaginta</strong></span> <span class='ocrx_word' id='word_1_132' title='bbox 1554 2119 1799 2174; x_wconf 85' lang='lat' dir='ltr'><strong>trientes.</strong></span> 
     </span>
    </p>
   </div>
   <div class='ocr_carea' id='block_1_23' title="bbox 506 2206 1944 2280">
    <p class='ocr_par' dir='ltr' id='par_1_23' title="bbox 506 2206 1944 2280">
     <span class='ocr_line' id='line_1_23' title="bbox 506 2206 1944 2280; baseline 0.002 -18"><span class='ocrx_word' id='word_1_133' title='bbox 506 2206 604 2263; x_wconf 88' lang='lat' dir='ltr'><strong>Vel</strong></span> <span class='ocrx_word' id='word_1_134' title='bbox 633 2219 767 2280; x_wconf 91' lang='lat' dir='ltr'><strong>quot</strong></span> <span class='ocrx_word' id='word_1_135' title='bbox 790 2211 948 2265; x_wconf 90' lang='lat' dir='ltr'><strong>habet</strong></span> <span class='ocrx_word' id='word_1_136' title='bbox 979 2220 1173 2266; x_wconf 78' lang='lat' dir='ltr'><strong>unctos</strong></span> <span class='ocrx_word' id='word_1_137' title='bbox 1199 2211 1452 2266; x_wconf 85' lang='lat' dir='ltr'><strong>Vasatica</strong></span> <span class='ocrx_word' id='word_1_138' title='bbox 1485 2211 1654 2266; x_wconf 90' lang='lat' dir='ltr'><strong>rheda</strong></span> <span class='ocrx_word' id='word_1_139' title='bbox 1686 2211 1944 2267; x_wconf 81' lang='lat' dir='ltr'><strong>caballos.</strong></span> 
     </span>
    </p>
   </div>
   <div class='ocr_carea' id='block_1_24' title="bbox 648 2300 1733 2372">
    <p class='ocr_par' dir='ltr' id='par_1_24' title="bbox 648 2300 1733 2372">
     <span class='ocr_line' id='line_1_24' title="bbox 648 2300 1733 2372; baseline 0.005 -21"><span class='ocrx_word' id='word_1_140' title='bbox 648 2300 803 2365; x_wconf 84' lang='lat' dir='ltr'><strong>Quod</strong></span> <span class='ocrx_word' id='word_1_141' title='bbox 831 2302 875 2353; x_wconf 89' lang='lat' dir='ltr'><strong>si</strong></span> <span class='ocrx_word' id='word_1_142' title='bbox 910 2302 1107 2372; x_wconf 81' lang='lat' dir='ltr'><strong>figuras</strong></span> <span class='ocrx_word' id='word_1_143' title='bbox 1139 2302 1335 2356; x_wconf 87' lang='lat' dir='ltr'><strong>fabulis</strong></span> <span class='ocrx_word' id='word_1_144' title='bbox 1362 2303 1733 2368; x_wconf 83' lang='lat' dir='ltr'><strong>adumbratas,</strong></span> 
     </span>
    </p>
   </div>
   <div class='ocr_carea' id='block_1_25' title="bbox 649 2389 1934 2464">
    <p class='ocr_par' dir='ltr' id='par_1_25' title="bbox 649 2389 1934 2464">
     <span class='ocr_line' id='line_1_25' title="bbox 649 2389 1934 2464; baseline 0.001 -20"><span class='ocrx_word' id='word_1_145' title='bbox 649 2389 1050 2460; x_wconf 89' lang='lat' dir='ltr'><strong>Numerumque</strong></span> <span class='ocrx_word' id='word_1_146' title='bbox 1077 2392 1250 2447; x_wconf 85' lang='lat' dir='ltr'><strong>doctis</strong></span> <span class='ocrx_word' id='word_1_147' title='bbox 1282 2392 1581 2448; x_wconf 89' lang='lat' dir='ltr'><strong>involutum</strong></span> <span class='ocrx_word' id='word_1_148' title='bbox 1614 2393 1934 2464; x_wconf 78' lang='lat' dir='ltr'><strong>ambagibus</strong></span> 
     </span>
    </p>
   </div>
   <div class='ocr_carea' id='block_1_26' title="bbox 650 2483 1660 2552">
    <p class='ocr_par' dir='ltr' id='par_1_26' title="bbox 650 2483 1660 2552">
     <span class='ocr_line' id='line_1_26' title="bbox 650 2483 1660 2552; baseline 0.003 -17"><span class='ocrx_word' id='word_1_149' title='bbox 650 2483 866 2552; x_wconf 85' lang='lat' dir='ltr'><strong>Ignorat</strong></span> <span class='ocrx_word' id='word_1_150' title='bbox 889 2485 998 2537; x_wconf 88' lang='lat' dir='ltr'><strong>alto</strong></span> <span class='ocrx_word' id='word_1_151' title='bbox 1032 2500 1184 2540; x_wconf 79' lang='lat' dir='ltr'><strong>tuens</strong></span> <span class='ocrx_word' id='word_1_152' title='bbox 1215 2486 1377 2539; x_wconf 87' lang='lat' dir='ltr'><strong>obesa</strong></span> <span class='ocrx_word' id='word_1_153' title='bbox 1402 2487 1612 2542; x_wconf 83' lang='lat' dir='ltr'><strong>viscere</strong></span> <span class='ocrx_word' id='word_1_154' title='bbox 1649 2504 1660 2538; x_wconf 90' lang='lat'>:</span> 
     </span>
    </p>
   </div>
   <div class='ocr_carea' id='block_1_27' title="bbox 645 2577 1849 2649">
    <p class='ocr_par' dir='ltr' id='par_1_27' title="bbox 645 2577 1849 2649">
     <span class='ocr_line' id='line_1_27' title="bbox 645 2577 1849 2649; baseline 0.001 -18"><span class='ocrx_word' id='word_1_155' title='bbox 645 2577 943 2632; x_wconf 82' lang='lat' dir='ltr'><strong>Numerare</strong></span> <span class='ocrx_word' id='word_1_156' title='bbox 966 2579 1147 2632; x_wconf 87' lang='lat' dir='ltr'><strong>saltim</strong></span> <span class='ocrx_word' id='word_1_157' title='bbox 1173 2594 1324 2634; x_wconf 90' lang='lat' dir='ltr'><strong>more</strong></span> <span class='ocrx_word' id='word_1_158' title='bbox 1347 2579 1492 2649; x_wconf 74' lang='lat' dir='ltr'><strong>vulgi</strong></span> <span class='ocrx_word' id='word_1_159' title='bbox 1517 2589 1573 2633; x_wconf 92' lang='lat' dir='ltr'><strong>ut</strong></span> <span class='ocrx_word' id='word_1_160' title='bbox 1608 2581 1849 2636; x_wconf 82' lang='lat' dir='ltr'><strong>noveris.</strong></span> 
     </span>
    </p>
   </div>
   <div class='ocr_carea' id='block_1_28' title="bbox 646 2668 1728 2737">
    <p class='ocr_par' dir='ltr' id='par_1_28' title="bbox 646 2668 1728 2737">
     <span class='ocr_line' id='line_1_28' title="bbox 646 2668 1728 2737; baseline 0.005 -15"><span class='ocrx_word' id='word_1_161' title='bbox 646 2668 704 2722; x_wconf 92' lang='lat' dir='ltr'><strong>In</strong></span> <span class='ocrx_word' id='word_1_162' title='bbox 736 2685 797 2725; x_wconf 90' lang='lat' dir='ltr'><strong>se</strong></span> <span class='ocrx_word' id='word_1_163' title='bbox 826 2678 1064 2725; x_wconf 86' lang='lat' dir='ltr'><strong>retorlas</strong></span> <span class='ocrx_word' id='word_1_164' title='bbox 1086 2671 1375 2737; x_wconf 81' lang='lat' dir='ltr'><strong>explicabo</strong></span> <span class='ocrx_word' id='word_1_165' title='bbox 1407 2673 1728 2727; x_wconf 86' lang='lat' dir='ltr'><strong>summulas.</strong></span> 
     </span>
    </p>
   </div>
   <div class='ocr_carea' id='block_1_29' title="bbox 570 2760 1722 2835">
    <p class='ocr_par' dir='ltr' id='par_1_29' title="bbox 570 2760 1722 2835">
     <span class='ocr_line' id='line_1_29' title="bbox 570 2760 1722 2835; baseline 0.003 -19"><span class='ocrx_word' id='word_1_166' title='bbox 570 2760 680 2816; x_wconf 87' lang='lat' dir='ltr'><strong>Ter</strong></span> <span class='ocrx_word' id='word_1_167' title='bbox 708 2761 899 2827; x_wconf 83' lang='lat' dir='ltr'><strong>denas,</strong></span> <span class='ocrx_word' id='word_1_168' title='bbox 934 2772 1087 2831; x_wconf 89' lang='lat' dir='ltr'><strong>puto,</strong></span> <span class='ocrx_word' id='word_1_169' title='bbox 1120 2763 1519 2835; x_wconf 82' lang='lat' dir='ltr'><strong>quinquiesque</strong></span> <span class='ocrx_word' id='word_1_170' title='bbox 1542 2779 1722 2819; x_wconf 85' lang='lat' dir='ltr'><strong>senas.</strong></span> 
     </span>
    </p>
   </div>
   <div class='ocr_carea' id='block_1_30' title="bbox 571 2850 1878 2927">
    <p class='ocr_par' dir='ltr' id='par_1_30' title="bbox 571 2850 1878 2927">
     <span class='ocr_line' id='line_1_30' title="bbox 571 2850 1878 2927; baseline 0.007 -26"><span class='ocrx_word' id='word_1_171' title='bbox 571 2850 670 2907; x_wconf 91' lang='lat' dir='ltr'><strong>Vel</strong></span> <span class='ocrx_word' id='word_1_172' title='bbox 690 2852 775 2906; x_wconf 86' lang='lat' dir='ltr'><strong>bis</strong></span> <span class='ocrx_word' id='word_1_173' title='bbox 801 2854 1065 2923; x_wconf 90' lang='lat' dir='ltr'><strong>quinque,</strong></span> <span class='ocrx_word' id='word_1_174' title='bbox 1097 2854 1315 2921; x_wconf 80' lang='lat' dir='ltr'><strong>dehinc,</strong></span> <span class='ocrx_word' id='word_1_175' title='bbox 1348 2855 1536 2910; x_wconf 82' lang='lat' dir='ltr'><strong>decem</strong></span> <span class='ocrx_word' id='word_1_176' title='bbox 1559 2857 1878 2927; x_wconf 84' lang='lat' dir='ltr'><strong>decemque.</strong></span> 
     </span>
    </p>
   </div>
   <div class='ocr_carea' id='block_1_31' title="bbox 574 2942 1683 3015">
    <p class='ocr_par' dir='ltr' id='par_1_31' title="bbox 574 2942 1683 3015">
     <span class='ocr_line' id='line_1_31' title="bbox 574 2942 1683 3015; baseline 0.006 -21"><span class='ocrx_word' id='word_1_177' title='bbox 574 2942 668 2997; x_wconf 91' lang='lat' dir='ltr'><strong>Vel</strong></span> <span class='ocrx_word' id='word_1_178' title='bbox 695 2958 856 2998; x_wconf 87' lang='lat' dir='ltr'><strong>senas</strong></span> <span class='ocrx_word' id='word_1_179' title='bbox 878 2955 1094 3015; x_wconf 85' lang='lat' dir='ltr'><strong>quater,</strong></span> <span class='ocrx_word' id='word_1_180' title='bbox 1125 2955 1179 3001; x_wconf 88' lang='lat' dir='ltr'><strong>et.</strong></span> <span class='ocrx_word' id='word_1_181' title='bbox 1210 2947 1289 2999; x_wconf 89' lang='lat' dir='ltr'><strong>bis</strong></span> <span class='ocrx_word' id='word_1_182' title='bbox 1316 2946 1455 3001; x_wconf 84' lang='lat' dir='ltr'><strong>adde</strong></span> <span class='ocrx_word' id='word_1_183' title='bbox 1483 2956 1683 3001; x_wconf 83' lang='lat' dir='ltr'><strong>ternas.</strong></span> 
     </span>
    </p>
   </div>
   <div class='ocr_carea' id='block_1_32' title="bbox 571 3031 1728 3105">
    <p class='ocr_par' dir='ltr' id='par_1_32' title="bbox 571 3031 1728 3105">
     <span class='ocr_line' id='line_1_32' title="bbox 571 3031 1728 3105; baseline 0.003 -18"><span class='ocrx_word' id='word_1_184' title='bbox 571 3031 838 3102; x_wconf 78' lang='lat' dir='ltr'><strong>Septenos</strong></span> <span class='ocrx_word' id='word_1_185' title='bbox 861 3043 1073 3105; x_wconf 87' lang='lat' dir='ltr'><strong>quater,</strong></span> <span class='ocrx_word' id='word_1_186' title='bbox 1106 3034 1244 3099; x_wconf 85' lang='lat' dir='ltr'><strong>adde</strong></span> <span class='ocrx_word' id='word_1_187' title='bbox 1268 3050 1424 3089; x_wconf 88' lang='lat' dir='ltr'><strong>unam</strong></span> <span class='ocrx_word' id='word_1_188' title='bbox 1455 3044 1509 3092; x_wconf 83' lang='lat' dir='ltr'><strong>et</strong></span> <span class='ocrx_word' id='word_1_189' title='bbox 1544 3052 1728 3091; x_wconf 86' lang='lat' dir='ltr'><strong>unam.</strong></span> 
     </span>
    </p>
   </div>
   <div class='ocr_carea' id='block_1_33' title="bbox 571 3124 1617 3197">
    <p class='ocr_par' dir='ltr' id='par_1_33' title="bbox 571 3124 1617 3197">
     <span class='ocr_line' id='line_1_33' title="bbox 571 3124 1617 3197; baseline 0.006 -21"><span class='ocrx_word' id='word_1_190' title='bbox 571 3124 686 3179; x_wconf 83' lang='lat' dir='ltr'><strong>Duc</strong></span> <span class='ocrx_word' id='word_1_191' title='bbox 712 3125 865 3179; x_wconf 91' lang='lat' dir='ltr'><strong>binas</strong></span> <span class='ocrx_word' id='word_1_192' title='bbox 894 3125 1098 3193; x_wconf 89' lang='lat' dir='ltr'><strong>decies,</strong></span> <span class='ocrx_word' id='word_1_193' title='bbox 1123 3129 1400 3197; x_wconf 80' lang='lat' dir='ltr'><strong>semelque</strong></span> <span class='ocrx_word' id='word_1_194' title='bbox 1429 3129 1617 3182; x_wconf 83' lang='lat' dir='ltr'><strong>denas.</strong></span> 
     </span>
    </p>
   </div>
   <div class='ocr_carea' id='block_1_34' title="bbox 570 3218 1590 3287">
    <p class='ocr_par' dir='ltr' id='par_1_34' title="bbox 570 3218 1590 3287">
     <span class='ocr_line' id='line_1_34' title="bbox 570 3218 1590 3287; baseline 0.005 -18"><span class='ocrx_word' id='word_1_195' title='bbox 570 3218 680 3270; x_wconf 87' lang='lat' dir='ltr'><strong>Aut</strong></span> <span class='ocrx_word' id='word_1_196' title='bbox 701 3224 784 3270; x_wconf 90' lang='lat' dir='ltr'><strong>ter</strong></span> <span class='ocrx_word' id='word_1_197' title='bbox 811 3227 1044 3287; x_wconf 77' lang='lat' dir='ltr'><strong>quatuor</strong></span> <span class='ocrx_word' id='word_1_198' title='bbox 1069 3218 1208 3274; x_wconf 90' lang='lat' dir='ltr'><strong>adde</strong></span> <span class='ocrx_word' id='word_1_199' title='bbox 1237 3220 1322 3274; x_wconf 86' lang='lat' dir='ltr'><strong>bis</strong></span> <span class='ocrx_word' id='word_1_200' title='bbox 1345 3220 1590 3273; x_wconf 82' lang='lat' dir='ltr'><strong>novenis.</strong></span> 
     </span>
    </p>
   </div>
   <div class='ocr_carea' id='block_1_35' title="bbox 567 3306 1644 3379">
    <p class='ocr_par' dir='ltr' id='par_1_35' title="bbox 567 3306 1644 3379">
     <span class='ocr_line' id='line_1_35' title="bbox 567 3306 1644 3379; baseline 0.003 -17"><span class='ocrx_word' id='word_1_201' title='bbox 567 3306 803 3363; x_wconf 88' lang='lat' dir='ltr'><strong>Octonas</strong></span> <span class='ocrx_word' id='word_1_202' title='bbox 825 3319 1036 3379; x_wconf 84' lang='lat' dir='ltr'><strong>quater,</strong></span> <span class='ocrx_word' id='word_1_203' title='bbox 1064 3310 1190 3363; x_wconf 90' lang='lat' dir='ltr'><strong>hinc</strong></span> <span class='ocrx_word' id='word_1_204' title='bbox 1221 3309 1340 3363; x_wconf 79' lang='lat' dir='ltr'><strong>dua:</strong></span> <span class='ocrx_word' id='word_1_205' title='bbox 1369 3310 1644 3365; x_wconf 81' lang='lat' dir='ltr'><strong>recedant.</strong></span> 
     </span>
    </p>
   </div>
   <div class='ocr_carea' id='block_1_36' title="bbox 492 3393 1594 3471">
    <p class='ocr_par' dir='ltr' id='par_1_36' title="bbox 492 3393 1594 3471">
     <span class='ocr_line' id='line_1_36' title="bbox 492 3393 1594 3471; baseline 0.004 -20"><span class='ocrx_word' id='word_1_206' title='bbox 492 3433 497 3439; x_wconf 67' lang='grc' dir='ltr'><strong><em>ο</em></strong></span> <span class='ocrx_word' id='word_1_207' title='bbox 569 3393 733 3453; x_wconf 86' lang='lat' dir='ltr'><strong>Binas</strong></span> <span class='ocrx_word' id='word_1_208' title='bbox 758 3400 1043 3464; x_wconf 84' lang='lat' dir='ltr'><strong>terdecies,</strong></span> <span class='ocrx_word' id='word_1_209' title='bbox 1078 3400 1244 3455; x_wconf 89' lang='lat' dir='ltr'><strong>semel</strong></span> <span class='ocrx_word' id='word_1_210' title='bbox 1276 3411 1594 3471; x_wconf 88' lang='lat' dir='ltr'><strong>quaternas.</strong></span> 
     </span>
    </p>
   </div>
   <div class='ocr_carea' id='block_1_37' title="bbox 567 3493 1683 3563">
    <p class='ocr_par' dir='ltr' id='par_1_37' title="bbox 567 3493 1683 3563">
     <span class='ocr_line' id='line_1_37' title="bbox 567 3493 1683 3563; baseline 0.001 -15"><span class='ocrx_word' id='word_1_211' title='bbox 567 3493 635 3548; x_wconf 83' lang='lat' dir='ltr'><strong>Et</strong></span> <span class='ocrx_word' id='word_1_212' title='bbox 661 3508 757 3547; x_wconf 69' lang='lat' dir='ltr'><strong>sex</strong></span> <span class='ocrx_word' id='word_1_213' title='bbox 790 3493 927 3548; x_wconf 86' lang='lat' dir='ltr'><strong>addc</strong></span> <span class='ocrx_word' id='word_1_214' title='bbox 957 3508 1149 3549; x_wconf 76' lang='lat' dir='ltr'><strong>norem</strong></span> <span class='ocrx_word' id='word_1_215' title='bbox 1180 3495 1265 3549; x_wconf 91' lang='lat' dir='ltr'><strong>vel</strong></span> <span class='ocrx_word' id='word_1_216' title='bbox 1294 3503 1419 3549; x_wconf 91' lang='lat' dir='ltr'><strong>octo</strong></span> <span class='ocrx_word' id='word_1_217' title='bbox 1449 3503 1683 3563; x_wconf 89' lang='lat' dir='ltr'><strong>septem.</strong></span> 
     </span>
    </p>
   </div>
   <div class='ocr_carea' id='block_1_38' title="bbox 565 3587 1650 3658">
    <p class='ocr_par' dir='ltr' id='par_1_38' title="bbox 565 3587 1650 3658">
     <span class='ocr_line' id='line_1_38' title="bbox 565 3587 1650 3658; baseline -0.001 -16"><span class='ocrx_word' id='word_1_218' title='bbox 565 3589 674 3642; x_wconf 87' lang='lat' dir='ltr'><strong>Aut</strong></span> <span class='ocrx_word' id='word_1_219' title='bbox 702 3598 912 3657; x_wconf 88' lang='lat' dir='ltr'><strong>septem</strong></span> <span class='ocrx_word' id='word_1_220' title='bbox 938 3588 1171 3658; x_wconf 87' lang='lat' dir='ltr'><strong>geminis</strong></span> <span class='ocrx_word' id='word_1_221' title='bbox 1203 3587 1283 3643; x_wconf 90' lang='lat' dir='ltr'><strong>bis</strong></span> <span class='ocrx_word' id='word_1_222' title='bbox 1315 3596 1439 3643; x_wconf 91' lang='lat' dir='ltr'><strong>octo</strong></span> <span class='ocrx_word' id='word_1_223' title='bbox 1465 3587 1650 3657; x_wconf 76' lang='lat' dir='ltr'><strong>iunge.</strong></span> 
     </span>
    </p>
   </div>
   <div class='ocr_carea' id='block_1_39' title="bbox 565 3678 1638 3749">
    <p class='ocr_par' dir='ltr' id='par_1_39' title="bbox 565 3678 1638 3749">
     <span class='ocr_line' id='line_1_39' title="bbox 565 3678 1638 3749; baseline 0.003 -17"><span class='ocrx_word' id='word_1_224' title='bbox 565 3678 675 3732; x_wconf 90' lang='lat' dir='ltr'><strong>Aut</strong></span> <span class='ocrx_word' id='word_1_225' title='bbox 703 3694 769 3735; x_wconf 91' lang='lat' dir='ltr'><strong>ne</strong></span> <span class='ocrx_word' id='word_1_226' title='bbox 796 3679 896 3732; x_wconf 91' lang='lat' dir='ltr'><strong>sim</strong></span> <span class='ocrx_word' id='word_1_227' title='bbox 930 3679 1025 3734; x_wconf 88' lang='lat' dir='ltr'><strong>tibi</strong></span> <span class='ocrx_word' id='word_1_228' title='bbox 1055 3679 1303 3749; x_wconf 87' lang='lat' dir='ltr'><strong>pluribus</strong></span> <span class='ocrx_word' id='word_1_229' title='bbox 1335 3680 1596 3735; x_wconf 89' lang='lat' dir='ltr'><strong>molestus</strong></span> <span class='ocrx_word' id='word_1_230' title='bbox 1622 3722 1638 3747; x_wconf 92' lang='lat'><strong>,</strong></span> 
     </span>
    </p>
   </div>
   <div class='ocr_carea' id='block_1_40' title="bbox 564 3771 1503 3842">
    <p class='ocr_par' dir='ltr' id='par_1_40' title="bbox 564 3771 1503 3842">
     <span class='ocr_line' id='line_1_40' title="bbox 564 3771 1503 3842; baseline 0.004 -17"><span class='ocrx_word' id='word_1_231' title='bbox 564 3771 807 3842; x_wconf 85' lang='lat' dir='ltr'><strong>Triginta</strong></span> <span class='ocrx_word' id='word_1_232' title='bbox 834 3788 1060 3828; x_wconf 91' lang='lat' dir='ltr'><strong>numero</strong></span> <span class='ocrx_word' id='word_1_233' title='bbox 1086 3773 1239 3827; x_wconf 88' lang='lat' dir='ltr'><strong>fuere</strong></span> <span class='ocrx_word' id='word_1_234' title='bbox 1272 3784 1503 3829; x_wconf 70' lang='lat' dir='ltr'><strong>runctte.</strong></span> 
     </span>
    </p>
   </div>
   <div class='ocr_carea' id='block_1_41' title="bbox 490 3861 1537 3919">
    <p class='ocr_par' dir='ltr' id='par_1_41' title="bbox 490 3861 1537 3919">
     <span class='ocr_line' id='line_1_41' title="bbox 490 3861 1537 3919; baseline 0.002 -3"><span class='ocrx_word' id='word_1_235' title='bbox 490 3861 724 3918; x_wconf 66' lang='lat' dir='ltr'><strong>Iunctus</strong></span> <span class='ocrx_word' id='word_1_236' title='bbox 752 3863 1002 3918; x_wconf 86' lang='lat' dir='ltr'><strong>limieolis</strong></span> <span class='ocrx_word' id='word_1_237' title='bbox 1028 3864 1303 3919; x_wconf 90' lang='lat' dir='ltr'><strong>musculus</strong></span> <span class='ocrx_word' id='word_1_238' title='bbox 1335 3864 1537 3919; x_wconf 85' lang='lat' dir='ltr'><strong>ostreis</strong></span> 
     </span>
    </p>
   </div>
   <div class='ocr_carea' id='block_1_42' title="bbox 472 3958 1528 4029">
    <p class='ocr_par' dir='ltr' id='par_1_42' title="bbox 472 3958 1528 4029">
     <span class='ocr_line' id='line_1_42' title="bbox 472 3958 1528 4029; baseline 0.001 -16"><span class='ocrx_word' id='word_1_239' title='bbox 472 3959 676 4014; x_wconf 76' lang='lat' dir='ltr'><strong>Primo</strong></span> <span class='ocrx_word' id='word_1_240' title='bbox 701 3959 1010 4029; x_wconf 88' lang='lat' dir='ltr'><strong>composuit</strong></span> <span class='ocrx_word' id='word_1_241' title='bbox 1041 3958 1246 4013; x_wconf 88' lang='lat' dir='ltr'><strong>fercula</strong></span> <span class='ocrx_word' id='word_1_242' title='bbox 1281 3959 1528 4027; x_wconf 90' lang='lat' dir='ltr'><strong>prandio,</strong></span> 
     </span>
    </p>
   </div>
   <div class='ocr_carea' id='block_1_43' title="bbox 487 4049 1423 4117">
    <p class='ocr_par' dir='ltr' id='par_1_43' title="bbox 487 4049 1423 4117">
     <span class='ocr_line' id='line_1_43' title="bbox 487 4049 1423 4117; baseline -0.002 -12"><span class='ocrx_word' id='word_1_243' title='bbox 487 4049 688 4105; x_wconf 83' lang='lat' dir='ltr'><strong>Gratus</strong></span> <span class='ocrx_word' id='word_1_244' title='bbox 716 4049 926 4105; x_wconf 90' lang='lat' dir='ltr'><strong>deliciis</strong></span> <span class='ocrx_word' id='word_1_245' title='bbox 958 4049 1215 4105; x_wconf 88' lang='lat' dir='ltr'><strong>nobilium</strong></span> <span class='ocrx_word' id='word_1_246' title='bbox 1247 4050 1423 4117; x_wconf 88' lang='lat' dir='ltr'><strong>cibus,</strong></span> 
     </span>
    </p>
   </div>
   <div class='ocr_carea' id='block_1_44' title="bbox 490 4142 1621 4211">
    <p class='ocr_par' dir='ltr' id='par_1_44' title="bbox 490 4142 1621 4211">
     <span class='ocr_line' id='line_1_44' title="bbox 490 4142 1621 4211; baseline 0.003 -16"><span class='ocrx_word' id='word_1_247' title='bbox 490 4142 557 4195; x_wconf 77' lang='lat' dir='ltr'><strong>Et</strong></span> <span class='ocrx_word' id='word_1_248' title='bbox 583 4151 799 4211; x_wconf 88' lang='lat' dir='ltr'><strong>sumptu</strong></span> <span class='ocrx_word' id='word_1_249' title='bbox 830 4142 1073 4197; x_wconf 89' lang='lat' dir='ltr'><strong>modicus</strong></span> <span class='ocrx_word' id='word_1_250' title='bbox 1104 4142 1437 4211; x_wconf 84' lang='lat' dir='ltr'><strong>pauperibus</strong></span> <span class='ocrx_word' id='word_1_251' title='bbox 1465 4142 1621 4199; x_wconf 82' lang='lat' dir='ltr'><strong>focis.</strong></span> 
     </span>
    </p>
   </div>
   <div class='ocr_carea' id='block_1_45' title="bbox 477 4232 1594 4304">
    <p class='ocr_par' dir='ltr' id='par_1_45' title="bbox 477 4232 1594 4304">
     <span class='ocr_line' id='line_1_45' title="bbox 477 4232 1594 4304; baseline 0 -16"><span class='ocrx_word' id='word_1_252' title='bbox 477 4233 603 4300; x_wconf 52' lang='lat' dir='ltr'><strong>,Non</strong></span> <span class='ocrx_word' id='word_1_253' title='bbox 635 4233 722 4288; x_wconf 91' lang='lat' dir='ltr'><strong>hic</strong></span> <span class='ocrx_word' id='word_1_254' title='bbox 751 4232 1034 4304; x_wconf 85' lang='lat' dir='ltr'><strong>navifrago</strong></span> <span class='ocrx_word' id='word_1_255' title='bbox 1059 4235 1321 4302; x_wconf 69' lang='lat' dir='ltr'><strong>quaeritur</strong></span> <span class='ocrx_word' id='word_1_256' title='bbox 1351 4248 1594 4304; x_wconf 72' lang='lat' dir='ltr'><strong>arquore,</strong></span> 
     </span>
    </p>
   </div>
   <div class='ocr_carea' id='block_1_46' title="bbox 485 4325 1615 4396">
    <p class='ocr_par' dir='ltr' id='par_1_46' title="bbox 485 4325 1615 4396">
     <span class='ocr_line' id='line_1_46' title="bbox 485 4325 1615 4396; baseline -0.003 -15"><span class='ocrx_word' id='word_1_257' title='bbox 485 4326 556 4381; x_wconf 93' lang='lat' dir='ltr'><strong>Ut</strong></span> <span class='ocrx_word' id='word_1_258' title='bbox 582 4336 795 4381; x_wconf 88' lang='lat' dir='ltr'><strong>crescat</strong></span> <span class='ocrx_word' id='word_1_259' title='bbox 828 4328 1059 4394; x_wconf 89' lang='lat' dir='ltr'><strong>pretium</strong></span> <span class='ocrx_word' id='word_1_260' title='bbox 1087 4326 1293 4396; x_wconf 84' lang='lat' dir='ltr'><strong>grande</strong></span> <span class='ocrx_word' id='word_1_261' title='bbox 1322 4325 1578 4394; x_wconf 87' lang='lat' dir='ltr'><strong>periculis</strong></span> <span class='ocrx_word' id='word_1_262' title='bbox 1604 4345 1615 4378; x_wconf 91' lang='lat'>:</span> 
     </span>
    </p>
   </div>
   <div class='ocr_carea' id='block_1_47' title="bbox 468 4416 1691 4489">
    <p class='ocr_par' dir='ltr' id='par_1_47' title="bbox 468 4416 1691 4489">
     <span class='ocr_line' id='line_1_47' title="bbox 468 4416 1691 4489; baseline -0.002 -15"><span class='ocrx_word' id='word_1_263' title='bbox 468 4418 591 4475; x_wconf 67' lang='lat' dir='ltr'><strong>.Sed</strong></span> <span class='ocrx_word' id='word_1_264' title='bbox 624 4419 864 4488; x_wconf 78' lang='lat' dir='ltr'><strong>primore</strong></span> <span class='ocrx_word' id='word_1_265' title='bbox 894 4418 1057 4483; x_wconf 83' lang='lat' dir='ltr'><strong>vado,</strong></span> <span class='ocrx_word' id='word_1_266' title='bbox 1086 4426 1209 4488; x_wconf 87' lang='lat' dir='ltr'><strong>post</strong></span> <span class='ocrx_word' id='word_1_267' title='bbox 1238 4416 1691 4489; x_wconf 58' lang='lat' dir='ltr'><strong>relngumauarc,</strong></span> 
     </span>
    </p>
   </div>
   <div class='ocr_carea' id='block_1_48' title="bbox 483 4509 1421 4579">
    <p class='ocr_par' dir='ltr' id='par_1_48' title="bbox 483 4509 1421 4579">
     <span class='ocr_line' id='line_1_48' title="bbox 483 4509 1421 4579; baseline -0.001 -16"><span class='ocrx_word' id='word_1_268' title='bbox 483 4510 687 4578; x_wconf 84' lang='lat' dir='ltr'><strong>Algoso</strong></span> <span class='ocrx_word' id='word_1_269' title='bbox 716 4509 913 4579; x_wconf 81' lang='lat' dir='ltr'><strong>legitur</strong></span> <span class='ocrx_word' id='word_1_270' title='bbox 943 4509 1124 4564; x_wconf 85' lang='lat' dir='ltr'><strong>littore</strong></span> <span class='ocrx_word' id='word_1_271' title='bbox 1142 4509 1421 4564; x_wconf 88' lang='lat' dir='ltr'><strong>concolor.</strong></span> 
     </span>
    </p>
   </div>
   <div class='ocr_carea' id='block_1_49' title="bbox 478 4600 1631 4672">
    <p class='ocr_par' dir='ltr' id='par_1_49' title="bbox 478 4600 1631 4672">
     <span class='ocr_line' id='line_1_49' title="bbox 478 4600 1631 4672; baseline 0.002 -17"><span class='ocrx_word' id='word_1_272' title='bbox 478 4600 612 4656; x_wconf 87' lang='lat' dir='ltr'><strong>Nam</strong></span> <span class='ocrx_word' id='word_1_273' title='bbox 640 4612 791 4657; x_wconf 69' lang='lat' dir='ltr'><strong>testae</strong></span> <span class='ocrx_word' id='word_1_274' title='bbox 818 4602 1054 4672; x_wconf 80' lang='lat' dir='ltr'><strong>duplicis</strong></span> <span class='ocrx_word' id='word_1_275' title='bbox 1081 4602 1330 4657; x_wconf 89' lang='lat' dir='ltr'><strong>conditur</strong></span> <span class='ocrx_word' id='word_1_276' title='bbox 1358 4603 1410 4656; x_wconf 91' lang='lat' dir='ltr'><strong>in</strong></span> <span class='ocrx_word' id='word_1_277' title='bbox 1442 4616 1631 4672; x_wconf 82' lang='lat' dir='ltr'><strong>specu,</strong></span> 
     </span>
    </p>
   </div>
   <div class='ocr_carea' id='block_1_50' title="bbox 476 4692 1560 4763">
    <p class='ocr_par' dir='ltr' id='par_1_50' title="bbox 476 4692 1560 4763">
     <span class='ocr_line' id='line_1_50' title="bbox 476 4692 1560 4763; baseline 0.002 -17"><span class='ocrx_word' id='word_1_278' title='bbox 476 4694 609 4762; x_wconf 77' lang='lat' dir='ltr'><strong>Qua:</strong></span> <span class='ocrx_word' id='word_1_279' title='bbox 640 4692 899 4749; x_wconf 81' lang='lat' dir='ltr'><strong>ferventis</strong></span> <span class='ocrx_word' id='word_1_280' title='bbox 928 4708 1083 4763; x_wconf 81' lang='lat' dir='ltr'><strong>aquae</strong></span> <span class='ocrx_word' id='word_1_281' title='bbox 1110 4695 1216 4748; x_wconf 86' lang='lat' dir='ltr'><strong>fota</strong></span> <span class='ocrx_word' id='word_1_282' title='bbox 1248 4695 1560 4761; x_wconf 74' lang='lat' dir='ltr'><strong>vaporibus,</strong></span> 
     </span>
    </p>
   </div>
   <div class='ocr_carea' id='block_1_51' title="bbox 475 4778 1463 4841">
    <p class='ocr_par' dir='ltr' id='par_1_51' title="bbox 475 4778 1463 4841">
     <span class='ocr_line' id='line_1_51' title="bbox 475 4778 1463 4841; baseline 0.002 -2"><span class='ocrx_word' id='word_1_283' title='bbox 475 4786 709 4839; x_wconf 79' lang='lat' dir='ltr'><strong>Carnem</strong></span> <span class='ocrx_word' id='word_1_284' title='bbox 742 4778 958 4841; x_wconf 82' lang='lat' dir='ltr'><strong>lacteoli</strong></span> <span class='ocrx_word' id='word_1_285' title='bbox 991 4784 1213 4841; x_wconf 87' lang='lat' dir='ltr'><strong>visceris</strong></span> <span class='ocrx_word' id='word_1_286' title='bbox 1240 4786 1463 4841; x_wconf 89' lang='lat' dir='ltr'><strong>iudicat.</strong></span> 
     </span>
    </p>
   </div>
   <div class='ocr_carea' id='block_1_52' title="bbox 547 4879 1601 4951">
    <p class='ocr_par' dir='ltr' id='par_1_52' title="bbox 547 4879 1601 4951">
     <span class='ocr_line' id='line_1_52' title="bbox 547 4879 1601 4951; baseline 0.001 -17"><span class='ocrx_word' id='word_1_287' title='bbox 547 4879 654 4935; x_wconf 88' lang='lat' dir='ltr'><strong>Sed</strong></span> <span class='ocrx_word' id='word_1_288' title='bbox 683 4879 943 4934; x_wconf 89' lang='lat' dir='ltr'><strong>damnosa</strong></span> <span class='ocrx_word' id='word_1_289' title='bbox 978 4880 1139 4934; x_wconf 90' lang='lat' dir='ltr'><strong>nimis</strong></span> <span class='ocrx_word' id='word_1_290' title='bbox 1168 4879 1425 4951; x_wconf 84' lang='lat' dir='ltr'><strong>panditur</strong></span> <span class='ocrx_word' id='word_1_291' title='bbox 1453 4895 1601 4936; x_wconf 89' lang='lat' dir='ltr'><strong>area.</strong></span> 
     </span>
    </p>
   </div>
   <div class='ocr_carea' id='block_1_53' title="bbox 470 4968 1653 5043">
    <p class='ocr_par' dir='ltr' id='par_1_53' title="bbox 470 4968 1653 5043">
     <span class='ocr_line' id='line_1_53' title="bbox 470 4968 1653 5043; baseline 0.004 -19"><span class='ocrx_word' id='word_1_292' title='bbox 470 4968 580 5024; x_wconf 83' lang='lat' dir='ltr'><strong>Fac</strong></span> <span class='ocrx_word' id='word_1_293' title='bbox 609 4984 858 5039; x_wconf 88' lang='lat' dir='ltr'><strong>campum</strong></span> <span class='ocrx_word' id='word_1_294' title='bbox 892 4970 1125 5038; x_wconf 90' lang='lat' dir='ltr'><strong>replices</strong></span> <span class='ocrx_word' id='word_1_295' title='bbox 1157 4972 1306 5026; x_wconf 85' lang='lat' dir='ltr'><strong>Musa</strong></span> <span class='ocrx_word' id='word_1_296' title='bbox 1332 4974 1612 5043; x_wconf 85' lang='lat' dir='ltr'><strong>papyriqu</strong></span> <span class='ocrx_word' id='word_1_297' title='bbox 1639 4991 1653 5029; x_wconf 90' lang='lat'><strong>:</strong></span> 
     </span>
    </p>
   </div>
   <div class='ocr_carea' id='block_1_54' title="bbox 468 5060 1523 5131">
    <p class='ocr_par' dir='ltr' id='par_1_54' title="bbox 468 5060 1523 5131">
     <span class='ocr_line' id='line_1_54' title="bbox 468 5060 1523 5131; baseline 0.003 -16"><span class='ocrx_word' id='word_1_298' title='bbox 468 5060 579 5115; x_wconf 69' lang='lat' dir='ltr'><strong>Nec</strong></span> <span class='ocrx_word' id='word_1_299' title='bbox 603 5061 721 5131; x_wconf 81' lang='lat' dir='ltr'><strong>jam</strong></span> <span class='ocrx_word' id='word_1_300' title='bbox 752 5060 1022 5130; x_wconf 88' lang='lat' dir='ltr'><strong>lissipedis</strong></span> <span class='ocrx_word' id='word_1_301' title='bbox 1056 5077 1151 5131; x_wconf 90' lang='lat' dir='ltr'><strong>per</strong></span> <span class='ocrx_word' id='word_1_302' title='bbox 1178 5063 1372 5117; x_wconf 83' lang='lat' dir='ltr'><strong>calami</strong></span> <span class='ocrx_word' id='word_1_303' title='bbox 1409 5069 1523 5118; x_wconf 88' lang='lat' dir='ltr'><strong>vlas</strong></span> 
     </span>
    </p>
   </div>
   <div class='ocr_carea' id='block_1_55' title="bbox 465 5152 1542 5223">
    <p class='ocr_par' dir='ltr' id='par_1_55' title="bbox 465 5152 1542 5223">
     <span class='ocr_line' id='line_1_55' title="bbox 465 5152 1542 5223; baseline 0.004 -16"><span class='ocrx_word' id='word_1_304' title='bbox 465 5152 761 5223; x_wconf 82' lang='lat' dir='ltr'><strong>Grassetur</strong></span> <span class='ocrx_word' id='word_1_305' title='bbox 784 5152 991 5207; x_wconf 72' lang='lat' dir='ltr'><strong>Cnidius</strong></span> <span class='ocrx_word' id='word_1_306' title='bbox 1022 5155 1207 5209; x_wconf 92' lang='lat' dir='ltr'><strong>sulcus</strong></span> <span class='ocrx_word' id='word_1_307' title='bbox 1237 5156 1542 5223; x_wconf 78' lang='lat' dir='ltr'><strong>arundinis,</strong></span> 
     </span>
    </p>
   </div>
   <div class='ocr_carea' id='block_1_56' title="bbox 462 5244 1450 5317">
    <p class='ocr_par' dir='ltr' id='par_1_56' title="bbox 462 5244 1450 5317">
     <span class='ocr_line' id='line_1_56' title="bbox 462 5244 1450 5317; baseline 0.003 -18"><span class='ocrx_word' id='word_1_308' title='bbox 462 5244 700 5315; x_wconf 85' lang='lat' dir='ltr'><strong>Pingens</strong></span> <span class='ocrx_word' id='word_1_309' title='bbox 729 5244 953 5300; x_wconf 78' lang='lat' dir='ltr'><strong>aridolze</strong></span> <span class='ocrx_word' id='word_1_310' title='bbox 978 5244 1188 5300; x_wconf 87' lang='lat' dir='ltr'><strong>subdita</strong></span> <span class='ocrx_word' id='word_1_311' title='bbox 1220 5246 1450 5317; x_wconf 65' lang='lat' dir='ltr'><strong>paginae,</strong></span> 
     </span>
    </p>
   </div>
   <div class='ocr_carea' id='block_1_57' title="bbox 462 5335 1547 5397">
    <p class='ocr_par' dir='ltr' id='par_1_57' title="bbox 462 5335 1547 5397">
     <span class='ocr_line' id='line_1_57' title="bbox 462 5335 1547 5397; baseline 0.003 -3"><span class='ocrx_word' id='word_1_312' title='bbox 462 5335 655 5394; x_wconf 80' lang='lat' dir='ltr'><strong>Cadmi</strong></span> <span class='ocrx_word' id='word_1_313' title='bbox 686 5335 866 5391; x_wconf 86' lang='lat' dir='ltr'><strong>liliolis</strong></span> <span class='ocrx_word' id='word_1_314' title='bbox 892 5336 1297 5392; x_wconf 86' lang='lat' dir='ltr'><strong>atricoloribus.</strong></span> <span class='ocrx_word' id='word_1_315' title='bbox 1538 5390 1547 5397; x_wconf 89' lang='lat'><strong>.</strong></span> 
     </span>
    </p>
   </div>
   <div class='ocr_carea' id='block_1_58' title="bbox 460 5427 1569 5497">
    <p class='ocr_par' dir='ltr' id='par_1_58' title="bbox 460 5427 1569 5497">
     <span class='ocr_line' id='line_1_58' title="bbox 460 5427 1569 5497; baseline 0.001 -14"><span class='ocrx_word' id='word_1_316' title='bbox 460 5429 571 5484; x_wconf 86' lang='lat' dir='ltr'><strong>Aut</strong></span> <span class='ocrx_word' id='word_1_317' title='bbox 600 5427 812 5483; x_wconf 89' lang='lat' dir='ltr'><strong>cunctis</strong></span> <span class='ocrx_word' id='word_1_318' title='bbox 843 5429 1047 5497; x_wconf 87' lang='lat' dir='ltr'><strong>pariter</strong></span> <span class='ocrx_word' id='word_1_319' title='bbox 1078 5428 1333 5485; x_wconf 75' lang='lat' dir='ltr'><strong>versibus</strong></span> <span class='ocrx_word' id='word_1_320' title='bbox 1360 5429 1569 5485; x_wconf 89' lang='lat' dir='ltr'><strong>oblinat</strong></span> 
     </span>
    </p>
   </div>
   <div class='ocr_carea' id='block_1_59' title="bbox 455 5518 1517 5593">
    <p class='ocr_par' dir='ltr' id='par_1_59' title="bbox 455 5518 1517 5593">
     <span class='ocr_line' id='line_1_59' title="bbox 455 5518 1517 5593; baseline 0.003 -18"><span class='ocrx_word' id='word_1_321' title='bbox 455 5518 692 5575; x_wconf 81' lang='lat' dir='ltr'><strong>Furvam</strong></span> <span class='ocrx_word' id='word_1_322' title='bbox 722 5519 1004 5575; x_wconf 88' lang='lat' dir='ltr'><strong>lacticolor</strong></span> <span class='ocrx_word' id='word_1_323' title='bbox 1034 5523 1262 5593; x_wconf 84' lang='lat' dir='ltr'><strong>spongia</strong></span> <span class='ocrx_word' id='word_1_324' title='bbox 1289 5522 1517 5592; x_wconf 82' lang='lat' dir='ltr'><strong>sepiam.</strong></span> 
     </span>
    </p>
   </div>
   <div class='ocr_carea' id='block_1_60' title="bbox 523 5614 1596 5673">
    <p class='ocr_par' dir='ltr' id='par_1_60' title="bbox 523 5614 1596 5673">
     <span class='ocr_line' id='line_1_60' title="bbox 523 5614 1596 5673; baseline 0.003 -4"><span class='ocrx_word' id='word_1_325' title='bbox 523 5614 823 5670; x_wconf 87' lang='lat' dir='ltr'><strong>Parcamns</strong></span> <span class='ocrx_word' id='word_1_326' title='bbox 847 5614 979 5669; x_wconf 83' lang='lat' dir='ltr'><strong>vitio</strong></span> <span class='ocrx_word' id='word_1_327' title='bbox 1003 5615 1343 5671; x_wconf 81' lang='lat' dir='ltr'><strong>Dnmnotinae</strong></span> <span class='ocrx_word' id='word_1_328' title='bbox 1361 5617 1554 5673; x_wconf 87' lang='lat' dir='ltr'><strong>domus</strong></span> <span class='ocrx_word' id='word_1_329' title='bbox 1582 5634 1596 5672; x_wconf 91' lang='lat'><strong>:</strong></span> 
     </span>
    </p>
   </div>
   <div class='ocr_carea' id='block_1_61' title="bbox 446 5704 1469 5765">
    <p class='ocr_par' dir='ltr' id='par_1_61' title="bbox 446 5704 1469 5765">
     <span class='ocr_line' id='line_1_61' title="bbox 446 5704 1469 5765; baseline -0.001 -3"><span class='ocrx_word' id='word_1_330' title='bbox 446 5704 527 5762; x_wconf 74' lang='lat' dir='ltr'><strong>Nc</strong></span> <span class='ocrx_word' id='word_1_331' title='bbox 556 5707 626 5761; x_wconf 91' lang='lat' dir='ltr'><strong>sit</strong></span> <span class='ocrx_word' id='word_1_332' title='bbox 652 5706 841 5761; x_wconf 86' lang='lat' dir='ltr'><strong>charta</strong></span> <span class='ocrx_word' id='word_1_333' title='bbox 876 5706 1005 5761; x_wconf 90' lang='lat' dir='ltr'><strong>mibi</strong></span> <span class='ocrx_word' id='word_1_334' title='bbox 1040 5708 1215 5763; x_wconf 86' lang='lat' dir='ltr'><strong>carior</strong></span> <span class='ocrx_word' id='word_1_335' title='bbox 1246 5707 1469 5765; x_wconf 80' lang='lat' dir='ltr'><strong>ostreis.</strong></span> 
     </span>
    </p>
   </div>
   <div class='ocr_carea' id='block_1_62' title="bbox 2123 372 3214 434">
    <p class='ocr_par' dir='ltr' id='par_1_62' title="bbox 2123 372 3214 434">
     <span class='ocr_line' id='line_1_62' title="bbox 2123 372 3214 434; baseline -0.005 -1"><span class='ocrx_word' id='word_1_336' title='bbox 2123 375 2178 433; x_wconf 79' lang='grc' dir='ltr'><strong>Α</strong></span> <span class='ocrx_word' id='word_1_337' title='bbox 2694 375 3028 434; x_wconf 77' lang='lat' dir='ltr'><strong>EPISTOLA</strong></span> <span class='ocrx_word' id='word_1_338' title='bbox 3080 372 3214 429; x_wconf 92' lang='lat' dir='ltr'><strong>VIII.</strong></span> 
     </span>
    </p>
   </div>
   <div class='ocr_carea' id='block_1_63' title="bbox 2340 463 3627 523">
    <p class='ocr_par' dir='ltr' id='par_1_63' title="bbox 2340 463 3627 523">
     <span class='ocr_line' id='line_1_63' title="bbox 2340 463 3627 523; baseline -0.005 -2"><span class='ocrx_word' id='word_1_339' title='bbox 2340 466 2610 523; x_wconf 77' lang='lat' dir='ltr'><strong>AUSONIUS</strong></span> <span class='ocrx_word' id='word_1_340' title='bbox 2654 469 2792 522; x_wconf 77' lang='lat' dir='ltr'><strong>Axio</strong></span> <span class='ocrx_word' id='word_1_341' title='bbox 2830 467 3013 522; x_wconf 74' lang='lat' dir='ltr'><strong>PAULO</strong></span> <span class='ocrx_word' id='word_1_342' title='bbox 3067 478 3303 520; x_wconf 77' lang='lat' dir='ltr'><strong>nuerunt</strong></span> <span class='ocrx_word' id='word_1_343' title='bbox 3352 463 3627 519; x_wconf 64' lang='lat' dir='ltr'><strong>Sumen.</strong></span> 
     </span>
    </p>
   </div>
   <div class='ocr_carea' id='block_1_64' title="bbox 2200 578 3580 653">
    <p class='ocr_par' dir='ltr' id='par_1_64' title="bbox 2200 578 3580 653">
     <span class='ocr_line' id='line_1_64' title="bbox 2200 578 3580 653; baseline -0.002 -21"><span class='ocrx_word' id='word_1_344' title='bbox 2200 578 2440 634; x_wconf 84' lang='lat' dir='ltr'><strong>Tandem</strong></span> <span class='ocrx_word' id='word_1_345' title='bbox 2472 580 2695 635; x_wconf 84' lang='lat' dir='ltr'><strong>eluctati</strong></span> <span class='ocrx_word' id='word_1_346' title='bbox 2719 579 3019 653; x_wconf 74' lang='lat' dir='ltr'><strong>retinacula</strong></span> <span class='ocrx_word' id='word_1_347' title='bbox 3050 578 3249 632; x_wconf 87' lang='lat' dir='ltr'><strong>blanda</strong></span> <span class='ocrx_word' id='word_1_348' title='bbox 3281 591 3580 643; x_wconf 90' lang='lat' dir='ltr'><strong>morarum,</strong></span> 
     </span>
    </p>
   </div>
   <div class='ocr_carea' id='block_1_65' title="bbox 2272 669 3426 743">
    <p class='ocr_par' dir='ltr' id='par_1_65' title="bbox 2272 669 3426 743">
     <span class='ocr_line' id='line_1_65' title="bbox 2272 669 3426 743; baseline -0.003 -17"><span class='ocrx_word' id='word_1_349' title='bbox 2272 672 2574 743; x_wconf 63' lang='lat' dir='ltr'><strong>Burdigalae</strong></span> <span class='ocrx_word' id='word_1_350' title='bbox 2603 673 2794 728; x_wconf 90' lang='lat' dir='ltr'><strong>molles</strong></span> <span class='ocrx_word' id='word_1_351' title='bbox 2823 672 3080 742; x_wconf 86' lang='lat' dir='ltr'><strong>liquimus</strong></span> <span class='ocrx_word' id='word_1_352' title='bbox 3110 669 3426 736; x_wconf 81' lang='lat' dir='ltr'><strong>illecebras,</strong></span> 
     </span>
    </p>
   </div>
   <div class='ocr_carea' id='block_1_66' title="bbox 2198 763 3637 835">
    <p class='ocr_par' dir='ltr' id='par_1_66' title="bbox 2198 763 3637 835">
     <span class='ocr_line' id='line_1_66' title="bbox 2198 763 3637 835; baseline -0.004 -17"><span class='ocrx_word' id='word_1_353' title='bbox 2198 763 2659 835; x_wconf 88' lang='lat' dir='ltr'><strong>Sautonicamque</strong></span> <span class='ocrx_word' id='word_1_354' title='bbox 2686 766 2875 819; x_wconf 87' lang='lat' dir='ltr'><strong>urbem</strong></span> <span class='ocrx_word' id='word_1_355' title='bbox 2905 764 3089 818; x_wconf 87' lang='lat' dir='ltr'><strong>vicino</strong></span> <span class='ocrx_word' id='word_1_356' title='bbox 3126 763 3461 817; x_wconf 84' lang='lat' dir='ltr'><strong>accessimus</strong></span> <span class='ocrx_word' id='word_1_357' title='bbox 3489 776 3637 829; x_wconf 82' lang='lat' dir='ltr'><strong>agro.</strong></span> 
     </span>
    </p>
   </div>
   <div class='ocr_carea' id='block_1_67' title="bbox 2265 854 3682 928">
    <p class='ocr_par' dir='ltr' id='par_1_67' title="bbox 2265 854 3682 928">
     <span class='ocr_line' id='line_1_67' title="bbox 2265 854 3682 928; baseline -0.001 -17"><span class='ocrx_word' id='word_1_358' title='bbox 2265 857 2421 923; x_wconf 83' lang='lat' dir='ltr'><strong>Quod</strong></span> <span class='ocrx_word' id='word_1_359' title='bbox 2455 858 2548 912; x_wconf 89' lang='lat' dir='ltr'><strong>tibi</strong></span> <span class='ocrx_word' id='word_1_360' title='bbox 2578 858 2624 913; x_wconf 90' lang='lat' dir='ltr'><strong>si</strong></span> <span class='ocrx_word' id='word_1_361' title='bbox 2652 869 2864 928; x_wconf 89' lang='lat' dir='ltr'><strong>gratum</strong></span> <span class='ocrx_word' id='word_1_362' title='bbox 2894 868 2999 927; x_wconf 86' lang='lat' dir='ltr'><strong>est,</strong></span> <span class='ocrx_word' id='word_1_363' title='bbox 3031 860 3239 926; x_wconf 87' lang='lat' dir='ltr'><strong>optime</strong></span> <span class='ocrx_word' id='word_1_364' title='bbox 3269 854 3457 919; x_wconf 85' lang='lat' dir='ltr'><strong>Paule,</strong></span> <span class='ocrx_word' id='word_1_365' title='bbox 3497 855 3682 923; x_wconf 82' lang='lat' dir='ltr'><strong>proba.</strong></span> 
     </span>
    </p>
   </div>
   <div class='ocr_carea' id='block_1_68' title="bbox 2198 945 3543 1019">
    <p class='ocr_par' dir='ltr' id='par_1_68' title="bbox 2198 945 3543 1019">
     <span class='ocr_line' id='line_1_68' title="bbox 2198 945 3543 1019; baseline -0.004 -17"><span class='ocrx_word' id='word_1_366' title='bbox 2198 949 2536 1018; x_wconf 80' lang='lat' dir='ltr'><strong>Cornipedes</strong></span> <span class='ocrx_word' id='word_1_367' title='bbox 2572 951 2780 1018; x_wconf 86' lang='lat' dir='ltr'><strong>rapiant</strong></span> <span class='ocrx_word' id='word_1_368' title='bbox 2814 949 3050 1018; x_wconf 86' lang='lat' dir='ltr'><strong>imposta</strong></span> <span class='ocrx_word' id='word_1_369' title='bbox 3080 948 3314 1019; x_wconf 82' lang='lat' dir='ltr'><strong>petorita</strong></span> <span class='ocrx_word' id='word_1_370' title='bbox 3344 945 3543 1000; x_wconf 61' lang='lat' dir='ltr'><strong>mulae:</strong></span> 
     </span>
    </p>
   </div>
   <div class='ocr_carea' id='block_1_69' title="bbox 2272 1039 3366 1111">
    <p class='ocr_par' dir='ltr' id='par_1_69' title="bbox 2272 1039 3366 1111">
     <span class='ocr_line' id='line_1_69' title="bbox 2272 1039 3366 1111; baseline -0.002 -17"><span class='ocrx_word' id='word_1_371' title='bbox 2272 1041 2372 1096; x_wconf 90' lang='lat' dir='ltr'><strong>Vel</strong></span> <span class='ocrx_word' id='word_1_372' title='bbox 2399 1041 2533 1096; x_wconf 89' lang='lat' dir='ltr'><strong>cisio</strong></span> <span class='ocrx_word' id='word_1_373' title='bbox 2565 1042 2745 1111; x_wconf 88' lang='lat' dir='ltr'><strong>trijugi</strong></span> <span class='ocrx_word' id='word_1_374' title='bbox 2767 1083 2782 1107; x_wconf 93' lang='lat'><strong>,</strong></span> <span class='ocrx_word' id='word_1_375' title='bbox 2812 1041 2855 1095; x_wconf 92' lang='lat' dir='ltr'><strong>si</strong></span> <span class='ocrx_word' id='word_1_376' title='bbox 2888 1041 3083 1111; x_wconf 86' lang='lat' dir='ltr'><strong>placet,</strong></span> <span class='ocrx_word' id='word_1_377' title='bbox 3119 1039 3366 1094; x_wconf 87' lang='lat' dir='ltr'><strong>insilias:</strong></span> 
     </span>
    </p>
   </div>
   <div class='ocr_carea' id='block_1_70' title="bbox 2198 1132 3767 1209">
    <p class='ocr_par' dir='ltr' id='par_1_70' title="bbox 2198 1132 3767 1209">
     <span class='ocr_line' id='line_1_70' title="bbox 2198 1132 3767 1209; baseline -0.001 -22"><span class='ocrx_word' id='word_1_378' title='bbox 2198 1132 2295 1187; x_wconf 91' lang='lat' dir='ltr'><strong>Vel</strong></span> <span class='ocrx_word' id='word_1_379' title='bbox 2326 1133 2565 1188; x_wconf 83' lang='lat' dir='ltr'><strong>celerem</strong></span> <span class='ocrx_word' id='word_1_380' title='bbox 2607 1150 2900 1197; x_wconf 88' lang='lat' dir='ltr'><strong>manuum,</strong></span> <span class='ocrx_word' id='word_1_381' title='bbox 2946 1135 3028 1189; x_wconf 85' lang='lat' dir='ltr'><strong>vel</strong></span> <span class='ocrx_word' id='word_1_382' title='bbox 3080 1142 3299 1209; x_wconf 78' lang='lat' dir='ltr'><strong>ruptum</strong></span> <span class='ocrx_word' id='word_1_383' title='bbox 3341 1141 3492 1203; x_wconf 88' lang='lat' dir='ltr'><strong>terga</strong></span> <span class='ocrx_word' id='word_1_384' title='bbox 3521 1133 3767 1199; x_wconf 73' lang='lat' dir='ltr'><strong>veredutn</strong></span> 
     </span>
    </p>
   </div>
   <div class='ocr_carea' id='block_1_71' title="bbox 2266 1221 3610 1294">
    <p class='ocr_par' dir='ltr' id='par_1_71' title="bbox 2266 1221 3610 1294">
     <span class='ocr_line' id='line_1_71' title="bbox 2266 1221 3610 1294; baseline -0.001 -17"><span class='ocrx_word' id='word_1_385' title='bbox 2266 1221 2641 1289; x_wconf 86' lang='lat' dir='ltr'><strong>Conscendas,</strong></span> <span class='ocrx_word' id='word_1_386' title='bbox 2677 1240 2908 1294; x_wconf 89' lang='lat' dir='ltr'><strong>propere</strong></span> <span class='ocrx_word' id='word_1_387' title='bbox 2935 1223 3233 1278; x_wconf 89' lang='lat' dir='ltr'><strong>dummodo</strong></span> <span class='ocrx_word' id='word_1_388' title='bbox 3254 1223 3367 1293; x_wconf 87' lang='lat' dir='ltr'><strong>jam</strong></span> <span class='ocrx_word' id='word_1_389' title='bbox 3402 1222 3610 1277; x_wconf 86' lang='lat' dir='ltr'><strong>venias.</strong></span> 
     </span>
    </p>
   </div>
   <div class='ocr_carea' id='block_1_72' title="bbox 2196 1312 3709 1385">
    <p class='ocr_par' dir='ltr' id='par_1_72' title="bbox 2196 1312 3709 1385">
     <span class='ocr_line' id='line_1_72' title="bbox 2196 1312 3709 1385; baseline 0 -18"><span class='ocrx_word' id='word_1_390' title='bbox 2196 1312 2455 1368; x_wconf 84' lang='lat' dir='ltr'><strong>Instantis</strong></span> <span class='ocrx_word' id='word_1_391' title='bbox 2478 1314 2735 1368; x_wconf 85' lang='lat' dir='ltr'><strong>revocant</strong></span> <span class='ocrx_word' id='word_1_392' title='bbox 2763 1320 2889 1385; x_wconf 90' lang='lat' dir='ltr'><strong>quia</strong></span> <span class='ocrx_word' id='word_1_393' title='bbox 2919 1331 3017 1370; x_wconf 93' lang='lat' dir='ltr'><strong>nos</strong></span> <span class='ocrx_word' id='word_1_394' title='bbox 3039 1316 3310 1370; x_wconf 85' lang='lat' dir='ltr'><strong>solemnia</strong></span> <span class='ocrx_word' id='word_1_395' title='bbox 3340 1313 3560 1368; x_wconf 79' lang='lat' dir='ltr'><strong>Pascha:</strong></span> <span class='ocrx_word' id='word_1_396' title='bbox 3587 1331 3602 1367; x_wconf 88' lang='lat'><strong>:</strong></span> <span class='ocrx_word' id='word_1_397' title='bbox 3700 1346 3709 1353; x_wconf 89' lang='lat'><strong><em>-</em></strong></span> 
     </span>
    </p>
   </div>
   <div class='ocr_carea' id='block_1_73' title="bbox 2269 1405 3319 1464">
    <p class='ocr_par' dir='ltr' id='par_1_73' title="bbox 2269 1405 3319 1464">
     <span class='ocr_line' id='line_1_73' title="bbox 2269 1405 3319 1464; baseline 0.001 -5"><span class='ocrx_word' id='word_1_398' title='bbox 2269 1405 2459 1460; x_wconf 88' lang='lat' dir='ltr'><strong>Libera</strong></span> <span class='ocrx_word' id='word_1_399' title='bbox 2487 1422 2588 1462; x_wconf 90' lang='lat' dir='ltr'><strong>nec</strong></span> <span class='ocrx_word' id='word_1_400' title='bbox 2615 1408 2770 1462; x_wconf 90' lang='lat' dir='ltr'><strong>nobis</strong></span> <span class='ocrx_word' id='word_1_401' title='bbox 2792 1419 2877 1462; x_wconf 91' lang='lat' dir='ltr'><strong>est</strong></span> <span class='ocrx_word' id='word_1_402' title='bbox 2901 1424 3050 1464; x_wconf 88' lang='lat' dir='ltr'><strong>mura</strong></span> <span class='ocrx_word' id='word_1_403' title='bbox 3072 1408 3319 1462; x_wconf 70' lang='lat' dir='ltr'><strong>desidiuz.</strong></span> 
     </span>
    </p>
   </div>
   <div class='ocr_carea' id='block_1_74' title="bbox 2198 1497 3565 1570">
    <p class='ocr_par' dir='ltr' id='par_1_74' title="bbox 2198 1497 3565 1570">
     <span class='ocr_line' id='line_1_74' title="bbox 2198 1497 3565 1570; baseline 0.001 -19"><span class='ocrx_word' id='word_1_404' title='bbox 2198 1497 2386 1553; x_wconf 81' lang='lat' dir='ltr'><strong>Perfer</strong></span> <span class='ocrx_word' id='word_1_405' title='bbox 2413 1498 2466 1552; x_wconf 91' lang='lat' dir='ltr'><strong>in</strong></span> <span class='ocrx_word' id='word_1_406' title='bbox 2495 1514 2727 1554; x_wconf 83' lang='lat' dir='ltr'><strong>excursu</strong></span> <span class='ocrx_word' id='word_1_407' title='bbox 2761 1500 2845 1555; x_wconf 89' lang='lat' dir='ltr'><strong>vel</strong></span> <span class='ocrx_word' id='word_1_408' title='bbox 2878 1499 3084 1569; x_wconf 87' lang='lat' dir='ltr'><strong>terjuga</strong></span> <span class='ocrx_word' id='word_1_409' title='bbox 3116 1500 3289 1555; x_wconf 89' lang='lat' dir='ltr'><strong>millia</strong></span> <span class='ocrx_word' id='word_1_410' title='bbox 3319 1500 3565 1570; x_wconf 88' lang='lat' dir='ltr'><strong>epodon,</strong></span> 
     </span>
    </p>
   </div>
   <div class='ocr_carea' id='block_1_75' title="bbox 2273 1591 3499 1663">
    <p class='ocr_par' dir='ltr' id='par_1_75' title="bbox 2273 1591 3499 1663">
     <span class='ocr_line' id='line_1_75' title="bbox 2273 1591 3499 1663; baseline 0.002 -20"><span class='ocrx_word' id='word_1_411' title='bbox 2273 1592 2367 1645; x_wconf 84' lang='lat' dir='ltr'><strong>Vel</strong></span> <span class='ocrx_word' id='word_1_412' title='bbox 2394 1591 2559 1646; x_wconf 69' lang='lat' dir='ltr'><strong>falsas</strong></span> <span class='ocrx_word' id='word_1_413' title='bbox 2581 1593 2722 1649; x_wconf 86' lang='lat' dir='ltr'><strong>lites.</strong></span> <span class='ocrx_word' id='word_1_414' title='bbox 2755 1608 2892 1663; x_wconf 88' lang='lat' dir='ltr'><strong>quas</strong></span> <span class='ocrx_word' id='word_1_415' title='bbox 2916 1595 3100 1648; x_wconf 87' lang='lat' dir='ltr'><strong>schola</strong></span> <span class='ocrx_word' id='word_1_416' title='bbox 3134 1602 3319 1648; x_wconf 86' lang='lat' dir='ltr'><strong>vestra</strong></span> <span class='ocrx_word' id='word_1_417' title='bbox 3340 1594 3499 1648; x_wconf 88' lang='lat' dir='ltr'><strong>serit.</strong></span> 
     </span>
    </p>
   </div>
   <div class='ocr_carea' id='block_1_76' title="bbox 2198 1682 3597 1755">
    <p class='ocr_par' dir='ltr' id='par_1_76' title="bbox 2198 1682 3597 1755">
     <span class='ocr_line' id='line_1_76' title="bbox 2198 1682 3597 1755; baseline 0.001 -18"><span class='ocrx_word' id='word_1_418' title='bbox 2198 1682 2488 1737; x_wconf 66' lang='lat' dir='ltr'><strong>Nobiscum</strong></span> <span class='ocrx_word' id='word_1_419' title='bbox 2518 1684 2761 1739; x_wconf 87' lang='lat' dir='ltr'><strong>invenies</strong></span> <span class='ocrx_word' id='word_1_420' title='bbox 2793 1685 2989 1739; x_wconf 87' lang='lat' dir='ltr'><strong>nullas.</strong></span> <span class='ocrx_word' id='word_1_421' title='bbox 3022 1684 3160 1751; x_wconf 86' lang='lat' dir='ltr'><strong>Quia</strong></span> <span class='ocrx_word' id='word_1_422' title='bbox 3190 1686 3449 1755; x_wconf 86' lang='lat' dir='ltr'><strong>liquimus</strong></span> <span class='ocrx_word' id='word_1_423' title='bbox 3476 1686 3597 1739; x_wconf 83' lang='lat' dir='ltr'><strong>istic</strong></span> 
     </span>
    </p>
   </div>
   <div class='ocr_carea' id='block_1_77' title="bbox 2124 1745 3401 1858">
    <p class='ocr_par' dir='ltr' id='par_1_77' title="bbox 2124 1745 3401 1858">
     <span class='ocr_line' id='line_1_77' title="bbox 2124 1745 3401 1858; baseline 0.003 -29"><span class='ocrx_word' id='word_1_424' title='bbox 2124 1745 2172 1804; x_wconf 77' lang='grc' dir='ltr'><strong>Β</strong></span> <span class='ocrx_word' id='word_1_425' title='bbox 2268 1776 2541 1847; x_wconf 87' lang='lat' dir='ltr'><strong>Nugarum</strong></span> <span class='ocrx_word' id='word_1_426' title='bbox 2575 1787 2795 1858; x_wconf 80' lang='lat' dir='ltr'><strong>veteres</strong></span> <span class='ocrx_word' id='word_1_427' title='bbox 2824 1794 2947 1832; x_wconf 87' lang='lat' dir='ltr'><strong>eum</strong></span> <span class='ocrx_word' id='word_1_428' title='bbox 2975 1779 3091 1834; x_wconf 89' lang='lat' dir='ltr'><strong>sale</strong></span> <span class='ocrx_word' id='word_1_429' title='bbox 3118 1779 3401 1850; x_wconf 86' lang='lat' dir='ltr'><strong>reliquias.</strong></span> 
     </span>
    </p>
   </div>
   <div class='ocr_carea' id='block_1_78' title="bbox 2734 1911 3205 1968">
    <p class='ocr_par' dir='ltr' id='par_1_78' title="bbox 2734 1911 3205 1968">
     <span class='ocr_line' id='line_1_78' title="bbox 2734 1911 3205 1968; baseline -0.002 -1"><span class='ocrx_word' id='word_1_430' title='bbox 2734 1911 3066 1968; x_wconf 74' lang='lat' dir='ltr'><strong>EPISTOLA</strong></span> <span class='ocrx_word' id='word_1_431' title='bbox 3112 1912 3205 1967; x_wconf 78' lang='lat' dir='ltr'><strong>IX.</strong></span> 
     </span>
    </p>
   </div>
   <div class='ocr_carea' id='block_1_79' title="bbox 2732 2003 3248 2059">
    <p class='ocr_par' dir='ltr' id='par_1_79' title="bbox 2732 2003 3248 2059">
     <span class='ocr_line' id='line_1_79' title="bbox 2732 2003 3248 2059; baseline 0 -2"><span class='ocrx_word' id='word_1_432' title='bbox 2732 2003 2997 2059; x_wconf 78' lang='lat' dir='ltr'><strong>Ausomus</strong></span> <span class='ocrx_word' id='word_1_433' title='bbox 3044 2005 3248 2059; x_wconf 75' lang='lat' dir='ltr'><strong>PAULO.</strong></span> 
     </span>
    </p>
   </div>
   <div class='ocr_carea' id='block_1_80' title="bbox 2196 2115 3543 2188">
    <p class='ocr_par' dir='ltr' id='par_1_80' title="bbox 2196 2115 3543 2188">
     <span class='ocr_line' id='line_1_80' title="bbox 2196 2115 3543 2188; baseline 0.001 -20"><span class='ocrx_word' id='word_1_434' title='bbox 2196 2115 2384 2170; x_wconf 84' lang='lat' dir='ltr'><strong>Ostrea</strong></span> <span class='ocrx_word' id='word_1_435' title='bbox 2418 2115 2679 2172; x_wconf 88' lang='lat' dir='ltr'><strong>nobilium</strong></span> <span class='ocrx_word' id='word_1_436' title='bbox 2708 2120 2902 2183; x_wconf 71' lang='lat' dir='ltr'><strong>omnis,</strong></span> <span class='ocrx_word' id='word_1_437' title='bbox 2928 2128 3257 2186; x_wconf 87' lang='lat' dir='ltr'><strong>sumptoque</strong></span> <span class='ocrx_word' id='word_1_438' title='bbox 3288 2126 3543 2188; x_wconf 89' lang='lat' dir='ltr'><strong>nepotum</strong></span> 
     </span>
    </p>
   </div>
   <div class='ocr_carea' id='block_1_81' title="bbox 2194 2204 3582 2276">
    <p class='ocr_par' dir='ltr' id='par_1_81' title="bbox 2194 2204 3582 2276">
     <span class='ocr_line' id='line_1_81' title="bbox 2194 2204 3582 2276; baseline 0 -17"><span class='ocrx_word' id='word_1_439' title='bbox 2194 2204 2417 2275; x_wconf 83' lang='lat' dir='ltr'><strong>Cognita</strong></span> <span class='ocrx_word' id='word_1_440' title='bbox 2442 2248 2457 2269; x_wconf 90' lang='lat'><strong>,</strong></span> <span class='ocrx_word' id='word_1_441' title='bbox 2484 2206 2813 2276; x_wconf 84' lang='lat' dir='ltr'><strong>diversoque</strong></span> <span class='ocrx_word' id='word_1_442' title='bbox 2843 2208 3010 2261; x_wconf 90' lang='lat' dir='ltr'><strong>maris</strong></span> <span class='ocrx_word' id='word_1_443' title='bbox 3038 2206 3261 2262; x_wconf 89' lang='lat' dir='ltr'><strong>defensa</strong></span> <span class='ocrx_word' id='word_1_444' title='bbox 3291 2206 3582 2276; x_wconf 88' lang='lat' dir='ltr'><strong>profundo,</strong></span> 
     </span>
    </p>
   </div>
   <div class='ocr_carea' id='block_1_82' title="bbox 2194 2295 3553 2367">
    <p class='ocr_par' dir='ltr' id='par_1_82' title="bbox 2194 2295 3553 2367">
     <span class='ocr_line' id='line_1_82' title="bbox 2194 2295 3553 2367; baseline 0.001 -18"><span class='ocrx_word' id='word_1_445' title='bbox 2194 2297 2303 2349; x_wconf 87' lang='lat' dir='ltr'><strong>Aut</strong></span> <span class='ocrx_word' id='word_1_446' title='bbox 2327 2295 2528 2367; x_wconf 75' lang='lat' dir='ltr'><strong>refugis</strong></span> <span class='ocrx_word' id='word_1_447' title='bbox 2556 2297 2759 2350; x_wconf 89' lang='lat' dir='ltr'><strong>nudata</strong></span> <span class='ocrx_word' id='word_1_448' title='bbox 2790 2296 2961 2365; x_wconf 80' lang='lat' dir='ltr'><strong>vadis,</strong></span> <span class='ocrx_word' id='word_1_449' title='bbox 2984 2306 3079 2350; x_wconf 89' lang='lat' dir='ltr'><strong>aut</strong></span> <span class='ocrx_word' id='word_1_450' title='bbox 3107 2312 3337 2366; x_wconf 88' lang='lat' dir='ltr'><strong>scrupea</strong></span> <span class='ocrx_word' id='word_1_451' title='bbox 3364 2297 3553 2352; x_wconf 88' lang='lat' dir='ltr'><strong>subter</strong></span> 
     </span>
    </p>
   </div>
   <div class='ocr_carea' id='block_1_83' title="bbox 2194 2387 3626 2458">
    <p class='ocr_par' dir='ltr' id='par_1_83' title="bbox 2194 2387 3626 2458">
     <span class='ocr_line' id='line_1_83' title="bbox 2194 2387 3626 2458; baseline 0.001 -18"><span class='ocrx_word' id='word_1_452' title='bbox 2194 2387 2392 2449; x_wconf 85' lang='lat' dir='ltr'><strong>Antra,</strong></span> <span class='ocrx_word' id='word_1_453' title='bbox 2426 2397 2482 2441; x_wconf 90' lang='lat' dir='ltr'><strong>et</strong></span> <span class='ocrx_word' id='word_1_454' title='bbox 2508 2388 2766 2441; x_wconf 78' lang='lat' dir='ltr'><strong>muricris</strong></span> <span class='ocrx_word' id='word_1_455' title='bbox 2796 2389 3143 2458; x_wconf 85' lang='lat' dir='ltr'><strong>scopulorum</strong></span> <span class='ocrx_word' id='word_1_456' title='bbox 3176 2389 3355 2443; x_wconf 85' lang='lat' dir='ltr'><strong>mersa</strong></span> <span class='ocrx_word' id='word_1_457' title='bbox 3388 2388 3626 2451; x_wconf 86' lang='lat' dir='ltr'><strong>lacunis,</strong></span> 
     </span>
    </p>
   </div>
   <div class='ocr_carea' id='block_1_84' title="bbox 2194 2475 3668 2551">
    <p class='ocr_par' dir='ltr' id='par_1_84' title="bbox 2194 2475 3668 2551">
     <span class='ocr_line' id='line_1_84' title="bbox 2194 2475 3668 2551; baseline 0 -17"><span class='ocrx_word' id='word_1_458' title='bbox 2194 2479 2328 2545; x_wconf 74' lang='lat' dir='ltr'><strong>Qua:</strong></span> <span class='ocrx_word' id='word_1_459' title='bbox 2356 2478 2543 2535; x_wconf 86' lang='lat' dir='ltr'><strong>viridis</strong></span> <span class='ocrx_word' id='word_1_460' title='bbox 2575 2494 2817 2548; x_wconf 85' lang='lat' dir='ltr'><strong>muscus,</strong></span> <span class='ocrx_word' id='word_1_461' title='bbox 2841 2486 2959 2549; x_wconf 75' lang='lat' dir='ltr'><strong>quae</strong></span> <span class='ocrx_word' id='word_1_462' title='bbox 2983 2480 3222 2538; x_wconf 81' lang='lat' dir='ltr'><strong>dedecor</strong></span> <span class='ocrx_word' id='word_1_463' title='bbox 3243 2475 3367 2551; x_wconf 83' lang='lat' dir='ltr'><strong>alga</strong></span> <span class='ocrx_word' id='word_1_464' title='bbox 3396 2479 3668 2543; x_wconf 84' lang='lat' dir='ltr'><strong>recondit,</strong></span> 
     </span>
    </p>
   </div>
   <div class='ocr_carea' id='block_1_85' title="bbox 2193 2573 3681 2643">
    <p class='ocr_par' dir='ltr' id='par_1_85' title="bbox 2193 2573 3681 2643">
     <span class='ocr_line' id='line_1_85' title="bbox 2193 2573 3681 2643; baseline 0.002 -18"><span class='ocrx_word' id='word_1_465' title='bbox 2193 2573 2323 2639; x_wconf 79' lang='lat' dir='ltr'><strong>Qua:</strong></span> <span class='ocrx_word' id='word_1_466' title='bbox 2355 2573 2508 2628; x_wconf 87' lang='lat' dir='ltr'><strong>testis</strong></span> <span class='ocrx_word' id='word_1_467' title='bbox 2538 2582 2789 2628; x_wconf 87' lang='lat' dir='ltr'><strong>concreta</strong></span> <span class='ocrx_word' id='word_1_468' title='bbox 2822 2574 2960 2643; x_wconf 77' lang='lat' dir='ltr'><strong>suis,</strong></span> <span class='ocrx_word' id='word_1_469' title='bbox 2991 2590 3091 2641; x_wconf 87' lang='lat' dir='ltr'><strong>ceu</strong></span> <span class='ocrx_word' id='word_1_470' title='bbox 3120 2590 3250 2629; x_wconf 76' lang='lat' dir='ltr'><strong>saxa</strong></span> <span class='ocrx_word' id='word_1_471' title='bbox 3278 2574 3576 2639; x_wconf 77' lang='lat' dir='ltr'><strong>cohzerent,</strong></span> <span class='ocrx_word' id='word_1_472' title='bbox 3674 2621 3681 2628; x_wconf 89' lang='lat'><strong>.</strong></span> 
     </span>
    </p>
   </div>
   <div class='ocr_carea' id='block_1_86' title="bbox 2192 2663 3538 2735">
    <p class='ocr_par' dir='ltr' id='par_1_86' title="bbox 2192 2663 3538 2735">
     <span class='ocr_line' id='line_1_86' title="bbox 2192 2663 3538 2735; baseline 0.004 -21"><span class='ocrx_word' id='word_1_473' title='bbox 2192 2663 2323 2730; x_wconf 65' lang='lat' dir='ltr'><strong>Quae</strong></span> <span class='ocrx_word' id='word_1_474' title='bbox 2355 2673 2559 2719; x_wconf 85' lang='lat' dir='ltr'><strong>mutata</strong></span> <span class='ocrx_word' id='word_1_475' title='bbox 2590 2666 2737 2733; x_wconf 89' lang='lat' dir='ltr'><strong>loco,</strong></span> <span class='ocrx_word' id='word_1_476' title='bbox 2772 2666 2953 2735; x_wconf 82' lang='lat' dir='ltr'><strong>pingui</strong></span> <span class='ocrx_word' id='word_1_477' title='bbox 2982 2682 3109 2720; x_wconf 75' lang='lat' dir='ltr'><strong>mox</strong></span> <span class='ocrx_word' id='word_1_478' title='bbox 3132 2666 3351 2721; x_wconf 86' lang='lat' dir='ltr'><strong>condita</strong></span> <span class='ocrx_word' id='word_1_479' title='bbox 3386 2666 3538 2732; x_wconf 91' lang='lat' dir='ltr'><strong>limo,</strong></span> 
     </span>
    </p>
   </div>
   <div class='ocr_carea' id='block_1_87' title="bbox 2193 2757 3436 2828">
    <p class='ocr_par' dir='ltr' id='par_1_87' title="bbox 2193 2757 3436 2828">
     <span class='ocr_line' id='line_1_87' title="bbox 2193 2757 3436 2828; baseline 0.001 -18"><span class='ocrx_word' id='word_1_480' title='bbox 2193 2757 2377 2811; x_wconf 84' lang='lat' dir='ltr'><strong>Nutrit</strong></span> <span class='ocrx_word' id='word_1_481' title='bbox 2397 2770 2639 2813; x_wconf 90' lang='lat' dir='ltr'><strong>secretus</strong></span> <span class='ocrx_word' id='word_1_482' title='bbox 2661 2758 2937 2813; x_wconf 73' lang='lat' dir='ltr'><strong>eonclusze</strong></span> <span class='ocrx_word' id='word_1_483' title='bbox 2968 2757 3184 2828; x_wconf 83' lang='lat' dir='ltr'><strong>uliginis</strong></span> <span class='ocrx_word' id='word_1_484' title='bbox 3215 2757 3436 2825; x_wconf 89' lang='lat' dir='ltr'><strong>humor,</strong></span> 
     </span>
    </p>
   </div>
   <div class='ocr_carea' id='block_1_88' title="bbox 2192 2846 3649 2918">
    <p class='ocr_par' dir='ltr' id='par_1_88' title="bbox 2192 2846 3649 2918">
     <span class='ocr_line' id='line_1_88' title="bbox 2192 2846 3649 2918; baseline -0.001 -16"><span class='ocrx_word' id='word_1_485' title='bbox 2192 2848 2525 2904; x_wconf 79' lang='lat' dir='ltr'><strong>Enumerare</strong></span> <span class='ocrx_word' id='word_1_486' title='bbox 2552 2849 2737 2918; x_wconf 86' lang='lat' dir='ltr'><strong>jubes,</strong></span> <span class='ocrx_word' id='word_1_487' title='bbox 2770 2860 2925 2904; x_wconf 82' lang='lat' dir='ltr'><strong>vetus</strong></span> <span class='ocrx_word' id='word_1_488' title='bbox 2953 2865 2987 2905; x_wconf 86' lang='grc' dir='ltr'><strong>ο</strong></span> <span class='ocrx_word' id='word_1_489' title='bbox 3017 2850 3172 2914; x_wconf 88' lang='lat' dir='ltr'><strong>mibi,</strong></span> <span class='ocrx_word' id='word_1_490' title='bbox 3199 2850 3388 2914; x_wconf 79' lang='lat' dir='ltr'><strong>Paule,</strong></span> <span class='ocrx_word' id='word_1_491' title='bbox 3420 2846 3649 2916; x_wconf 87' lang='lat' dir='ltr'><strong>sodalis,</strong></span> 
     </span>
    </p>
   </div>
   <div class='ocr_carea' id='block_1_89' title="bbox 2189 2940 3415 3011">
    <p class='ocr_par' dir='ltr' id='par_1_89' title="bbox 2189 2940 3415 3011">
     <span class='ocr_line' id='line_1_89' title="bbox 2189 2940 3415 3011; baseline -0.001 -15"><span class='ocrx_word' id='word_1_492' title='bbox 2189 2940 2507 2997; x_wconf 85' lang='lat' dir='ltr'><strong>Assuefacte</strong></span> <span class='ocrx_word' id='word_1_493' title='bbox 2535 2944 2669 2998; x_wconf 93' lang='lat' dir='ltr'><strong>meis</strong></span> <span class='ocrx_word' id='word_1_494' title='bbox 2696 2942 2928 3011; x_wconf 86' lang='lat' dir='ltr'><strong>joculari</strong></span> <span class='ocrx_word' id='word_1_495' title='bbox 2955 2944 3196 2997; x_wconf 87' lang='lat' dir='ltr'><strong>carmine</strong></span> <span class='ocrx_word' id='word_1_496' title='bbox 3231 2942 3415 3011; x_wconf 86' lang='lat' dir='ltr'><strong>nugis,</strong></span> 
     </span>
    </p>
   </div>
   <div class='ocr_carea' id='block_1_90' title="bbox 2191 3030 3535 3102">
    <p class='ocr_par' dir='ltr' id='par_1_90' title="bbox 2191 3030 3535 3102">
     <span class='ocr_line' id='line_1_90' title="bbox 2191 3030 3535 3102; baseline -0.001 -16"><span class='ocrx_word' id='word_1_497' title='bbox 2191 3033 2520 3102; x_wconf 85' lang='lat' dir='ltr'><strong>Aggrediar;</strong></span> <span class='ocrx_word' id='word_1_498' title='bbox 2549 3034 2792 3102; x_wconf 87' lang='lat' dir='ltr'><strong>quamvis</strong></span> <span class='ocrx_word' id='word_1_499' title='bbox 2817 3048 3003 3088; x_wconf 89' lang='lat' dir='ltr'><strong>curam</strong></span> <span class='ocrx_word' id='word_1_500' title='bbox 3038 3048 3144 3087; x_wconf 88' lang='lat' dir='ltr'><strong>non</strong></span> <span class='ocrx_word' id='word_1_501' title='bbox 3176 3032 3279 3087; x_wconf 90' lang='lat' dir='ltr'><strong>ista</strong></span> <span class='ocrx_word' id='word_1_502' title='bbox 3306 3030 3535 3087; x_wconf 85' lang='lat' dir='ltr'><strong>senilem</strong></span> 
     </span>
    </p>
   </div>
   <div class='ocr_carea' id='block_1_91' title="bbox 2112 3110 3535 3198">
    <p class='ocr_par' dir='ltr' id='par_1_91' title="bbox 2112 3110 3535 3198">
     <span class='ocr_line' id='line_1_91' title="bbox 2112 3110 3535 3198; baseline -0.004 -14"><span class='ocrx_word' id='word_1_503' title='bbox 2112 3110 2158 3172; x_wconf 64' lang='grc' dir='ltr'><strong>(ἶ</strong></span> <span class='ocrx_word' id='word_1_504' title='bbox 2192 3126 2517 3195; x_wconf 84' lang='lat' dir='ltr'><strong>Solliciteut,</strong></span> <span class='ocrx_word' id='word_1_505' title='bbox 2550 3127 2799 3198; x_wconf 88' lang='lat' dir='ltr'><strong>frugique</strong></span> <span class='ocrx_word' id='word_1_506' title='bbox 2822 3130 2941 3182; x_wconf 88' lang='lat' dir='ltr'><strong>viro</strong></span> <span class='ocrx_word' id='word_1_507' title='bbox 2968 3125 3237 3197; x_wconf 86' lang='lat' dir='ltr'><strong>dignanda</strong></span> <span class='ocrx_word' id='word_1_508' title='bbox 3261 3134 3535 3195; x_wconf 88' lang='lat' dir='ltr'><strong>putentur.</strong></span> 
     </span>
    </p>
   </div>
   <div class='ocr_carea' id='block_1_92' title="bbox 2189 3216 3695 3289">
    <p class='ocr_par' dir='ltr' id='par_1_92' title="bbox 2189 3216 3695 3289">
     <span class='ocr_line' id='line_1_92' title="bbox 2189 3216 3695 3289; baseline -0.002 -17"><span class='ocrx_word' id='word_1_509' title='bbox 2189 3219 2323 3272; x_wconf 87' lang='lat' dir='ltr'><strong>Nam</strong></span> <span class='ocrx_word' id='word_1_510' title='bbox 2355 3219 2485 3273; x_wconf 89' lang='lat' dir='ltr'><strong>mihi</strong></span> <span class='ocrx_word' id='word_1_511' title='bbox 2512 3234 2619 3273; x_wconf 90' lang='lat' dir='ltr'><strong>non</strong></span> <span class='ocrx_word' id='word_1_512' title='bbox 2650 3220 2846 3275; x_wconf 86' lang='lat' dir='ltr'><strong>saliare</strong></span> <span class='ocrx_word' id='word_1_513' title='bbox 2873 3219 3248 3289; x_wconf 8' lang='lat' dir='ltr'><strong>epulum,vnon</strong></span> <span class='ocrx_word' id='word_1_514' title='bbox 3280 3231 3437 3273; x_wconf 71' lang='lat' dir='ltr'><strong>creua</strong></span> <span class='ocrx_word' id='word_1_515' title='bbox 3462 3216 3695 3285; x_wconf 85' lang='lat' dir='ltr'><strong>dapalis,</strong></span> 
     </span>
    </p>
   </div>
   <div class='ocr_carea' id='block_1_93' title="bbox 2186 3310 3660 3380">
    <p class='ocr_par' dir='ltr' id='par_1_93' title="bbox 2186 3310 3660 3380">
     <span class='ocr_line' id='line_1_93' title="bbox 2186 3310 3660 3380; baseline 0 -17"><span class='ocrx_word' id='word_1_516' title='bbox 2186 3310 2410 3378; x_wconf 85' lang='lat' dir='ltr'><strong>Qualem</strong></span> <span class='ocrx_word' id='word_1_517' title='bbox 2443 3310 2741 3380; x_wconf 85' lang='lat' dir='ltr'><strong>Penelopes</strong></span> <span class='ocrx_word' id='word_1_518' title='bbox 2772 3311 3107 3366; x_wconf 87' lang='lat' dir='ltr'><strong>nebulonum</strong></span> <span class='ocrx_word' id='word_1_519' title='bbox 3137 3325 3322 3365; x_wconf 86' lang='lat' dir='ltr'><strong>mensa</strong></span> <span class='ocrx_word' id='word_1_520' title='bbox 3347 3323 3660 3379; x_wconf 85' lang='lat' dir='ltr'><strong>procorum,</strong></span> 
     </span>
    </p>
   </div>
   <div class='ocr_carea' id='block_1_94' title="bbox 2188 3402 3599 3473">
    <p class='ocr_par' dir='ltr' id='par_1_94' title="bbox 2188 3402 3599 3473">
     <span class='ocr_line' id='line_1_94' title="bbox 2188 3402 3599 3473; baseline -0.001 -15"><span class='ocrx_word' id='word_1_521' title='bbox 2188 3402 2505 3473; x_wconf 84' lang='lat' dir='ltr'><strong>Alcinoique</strong></span> <span class='ocrx_word' id='word_1_522' title='bbox 2537 3403 2723 3458; x_wconf 82' lang='lat' dir='ltr'><strong>habuit</strong></span> <span class='ocrx_word' id='word_1_523' title='bbox 2754 3404 2938 3459; x_wconf 67' lang='lat' dir='ltr'><strong>nitida:</strong></span> <span class='ocrx_word' id='word_1_524' title='bbox 2965 3405 3106 3459; x_wconf 88' lang='lat' dir='ltr'><strong>cutis</strong></span> <span class='ocrx_word' id='word_1_525' title='bbox 3128 3413 3289 3459; x_wconf 92' lang='lat' dir='ltr'><strong>uncta</strong></span> <span class='ocrx_word' id='word_1_526' title='bbox 3316 3403 3599 3473; x_wconf 88' lang='lat' dir='ltr'><strong>juventus.</strong></span> 
     </span>
    </p>
   </div>
   <div class='ocr_carea' id='block_1_95' title="bbox 2186 3494 3565 3565">
    <p class='ocr_par' dir='ltr' id='par_1_95' title="bbox 2186 3494 3565 3565">
     <span class='ocr_line' id='line_1_95' title="bbox 2186 3494 3565 3565; baseline -0.001 -15"><span class='ocrx_word' id='word_1_527' title='bbox 2186 3494 2532 3550; x_wconf 84' lang='lat' dir='ltr'><strong>Enumerabo</strong></span> <span class='ocrx_word' id='word_1_528' title='bbox 2564 3503 2764 3558; x_wconf 85' lang='lat' dir='ltr'><strong>tamen.</strong></span> <span class='ocrx_word' id='word_1_529' title='bbox 2800 3494 2994 3550; x_wconf 87' lang='lat' dir='ltr'><strong>famam</strong></span> <span class='ocrx_word' id='word_1_530' title='bbox 3023 3505 3298 3565; x_wconf 88' lang='lat' dir='ltr'><strong>testesque</strong></span> <span class='ocrx_word' id='word_1_531' title='bbox 3325 3505 3565 3556; x_wconf 88' lang='lat' dir='ltr'><strong>secutus.</strong></span> 
     </span>
    </p>
   </div>
   <div class='ocr_carea' id='block_1_96' title="bbox 2184 3570 3678 3665">
    <p class='ocr_par' dir='ltr' id='par_1_96' title="bbox 2184 3570 3678 3665">
     <span class='ocr_line' id='line_1_96' title="bbox 2184 3570 3678 3665; baseline 0 -23"><span class='ocrx_word' id='word_1_532' title='bbox 2184 3587 2288 3642; x_wconf 88' lang='lat' dir='ltr'><strong>Pro</strong></span> <span class='ocrx_word' id='word_1_533' title='bbox 2317 3587 2509 3665; x_wconf 80' lang='lat' dir='ltr'><strong>studiis</strong></span> <span class='ocrx_word' id='word_1_534' title='bbox 2536 3587 2814 3642; x_wconf 87' lang='lat' dir='ltr'><strong>hominum</strong></span> <span class='ocrx_word' id='word_1_535' title='bbox 2843 3570 3059 3658; x_wconf 88' lang='lat' dir='ltr'><strong>semper</strong></span> <span class='ocrx_word' id='word_1_536' title='bbox 3082 3588 3295 3643; x_wconf 87' lang='lat' dir='ltr'><strong>diversa</strong></span> <span class='ocrx_word' id='word_1_537' title='bbox 3323 3587 3678 3657; x_wconf 82' lang='lat' dir='ltr'><strong>probantutn.</strong></span> 
     </span>
    </p>
   </div>
   <div class='ocr_carea' id='block_1_97' title="bbox 2181 3681 3658 3753">
    <p class='ocr_par' dir='ltr' id='par_1_97' title="bbox 2181 3681 3658 3753">
     <span class='ocr_line' id='line_1_97' title="bbox 2181 3681 3658 3753; baseline -0.001 -16"><span class='ocrx_word' id='word_1_538' title='bbox 2181 3681 2286 3743; x_wconf 77' lang='lat' dir='ltr'><strong>Sed</strong></span> <span class='ocrx_word' id='word_1_539' title='bbox 2314 3681 2448 3736; x_wconf 89' lang='lat' dir='ltr'><strong>mihi</strong></span> <span class='ocrx_word' id='word_1_540' title='bbox 2476 3698 2584 3749; x_wconf 75' lang='lat' dir='ltr'><strong>pra:</strong></span> <span class='ocrx_word' id='word_1_541' title='bbox 2612 3682 2826 3737; x_wconf 88' lang='lat' dir='ltr'><strong>cunctis</strong></span> <span class='ocrx_word' id='word_1_542' title='bbox 2851 3682 3144 3749; x_wconf 88' lang='lat' dir='ltr'><strong>ditissima,</strong></span> <span class='ocrx_word' id='word_1_543' title='bbox 3170 3697 3292 3752; x_wconf 69' lang='lat' dir='ltr'><strong>qua:</strong></span> <span class='ocrx_word' id='word_1_544' title='bbox 3321 3682 3658 3753; x_wconf 83' lang='lat' dir='ltr'><strong>Medulorutn</strong></span> 
     </span>
    </p>
   </div>
   <div class='ocr_carea' id='block_1_98' title="bbox 2183 3772 3481 3844">
    <p class='ocr_par' dir='ltr' id='par_1_98' title="bbox 2183 3772 3481 3844">
     <span class='ocr_line' id='line_1_98' title="bbox 2183 3772 3481 3844; baseline 0 -16"><span class='ocrx_word' id='word_1_545' title='bbox 2183 3773 2387 3828; x_wconf 81' lang='lat' dir='ltr'><strong>Educat</strong></span> <span class='ocrx_word' id='word_1_546' title='bbox 2406 3772 2672 3841; x_wconf 79' lang='lat' dir='ltr'><strong>Oceanus,</strong></span> <span class='ocrx_word' id='word_1_547' title='bbox 2705 3789 2825 3844; x_wconf 70' lang='lat' dir='ltr'><strong>qua:</strong></span> <span class='ocrx_word' id='word_1_548' title='bbox 2855 3774 3257 3844; x_wconf 86' lang='lat' dir='ltr'><strong>Bnrdigalensia</strong></span> <span class='ocrx_word' id='word_1_549' title='bbox 3281 3788 3481 3830; x_wconf 87' lang='lat' dir='ltr'><strong>nomen</strong></span> 
     </span>
    </p>
   </div>
   <div class='ocr_carea' id='block_1_99' title="bbox 2180 3865 3487 3939">
    <p class='ocr_par' dir='ltr' id='par_1_99' title="bbox 2180 3865 3487 3939">
     <span class='ocr_line' id='line_1_99' title="bbox 2180 3865 3487 3939; baseline -0.002 -16"><span class='ocrx_word' id='word_1_550' title='bbox 2180 3866 2363 3939; x_wconf 86' lang='lat' dir='ltr'><strong>Usque</strong></span> <span class='ocrx_word' id='word_1_551' title='bbox 2390 3868 2454 3920; x_wconf 88' lang='lat' dir='ltr'><strong>ad</strong></span> <span class='ocrx_word' id='word_1_552' title='bbox 2476 3865 2757 3922; x_wconf 69' lang='lat' dir='ltr'><strong>Caesareas</strong></span> <span class='ocrx_word' id='word_1_553' title='bbox 2782 3868 2904 3922; x_wconf 88' lang='lat' dir='ltr'><strong>tulit</strong></span> <span class='ocrx_word' id='word_1_554' title='bbox 2926 3868 3215 3923; x_wconf 80' lang='lat' dir='ltr'><strong>admiratio</strong></span> <span class='ocrx_word' id='word_1_555' title='bbox 3245 3880 3487 3934; x_wconf 85' lang='lat' dir='ltr'><strong>mensas,</strong></span> 
     </span>
    </p>
   </div>
   <div class='ocr_carea' id='block_1_100' title="bbox 2178 3960 3518 4032">
    <p class='ocr_par' dir='ltr' id='par_1_100' title="bbox 2178 3960 3518 4032">
     <span class='ocr_line' id='line_1_100' title="bbox 2178 3960 3518 4032; baseline -0.001 -16"><span class='ocrx_word' id='word_1_556' title='bbox 2178 3960 2295 4016; x_wconf 84' lang='lat' dir='ltr'><strong>Non</strong></span> <span class='ocrx_word' id='word_1_557' title='bbox 2328 3960 2543 4015; x_wconf 84' lang='lat' dir='ltr'><strong>laudata</strong></span> <span class='ocrx_word' id='word_1_558' title='bbox 2574 3960 2754 4016; x_wconf 88' lang='lat' dir='ltr'><strong>minus</strong></span> <span class='ocrx_word' id='word_1_559' title='bbox 2785 3961 2954 4016; x_wconf 90' lang='lat' dir='ltr'><strong>nostri</strong></span> <span class='ocrx_word' id='word_1_560' title='bbox 2987 3976 3150 4030; x_wconf 83' lang='lat' dir='ltr'><strong>quam</strong></span> <span class='ocrx_word' id='word_1_561' title='bbox 3181 3960 3354 4032; x_wconf 83' lang='lat' dir='ltr'><strong>gloria</strong></span> <span class='ocrx_word' id='word_1_562' title='bbox 3386 3961 3518 4015; x_wconf 89' lang='lat' dir='ltr'><strong>vini.</strong></span> 
     </span>
    </p>
   </div>
   <div class='ocr_carea' id='block_1_101' title="bbox 2178 4052 3537 4122">
    <p class='ocr_par' dir='ltr' id='par_1_101' title="bbox 2178 4052 3537 4122">
     <span class='ocr_line' id='line_1_101' title="bbox 2178 4052 3537 4122; baseline 0.001 -17"><span class='ocrx_word' id='word_1_563' title='bbox 2178 4052 2308 4107; x_wconf 72' lang='lat' dir='ltr'><strong>llzcc</strong></span> <span class='ocrx_word' id='word_1_564' title='bbox 2337 4052 2475 4106; x_wconf 89' lang='lat' dir='ltr'><strong>inter</strong></span> <span class='ocrx_word' id='word_1_565' title='bbox 2500 4064 2723 4107; x_wconf 89' lang='lat' dir='ltr'><strong>cunctas</strong></span> <span class='ocrx_word' id='word_1_566' title='bbox 2751 4053 2982 4121; x_wconf 86' lang='lat' dir='ltr'><strong>palmam</strong></span> <span class='ocrx_word' id='word_1_567' title='bbox 3010 4068 3263 4107; x_wconf 83' lang='lat' dir='ltr'><strong>meruere</strong></span> <span class='ocrx_word' id='word_1_568' title='bbox 3293 4054 3537 4122; x_wconf 86' lang='lat' dir='ltr'><strong>priorem</strong></span> 
     </span>
    </p>
   </div>
   <div class='ocr_carea' id='block_1_102' title="bbox 2178 4143 3577 4214">
    <p class='ocr_par' dir='ltr' id='par_1_102' title="bbox 2178 4143 3577 4214">
     <span class='ocr_line' id='line_1_102' title="bbox 2178 4143 3577 4214; baseline 0.001 -17"><span class='ocrx_word' id='word_1_569' title='bbox 2178 4143 2439 4197; x_wconf 85' lang='lat' dir='ltr'><strong>Omnibus</strong></span> <span class='ocrx_word' id='word_1_570' title='bbox 2465 4158 2531 4197; x_wconf 82' lang='lat' dir='ltr'><strong>ex</strong></span> <span class='ocrx_word' id='word_1_571' title='bbox 2566 4144 2726 4213; x_wconf 83' lang='lat' dir='ltr'><strong>longo</strong></span> <span class='ocrx_word' id='word_1_572' title='bbox 2756 4145 3094 4199; x_wconf 83' lang='lat' dir='ltr'><strong>cedentibus.</strong></span> <span class='ocrx_word' id='word_1_573' title='bbox 3119 4144 3223 4199; x_wconf 70' lang='lat' dir='ltr'><strong>I~ta</strong></span> <span class='ocrx_word' id='word_1_574' title='bbox 3255 4155 3311 4199; x_wconf 88' lang='lat' dir='ltr'><strong>et</strong></span> <span class='ocrx_word' id='word_1_575' title='bbox 3339 4145 3504 4214; x_wconf 80' lang='lat' dir='ltr'><strong>Opimi</strong></span> <span class='ocrx_word' id='word_1_576' title='bbox 3552 4145 3577 4212; x_wconf 66' lang='grc' dir='ltr'>ξ</span> 
     </span>
    </p>
   </div>
   <div class='ocr_carea' id='block_1_103' title="bbox 2176 4234 3613 4306">
    <p class='ocr_par' dir='ltr' id='par_1_103' title="bbox 2176 4234 3613 4306">
     <span class='ocr_line' id='line_1_103' title="bbox 2176 4234 3613 4306; baseline 0.001 -17"><span class='ocrx_word' id='word_1_577' title='bbox 2176 4234 2439 4297; x_wconf 87' lang='lat' dir='ltr'><strong>Visceris,</strong></span> <span class='ocrx_word' id='word_1_578' title='bbox 2467 4244 2524 4289; x_wconf 89' lang='lat' dir='ltr'><strong>et</strong></span> <span class='ocrx_word' id='word_1_579' title='bbox 2556 4236 2725 4299; x_wconf 87' lang='lat' dir='ltr'><strong>nivei,</strong></span> <span class='ocrx_word' id='word_1_580' title='bbox 2754 4235 3013 4306; x_wconf 90' lang='lat' dir='ltr'><strong>dulcique</strong></span> <span class='ocrx_word' id='word_1_581' title='bbox 3042 4237 3337 4292; x_wconf 84' lang='lat' dir='ltr'><strong>tenerrima</strong></span> <span class='ocrx_word' id='word_1_582' title='bbox 3363 4251 3562 4303; x_wconf 89' lang='lat' dir='ltr'><strong>succo,</strong></span> <span class='ocrx_word' id='word_1_583' title='bbox 3600 4238 3613 4269; x_wconf 67' lang='grc' dir='ltr'>ῖ</span> 
     </span>
    </p>
   </div>
   <div class='ocr_carea' id='block_1_104' title="bbox 2176 4311 3582 4397">
    <p class='ocr_par' dir='ltr' id='par_1_104' title="bbox 2176 4311 3582 4397">
     <span class='ocr_line' id='line_1_104' title="bbox 2176 4311 3582 4397; baseline 0.001 -17"><span class='ocrx_word' id='word_1_584' title='bbox 2176 4325 2399 4381; x_wconf 83' lang='lat' dir='ltr'><strong>Miscent</strong></span> <span class='ocrx_word' id='word_1_585' title='bbox 2428 4311 2741 4394; x_wconf 62' lang='lat' dir='ltr'><strong>atqnoreum</strong></span> <span class='ocrx_word' id='word_1_586' title='bbox 2765 4327 2911 4381; x_wconf 88' lang='lat' dir='ltr'><strong>tenui</strong></span> <span class='ocrx_word' id='word_1_587' title='bbox 2942 4327 3056 4381; x_wconf 88' lang='lat' dir='ltr'><strong>sale</strong></span> <span class='ocrx_word' id='word_1_588' title='bbox 3084 4328 3250 4381; x_wconf 88' lang='lat' dir='ltr'><strong>tincta</strong></span> <span class='ocrx_word' id='word_1_589' title='bbox 3274 4341 3549 4397; x_wconf 70' lang='lat' dir='ltr'><strong>saporem.</strong></span> <span class='ocrx_word' id='word_1_590' title='bbox 3577 4384 3582 4389; x_wconf 66' lang='grc'><em>,</em></span> 
     </span>
    </p>
   </div>
   <div class='ocr_carea' id='block_1_105' title="bbox 2176 4417 3601 4490">
    <p class='ocr_par' dir='ltr' id='par_1_105' title="bbox 2176 4417 3601 4490">
     <span class='ocr_line' id='line_1_105' title="bbox 2176 4417 3601 4490; baseline 0.001 -19"><span class='ocrx_word' id='word_1_591' title='bbox 2176 4417 2427 4472; x_wconf 74' lang='lat' dir='ltr'><strong>Proxima</strong></span> <span class='ocrx_word' id='word_1_592' title='bbox 2458 4420 2566 4473; x_wconf 90' lang='lat' dir='ltr'><strong>sint</strong></span> <span class='ocrx_word' id='word_1_593' title='bbox 2592 4422 2817 4487; x_wconf 71' lang='lat' dir='ltr'><strong>quaevis,</strong></span> <span class='ocrx_word' id='word_1_594' title='bbox 2841 4419 2935 4474; x_wconf 90' lang='lat' dir='ltr'><strong>sed</strong></span> <span class='ocrx_word' id='word_1_595' title='bbox 2959 4419 3117 4490; x_wconf 86' lang='lat' dir='ltr'><strong>longe</strong></span> <span class='ocrx_word' id='word_1_596' title='bbox 3148 4420 3385 4489; x_wconf 78' lang='lat' dir='ltr'><strong>proxima</strong></span> <span class='ocrx_word' id='word_1_597' title='bbox 3410 4420 3601 4485; x_wconf 88' lang='lat' dir='ltr'><strong>multo,</strong></span> 
     </span>
    </p>
   </div>
   <div class='ocr_carea' id='block_1_106' title="bbox 2100 4496 3410 4580">
    <p class='ocr_par' dir='ltr' id='par_1_106' title="bbox 2100 4496 3410 4580">
     <span class='ocr_line' id='line_1_106' title="bbox 2100 4496 3410 4580; baseline 0.003 -18"><span class='ocrx_word' id='word_1_598' title='bbox 2100 4496 2151 4553; x_wconf 83' lang='grc' dir='ltr'><strong>Ι)</strong></span> <span class='ocrx_word' id='word_1_599' title='bbox 2176 4508 2254 4563; x_wconf 75' lang='lat' dir='ltr'><strong>Ex</strong></span> <span class='ocrx_word' id='word_1_600' title='bbox 2279 4510 2561 4564; x_wconf 86' lang='lat' dir='ltr'><strong>intervallo</strong></span> <span class='ocrx_word' id='word_1_601' title='bbox 2586 4527 2600 4564; x_wconf 90' lang='lat'><strong>:</strong></span> <span class='ocrx_word' id='word_1_602' title='bbox 2629 4525 2749 4579; x_wconf 72' lang='lat' dir='ltr'><strong>qua:</strong></span> <span class='ocrx_word' id='word_1_603' title='bbox 2771 4510 3118 4565; x_wconf 74' lang='lat' dir='ltr'><strong>Massiliensis</strong></span> <span class='ocrx_word' id='word_1_604' title='bbox 3142 4522 3323 4580; x_wconf 89' lang='lat' dir='ltr'><strong>portu,</strong></span> <span class='ocrx_word' id='word_1_605' title='bbox 3403 4548 3410 4556; x_wconf 68' lang='grc' dir='ltr'>η</span> 
     </span>
    </p>
   </div>
   <div class='ocr_carea' id='block_1_107' title="bbox 2171 4599 3604 4672">
    <p class='ocr_par' dir='ltr' id='par_1_107' title="bbox 2171 4599 3604 4672">
     <span class='ocr_line' id='line_1_107' title="bbox 2171 4599 3604 4672; baseline 0.003 -21"><span class='ocrx_word' id='word_1_606' title='bbox 2171 4602 2299 4665; x_wconf 74' lang='lat' dir='ltr'><strong>Qum</strong></span> <span class='ocrx_word' id='word_1_607' title='bbox 2320 4599 2500 4655; x_wconf 84' lang='lat' dir='ltr'><strong>Narbo</strong></span> <span class='ocrx_word' id='word_1_608' title='bbox 2523 4601 2588 4655; x_wconf 87' lang='lat' dir='ltr'><strong>ad</strong></span> <span class='ocrx_word' id='word_1_609' title='bbox 2615 4601 2840 4656; x_wconf 86' lang='lat' dir='ltr'><strong>Veneris</strong></span> <span class='ocrx_word' id='word_1_610' title='bbox 2865 4604 3064 4667; x_wconf 89' lang='lat' dir='ltr'><strong>nutrit;</strong></span> <span class='ocrx_word' id='word_1_611' title='bbox 3089 4603 3345 4672; x_wconf 88' lang='lat' dir='ltr'><strong>cultuque</strong></span> <span class='ocrx_word' id='word_1_612' title='bbox 3368 4603 3604 4658; x_wconf 84' lang='lat' dir='ltr'><strong>carentia</strong></span> 
     </span>
    </p>
   </div>
   <div class='ocr_carea' id='block_1_108' title="bbox 2173 4692 3456 4767">
    <p class='ocr_par' dir='ltr' id='par_1_108' title="bbox 2173 4692 3456 4767">
     <span class='ocr_line' id='line_1_108' title="bbox 2173 4692 3456 4767; baseline 0.004 -22"><span class='ocrx_word' id='word_1_613' title='bbox 2173 4693 2591 4762; x_wconf 84' lang='lat' dir='ltr'><strong>Hellespontiaci</strong></span> <span class='ocrx_word' id='word_1_614' title='bbox 2619 4711 2735 4763; x_wconf 62' lang='lat' dir='ltr'><strong>qur.</strong></span> <span class='ocrx_word' id='word_1_615' title='bbox 2766 4692 3003 4765; x_wconf 81' lang='lat' dir='ltr'><strong>protegit</strong></span> <span class='ocrx_word' id='word_1_616' title='bbox 3029 4710 3217 4767; x_wconf 65' lang='lat' dir='ltr'><strong>a&#39;quor</strong></span> <span class='ocrx_word' id='word_1_617' title='bbox 3241 4696 3413 4767; x_wconf 80' lang='lat' dir='ltr'><strong>Abydi</strong></span> <span class='ocrx_word' id='word_1_618' title='bbox 3442 4714 3456 4750; x_wconf 95' lang='lat'>:</span> 
     </span>
    </p>
   </div>
   <div class='ocr_carea' id='block_1_109' title="bbox 2168 4785 3420 4857">
    <p class='ocr_par' dir='ltr' id='par_1_109' title="bbox 2168 4785 3420 4857">
     <span class='ocr_line' id='line_1_109' title="bbox 2168 4785 3420 4857; baseline 0.003 -18"><span class='ocrx_word' id='word_1_619' title='bbox 2168 4785 2264 4839; x_wconf 88' lang='lat' dir='ltr'><strong>Vel</strong></span> <span class='ocrx_word' id='word_1_620' title='bbox 2294 4802 2417 4854; x_wconf 74' lang='lat' dir='ltr'><strong>qua:</strong></span> <span class='ocrx_word' id='word_1_621' title='bbox 2446 4787 2663 4842; x_wconf 86' lang='lat' dir='ltr'><strong>Baianis</strong></span> <span class='ocrx_word' id='word_1_622' title='bbox 2695 4787 2927 4854; x_wconf 75' lang='lat' dir='ltr'><strong>pendent</strong></span> <span class='ocrx_word' id='word_1_623' title='bbox 2950 4787 3214 4842; x_wconf 83' lang='lat' dir='ltr'><strong>fluitantia</strong></span> <span class='ocrx_word' id='word_1_624' title='bbox 3245 4787 3420 4857; x_wconf 83' lang='lat' dir='ltr'><strong>palis:</strong></span> 
     </span>
    </p>
   </div>
   <div class='ocr_carea' id='block_1_110' title="bbox 2165 4876 3571 4948">
    <p class='ocr_par' dir='ltr' id='par_1_110' title="bbox 2165 4876 3571 4948">
     <span class='ocr_line' id='line_1_110' title="bbox 2165 4876 3571 4948; baseline 0.002 -17"><span class='ocrx_word' id='word_1_625' title='bbox 2165 4876 2460 4931; x_wconf 86' lang='lat' dir='ltr'><strong>Santonico</strong></span> <span class='ocrx_word' id='word_1_626' title='bbox 2491 4892 2614 4947; x_wconf 71' lang='lat' dir='ltr'><strong>qum</strong></span> <span class='ocrx_word' id='word_1_627' title='bbox 2646 4886 2785 4931; x_wconf 89' lang='lat' dir='ltr'><strong>tecta</strong></span> <span class='ocrx_word' id='word_1_628' title='bbox 2815 4879 2929 4932; x_wconf 89' lang='lat' dir='ltr'><strong>salo</strong></span> <span class='ocrx_word' id='word_1_629' title='bbox 2956 4897 2968 4930; x_wconf 86' lang='lat'><strong>:</strong></span> <span class='ocrx_word' id='word_1_630' title='bbox 2996 4893 3115 4948; x_wconf 69' lang='lat' dir='ltr'><strong>quae</strong></span> <span class='ocrx_word' id='word_1_631' title='bbox 3140 4890 3265 4935; x_wconf 91' lang='lat' dir='ltr'><strong>nota</strong></span> <span class='ocrx_word' id='word_1_632' title='bbox 3293 4877 3571 4936; x_wconf 85' lang='lat' dir='ltr'><strong>Genonis:</strong></span> 
     </span>
    </p>
   </div>
   <div class='ocr_carea' id='block_1_111' title="bbox 2167 4968 3634 5042">
    <p class='ocr_par' dir='ltr' id='par_1_111' title="bbox 2167 4968 3634 5042">
     <span class='ocr_line' id='line_1_111' title="bbox 2167 4968 3634 5042; baseline 0.005 -21"><span class='ocrx_word' id='word_1_633' title='bbox 2167 4968 2271 5023; x_wconf 84' lang='lat' dir='ltr'><strong>Aut</strong></span> <span class='ocrx_word' id='word_1_634' title='bbox 2300 4969 2540 5024; x_wconf 85' lang='lat' dir='ltr'><strong>Eborum</strong></span> <span class='ocrx_word' id='word_1_635' title='bbox 2570 4970 2766 5025; x_wconf 79' lang='lat' dir='ltr'><strong>mixtus</strong></span> <span class='ocrx_word' id='word_1_636' title='bbox 2797 4972 2984 5041; x_wconf 89' lang='lat' dir='ltr'><strong>pelago</strong></span> <span class='ocrx_word' id='word_1_637' title='bbox 3009 4988 3133 5041; x_wconf 65' lang='lat' dir='ltr'><strong>qua:</strong></span> <span class='ocrx_word' id='word_1_638' title='bbox 3161 4975 3392 5042; x_wconf 87' lang='lat' dir='ltr'><strong>protegit</strong></span> <span class='ocrx_word' id='word_1_639' title='bbox 3423 4974 3594 5028; x_wconf 88' lang='lat' dir='ltr'><strong>amnis</strong></span> <span class='ocrx_word' id='word_1_640' title='bbox 3615 5016 3634 5040; x_wconf 93' lang='lat'><strong>,</strong></span> 
     </span>
    </p>
   </div>
   <div class='ocr_carea' id='block_1_112' title="bbox 2167 5054 3489 5133">
    <p class='ocr_par' dir='ltr' id='par_1_112' title="bbox 2167 5054 3489 5133">
     <span class='ocr_line' id='line_1_112' title="bbox 2167 5054 3489 5133; baseline 0.003 -18"><span class='ocrx_word' id='word_1_641' title='bbox 2167 5059 2234 5115; x_wconf 88' lang='lat' dir='ltr'><strong>Ut</strong></span> <span class='ocrx_word' id='word_1_642' title='bbox 2265 5061 2431 5115; x_wconf 84' lang='lat' dir='ltr'><strong>multo</strong></span> <span class='ocrx_word' id='word_1_643' title='bbox 2456 5062 2671 5132; x_wconf 86' lang='lat' dir='ltr'><strong>jaceant</strong></span> <span class='ocrx_word' id='word_1_644' title='bbox 2699 5062 2938 5133; x_wconf 69' lang='lat' dir='ltr'><strong>algarum</strong></span> <span class='ocrx_word' id='word_1_645' title='bbox 2969 5064 3202 5118; x_wconf 84' lang='lat' dir='ltr'><strong>obducta</strong></span> <span class='ocrx_word' id='word_1_646' title='bbox 3232 5054 3489 5131; x_wconf 84' lang='lat' dir='ltr'><strong>recessu;</strong></span> 
     </span>
    </p>
   </div>
   <div class='ocr_carea' id='block_1_113' title="bbox 2159 5153 3434 5229">
    <p class='ocr_par' dir='ltr' id='par_1_113' title="bbox 2159 5153 3434 5229">
     <span class='ocr_line' id='line_1_113' title="bbox 2159 5153 3434 5229; baseline 0.007 -23"><span class='ocrx_word' id='word_1_647' title='bbox 2159 5153 2360 5220; x_wconf 70' lang='lat' dir='ltr'><strong>Aspera</strong></span> <span class='ocrx_word' id='word_1_648' title='bbox 2389 5170 2509 5224; x_wconf 68' lang='lat' dir='ltr'><strong>quae</strong></span> <span class='ocrx_word' id='word_1_649' title='bbox 2537 5156 2713 5222; x_wconf 90' lang='lat' dir='ltr'><strong>testis,</strong></span> <span class='ocrx_word' id='word_1_650' title='bbox 2741 5166 2796 5211; x_wconf 83' lang='lat' dir='ltr'><strong>et</strong></span> <span class='ocrx_word' id='word_1_651' title='bbox 2822 5157 3001 5211; x_wconf 89' lang='lat' dir='ltr'><strong>dulcia</strong></span> <span class='ocrx_word' id='word_1_652' title='bbox 3027 5156 3187 5211; x_wconf 88' lang='lat' dir='ltr'><strong>farris</strong></span> <span class='ocrx_word' id='word_1_653' title='bbox 3217 5159 3434 5229; x_wconf 73' lang='lat' dir='ltr'><strong>epimte.</strong></span> 
     </span>
    </p>
   </div>
   <div class='ocr_carea' id='block_1_114' title="bbox 2160 5245 3512 5319">
    <p class='ocr_par' dir='ltr' id='par_1_114' title="bbox 2160 5245 3512 5319">
     <span class='ocr_line' id='line_1_114' title="bbox 2160 5245 3512 5319; baseline 0.002 -19"><span class='ocrx_word' id='word_1_654' title='bbox 2160 5245 2294 5300; x_wconf 90' lang='lat' dir='ltr'><strong>Sunt</strong></span> <span class='ocrx_word' id='word_1_655' title='bbox 2327 5253 2381 5300; x_wconf 90' lang='lat' dir='ltr'><strong>et</strong></span> <span class='ocrx_word' id='word_1_656' title='bbox 2411 5245 2710 5299; x_wconf 89' lang='lat' dir='ltr'><strong>Aremorici</strong></span> <span class='ocrx_word' id='word_1_657' title='bbox 2740 5246 2830 5316; x_wconf 90' lang='lat' dir='ltr'><strong>qui</strong></span> <span class='ocrx_word' id='word_1_658' title='bbox 2869 5247 3087 5302; x_wconf 87' lang='lat' dir='ltr'><strong>laudent</strong></span> <span class='ocrx_word' id='word_1_659' title='bbox 3116 5258 3296 5303; x_wconf 86' lang='lat' dir='ltr'><strong>ostrea</strong></span> <span class='ocrx_word' id='word_1_660' title='bbox 3326 5250 3471 5319; x_wconf 90' lang='lat' dir='ltr'><strong>ponti</strong></span> <span class='ocrx_word' id='word_1_661' title='bbox 3497 5267 3512 5303; x_wconf 68' lang='grc' dir='ltr'><strong>ξ</strong></span> 
     </span>
    </p>
   </div>
   <div class='ocr_carea' id='block_1_115' title="bbox 2159 5339 3529 5413">
    <p class='ocr_par' dir='ltr' id='par_1_115' title="bbox 2159 5339 3529 5413">
     <span class='ocr_line' id='line_1_115' title="bbox 2159 5339 3529 5413; baseline 0.004 -19"><span class='ocrx_word' id='word_1_662' title='bbox 2159 5339 2227 5395; x_wconf 85' lang='lat' dir='ltr'><strong>Et</strong></span> <span class='ocrx_word' id='word_1_663' title='bbox 2254 5356 2373 5410; x_wconf 67' lang='lat' dir='ltr'><strong>qua:</strong></span> <span class='ocrx_word' id='word_1_664' title='bbox 2405 5339 2663 5395; x_wconf 82' lang='lat' dir='ltr'><strong>Pictonici</strong></span> <span class='ocrx_word' id='word_1_665' title='bbox 2695 5340 2821 5412; x_wconf 87' lang='lat' dir='ltr'><strong>legit</strong></span> <span class='ocrx_word' id='word_1_666' title='bbox 2847 5342 3028 5398; x_wconf 86' lang='lat' dir='ltr'><strong>accola</strong></span> <span class='ocrx_word' id='word_1_667' title='bbox 3051 5343 3251 5398; x_wconf 89' lang='lat' dir='ltr'><strong>littoris</strong></span> <span class='ocrx_word' id='word_1_668' title='bbox 3283 5362 3296 5396; x_wconf 91' lang='lat'>:</span> <span class='ocrx_word' id='word_1_669' title='bbox 3330 5352 3386 5398; x_wconf 90' lang='lat' dir='ltr'><strong>et</strong></span> <span class='ocrx_word' id='word_1_670' title='bbox 3408 5360 3529 5413; x_wconf 66' lang='lat' dir='ltr'><strong>qua!</strong></span> 
     </span>
    </p>
   </div>
   <div class='ocr_carea' id='block_1_116' title="bbox 2152 5431 3511 5504">
    <p class='ocr_par' dir='ltr' id='par_1_116' title="bbox 2152 5431 3511 5504">
     <span class='ocr_line' id='line_1_116' title="bbox 2152 5431 3511 5504; baseline 0.001 -17"><span class='ocrx_word' id='word_1_671' title='bbox 2152 5431 2282 5487; x_wconf 76' lang='lat' dir='ltr'><strong>Mira</strong></span> <span class='ocrx_word' id='word_1_672' title='bbox 2310 5431 2638 5487; x_wconf 82' lang='lat' dir='ltr'><strong>Caledonius</strong></span> <span class='ocrx_word' id='word_1_673' title='bbox 2660 5447 3061 5504; x_wconf 90' lang='lat' dir='ltr'><strong>nonnumquam</strong></span> <span class='ocrx_word' id='word_1_674' title='bbox 3092 5434 3296 5504; x_wconf 87' lang='lat' dir='ltr'><strong>delegit</strong></span> <span class='ocrx_word' id='word_1_675' title='bbox 3323 5445 3511 5489; x_wconf 71' lang='lat' dir='ltr'><strong>tostus.</strong></span> 
     </span>
    </p>
   </div>
   <div class='ocr_carea' id='block_1_117' title="bbox 2152 5519 3574 5596">
    <p class='ocr_par' dir='ltr' id='par_1_117' title="bbox 2152 5519 3574 5596">
     <span class='ocr_line' id='line_1_117' title="bbox 2152 5519 3574 5596; baseline 0.004 -20"><span class='ocrx_word' id='word_1_676' title='bbox 2152 5521 2462 5587; x_wconf 83' lang='lat' dir='ltr'><strong>Accedunt,</strong></span> <span class='ocrx_word' id='word_1_677' title='bbox 2493 5539 2613 5593; x_wconf 67' lang='lat' dir='ltr'><strong>quas</strong></span> <span class='ocrx_word' id='word_1_678' title='bbox 2641 5522 2814 5595; x_wconf 88' lang='lat' dir='ltr'><strong>(fama</strong></span> <span class='ocrx_word' id='word_1_679' title='bbox 2845 5519 3069 5595; x_wconf 75' lang='lat' dir='ltr'><strong>reCens)</strong></span> <span class='ocrx_word' id='word_1_680' title='bbox 3100 5525 3355 5596; x_wconf 83' lang='lat' dir='ltr'><strong>Byzantia</strong></span> <span class='ocrx_word' id='word_1_681' title='bbox 3386 5525 3574 5581; x_wconf 85' lang='lat' dir='ltr'><strong>subter</strong></span> 
     </span>
    </p>
   </div>
   <div class='ocr_carea' id='block_1_118' title="bbox 2151 5611 3519 5685">
    <p class='ocr_par' dir='ltr' id='par_1_118' title="bbox 2151 5611 3519 5685">
     <span class='ocr_line' id='line_1_118' title="bbox 2151 5611 3519 5685; baseline 0.001 -18"><span class='ocrx_word' id='word_1_682' title='bbox 2151 5611 2378 5679; x_wconf 84' lang='lat' dir='ltr'><strong>Littnra,</strong></span> <span class='ocrx_word' id='word_1_683' title='bbox 2406 5622 2460 5668; x_wconf 90' lang='lat' dir='ltr'><strong>et</strong></span> <span class='ocrx_word' id='word_1_684' title='bbox 2489 5615 2677 5668; x_wconf 85' lang='lat' dir='ltr'><strong>insana</strong></span> <span class='ocrx_word' id='word_1_685' title='bbox 2704 5624 2959 5684; x_wconf 87' lang='lat' dir='ltr'><strong>generata</strong></span> <span class='ocrx_word' id='word_1_686' title='bbox 2990 5615 3336 5685; x_wconf 79' lang='lat' dir='ltr'><strong>Pr0p0ntidis</strong></span> <span class='ocrx_word' id='word_1_687' title='bbox 3364 5625 3483 5671; x_wconf 82' lang='lat' dir='ltr'><strong>acta</strong></span> <span class='ocrx_word' id='word_1_688' title='bbox 3502 5657 3519 5683; x_wconf 94' lang='lat'><strong>,</strong></span> 
     </span>
    </p>
   </div>
   <div class='ocr_carea' id='block_1_119' title="bbox 2149 5705 3510 5775">
    <p class='ocr_par' dir='ltr' id='par_1_119' title="bbox 2149 5705 3510 5775">
     <span class='ocr_line' id='line_1_119' title="bbox 2149 5705 3510 5775; baseline 0.001 -14"><span class='ocrx_word' id='word_1_689' title='bbox 2149 5705 2387 5761; x_wconf 88' lang='lat' dir='ltr'><strong>Promoti</strong></span> <span class='ocrx_word' id='word_1_690' title='bbox 2413 5706 2680 5764; x_wconf 80' lang='lat' dir='ltr'><strong>celebrata</strong></span> <span class='ocrx_word' id='word_1_691' title='bbox 2707 5708 2862 5764; x_wconf 90' lang='lat' dir='ltr'><strong>ducis</strong></span> <span class='ocrx_word' id='word_1_692' title='bbox 2890 5709 2963 5765; x_wconf 91' lang='lat' dir='ltr'><strong>de</strong></span> <span class='ocrx_word' id='word_1_693' title='bbox 2988 5710 3227 5775; x_wconf 89' lang='lat' dir='ltr'><strong>nomine,</strong></span> <span class='ocrx_word' id='word_1_694' title='bbox 3264 5708 3510 5763; x_wconf 88' lang='lat' dir='ltr'><strong>laudant.</strong></span> 
     </span>
    </p>
   </div>
   <div class='ocr_carea' id='block_1_120' title="bbox 3826 6174 3839 6219">
    <p class='ocr_par' dir='ltr' id='par_1_120' title="bbox 3826 6174 3839 6219">
     <span class='ocr_line' id='line_1_120' title="bbox 3826 6174 3839 6219; baseline 0 0"><span class='ocrx_word' id='word_1_695' title='bbox 3826 6174 3839 6219; x_wconf 75' lang='lat' dir='ltr'><strong>t</strong></span> 
     </span>
    </p>
   </div>
  </div>
