3884 6330
156 323 256 380 921

157 433 290 487 Haec
322 430 426 485 tibi
457 443 564 482 non
594 434 768 491 vates,
799 436 904 478 non
936 419 1245 482 historicus,
1277 425 1451 482 neque
1480 417 1593 464 toto

155 526 305 579 Orbe
337 536 510 592 vagus
540 519 764 576 conviva
796 519 1004 585 loquor,
1037 510 1128 567 sed
1165 508 1356 564 tradita
1381 503 1598 559 multis:

160 618 226 673 Ut
254 617 511 678 solitum,
544 611 795 682 qumiens
819 609 1025 663 dextra:
1053 601 1304 658 invitatio
1335 610 1535 652 mensa:

154 709 436 765 Sollicitat
466 711 640 762 lenem
668 702 809 758 comi
841 713 1093 754 sermone
1115 696 1354 766 Lymum.

159 803 288 855 llaec
329 815 442 853 non
471 812 567 867 per
592 788 811 864 vulgum
848 789 976 844 mihi
1008 765 1243 857 cognita,
1268 793 1472 854 perque
1493 774 1740 848 popinas.
1778 765 1781 768 ’

158 896 265 946 Aut
291 891 662 959 parasitorum
694 883 919 952 collegia
952 880 1319 935 Plautinorum
1345 891 1360 928 :

158 983 267 1038 Sed
292 1027 307 1049 ,
343 980 517 1034 festos
545 977 671 1047 quia
702 990 847 1042 smpe
877 972 993 1026 dies
1027 970 1219 1038 partim
1249 967 1363 1033 ipse
1394 973 1638 1016 meorum

157 1074 424 1136 Excolui,
457 1071 616 1138 inque
648 1068 820 1120 vicem
853 1063 1081 1118 conviva
1115 1067 1331 1112 vocatus
1358 1053 1530 1118 adivi,

158 1163 373 1218 Natalis
401 1163 445 1214 si
479 1161 618 1214 forte
651 1157 750 1212 luit
776 1154 1032 1210 solemnis
1062 1152 1256 1212 amico,

156 1256 549 1324 CoujugiOque
578 1253 766 1318 dapes,
799 1258 889 1301 aut
919 1261 1069 1301 sacra
1098 1242 1308 1310 rep0tia
1337 1246 1549 1309 patrum
1570 1275 1585 1300 ,

159 1350 359 1406 Audivi
388 1366 403 1403 :
431 1345 762 1414 memiuique
790 1343 964 1395 bonos
994 1336 1215 1391 laudare
1243 1333 1573 1401 frequentes.

736 1450 1069 1509 EPIS'l‘OLA
1114 1447 1184 1502 Χ.

676 1548 938 1601 Αοεοκιυε
975 1542 1178 1596 Ρλυιο.

155 1667 211 1721 Si
246 1680 353 1735 qua
389 1662 525 1717 ﬁdes
557 1658 707 1714 falsis
735 1668 991 1724 umquam
1022 1660 1106 1706 est
1133 1643 1436 1702 adhibenda
1465 1640 1637 1709 poetis
1657 1679 1673 1704 ,

231 1757 343 1812 Nec
373 1756 582 1825 plasma
615 1764 829 1818 semper
857 1747 1086 1800 alliuuut
1107 1785 1122 1807 ,

156 1849 358 1915 Paule,
387 1847 747 1901 Camenarum
775 1839 1130 1894 celeberrime
1152 1833 1512 1888 Castaliarum

230 1943 474 1996 Alumne
501 1937 798 2009 quondam,
834 1947 974 1988 nunc
1005 1941 1178 1999 pater,

159 2039 267 2091 Aut
298 2047 462 2103 avus,
493 2041 586 2085 aut
614 2030 830 2100 proavis
857 2025 1152 2096 antiquior,
1188 2030 1244 2073 ut
1277 2019 1375 2074 fuit
1402 2017 1532 2072 olim

229 2128 641 2183 Tartessiorum
670 2123 886 2193 regulus
915 2138 927 2172 :

160 2222 489 2273 lntemerata
525 2216 618 2269 tibi
649 2220 907 2268 maneant
939 2207 1202 2277 promissa
1236 2209 1529 2258 memento.

229 2312 478 2367 thbus
499 2309 653 2379 jubet
680 2320 866 2361 verum
897 2302 1064 2371 loqui.

163 2404 226 2457 Et
255 2402 299 2455 si
331 2400 538 2454 Pierias
564 2397 766 2467 patitur
790 2396 956 2448 lirare
989 2404 1234 2450 sorores,

233 2495 542 2562 Numquam
576 2492 691 2560 ipse
721 2497 938 2555 torquet
963 2482 1181 2539 αὔλακα.

163 2589 239 2643 Te
269 2601 490 2657 quoque
519 2599 587 2637 ne
616 2583 796 2652 pigeat
824 2576 1115 2645 COIISpOllSl
1150 2571 1402 2628 hederis:
1435 2579 1488 2623 et
1512 2568 1622 2637 jam

232 2679 389 2734 Citus
421 2676 541 2732 veni
574 2689 757 2738 remo,
789 2681 879 2725 aut
910 2678 1050 2723 rota.

167 2773 430 2842 Equiti-is
457 2768 654 2823 undosi
678 2780 782 2836 qua
815 2761 1172 2829 multiplicata
1196 2770 1439 2818 recursu,

235 2866 513 2921 Garumna
544 2870 764 2932 pontum
799 2864 1076 2927 provocat.

167 2961 271 3016 Aut
303 2959 620 3012 iteratarum
649 2968 751 3023 qua
778 2951 960 3020 glarea
985 2949 1108 3001 trita
1134 2944 1367 3008 viarum,

236 3052 363 3106 Fert
397 3050 685 3103 militarem
712 3047 777 3100 ad
804 3045 1066 3098 Blaviam.

166 3143 272 3198 Nos
298 3143 505 3196 etenim
541 3139 729 3207 primis
754 3144 997 3190 sanctum
1020 3140 1154 3202 post
1179 3128 1384 3184 Pascha
1414 3124 1606 3181 diebus

235 3237 477 3289 Avemus
508 3246 694 3301 agrum
724 3230 924 3283 visere.

169 3330 297 3383 Nam
327 3325 518 3396 ponuli
546 3332 738 3390 cretus,
768 3331 825 3375 et
855 3317 1090 3387 compita
1122 3311 1340 3368 sordida
1374 3309 1508 3365 rixis

237 3420 607 3474 Fastidientes
631 3459 645 3481 ,
676 3415 951 3472 cernimus

169 3519 440 3583 Augustas
468 3515 677 3566 fervere
710 3509 849 3574 vias,
877 3516 933 3562 et
962 3518 1229 3575 congrege
1257 3500 1418 3570 vulgo

236 3606 442 3660 Nomen
471 3604 679 3674 plateas
710 3599 960 3670 perdere.

169 3697 400 3751 Turbida
429 3695 707 3765 congestis
737 3691 991 3748 referitur
1014 3686 1239 3742 vocibus
1270 3683 1441 3746 Echo,

236 3792 382 3846 'l‘cne
403 3833 418 3856 ,
449 3789 585 3855 feri,
615 3788 749 3852 duc,
774 3770 878 3849 ida,
911 3783 1080 3839 cave“:

169 3881 270 3937 Sus
302 3882 572 3935 lutulenta
607 3875 736 3946 fugit
758 3921 772 3944 ,
805 3873 1026 3929 rabidus
1053 3870 1202 3925 canis
1233 3868 1435 3938 impete
1461 3879 1640 3927 saevo,

239 3972 304 4026 Et
333 3973 572 4041 impares
596 3970 834 4038 plaustro
857 3967 1042 4020 boves.
1496 4003 1506 4015 .

170 4062 273 4117 Nec
302 4063 524 4132 prodest
556 4057 835 4127 penetrale
865 4055 1056 4110 domus
1084 4061 1140 4109 et
1164 4060 1352 4122 operta
1378 4048 1562 4104 subire
1589 4066 1601 4100 :

238 4156 337 4210 Per
366 4162 510 4210 tecta
535 4153 802 4207 clamores
833 4156 1034 4202 meant.

172 4249 316 4315 llasc,
345 4259 400 4303 et
431 4264 552 4318 qua:
583 4251 810 4316 possunt
841 4240 1078 4310 placidos
1104 4236 1386 4292 offendere
1418 4247 1631 4298 mores,

240 4342 446 4411 Cogunt
476 4339 704 4408 relinqui
737 4337 964 4390 mtnuia:

174 4432 354 4488 Dulcia
379 4433 576 4488 secreti
607 4437 917 4496 repetantur
942 4435 999 4480 ut
1027 4426 1135 4479 otia
1162 4423 1318 4476 ruris

239 4525 400 4596 Nugis
429 4538 644 4580 ammna
673 4524 856 4576 seriis.

172 4615 435 4686 Tempora
459 4617 718 4684 diSponas
745 4613 832 4666 ubi
865 4623 916 4664 tu
951 4618 1040 4664 tua
1067 4611 1294 4682 :jnsqne
1328 4617 1479 4659 tnnm
1504 4605 1571 4658 sit
1589 4645 1604 4669 ,

246 4709 310 4764 Ut
344 4711 415 4763 nil
447 4724 610 4777 agas,
645 4707 724 4760 vel
754 4704 893 4773 quod
923 4703 1091 4756 voles.

178 4801 250 4855 Ad
275 4818 391 4870 qua!
418 4803 461 4856 si
493 4802 789 4872 properas,
810 4805 919 4851 tota
950 4811 1071 4850 cum
1105 4806 1283 4847 merce
1312 4797 1533 4845 tuarum

243 4894 375 4949 Veni
407 4897 762 4950 Camenarum
796 4892 960 4945 citas.

178 4984 506 5055 thctvlicos,
536 4985 739 5053 elegos,
770 4981 1144 5036 choriambum
1177 4991 1424 5042 carmen,
1449 4973 1676 5045 epodos,

243 5079 391 5134 Socci
418 5090 470 5133 et
504 5077 756 5132 cothurni
791 5076 1083 5136 musicam,

178 5168 452 5239 Carpentis
478 5173 696 5240 impone
723 5169 864 5223 tuis:
892 5183 1016 5221 nam
1054 5173 1160 5219 tota
1193 5162 1435 5232 supellex

247 5263 428 5319 Vatum
459 5264 669 5335 piorum
697 5261 919 5314 chartea
950 5268 1052 5335 es}.

182 5350 461 5411 Nobiscum
499 5355 749 5410 invenies
774 5352 1098 5422 catenoplia,
1129 5350 1172 5404 si
1206 5348 1336 5403 libet
1377 5348 1488 5412 uti,

252 5445 361 5502 Non
386 5448 550 5504 Pmna
570 5489 584 5513 ,
615 5447 708 5502 sed
741 5445 929 5502 Graeca
959 5444 1084 5500 tidc.

259 5579 439 5638 Versus
460 5599 600 5638 meos
627 5583 745 5636 utili
771 5591 817 5636 et
848 5582 1052 5634 conscio
1075 5579 1172 5634 sibi
1196 5579 1394 5650 pudore
1420 5575 1608 5629 celatos
1638 5591 1753 5628 car-

188 5671 315 5724 mine
341 5684 424 5728 tuo
465 5687 510 5730 et
552 5693 788 5730 sermone
832 5675 1110 5744 praemissis
1164 5674 1285 5725 dum
1319 5681 1467 5740 putas
1497 5670 1632 5733 elici,
1674 5685 1753 5722 νεα

184 5766 420 5829 pressisti.
454 5768 590 5822 Nam
618 5769 707 5838 qui
748 5769 858 5837 ipse
884 5767 1157 5838 facundus,
1191 5774 1236 5817 et
1265 5766 1486 5818 musicus
1536 5762 1753 5817 editioni

1550 342 1556 345 _
1579 284 1962 350 EPISTOL/E.

1773 401 1822 461 Α
1849 399 2032 453 alienae
2072 397 2342 464 prolectat,
2387 389 2666 444 audaciam
2695 385 2932 452 consilio,
2983 399 3086 455 quo
3113 382 3314 444 suadet,
3345 393 3435 432 ea:-

1774 4526 1828 4584 D

3327 260 3434 321 929.

1846 500 2022 546 terret.
2054 489 2215 560 Tegat
2244 493 2445 554 oportet
2473 482 2680 535 auditor
2701 479 2994 534 doctrinam
3021 492 3193 544 suam,
3225 473 3313 545 qui
3339 487 3430 525 ro-
3454 537 3456 539 μ

1845 586 1915 638 let
1953 585 2018 636 ad
2066 579 2337 634 dicendum
2368 577 2652 630 sollicitare
2682 574 3022 639 trepidantem
3051 585 3070 623 :
3094 584 3187 621 nec
3217 563 3429 620 emerita

1845 675 2114 728 aduersum
2138 669 2437 741 tyrunculos
2454 683 2600 719 arma
2619 664 2875 717 concutiat
2892 671 3131 715 veterana
3149 656 3431 710 calliditas.

1849 767 2020 824 Sensit
2041 766 2134 818 hoc
2164 761 2337 817 Venus
2358 760 2424 813 de
2447 757 2849 830 pulchritudinis
2871 755 3048 826 palma
3071 753 3161 805 diu
3191 749 3434 821 ambiguo

1846 859 2093 926 ampliata
2111 854 2335 926 judicio.
2373 849 2641 904 Pudenter
2669 849 2803 900 enim
2832 854 2884 897 ut
2919 843 3062 914 apud
3089 851 3309 912 patrem.
3341 855 3433 893 ve-

1847 952 1953 1005 lata
1970 956 2246 1003 certaverat
2266 961 2282 996 :
2301 959 2465 1014 neque
2481 939 2765 995 deterrebat
2787 935 3004 992 tinnulas
3025 941 3236 988 ornatus
3257 947 3434 1002 aequa-

1847 1043 1930 1095 lis.
1973 1041 2041 1093 At
2076 1047 2344 1108 postquam
2390 1036 2445 1087 in
2479 1032 2703 1105 pastoris
2742 1045 2955 1084 examen
3004 1027 3222 1079 deducta
3248 1034 3322 1079 est
3368 1023 3436 1076 lis

1847 1134 2079 1195 deorum,
2112 1128 2278 1198 qualis
2309 1135 2578 1180 emerserat
2606 1124 2759 1187 mari,
2789 1130 2875 1174 aut
2905 1135 3020 1173 cum
3047 1117 3218 1170 Marte
3246 1130 3432 1170 conve-

1849 1234 2014 1288 nerat,
2046 1231 2094 1275 et
2115 1219 2457 1275 consternavit
2487 1217 2765 1281 arbitrum,
2797 1223 2842 1267 et
2871 1208 3284 1265 contendentium
3321 1222 3436 1259 cer-

1849 1326 2016 1370 tamen
2051 1312 2318 1385 oppressit.
2351 1309 2491 1380 Ergo
2514 1309 2614 1361 nisi
2637 1308 2829 1360 delirus
2860 1315 2976 1357 tuus
3003 1304 3055 1354 in
3079 1317 3135 1353 re
3166 1299 3302 1352 tenui
3331 1312 3436 1350 non

1847 1407 2062 1459 tenuiter
2086 1404 2353 1456 laboratus
2377 1400 2626 1467 opuscula
2653 1413 2785 1461 mea,
2815 1409 2926 1463 quae
2944 1392 3111 1462 promi
3130 1389 3430 1450 studueras,

1846 1499 2176 1560 retardasset,
2215 1494 2529 1567 jamdudum
2574 1505 2688 1562 ego,
2721 1498 2772 1539 ut
2805 1484 3000 1556 palmes
3054 1481 3333 1545 audacior,
3379 1477 3434 1529 in

1849 1592 2098 1662 [tybernas
2125 1588 2292 1642 adhuc
2323 1602 2472 1638 curas
2501 1583 2793 1648 improbant
2828 1594 3034 1651 germen
3076 1576 3316 1646 egissem,
3350 1586 3436 1638 pe-

1848 1685 2072 1740 riculum
2083 1681 2272 1753 judicii
2294 1678 2461 1748 grauis
2482 1674 2774 1728 inconsulta
2799 1668 3121 1741 festinatione
3144 1664 3432 1718 subiturus.

1783 1770 1824 1829 Β
1853 1776 2086 1843 Denique
2128 1773 2414 1835 dissonum,
2443 1783 2594 1836 quem
2623 1764 2930 1818 colonomon
2967 1758 3202 1812 existimo
3226 1753 3439 1824 praprie

1850 1888 1883 1924 a
1921 1866 2196 1937 philologis
2243 1862 2590 1932 appellatum,
2624 1856 2843 1923 accrevi,
2885 1862 2938 1906 ut
2977 1851 3196 1923 jubebas
3246 1845 3442 1899 recenti

1848 1975 2087 2014 versuum
2119 1967 2321 2009 tuorum
2369 1952 2588 2005 lectione
2632 1965 2732 2003 non
2778 1962 2935 1999 ausus
2973 1960 3036 1996 ea
3064 1955 3177 2008 quae
3205 1938 3294 1991 tibi
3318 1939 3432 2005 jam

1849 2052 2042 2107 cursim
2071 2054 2276 2119 fuerant
2307 2045 2541 2108 recitata,
2580 2037 2865 2094 transmisi.
2905 2033 3115 2087 Etenim
3142 2031 3237 2082 hoc
3269 2043 3434 2098 papa-

1847 2146 2012 2210 scisti,
2039 2153 2186 2212 atque
2213 2139 2267 2192 id
2298 2154 2387 2209 ego
2415 2135 2600 2203 malui,
2631 2142 2685 2186 tu
2716 2140 2772 2186 ut
2801 2140 2887 2184 tua
2923 2126 3073 2197 culpa
3104 2126 3170 2178 ad
3199 2123 3436 2176 eumdem

1850 2235 2074 2306 lapidem
2096 2232 2172 2285 bis
2197 2228 2503 2296 oﬂenderes,
2534 2241 2626 2296 ego
2653 2232 2845 2288 autem,
2877 2231 3205 2290 quiscumque
3226 2214 3436 2284 fortuna

1850 2337 1999 2392 esset,
2025 2326 2178 2379 semel
2206 2323 2569 2379 erubescerent.
3072 2308 3078 2313 “

2401 2433 2731 2491 EPISTOLA
2792 2430 2862 2485 XI
2876 2471 2889 2483 .

2266 2531 2531 2585 Ausomus
2566 2527 2749 2580 PAULO
2787 2523 3022 2578 salutem.

1931 2648 2082 2712 Vide,
2113 2647 2184 2699 mi
2203 2643 2399 2711 Paule,
2432 2658 2586 2712 quam
2612 2641 2843 2706 ineptum
2869 2634 3173 2701 lacessieris,
3193 2632 3247 2685 in
3274 2630 3438 2684 t‘erbis

1850 2742 2032 2794 rudem
2058 2780 2073 2804 ,
2115 2740 2168 2792 in
2205 2736 2501 2806 eloquendo
2549 2733 2800 2802 hiulcum,
2848 2747 2879 2782 a
2929 2727 3206 2797 prOpositis
3237 2726 3435 2778 discre-

1850 2844 2083 2906 pantem,
2106 2833 2160 2886 in
2197 2831 2420 2884 uersibus
2446 2824 2858 2880 concinnationis
2884 2831 3138 2893 expertem
3156 2861 3170 2883 ,
3192 2819 3246 2872 in
3276 2816 3434 2871 cavil-

1851 2927 2008 2980 lando
2057 2932 2246 2976 natura
2291 2922 2616 2974 invenustum
2658 2934 2746 2970 nec
2792 2925 2903 2968 arte
2948 2913 3234 2978 conditum,
3283 2909 3440 2963 diluti

1851 3018 1976 3070 salis
2006 3026 2052 3069 et
2080 3015 2218 3086 fellis
2244 3012 2417 3083 ignavi
2443 3051 2457 3073 ,
2491 3027 2579 3063 nec
2619 3009 2682 3061 de
2711 3008 2868 3060 mimo
2915 3003 3244 3077 planipedem
3272 3043 3289 3068 ,
3345 3018 3438 3055 nec

1853 3109 1914 3160 de
1939 3106 2205 3159 comwdiis
2249 3103 2589 3156 histrionem.
2625 3099 2697 3152 Ac
2747 3097 2850 3150 nisi
2887 3095 2996 3150 Iuec
3043 3110 3075 3146 α
3103 3093 3249 3146 nobis
3279 3092 3440 3144 missa

1854 3198 1959 3268 ipse
1991 3202 2218 3250 tecturus
2259 3209 2412 3260 esses,
2460 3192 2616 3246 etiam
2663 3190 2726 3244 de
2773 3183 3193 3260 pronuntiatione
3221 3184 3434 3238 rideres.

1857 3287 2014 3341 Nunc
2047 3285 2386 3340 commodiore
2414 3285 2521 3354 fato
2551 3292 2704 3343 sunt,
2734 3281 2876 3351 quod
2903 3278 3019 3332 licet
3050 3276 3190 3347 apud
3223 3291 3314 3329 nos
3352 3291 3439 3344 ge-

1855 3382 2014 3433 nuina
2034 3423 2047 3446 ,
2079 3377 2220 3444 apud
2249 3387 2293 3429 te
2323 3384 2470 3429 erunt
2502 3375 2766 3443 adoptiva.

2001 3493 2196 3548 Vinum
2229 3505 2349 3544 cum
2379 3489 2561 3558 bijugo
2592 3487 2793 3556 parabo
2819 3485 3063 3556 plaustro

1995 3585 2177 3639 Primo
2207 3591 2448 3651 tempore
2470 3580 2744 3636 Santonos
2773 3576 3078 3633 vehendum
3100 3616 3116 3641 ,

1998 3679 2169 3732 Ovum
2202 3687 2254 3729 tu
2277 3689 2493 3745 quoque
2525 3673 2762 3742 passeris
2790 3670 3015 3735 marini,

1996 3770 2150 3837 Quod
2184 3783 2326 3823 nunc
2367 3780 2590 3838 promus
2618 3767 2697 3819 ait
2727 3764 2917 3834 procul
2945 3762 3197 3817 relictum

1999 3865 2058 3918 ln
2090 3863 2256 3918 fundo
2289 3861 2478 3934 patriae
2509 3860 2887 3930 Bigerritanae.

2382 3974 2716 4073 EPIST’OLA
2778 3973 2894 4028 XII.

2363 4079 2552 4126 ΔΪΣΟΝ
2559 4077 2650 4123 1οΣ
2688 4073 2915 4124 ΠΛΥΛΩ.

1922 4184 2208 4265 Ἑλλαδικῆς
2234 4186 2469 4258 μετέχων
2497 4185 2719 4246 Μούσης,
2751 4182 3025 4248 Latiasque
3052 4179 3325 4242 Camenae,

1851 4280 1994 4351 ’Λξίῳ
2017 4277 2252 4339 Αὐσόνιος
2279 4291 2528 4331 sermone
2555 4275 2732 4330 alludo
2763 4275 3005 4343 bilingui.

1853 4371 2044 4436 Musae,
2073 4371 2199 4442 quid
2232 4370 2493 4423 facimus?
2521 4371 2572 4425 τί
2609 4377 2826 4423 κεναῖσιν
2854 4367 2931 4423 ἐπ’
2951 4359 3146 4423 ἐλπίσιν
3165 4367 3335 4425 αὕτως

1853 4463 2110 4518 Ludimus
2129 4461 2447 4536 ἀφραδίῃσιν,
2478 4463 2526 4514 ἐν
2553 4463 2712 4533 ἤματι
2738 4461 3105 4534 γηράσκοντεςε

1853 4562 2153 4614 Σαντονικοῖς
2182 4570 2462 4623 camporum
2489 4551 2593 4610 ὅπη
2621 4554 2769 4627 κρύος
2798 4549 3017 4605 ἅσπετόν
3045 4551 3202 4611 ἔστιν,

1849 4647 2104 4702 Erramus
2135 4645 2310 4715 gelido
2331 4648 2569 4720 τρομεροὶ
2596 4644 2856 4712 rigidique
2889 4651 3079 4710 poetze.

1852 4737 2088 4813 Πιερίδων
2112 4737 2556 4813 τερενοπλοκᾶμων
2581 4739 2888 4813 θεράποντες
2911 4736 3134 4788 inertes.

1851 4833 2016 4887 Πάντα
2043 4828 2087 4884 δ’
2105 4829 2139 4885 ἕ
2133 4852 2224 4901 χει
2260 4830 2478 4904 παγετός
2502 4851 2557 4885 τε
2584 4828 2776 4899 pedum
2802 4832 2883 4881 καὶ
2909 4827 3100 4901 κρυμὸς
3124 4823 3366 4889 ὀδόντων,

1852 4924 2105 4998 Θαλπωρὴ
2127 4922 2248 4990 quia
2271 4921 2416 4974 nulla
2441 4921 2578 4975 πέλει
2606 4917 2844 4991 χιονώδεῐ
2870 4921 3039 4993 χώρῃ,

1857 5016 1923 5071 Et
1952 5015 2227 5084 duplicant
2255 5014 2423 5082 frigus
2452 5015 2650 5088 ψυχρὰ
2677 5012 2915 5068 carmina
2947 5011 3272 5083 μητιόωντες.

1853 5109 2160 5187 ’Δρχὸμενος
2185 5105 2230 5161 δ’
2251 5104 2351 5178 ἆρα
2376 5123 2518 5176 μῆνιν
2549 5107 2687 5159 ἐώῐα.
2729 5146 2742 5157 .
2772 5141 2786 5156 .
2817 5142 2831 5157 .
2869 5144 2882 5156 .

1858 5201 2127 5254 Primitias
2154 5202 2332 5271 Παύλῳ
2365 5208 2552 5252 nostro
2576 5198 2767 5269 πέμψω
2796 5196 3065 5269 μελιηδεῖς.

1858 5294 2180 5365 Μνημοσύνης
2212 5291 2618 5367 κρηδεμνοκόμου
2641 5292 2767 5345 πολύ
2797 5290 2988 5360 inclyta
3013 5290 3161 5344 τέκνα

1856 5389 2024 5442 Ἐννέα
2045 5386 2304 5450 νῡῐὺοειιδ,
2331 5386 2698 5461 κρινοστέφανοί
2718 5406 2771 5438 τε
2797 5382 3004 5452 puellm.
3147 5387 3152 5390 ⁴

1858 5477 1984 5533 ’Ἔνθ’
2010 5477 2099 5551 ἆγε
2123 5500 2206 5549 μοι
2228 5479 2524 5533 τολυπεύετ’
2547 5476 2664 5543 ἔπη,
2695 5475 2951 5549 κουρὼδεα
2992 5476 3205 5547 μολπήν.

1858 5572 2122 5645 Φρόνιὶὺιιε
2148 5573 2416 5647 ἡμετέραις
2438 5573 2672 5644 πτέρινον
2694 5569 2943 5638 przeferte
2973 5570 3213 5624 libellum

1859 5676 2142 5735 Υματαρ..;
2177 5665 2383 5733 στίχον.
2421 5705 2432 5716 .
2469 5703 2481 5715 .
2518 5700 2531 5714 .
2569 5702 2581 5714 .

1861 5761 2036 5833 Παύλῳ
2059 5758 2368 5835 ἐφαρμὸζητε
2395 5759 2764 5830 μεμιγμένον...
2791 5756 2941 5828 ᾠδήν.
