3884 6330
424 304 529 359 923

409 424 479 473 Οὐ
508 418 607 497 γάρ
632 444 718 494 μοι
744 425 887 497 θεμίς
912 425 1045 483 ἐστιν
1076 426 1128 481 in
1160 426 1261 483 hac
1292 428 1512 498 regione
1540 429 1736 501 μένοντι

406 508 575 589 ᾊξιον
602 516 671 569 ab
706 520 905 573 nostris
937 518 1171 575 ἐπιδευέα
1202 533 1324 574 esse
1354 527 1622 593 καμὴναις.

410 614 576 668 κεῖνος
606 610 713 680 ἐμοὶ
736 613 937 665 πάντων
964 611 1213 682 μέτοχος,
1246 612 1335 681 (ιυί
1365 612 1506 667 seria
1538 623 1745 679 nostra,

411 697 512 763 Qui
542 699 661 765 joca
690 698 996 775 παντοδαπῇ
1032 703 1180 755 novit
1210 710 1447 759 tractare
1477 707 1793 783 παλαίστρῃ.

409 795 502 845 Καὶ
522 799 606 846 νῦν
631 792 897 862 sepositus
925 803 1146 868 μονοιχῶ
1172 798 1241 853 ἐνὶ
1270 814 1400 854 rure
1428 802 1697 877 κρεϐέννῳ,

405 885 703 961 Ἀσταφύλῳ
734 890 803 942 ἐνὶ
825 891 1009 964 χώρῳ,
1048 890 1207 947 habet
1232 893 1497 968 θυμαλγέα
1525 896 1721 967 λέσχην
1744 936 1758 961 ,

400 973 555 1033 Ὀυτε
581 980 739 1051 φίλοις
769 981 990 1054 ἑτάροις,
1017 996 1117 1036 nec
1149 998 1353 1039 mensae
1385 988 1769 1042 accommodus
1794 988 1909 1055 ulli,

398 1069 547 1130 Ὀττι
570 1076 931 1139 ἀθελξινόοις...
962 1079 1052 1150 μὲν
1082 1079 1205 1150 φάτο
1233 1078 1475 1150 μούσαις.

396 1165 518 1222 εἰειῐῆ
543 1168 693 1235 satis,
724 1164 763 1221 ὦ
789 1170 892 1244 φίλε
918 1174 1102 1236 Παῦλε,
1126 1173 1287 1226 πόνων
1314 1174 1727 1253 ἁπεπειρήθημεν

397 1259 475 1314 Ἐν
501 1279 556 1315 τε
586 1259 713 1335 [ορῳ
735 1276 951 1323 caum;
976 1285 1029 1319 τε
1063 1268 1150 1318 καὶ
1180 1265 1468 1335 ἰηιιζΐθῐαῖσι
1497 1267 1789 1345 καθέδραις,

394 1350 700 1433 Ῥητορικοῖς
724 1355 917 1413 luderet
939 1361 1028 1413 καὶ
1056 1357 1238 1415 ἔπλετο
1265 1360 1409 1418 οὐδέν
1441 1360 1635 1441 ὄνειαρ.

395 1446 520 1502 ’Δλλ⁹
543 1447 638 1507 ἤδη
661 1458 819 1512 κεῖνος
844 1454 936 1523 μέν
964 1451 1103 1515 ἅπας
1125 1450 1624 1533 Ῑιὶνοιιάλιοςὶδρώς

399 1537 712 1613 Ἐκκέχυται
739 1545 926 1615 μελέων
952 1553 1176 1625 τρομερή
1205 1548 1327 1603 λάϐε
1356 1550 1557 1625 βλέμμα
1586 1562 1870 1619 senectus,

394 1637 486 1689 Καὶ
516 1634 694 1688 minus
726 1636 779 1689 in
824 1649 1098 1705 sumptum
1128 1638 1360 1701 δαπανὰς
1387 1642 1523 1697 levis
1550 1660 1674 1699 arca
1710 1644 2004 1701 ministrat.

393 1727 463 1779 Οὐ
492 1728 589 1801 γὰρ
623 1725 739 1799 ἔχει
765 1722 1236 1806 ἀπάλαμνοδάνὴρ.
1267 1770 1280 1783 .
1318 1773 1331 1784 .

392 1815 639 1880 Κλεινικὸς
672 1819 777 1873 οὐθ’
810 1820 834 1873 ὁ
866 1822 1046 1897 γέρων.
1086 1863 1098 1875 .
1136 1864 1147 1877 .
1184 1862 1198 1877 .
1234 1863 1248 1878 .

388 1906 748 1979 [Εαυοιιὶιηυε
772 1912 816 1966 si
850 1928 952 1982 qua
985 1916 1170 1985 lueris,
1204 1918 1255 1981 ἐς
1278 1922 1451 1976 πάντα
1480 1922 1599 1993 μάλ’
1624 1922 1788 1980 εὕδειν

390 1999 665 2070 Malueris,
700 2007 820 2067 λήθη
850 2005 901 2062 δέ
930 2009 1084 2065 πόνου
1112 2010 1269 2080 ἕπτ’,
1294 2014 1381 2074 ἠδέ
1406 2020 1600 2079 πενίης.

387 2104 531 2152 κεῖνο
558 2096 611 2153 δὲ
640 2102 1028 2171 παγκάλλιστον,
1067 2112 1123 2157 ut
1149 2107 1400 2161 omnibus
1424 2109 1663 2182 undique
1692 2116 1893 2169 mensis

387 2193 480 2245 Σὺν
506 2192 653 2264 φιάλῃ
681 2192 711 2253 ἣ
742 2197 834 2248 σὺν
862 2194 1015 2252 δέπαϊ
1046 2201 1327 2255 συνοπάονι
1353 2205 1590 2273 μουσέων

385 2288 561 2353 eum»)
592 2286 913 2357 ἀκηχεμένου
940 2288 1129 2342 Solatia
1160 2290 1353 2347 blanda
1386 2300 1651 2363 requiras.

382 2373 481 2427 Hic
509 2375 616 2428 erit
641 2384 694 2431 et
726 2377 931 2433 fructus
960 2386 1250 2458 Δημήτερος
1278 2386 1659 2463 ἀγλαοκάρπου.

380 2462 528 2521 ’Ἔνθα
549 2490 632 2522 σοι
660 2466 804 2547 εἶδαρ
830 2469 926 2540 ἴοι,
956 2474 1293 2547 πολυχανδέα
1323 2480 1512 2547 pocula
1541 2484 1673 2537 Os'vn

385 2566 594 2633 Κιρνᾷν,
622 2559 932 2634 αἵκεθὲλοις,
962 2570 1141 2646 νέκταρ
1176 2572 1341 2627 vitlem
1378 2573 1583 2631 bonam.

380 2658 556 2712 Ambo
589 2660 748 2730 igitur
781 2670 980 2719 nostra:
1010 2668 1363 2745 παραλέξομεν
1392 2673 1501 2726 otia
1536 2674 1685 2743 vitaz,

383 2750 518 2806 Dum
554 2769 663 2819 res,
688 2764 743 2809 et
766 2766 922 2826 aetas,
954 2769 1006 2813 et
1029 2776 1284 2816 sororum
1346 2772 1349 2775 ‘

375 2848 592 2917 Νήματα
630 2850 895 2930 πορφύρεα
922 2853 1207 2910 πλέκονται.

922 2967 1261 3050 Episrom
1308 2970 1451 3026 xm.

902 3070 1192 3120 ΔΥΣΟΝΙΟΣ
1232 3075 1462 3123 ΠΑΥΛΩ.

374 3172 632 3248 Ῥωμαίων
653 3177 852 3240 ὕπατος
880 3180 1172 3255 ἀρεταλὸιγῳ
1193 3180 1281 3241 ἡδέ
1301 3193 1487 3255 ποιητῇ

371 3271 605 3330 Αὐσόνιος
632 3273 811 3345 Παύλῳ
842 3273 1033 3329 σπεῦδε
1064 3276 1237 3349 φίλους
1267 3274 1435 3331 ἰδέειν.

913 3386 1251 3447 EPISTOLA
1308 3384 1450 3448 XIV.

815 3506 820 3510 ~
910 3484 1181 3539 Ausoivtus
1222 3482 1432 3542 Paveo.

372 3591 710 3662 Aunoream
742 3593 870 3661 liqui
906 3596 956 3651 te
990 3601 1238 3666 prOptc'r,
1268 3599 1463 3668 amice,
1491 3596 1846 3657 Garumnam.

443 3684 519 3739 Te
549 3694 775 3755 propter
803 3702 1023 3757 campos
1049 3686 1225 3743 incolo
1255 3683 1606 3747 Santonicos.

367 3778 707 3849 Congressus
741 3781 901 3850 igitur
928 3792 1147 3837 nostros
1172 3790 1320 3852 pete.
1349 3781 1407 3839 Si
1443 3779 1537 3840 tibl
1566 3801 1723 3856 cura,

436 3874 565 3942 Quae
597 3874 754 3943 mihi,
791 3889 1091 3945 conspectu
1116 3878 1228 3948 jam
1257 3881 1471 3949 potiere
1502 3892 1648 3938 meo.

366 3966 474 4022 Sed
516 3976 723 4023 tantum
772 3978 1109 4041 apprOpera,
1145 3980 1413 4043 quantum
1459 3983 1586 4047 pole
1624 3986 1886 4050 corpore,
1916 3991 1971 4037 et

1697 4072 1893 4145 [ωνοε

434 4153 501 4210 Ut
528 4154 738 4209 salvum
776 4154 988 4210 videam
1008 4197 1022 4225 ,
1048 4163 1133 4212 sat
1158 4159 1267 4215 cito
1290 4168 1344 4214 te
1371 4161 1555 4218 video.

360 4246 415 4302 Si
449 4257 569 4317 post
600 4248 865 4304 infaustas
895 4250 1046 4322 vigor
1073 4254 1377 4325 integratus
1401 4254 1674 4327 habenas,

437 4341 503 4396 Et
533 4342 695 4399 rediit
727 4347 1117 4417 membrisjam
1147 4364 1243 4405 sua
1275 4352 1593 4409 mobilitas:

359 4432 655 4513 Sipriguam
681 4437 824 4494 laetis
848 4442 1049 4496 recolis
1072 4442 1371 4513 Pimpleida
1398 4445 1594 4517 Musis,

431 4531 550 4587 Jam
579 4544 755 4603 vates,
786 4546 839 4591 et
867 4551 972 4592 non
1003 4539 1242 4608 llagrifer
1263 4542 1607 4602 Automedon
1636 4567 1646 4601 :

362 4624 510 4680 Pelle
537 4628 828 4696 soporiferi
852 4632 1092 4699 senium,
1126 4634 1436 4707 nubemque
1466 4642 1677 4696 veterni
1703 4659 1717 4697 :

431 4718 614 4787 Atque
638 4720 806 4775 alacri
838 4722 1072 4776 mediam
1106 4740 1271 4796 carpe
1308 4732 1489 4800 vigore
1513 4734 1679 4790 viam.

357 4809 465 4865 Sed
493 4812 709 4881 cisium,
745 4822 840 4869 aut
867 4816 1078 4887 pigrum
1107 4828 1303 4875 cautus
1330 4827 1639 4882 conscendo
1672 4828 1957 4889 veredbm.

428 4904 545 4959 Non
575 4906 667 4961 tibi
695 4910 769 4961 sit
793 4908 1001 4978 rhedac,
1033 4926 1139 4965 non
1170 4928 1323 4968 amor
1346 4916 1488 4971 acris
1510 4920 1655 4989 equi.

353 4995 574 5055 Canteri
602 5016 801 5057 moneo
823 5005 966 5059 male
994 5017 1123 5060 nota
1156 5008 1386 5075 petorita
1412 5011 1571 5067 vites.

425 5091 538 5147 Nec
562 5094 773 5151 celeres
802 5097 976 5151 mulas
1010 5100 1126 5169 ipse
1146 5100 1419 5157 'Metiscus
1445 5116 1592 5176 agas.

357 5188 448 5243 Sic
481 5189 573 5243 tibi
603 5192 710 5245 sint
738 5192 907 5249 Musa:
936 5193 1159 5263 faciles,
1194 5198 1481 5254 meditatio
1516 5210 1803 5273 prompta,

425 5281 492 5335 Et
522 5298 769 5339 memor:
796 5294 850 5341 et
878 5287 1072 5356 liquidi
1102 5276 1212 5345 mel
1242 5292 1375 5348 ﬂuat
1407 5294 1636 5365 eloquii.

354 5375 475 5442 Sic,
505 5380 592 5447 qui
623 5382 828 5436 venalis
860 5392 965 5437 tam
1001 5386 1159 5457 longa
1193 5398 1351 5445 aetate
1376 5389 1707 5448 Crebennus

349 5466 468 5524 Non
504 5470 666 5525 habet
692 5483 1018 5542 emptorem,
1049 5479 1121 5533 sit
1154 5481 1246 5535 tibi
1280 5499 1376 5551 pro
1406 5487 1604 5555 pretio.

348 5564 602 5621 Attamen
636 5576 693 5621 ut
724 5568 887 5623 citius
918 5573 1124 5639 venias,
1161 5575 1440 5647 leviusque
1470 5581 1673 5637 vehare
1694 5624 1707 5648 ,

416 5658 741 5728 Historiam,
778 5664 997 5735 tninws,
1024 5669 1263 5723 carmina
1288 5712 1302 5738 ,
1335 5672 1519 5744 linque
1548 5676 1732 5731 domi:

1817 312 2000 369 DECII
2038 312 2324 373 AUSO'N"

2049 432 2097 491 Α
2127 429 2414 489 Nobiscum
2447 434 2688 493 invenies
2718 440 2877 496 ὶπέων
2907 441 3231 516 πολυμορφέοι
3261 442 3467 512 πληθύν,

2192 540 2561 605 Γραμματικῶθ
2584 556 2637 591 τι
2672 538 2863 601 πλοκὰς
2888 542 2973 595 καὶ
3000 538 3395 611 λογοδαιδαλίην,

2121 623 2372 678 Δάκτυλον
2398 627 2584 698 ἡρῶον,
2612 633 2696 684 καὶ
2716 630 3013 687 ἁοιδοπόλον
3037 635 3351 709 χορίαμϐον,

2188 717 2278 769 Σὺν
2308 718 2493 780 Θαλίης
2517 742 2571 775 τι
2605 723 2753 801 χόρῳ
2780 725 3029 801 σύρματα
3058 726 3406 803 τερφιχόρηῖο

2115 807 2395 865 Σωταδικὸν
2425 833 2477 866 τι
2503 813 2746 881 κίναιδον,
2773 817 2965 872 ἰωνικὸν
2986 820 3357 893 ἀμφοτέρωθεν,

2188 899 2407 974 Ῥυθμῶν
2438 905 2743 984 Πινδαρικῶν
2772 907 2979 983 ἔννομον
3008 914 3206 971 austrina

2114 997 2375 1058 Εἷλιπόδην
2408 1001 2676 1068 σκάζοντα,
2705 1006 2791 1059 καὶ
2820 1007 2877 1059 οὐ
2902 1008 3159 1072 σκάζοντα
3184 1013 3471 1089 τρίμετρον,

2184 1097 2340 1148 Ὀκτώ
2367 1093 2708 1161 Θουκυδίδου,
2739 1096 2879 1155 (ww
2906 1096 3196 1177 Ἱῐροδὸτου.

2113 1180 2407 1260 Ῥητορικῶν
2436 1189 2709 1259 θαυμαστά
2738 1199 2901 1263 σοφῶν
2928 1192 3162 1268 ἐρικύδειι
3183 1196 3313 1267 φῦλα

2172 1276 2349 1331 ,Πάντα
2374 1277 2510 1349 μάλ’,
2536 1278 2645 1336 αἴκε
2678 1282 2857 1350 θέλοις,
2892 1288 2978 1340 καὶ
3002 1286 3170 1355 πλέον,
3205 1287 3315 1344 αἴκε
3338 1290 3510 1353 θέλοις.

2111 1364 2225 1422 Hoc
2245 1368 2338 1424 tibi
2369 1369 2438 1425 de
2467 1375 2667 1427 nostris
2695 1377 3220 1442 ἀσπαστικὸν,οίΐθι·ο
3248 1381 3421 1438 libris.

2186 1456 2337 1513 Vale.
2376 1459 2569 1519 Valere
2599 1465 2644 1519 si
2680 1467 2834 1522 voles
2874 1484 2995 1534 me,
3022 1470 3133 1540 jam
3161 1474 3305 1529 veni.

2642 1601 2986 1664 EPISTULA
3030 1609 3147 1667 xv.

2466 1717 2737 1774 Ausomus
2786 1720 2827 1775 Τ
2834 1735 3071 1780 nmmo
3099 1728 3338 1782 salutem.

2039 1824 2087 1889 Β
2112 1823 2158 1879 0
2183 1826 2271 1895 qui
2302 1838 2555 1885 venustos
2584 1831 2736 1887 uberi
2768 1832 3017 1892 facundia

2184 1918 2337 1975 Sales
2362 1921 2591 1997 opimas,
2624 1923 2846 1982 Tetradl
2870 1946 2885 1982 :

2107 2008 2408 2085 Cavesque,
2438 2032 2503 2071 ne
2530 2018 2599 2073 sit
2624 2020 2793 2075 tristis
2814 2032 2870 2077 et
2898 2022 3043 2081 dulci
3072 2040 3267 2083 carens

2174 2104 2371 2160 Amara
2394 2110 2772 2167 concinnatio:

2104 2195 2204 2263 Qui
2240 2199 2363 2255 felle
2392 2215 2610 2280 carmen
2642 2213 2806 2275 atque
2830 2207 2994 2263 melle
3021 2218 3349 2281 temperans,

2176 2291 2421 2362 Torpere
2451 2294 2630 2351 Musas
2662 2314 2767 2353 non
2798 2300 2966 2366 sinis,

2100 2383 2419 2457 Pariterque
2450 2386 2618 2457 fucas,
2651 2405 2883 2461 quisque
2913 2401 3076 2463 gustu
3106 2394 3292 2465 ignara
3320 2408 3463 2465 sunt,

2170 2479 2237 2533 Et
2267 2495 2387 2549 quae
2418 2497 2615 2551 sapore
2651 2485 2825 2540 tristia
2856 2504 2867 2539 :

2100 2569 2283 2627 Budes
2307 2570 2577 2629 Camenas
2608 2576 2700 2647 qui
2730 2576 2945 2635 Suessa:
2976 2586 3275 2652 przevenis:

2170 2664 2418 2737 Evoque
2446 2670 2619 2737 cedis,
2650 2688 2759 2727 non
2793 2676 2956 2745 stylo.

2098 2754 2205 2813 Cur
2233 2774 2318 2814 me
2348 2761 2707 2831 propinquum
2740 2764 3101 2823 Santonorum
3127 2771 3399 2827 mtenibus

2170 2851 2443 2921 Declinas,
2479 2865 2533 2909 ut
2566 2854 2740 2911 Lucas
2776 2854 2939 2914 boves

2094 2945 2235 3001 Olim
2268 2958 2550 3018 resumpto
2575 2951 2899 3019 prmferoces
2929 2957 3113 3025 praelia

2074 3060 2075 3063 η
2166 3038 2325 3109 Fugit
2348 3040 2606 3109 juventus
2641 3041 2913 3101 Romula?

2091 3132 2208 3188 Non
2243 3144 2300 3187 ut
2329 3134 2483 3203 tigris
2516 3144 2588 3202 te,
2621 3152 2726 3191 non
2758 3140 2928 3196 leonis
2957 3142 3182 3212 impetu,

2013 3217 2057 3278 C
2165 3226 2363 3283 Amore
2387 3229 2482 3284 sed
2508 3230 2675 3285 cbaro
2691 3243 2915 3302 expeto.

2092 3320 2514 3377 Videre'alumni
2544 3326 2718 3394 gestio
2748 3327 2931 3383 vultus
2962 3330 3088 3397 mei,

2159 3414 2223 3469 Et
2248 3414 2429 3472 indole
2457 3426 2639 3487 optata
2672 3418 2797 3475 frui.

2082 3510 2285 3566 Invitus
2317 3512 2444 3566 olim
2468 3514 2723 3569 devoravi
2746 3516 3008 3573 absentiae

2154 3603 2546 3659 Necessitatem
2581 3607 2849 3676 prierinre,

2080 3693 2366 3762 Quondam
2397 3696 2628 3753 docendi
2660 3716 2887 3759 munere
2917 3691 3235 3762 adstrictum
3262 3708 3413 3779 gravi

2153 3788 2399 3844 lculisma
2432 3797 2554 3846 cum
2588 3802 2639 3847 te
2669 3794 3053 3854 absconderet.

2014 3950 2015 3953 η
2080 3879 2149 3935 Ει
2175 3880 2480 3937 invidebam
2510 3884 2690 3955 devio,
2724 3902 2783 3942 ac
2814 3890 2931 3945 solo
2972 3893 3092 3948 loco

2149 3973 2293 4044 Opes
2323 3986 2672 4034 camenar'um’
2710 3982 2834 4053 tegi.

2076 4068 2147 4122 At
2180 4083 2321 4123 nunc
2354 4068 2694 4142 frequentes,
2729 4086 2891 4148 atque
2918 4080 3122 4151 claros,
3154 4098 3255 4141 nec
3286 4089 3500 4158 procul,

2144 4164 2278 4219 Cum
2310 4160 2512 4222 ﬂoreas
2539 4168 2683 4225 inter
2709 4174 2885 4229 Viros:
3277 4193 3281 4197 ‘

2072 4256 2308 4328 Tibique
2334 4272 2551 4318 nostras
2575 4276 2769 4320 ventus
2797 4284 2957 4325 auras
2979 4270 3213 4341 deferat,

2142 4350 2430 4423 Auresque
2456 4369 2639 4411 sermo
2663 4359 2919 4416 verberet
2947 4380 2961 4420 :

2071 4440 2179 4498 Cur
2201 4460 2288 4499 me
2323 4447 2521 4516 supino
2546 4450 2783 4518 pectoris
2815 4452 2952 4510 fastu
2984 4464 3198 4515 tumens

2146 4537 2376 4608 Spernis
2408 4552 2621 4610 poetam
2646 4547 2965 4603 couSulem?

1991 4616 2043 4677 Π
2071 4629 2281 4702 Tuique
2310 4644 2608 4702 amantem,
2637 4647 2794 4708 teque
2826 4642 3136 4713 mirantem,
3168 4661 3231 4704 ac
3256 4657 3345 4704 tua

2139 4725 2548 4790 Desiderantem
2578 4734 2843 4801 carmina,

2066 4818 2279 4874 Oblitus
2311 4821 2421 4876 alto
2452 4823 2680 4894 negligis
2710 4824 2970 4885 fastidio?

2138 4913 2469 4972 Plectendus
2491 4920 2742 4990 exemplo
2776 4930 2892 4979 tuo:

2066 5005 2128 5061 Ni
2159 4994 2373 5064 stabilis
2399 5025 2515 5065 azvo
2542 5015 2777 5079 pectoris
2807 5021 2978 5074 nostri
3009 5020 3141 5078 ﬁdes

2140 5100 2479 5171 Quamquam
2515 5117 2830 5163 recusantes
2856 5122 3022 5169 amet.

2072 5191 2231 5247 Vale:
2265 5194 2447 5250 valere
2479 5201 2523 5251 si
2554 5199 2707 5255 voles
2736 5217 2854 5259 me:
2880 5209 3096 5275 pervola

2137 5283 2268 5341 Cum
2295 5289 2497 5347 scrinio
2528 5301 2582 5348 et
2610 5296 2778 5351 musis
2808 5299 2935 5355 tuis.

2619 5430 2953 5490 EPISTOLA
2988 5436 3124 5492 XVI.

2200 5537 2468 5599 Ausomus
2498 5542 2678 5602 Pnoao
2718 5553 2961 5619 prwfeclo
2989 5555 3235 5623 pra’torio
3266 5558 3512 5616 salutem.

346 5751 565 5810 Grande
590 5772 726 5813 UllllS
759 5759 809 5813 in
844 5760 1041 5827 illusis;
1078 5772 1157 5817 tot
1182 5766 1380 5821 saecula
1414 5769 1635 5825 condita
1662 5770 1899 5840 chartis,

426 5847 557 5921 Quae
594 5866 693 5914 sua
724 5854 812 5914 vix
840 5857 1072 5917 tolerant
1102 5866 1371 5933 tempora,
1408 5874 1592 5924 nostra
1623 5877 1871 5943 gravant.

3608 333 3701 388 99.4

2135 5676 2321 5733 Oblata
2348 5698 2439 5752 per
2466 5684 2789 5753 antiquarios
2814 5701 2977 5755 mora,
3012 5688 3117 5743 scio
3147 5694 3390 5762 promissi
3418 5700 3521 5752 mei
3540 5716 3658 5770 gra-

2056 5769 2181 5825 tiam
2212 5776 2591 5843 exspectatione
2620 5786 3002 5852 consumptam,
3042 5780 3216 5840 Probe
3240 5784 3315 5839 vir
3346 5769 3561 5855 Optime.
3595 5790 3658 5847 In

2056 5866 2298 5925 secundis
2329 5877 2494 5929 tamen
2524 5868 2685 5935 habeo
2710 5887 2810 5927 non
2843 5872 3110 5946 fefellisse.
3146 5876 3410 5952 Apologus
3434 5880 3654 5955 Titiani,
