3908 6352
56 348 172 406 9Ξ5
1560 333 1599 390 Ε

1560 324 1970 392 EPYSTOLE.

52 477 100 520 et
134 465 678 538 Nepotis'chronica
706 462 854 535 quasi
885 460 1016 513 alios
1047 454 1299 526 apologos
1334 454 1491 524 (nam
1522 457 1566 505 et
1598 450 1716 519 ipsa
1743 450 1797 509 Α

50 563 232 617 instar
281 572 423 617 sunt
481 555 831 633 fabularum)
864 553 931 609 ad
974 551 1298 606 nobilitatem
1348 556 1492 633 tuam
1549 544 1709 610 misi,

56 658 321 729 gaudens
348 619 518 729 atque
540 657 697 711 etiam
722 619 954 723 glorians
987 650 1097 718 fore
1122 643 1347 715 aliquid,
1544 640 1610 691 ad
1635 637 1718 691 in-

57 750 430 805 stitutionem
462 761 673 803 tuorum
714 740 1010 798 sedulitatis
1051 754 1179 791 mea:
1202 735 1371 790 studio
1396 734 1714 804 conferatur.

60 842 288 897 Libelto
319 852 512 896 tamen
540 832 884 909 apologorum
906 831 1121 887 antetuli
1148 844 1339 901 paucos
1364 826 1578 897 epodos,
1608 832 1719 877 stn-

59 939 153 994 dio
184 940 249 993 in
305 946 362 993 te
401 934 757 993 observantiae
797 946 923 985 mete
970 924 1446 997 impudentissimas
1483 932 1719 992 :paucos

30 1040 33 1041 ⁷
61 1032 324 1101 quidem,
362 1040 432 1084 ut
458 1044 553 1100 ego
580 1027 775 1097 loquax
796 1022 987 1096 judico
1020 1036 1036 1073 :
1065 1034 1243 1073 verum
1274 1028 1329 1071 tu
1366 1030 1481 1068 cum
1510 1011 1716 1083 legeris,

63 1126 240 1180 etiam
297 1122 543 1177 nimium
573 1120 765 1173 multos
808 1113 1036 1187 putabis.
1081 1110 1285 1182 Adjuro
1316 1105 1720 1162 benevolentiam

66 1230 227 1273 tuam
254 1215 608 1272 verecundia:
644 1226 768 1266 mea:
802 1220 1000 1271 testem,
1034 1222 1121 1260 eos
1150 1199 1277 1257 mihi
1307 1201 1479 1257 subita
1505 1205 1723 1272 persna-

64 1314 222 1369 sione
275 1310 536 1382 ﬂuxisse.
572 1305 760 1381 (Nam
800 1302 916 1376 quis
958 1300 1053 1353 hos
1080 1299 1175 1352 diu
1216 1290 1554 1367 cogitaret?)
1581 1290 1720 1361 quod

63 1426 205 1463 sane
250 1407 373 1475 ipsi
408 1382 505 1479 per
533 1420 587 1459 se
613 1396 920 1475 probabunt.
970 1393 1105 1450 Fors
1133 1392 1270 1464 fuat,
1301 1399 1356 1444 ut
1385 1390 1430 1443 si
1458 1387 1589 1441 mihi
1619 1384 1723 1439 vita

66 1510 359 1577 suppetet,
398 1498 605 1573 aliquid
635 1511 809 1551 rerum
852 1502 1060 1545 tuarum
1088 1487 1322 1557 quamvis
1365 1480 1597 1537 incultus
1625 1493 1720 1532 ex-
1800 1554 1803 1555 ν

70 1572 323 1667 spolium
361 1610 385 1648 :
417 1591 555 1663 quod
602 1597 657 1641 tu
698 1585 792 1642 etsi
840 1580 1028 1637 lectum
1058 1596 1161 1634 non
1210 1577 1415 1650 probes,
1468 1572 1724 1641 scriptum

72 1687 203 1741 boni
264 1684 547 1740 consules.
597 1678 829 1751 Cumque
881 1692 974 1748 ego
1020 1674 1253 1727 imitatus
1306 1668 1407 1722 sim
1455 1663 1723 1721 vesaniam

74 1776 339 1846 Chwﬁli,
378 1788 437 1832 tu
461 1778 701 1849 ignoscas
724 1767 1150 1845 magnanimitate
1186 1756 1492 1817 Alexandri.
1533 1756 1602 1810 lli
1627 1755 1726 1828 igi-

76 1884 194 1941 tur,
237 1882 301 1926 ut
336 1847 575 1925 Plautus
606 1868 698 1935 ait,
746 1864 954 1919 interim
998 1864 1149 1914 erunt
1178 1850 1489 1925 antilogium
1521 1849 1727 1920 fabula-
1760 1847 1803 1905 Β

78 1984 233 2033 rum,
264 1964 485 2037 garruli
526 1971 575 2017 et
601 1962 919 2029 deceptores,
943 1955 1031 2026 qui
1073 1950 1343 2021 compositi
1371 1947 1438 2001 ad
1463 1938 1721 2014 honori/i-

79 2064 282 2115 centice
320 2057 651 2128 obsequium,
677 2053 745 2108 ad
770 2051 976 2107 aurium
1007 2046 1297 2103 convicium
1327 2046 1718 2098 concurrerunt.

97 2154 261 2223 Vale,
298 2165 353 2211 et
388 2170 469 2209 me
494 2152 674 2226 dilige.

470 2291 550 2346 Ad
584 2274 813 2346 librum}
844 2292 901 2339 ut
946 2292 1029 2340 eat
1054 2283 1121 2337 ad
1150 2256 1431 2335 Probum.‘

414 2404 606 2475 Perse.
639 2414 671 2459 ο
695 2399 901 2467 libelle,
935 2396 1216 2464 Sirmium,
1245 2428 1249 2463 ς

410 2499 481 2555 Et
505 2498 591 2554 die
619 2496 752 2552 hero
780 2502 925 2560 tneo,
954 2505 1018 2547 ac
1049 2498 1163 2554 tuo.

411 2596 527 2651 Ave
556 2604 717 2664 atque
745 2590 900 2646 salve
927 2587 1245 2659 plurimum.

410 2689 547 2757 Quis
576 2687 681 2742 iste
708 2686 779 2739 sit
802 2682 959 2737 nobis
986 2680 1171 2745 herus,

412 2779 627 2845 Nescis,
656 2774 879 2834 libelle?
913 2790 1003 2843 an,
1034 2784 1157 2829 cum
1190 2770 1353 2841 scias,

414 2874 674 2930 Libenter
703 2870 879 2937 audis,
903 2868 1044 2941 quod
1064 2866 1252 2938 juvat?

412 2970 635 3026 Possem
667 2964 915 3022 absolute
940 2963 1154 3018 dicere:

422 3062 530 3120 Sed
560 3062 772 3118 dulcius
798 3059 1219 3129 circumloquar,

412 3160 621 3229 Diuque
642 3156 826 3223 fando,
853 3156 1118 3225 perfruar.

415 3254 570 3309 Hunc
599 3252 739 3319 dico,
772 3250 862 3320 qui
892 3250 1075 3319 lingua
1105 3254 1317 3316 potens,
1752 3247 1797 3309 ρ

414 3348 679 3401 Minorem
710 3343 961 3399 Atridem
992 3340 1258 3412 prmterit,

417 3439 639 3495 Oraudo
670 3452 837 3509 pauca
868 3446 921 3492 et
949 3435 1175 3490 musica.

421 3532 527 3601 Qui
556 3528 849 3602 grandines
879 3526 1076 3591 Ulixei,

414 3626 820 3685 Melliﬂuentem
850 3623 1101 3686 Nestora,

415 3727 872 3784 Coucittnaloreln
902 3728 956 3775 et
986 3718 1247 3782 Tullium,

415 3804 519 3887 Qui
549 3818 699 3873 solus
721 3857 736 3883 ,
765 3813 1007 3883 exceptis
1038 3809 1205 3865 tribus

423 3915 602 3980 lteris,
636 3912 889 3967 berorum
923 3907 1127 3978 primus
1154 3914 1256 3973 est,

415 4014 791 4082 Praetorioque
826 4008 1117 4063 maximus.

418 4109 552 4165 Dico
582 4106 730 4161 hunc
761 4102 932 4159 senuit
970 4095 1282 4171 prtesulem,

413 4200 739 4257 Prtefeetum
770 4194 1043 4259 eumdem,
1076 4201 1129 4247 et
1162 4188 1440 4245 consulem

420 4295 576 4368 (Nam
610 4289 804 4348 consul
833 4295 1095 4344 internum
1127 4282 1318 4355 cluet),

426 4388 701 4457 Collegam
726 4382 953 4453 Augusti
985 4378 1247 4445 consulis,

333 4528 351 4539 ,
417 4482 686 4539 Columen
716 4477 918 4534 curulis
948 4474 1219 4541 Romulae,

420 4575 660 4629 Primum
694 4571 746 4626 in
776 4566 1030 4623 secandis
1064 4564 1319 4620 fascibus.

422 4668 557 4724 Nam
586 4666 791 4737 primus
820 4679 849 4718 e
876 4661 1089 4716 cunctis
1119 4660 1225 4714 erit
1756 4637 1812 4699 Π

419 4758 646 4823 Consul,
680 4753 952 4811 secundus
984 4752 1239 4823 principi.

419 4851 620 4909 Generi
651 4850 737 4905 hic
768 4856 1051 4920 superstes
1080 4862 1266 4909 aureo,

420 4954 688 5020 Satorque
718 4947 888 5018 prolis
910 4960 1112 5011 nureze,

426 5042 717 5100 Convincit
745 5045 1023 5096 Ascraeum
1061 5052 1269 5093 senem.

423 5138 524 5206 Qui
552 5134 808 5191 saeculum
842 5147 1003 5187 omne
1034 5131 1271 5187 ferreum
1297 5148 1308 5183 :

424 5231 527 5301 Qui
552 5227 715 5284 vincit
745 5226 843 5281 :evl
885 5225 1158 5294 injuriam;

428 5325 629 5394 Stirpis
658 5332 887 5377 novator
918 5320 1139 5374 Anuize:

433 5417 771 5484 Paribusque
796 5414 963 5468 comit
993 5410 1180 5467 infulis

424 5509 744 5565 Aniciorum
771 5513 1080 5561 stemmata.

425 5604 664 5660 Probum
697 5602 908 5673 loquor.
944 5600 1064 5656 Scis
1085 5602 1312 5671 optime,

426 5696 596 5765 Quem
628 5708 791 5751 nemo
819 5692 980 5747 fando
1011 5692 1229 5759 dixerit,

430 5791 531 5859 Qui
562 5806 668 5846 non
696 5788 846 5861 prius
876 5787 1196 5842 laudaverit.

428 5884 623 5959 Perge,
652 5897 685 5941 ο
708 5882 914 5954 libelle,
945 5890 1001 5940 et
1024 5890 1179 5943 utere
1252 5870 1258 5877 ”

2111 444 2393 503 Felicitate
2423 440 2734 499 intermina.
2772 473 2778 477 ρ

2108 540 2248 609 Quin
2280 548 2335 595 et
2357 538 2597 607 require,
2630 536 2675 590 si
2706 533 2848 589 sinet

2108 634 2323 688 Tenere
2348 632 2443 686 lari
2467 630 2705 687 obnoxio
2731 642 2745 682 :

2180 727 2295 797 Age
2322 740 2444 780 vera
2479 723 2658 794 proles
2688 718 2927 788 Romuli,

2109 822 2289 878 Ellare
2316 834 2533 876 causam
2565 818 2822 874 nominis.

2119 916 2386 974 Utrumne
2416 927 2594 968 mores
2618 915 2723 967 hoc
2751 910 2825 966 tui

2105 1008 2314 1065 Nomen
2354 1004 2576 1071 dedere,
2601 1014 2667 1058 an
2696 1016 2894 1058 nomen
2923 996 3026 1057 hoc

2110 1100 2307 1158 Secuta
2327 1111 2537 1153 morum
2565 1094 2785 1165 regula?

2110 1199 2192 1251 An
2220 1194 2312 1249 ille
2342 1190 2555 1246 venturi
2583 1190 2761 1244 sciens

2114 1288 2298 1346 Mundi
2322 1299 2613 1357 supremus
2637 1284 2858 1350 arbiter,

2107 1380 2338 1453 Qualem
2364 1376 2571 1435 creavit.
2598 1377 2840 1433 moribus
2859 1417 2875 1443 ,

2107 1477 2278 1534 Jussit
2306 1475 2487 1530 vocari
2515 1472 2777 1527 nomine?

2106 1571 2316 1627 Nomen
2350 1569 2534 1625 datum
2563 1562 2872 1637 prmconiis,

2112 1664 2353 1734 Vitutque
2384 1661 2717 1717 testimonio.

2182 1757 2395 1815 Libelle
2425 1756 2551 1812 felix
2574 1773 2584 1809 :
2607 1767 2767 1825 quem
2795 1751 2914 1807 sinu

2117 1853 2213 1909 Vir
2243 1859 2427 1907 tantus
2453 1849 2670 1903 evolvet
2694 1861 2817 1911 suo,

2112 1945 2225 2001 Nec
2254 1943 2514 2015 occupari
2545 1950 2792 2011 tempora

2114 2038 2284 2095 Grato
2313 2042 2573 2108 queretur
2600 2033 2733 2087 otio.

2114 2134 2286 2202 Quem
2319 2131 2468 2188 mille
2494 2145 2619 2185 cum
2654 2127 2801 2184 vocis
2831 2124 3029 2191 modis,

2115 2228 2246 2285 Leni
2272 2236 2366 2281 aut
2395 2238 2622 2281 susurro
2656 2221 2964 2291 impertiet:

2114 2323 2327 2392 Cuique
2357 2319 2549 2390 vigiles
2579 2316 2843 2371 luminum

2118 2416 2325 2472 Vacare
2349 2411 2649 2483 diguabunt
2679 2397 2875 2463 corre.‘

2118 2504 2290 2577 Quem
2320 2516 2524 2571 mente,
2550 2511 2604 2557 et
2635 2517 2766 2556 aure
2796 2498 3053 2563 consciis,

2116 2597 2453 2668 Quibusdam
2481 2593 2719 2659 omissis,
2748 2591 3002 2662 pelleget.

2119 2693 2486 2761 Quaecumque
2517 2688 2732 2742 fortuna
2762 2694 2844 2739 est
2877 2683 2996 2749 tibi,

2123 2780 2320 2857 Perge,
2349 2802 2381 2839 o
2412 2782 2615 2848 libelle,
2648 2790 2703 2835 et
2733 2788 2884 2835 utere

2119 2881 2405 2938 Felicitate
2431 2868 2743 2931 intermina.

2120 2964 2216 3031 Dic
2255 2989 2341 3028 me
2374 2962 2579 3035 valere,
2611 2975 2667 3022 et
2694 2967 2901 3021 vivere.

2124 3067 2218 3123 Dic
2246 3066 2435 3121 vivere
2462 3079 2529 3117 ex
2558 3069 2682 3115 voto
2715 3060 2828 3130 pio,

2118 3158 2333 3217 Sanctis
2364 3162 2675 3226 precantem
2707 3151 2951 3219 vocibus,

2117 3250 2188 3309 Ut
2216 3260 2376 3322 quem
2404 3244 2619 3304 Curulis
2650 3244 2895 3315 proxima

2118 3342 2360 3413 Collegio
2391 3340 2499 3395 nati
2532 3330 2712 3394 dedit:

2119 3439 2271 3493 Hunc
2299 3449 2489 3491 rursus
2530 3428 2804 3503 Augustus
2836 3429 2984 3501 prior

2123 3529 2250 3587 Suis
2281 3535 2546 3600 perennet
2574 3518 2832 3581 fascibus.

2122 3622 2399 3680 Stibnecie
2427 3631 2482 3676 et
2514 3611 2647 3673 illud
2682 3618 2914 3672 leniter:

2128 3719 2426 3789 Apologos,
2452 3731 2545 3783 en,
2583 3714 2731 3769 misit
2761 3714 2854 3767 tibi

2122 3812 2204 3867 Ab
2235 3826 2404 3882 usque
2433 3804 2608 3864 Rheni
2638 3808 2811 3862 limite

2123 3899 2421 3973 Ausonius,
2449 3919 2647 3958 nomen
2682 3897 2898 3969 Italum,

2129 3999 2440 4070 Praeceptor
2470 3996 2698 4068 Augusti
2723 3995 2823 4063 tui,

2121 4093 2400 4165 tEsopiam
2436 4091 2756 4146 trimetriam
2781 4108 2791 4141 :

2120 4190 2293 4259 Quam
2320 4185 2485 4242 vertit
2512 4184 2640 4241 exili
2674 4182 2836 4255 style.

2122 4282 2231 4342 Ped
2243 4293 2387 4340 estre
2418 4282 2753 4337 concinnatis
2776 4292 2934 4349 opus,

2122 4377 2296 4434 Fandi
2322 4367 2572 4431 Titianus
2600 4371 2822 4427 artifex.
2878 4371 2889 4386 ’

2124 4473 2195 4530 Ut
2219 4472 2305 4527 hic
2334 4470 2421 4526 avi
2451 4484 2515 4525 ac
2537 4466 2706 4539 patris
2728 4462 2892 4522 decus

2124 4569 2292 4623 Mixto
2325 4564 2606 4632 refulgens
2630 4561 2918 4631 sanguine,

2119 4660 2527 4730 Probianoque,
2572 4669 2635 4710 ac
2673 4654 2898 4718 Anicio;

2124 4748 2217 4829 (Ut
2239 4752 2512 4827 quondam
2546 4751 2597 4805 in
2626 4750 2781 4805 Albae
2810 4748 3079 4805 mamilius

2122 4847 2421 4917 Supremos
2454 4840 2631 4899 jEuea
2660 4852 2831 4911 satus,

2126 4942 2330 5007 Silvios
2362 4938 2489 4994 Iulis
2521 4928 2813 5006 miscuit:

2131 5036 2225 5092 Sic
2253 5035 2375 5098 iste,
2409 5034 2497 5103 qui
2530 5040 2684 5086 natus
2715 5039 2860 5093 tuus,

2128 5126 2253 5183 Flos
2280 5122 2632 5180 flosculorum
2671 5119 2887 5174 Rmnuli

2131 5220 2369 5276 Nutricis
2400 5219 2540 5272 inter
2573 5215 2850 5279 lemmata,

2126 5313 2371 5381 Lallique
2402 5307 2728 5364 somniferos
2755 5302 2969 5371 modos,

2132 5406 2362 5463 Suescat
2390 5402 2576 5472 peritis
2606 5397 2805 5453 fabulis

2132 5498 2300 5557 Simul
2336 5496 2530 5566 jocari,
2556 5501 2608 5548 et
2638 5492 2871 5547 discere.

2136 5595 2201 5649 Et
2223 5590 2361 5647 adde
2391 5598 2598 5655 votum,
2633 5584 2776 5657 quod
2810 5585 2900 5656 pio

2135 5684 2497 5753 Concepimus
2524 5680 2601 5736 rei
2632 5680 2775 5733 Deo:

2127 5780 2198 5839 Ut
2234 5781 2444 5851 genitor
2470 5780 2739 5847 Augustus
2765 5771 2914 5829 dedit

2129 5876 2373 5949 Collegia
2404 5874 2516 5933 nati
2544 5871 2780 5930 Probum
2806 5888 2821 5928 :

3316 307 3422 368 926
