3884 6324
475 225 583 284 927

765 347 857 404 Sic
888 348 1178 405 Gratianus
1209 351 1352 406 hunc
1373 366 1570 408 novum

762 441 932 511 Stirpi
960 441 1154 496 futurae
1181 443 1420 510 copulet.

765 534 900 588 Rata
929 546 1053 590 sunt
1082 535 1282 602 futura,
1315 553 1438 608 quae
1468 540 1681 611 loquor.

754 627 846 683 Sic
875 629 1088 695 merita,
1122 632 1205 686 sic
1235 629 1597 705 fatumjubet.

759 720 866 775 Sed
885 720 995 790 jam
1025 732 1081 776 ut
1111 723 1363 794 loquatur
1392 728 1591 792 Julius.

756 813 926 869 Fandi
957 816 1177 873 modum
1207 820 1373 874 invita
1406 822 1590 894 accipe

765 906 1085 979 Volucripes
1115 910 1394 969 dimetria.

763 1003 990 1074 Aveque
1011 1003 1182 1075 dicto,
1207 1007 1313 1074 die,
1350 1007 1502 1064 Vale.

1007 1139 1345 1200 EPISTULA
1370 1145 1532 1200 XVII.

465 1244 865 1325 Ad‘llnsowu,
909 1259 1312 1325 grammaticum
1361 1259 1720 1315 Trevirorum:
1758 1265 1844 1317 cui
1869 1274 2077 1321 strenas

537 1317 773 1404 lfalendis
811 1317 1087 1383 Jan'uariis
1136 1329 1199 1383 ab
1233 1333 1542 1404 imperatore
1585 1351 1691 1388 non
1741 1317 2076 1392 datasreddi

539 1393 682 1462 fecit.

469 1505 927 1579 Primusjucundi
961 1514 1165 1570 fuitbie
1189 1517 1283 1572 tibi
1317 1518 1529 1576 fructus
1559 1522 1803 1589 honoris,

541 1599 801 1668 Augusta:
832 1601 1071 1660 faustum
1103 1625 1300 1664 munus
1335 1613 1536 1668 habere
1560 1632 1772 1670 manus.

467 1688 757 1748 Proximus
787 1710 852 1749 ex
885 1696 1048 1768 longo
1069 1702 1274 1770 gradus
1301 1711 1404 1769 est,
1431 1704 1730 1772 Qumstoris
1761 1710 1925 1765 amici

534 1785 738 1841 Curam
767 1805 868 1858 pro
889 1795 1098 1849 strenis
1129 1800 1462 1854 excubuisse
1503 1802 1628 1856 tuis.

467 1875 634 1947 Ergo,
671 1879 1012 1954 interceptos
1037 1889 1222 1958 regale
1251 1893 1519 1950 nomisma
1547 1896 1826 1969 Philippos

537 1971 740 2043 Accipe
765 1983 843 2030 tot
863 1993 1112 2046 numero,
1143 1993 1278 2054 quot
1307 1985 1418 2042 duo
1444 1987 1749 2061 Geryones.

465 2062 607 2129 Quot
632 2068 772 2123 terni
801 2069 1048 2143 biiuges:
1091 2075 1424 2152 demptoque
1451 2084 1653 2139 triente
1681 2085 1976 2144 Camcnte:

539 2156 789 2229 Quotque
819 2162 987 2220 doces
1013 2166 1189 2237 horis,
1222 2182 1466 2245 quotque
1495 2176 1642 2232 domi
1674 2180 1900 2236 resides.

463 2250 612 2307 Ostia
642 2265 774 2326 quot
802 2274 901 2328 pro
931 2273 1087 2333 parte
1118 2266 1298 2335 aperit
1327 2269 1613 2326 stridentia
1642 2273 1863 2330 Circus:

537 2347 807 2421 Excepto,
841 2355 1081 2412 medium
1107 2360 1251 2434 quod
1286 2371 1436 2431 patet
1462 2365 1528 2419 ad
1561 2367 1828 2424 stadium.

465 2439 610 2507 Quot
634 2443 864 2512 pedibus
886 2449 1209 2519 gradiuntur
1237 2470 1392 2524 apes,
1433 2468 1488 2513 et
1513 2453 1705 2516 verSus
1739 2462 1990 2520 Homeri:

540 2535 793 2610 Quotque
827 2542 976 2598 horis
1008 2545 1233 2622 pelagus
1255 2549 1498 2619 proﬂuit,
1520 2564 1619 2609 aut
1637 2555 1838 2611 reﬂuit.

467 2627 707 2685 Protulit
739 2632 794 2687 in
827 2650 1046 2692 scenam
1078 2653 1207 2710 quot
1232 2643 1476 2698 dramata
1513 2645 1833 2705 fabellarum

536 2724 788 2780 Arcadia:
813 2730 996 2784 medio
1028 2735 1117 2802 qui
1141 2734 1286 2805 jacet
1317 2739 1369 2792 in
1402 2742 1636 2809 gremio.

464 2812 561 2872 Vel
585 2827 720 2888 quot
744 2820 1030 2891 juncturas
1051 2832 1383 2896 geometrica
1406 2833 1578 2891 forma
1608 2835 1854 2892 favorum

533 2909 790 2970 Conserit
810 2922 1073 2975 extremis
1103 2924 1376 2996 omnibus,
1407 2937 1464 2982 et
1493 2931 1709 2986 mediis.

461 3003 608 3072 Quot
632 3006 791 3063 telios
825 3012 1035 3081 primus
1067 3018 1330 3087 numeris,
1359 3021 1620 3092 solusque
1643 3025 1941 3094 probatur;

535 3103 680 3171 Quot
709 3123 830 3178 par,
857 3121 1022 3182 atque
1045 3115 1222 3185 impar
1250 3120 1500 3186 partibus
1531 3123 1850 3193 aequiparat.
1971 3121 1973 3123 ’

462 3197 552 3253 Bis
583 3208 792 3269 ternos,
827 3215 881 3259 et
914 3219 1000 3262 ter
1025 3209 1183 3265 binos
1212 3214 1304 3280 qui
1329 3218 1569 3272 conserit
1594 3235 1771 3274 unus:

533 3292 636 3360 Qui
665 3295 820 3351 solus
851 3300 1076 3356 totidem
1106 3307 1523 3376 congeminatus
1549 3309 1733 3368 habet.

463 3383 608 3451 Quot
635 3385 851 3445 faciunt
871 3394 1046 3462 juncti
1072 3398 1374 3470 subterque
1394 3417 1669 3476 supraque
1698 3407 1884 3477 locati,

533 3477 636 3546 Qui
671 3495 964 3541 numerant
995 3488 1234 3560 Hyadas,
1267 3492 1627 3568 Pleiadasque
1657 3500 1839 3566 simul.

466 3612 484 3628 ο
565 3615 579 3627 ο
661 3618 675 3632 0
757 3619 771 3633 0
853 3619 870 3634 ο
951 3621 966 3637 ο
1047 3624 1062 3639 0
1145 3625 1158 3639 ο
1240 3626 1254 3639 ⁸
1335 3630 1350 3644 ο
1432 3629 1446 3644 0
1530 3633 1543 3644 ο
1627 3633 1641 3646 0
1719 3635 1736 3651 ο
1819 3639 1834 3652 ο
1917 3637 1931 3651 0

538 3667 756 3741 Ursulo,
791 3673 1001 3746 collega
1031 3678 1230 3735 nobilis
1265 3681 1586 3740 llarmonio.

461 3758 782 3832 Harmonia,
813 3783 973 3838 quem
1003 3769 1290 3844 Claranus,
1317 3795 1479 3850 quem
1505 3781 1768 3853 Scaurus,
1799 3796 1854 3843 et
1870 3787 2066 3861 Asper,

535 3854 711 3924 Quem
736 3859 846 3916 ‘sibi
879 3863 1150 3920 conferret
1186 3867 1380 3939 Varro,
1409 3875 1667 3947 priorque
1696 3877 1919 3949 Crates,

460 3947 672 4020 Quique
700 3955 842 4009 sacri
880 3955 1120 4014 lacerum
1154 3964 1378 4036 collegit
1408 3982 1608 4039 corpus
1641 3971 1885 4039 Homeri,

531 4043 746 4115 Quique
776 4057 937 4104 notas
966 4054 1171 4122 Spuriis
1199 4059 1452 4115 versibus
1477 4068 1761 4133 apposuit:

462 4135 745 4207 Cecropiae
776 4155 1067 4200 commune
1095 4146 1286 4216 decus,
1318 4152 1573 4226 latimque
1603 4175 1874 4232 camena,

531 4228 695 4287 Solus
728 4236 819 4306 qui
846 4236 1042 4295 Chium
1067 4242 1279 4312 miscet,
1304 4256 1358 4302 et
1387 4228 1757 4324 Ammineum,

987 4377 1325 4438 EPISTULA
1358 4383 1544 4443 XVIII.

856 4488 1124 4548 Ausomus
1150 4494 1359 4554 PONTIO
1399 4501 1658 4561 PAULINO.

454 4599 793 4658 Condiderat
819 4606 927 4676 jam
961 4611 1093 4664 solis
1117 4627 1288 4683 equos
1313 4617 1589 4676 Tartessia
1618 4623 1819 4697 Calpe:

457 4701 847 4775 StritIt-hatque
873 4705 1014 4762 freto
1043 4709 1201 4765 Titan
1229 4711 1458 4782 insignis
1480 4719 1634 4776 Ibero
1660 4742 1672 4776 :

453 4796 574 4851 .lam
608 4800 970 4857 succedentes
1010 4807 1286 4874 quatiebat
1319 4811 1469 4866 Luna
1494 4815 1797 4886 juvencas;

460 4889 714 4946 Vinceret
747 4901 804 4947 ut
833 4897 1088 4952 tenebras
1119 4900 1309 4965 radiis,
1343 4907 1486 4959 velut
1514 4911 1711 4965 :cnmla
1746 4913 1948 4970 fratris.

453 4984 574 5038 iam
606 4988 884 5057 volucres,
920 4991 1318 5064 hominumque
1361 5014 1534 5067 genus
1557 5006 1866 5069 superabile
1892 5012 2062 5079 curis,

454 5079 764 5138 Mulcebant
790 5085 983 5153 placidi
1008 5089 1301 5158 tranquilla
1332 5092 1531 5147 oblivia
1555 5100 1755 5150 somni.

453 5173 806 5234 Transierant
837 5182 979 5248 idus,
1013 5187 1225 5240 medius
1249 5203 1504 5259 suprema
1536 5192 1829 5250 december

453 5267 724 5340 Tempora
757 5286 986 5331 venturo
1021 5283 1356 5350 properabat
1377 5284 1612 5356 jungcre
1642 5287 1798 5342 Jano.

461 5363 525 5416 Et
552 5379 723 5418 nonas
753 5366 998 5424 decimas
1030 5373 1098 5426 ab
1126 5388 1184 5429 se
1214 5392 1317 5432 nox
1350 5378 1510 5450 longa
1539 5379 1803 5437 kalendas

454 5460 674 5529 Jugiter
703 5464 864 5518 acciri
887 5467 1210 5524 celebranda
1244 5475 1308 5526 ad
1341 5473 1478 5529 festa
1511 5477 1756 5546 jobcbat.

534 5600 742 5669 Nescis,
765 5614 911 5675 puto,
943 5606 1068 5676 quid
1092 5609 1238 5662 velim
1272 5620 1343 5664 tot
1371 5615 1595 5669 versibus
1630 5617 1829 5684 dicere;
1862 5619 2063 5672 medius

458 5697 618 5766 ﬁdius
651 5709 812 5769 neque
836 5700 946 5768 ipse
976 5701 1098 5755 bene
1149 5703 1421 5777 intelligo:
1453 5719 1619 5764 tamen
1650 5713 1906 5778 suspicor.
1938 5712 2063 5766 lant

457 5793 627 5860 prium
649 5809 667 5844 ι
686 5809 754 5847 ox
780 5801 889 5847 erat
911 5804 1029 5849 ante
1059 5797 1193 5852 diem
1227 5816 1422 5854 nonum
1450 5803 1704 5858 decimum
1723 5803 2062 5861 kalendarum

1865 240 2046 299 DECII
2087 240 2366 299 AUSONII

3677 255 3764 310 99.8

2105 359 2156 419 Α
2185 356 2586 426 Ianuariarum,
2612 375 2726 414 cum
2757 361 2978 416 reddita
2994 374 3113 416 sunt
3128 362 3258 416 mihi
3279 363 3763 443 littertetua'oppido

2181 469 2332 522 quam
2355 453 2620 506 litteratw.
2655 453 2752 508 His
2786 457 2934 527 longe
2966 457 3409 526 jucundissimum
3452 478 3632 530 poema
3657 470 3762 521 sub-

2181 546 2411 613 dideros,
2444 547 2580 614 quod
2628 547 2694 601 de
2731 549 2892 603 tribus
2931 549 3172 605 Suetonii
3201 551 3370 618 libris,
3412 571 3541 623 quos
3592 557 3674 612 ille
3712 563 3763 616 de

2181 637 2387 708 regibus
2420 639 2585 702 dedit,
2627 640 2681 692 in
2737 642 2990 710 epitomen
3044 645 3277 715 coegisti,
3309 657 3467 699 tanta
3501 647 3759 721 elegantia,

2180 732 2322 785 solus
2344 742 2399 786 ut
2422 731 2550 786 mihi
2577 734 2782 788 videare
2807 747 3097 802 assecutus,
3121 741 3264 810 quod
3293 751 3474 794 contra
3498 760 3662 797 rerum
3685 765 3762 800 na-

2183 834 2353 878 turam
2381 836 2475 893 est,
2507 826 2731 882 brevitas
2757 840 2811 882 ut
2833 830 3048 884 obscura
3074 849 3178 887 non
3194 844 3344 888 esset.
3369 833 3437 889 In
3458 835 3541 890 his
3562 841 3758 894 uersibus

2181 934 2273 990 ego
2300 919 2400 972 ista
2426 921 2664 991 cognovi.

2181 1075 2564 1149 Europamque
2587 1079 2887 1150 Asiamque
2911 1082 3024 1137 duo
3044 1082 3128 1137 vel
3160 1085 3398 1140 maxima
3431 1095 3589 1144 terra

2181 1169 2422 1224 Membra
2449 1189 2463 1225 :
2494 1173 2694 1242 quibus
2726 1174 2950 1247 Libyam
2976 1177 3143 1233 dubie
3171 1178 3463 1235 Sallustius
3495 1181 3640 1238 addit

2181 1259 2417 1332 Europae
2448 1254 2765 1334 adjunctam
2796 1309 2809 1332 ,
2844 1268 3019 1338 possit
3047 1284 3175 1324 cum
3209 1271 3374 1326 tertia
3402 1271 3536 1327 dici:

2180 1353 2455 1423 Regnatas
2475 1357 2684 1425 multis,
2719 1375 2854 1428 quos
2887 1361 3033 1416 fama
3066 1363 3361 1419 obliterat:
3394 1358 3450 1421 et
3479 1383 3611 1435 quos

2179 1446 2413 1502 Barbara
2443 1450 2707 1506 [tentante
2733 1468 2837 1508 non
2875 1456 3092 1510 tradunt
3137 1459 3360 1515 nomina
3394 1460 3608 1530 linguae,

2179 1538 2485 1609 lllibanum,
2510 1543 2910 1618 Numidamque
2938 1550 3175 1618 Avelim,
3198 1552 3569 1627 Partbunique
3594 1557 3748 1614 Vonoo

2179 1632 2249 1688 Et
2273 1635 2566 1703 Caranum,
2591 1639 2789 1694 Pella-a
2813 1642 2961 1696 dedit
2986 1646 3076 1714 qui
3107 1648 3329 1702 nomina
3357 1664 3570 1719 regum.
3606 1652 3750 1724 luem,

2103 1763 2150 1824 Β
2180 1726 2394 1798 Quique
2425 1733 2626 1801 magos
2652 1734 2838 1789 docuit
2870 1739 3129 1808 mysteria
3160 1754 3298 1795 vana
3328 1740 3632 1812 Necepsus:

2180 1823 2250 1878 Et
2268 1824 2358 1894 qui
2391 1827 2641 1896 regnavit
2671 1828 2790 1884 sine
2815 1831 3044 1887 nomine
3074 1847 3202 1916 mox
3229 1832 3558 1893 Sesoosuis.

2248 2003 2380 2060 [lac
2405 2016 2461 2060 tu
2489 2024 2645 2078 quam
2665 2010 2853 2081 perite,
2884 2021 2933 2065 et
2961 2015 3234 2082 concinne,
3251 2033 3412 2086 quam
3432 2015 3704 2087 modulate,
3721 2034 3758 2077 et

2175 2100 2417 2167 dulciter,
2473 2103 2552 2156 ita
2584 2108 2747 2176 juxta
2799 2117 3045 2162 naturam
3088 2110 3447 2167 Romanorum
3482 2126 3759 2171 accentuum

2176 2196 2479 2261 enuntiasti,
2507 2206 2564 2250 ut
2594 2208 2769 2252 tamen
2797 2203 2951 2267 veris,
2991 2219 3055 2256 ac
3085 2205 3410 2275 primigeniis
3437 2209 3642 2263 vocibus
3683 2228 3758 2264 sua

2177 2290 2390 2361 fastigia
2420 2307 2526 2345 non
2553 2293 2804 2364 perirent.
2851 2295 2975 2349 Jam
3002 2299 3130 2367 quid
3165 2301 3228 2353 de
3250 2302 3554 2373 eloquentia
3582 2307 3759 2362 dicant?

2175 2381 2371 2452 liquide
2392 2383 2643 2456 adjurare
2671 2404 2905 2457 possum,
2950 2392 3156 2445 nullum
3184 2394 3279 2448 tibi
3318 2398 3394 2449 ad
3423 2399 3670 2467 poeticam
3695 2403 3759 2470 fa-

2176 2476 2425 2528 cundiam
2461 2475 2711 2533 ltomance
2749 2481 3032 2545 iuuentutis
3079 2488 3308 2556 (aquari.
3343 2485 3499 2543 Certe
3537 2491 3612 2545 ita
3657 2494 3759 2548 mihi

2178 2570 2394 2623 videris.
2449 2570 2512 2626 Si
2533 2588 2675 2640 erro,
2723 2587 2872 2645 pater
2919 2595 3057 2646 sum,
3111 2584 3192 2651 fer
3221 2599 3334 2637 me:
3355 2595 3407 2638 et
3449 2586 3560 2640 noli
3583 2588 3759 2661 exigere

2167 2659 2456 2732 judicium,
2490 2663 2728 2719 obstante
2779 2667 2988 2738 pietate.
3033 2669 3225 2724 Verum
3271 2690 3391 2727 cum
3423 2677 3506 2742 pie
3547 2659 3755 2751 diligam,

2175 2754 2375 2808 sincere
2397 2771 2457 2808 ac
2478 2773 2656 2812 severe
2698 2759 2898 2823 iudico.
2949 2761 3104 2834 Aﬁce
3151 2781 3257 2830 me,
3289 2783 3405 2832 oro,
3451 2769 3547 2822 tali
3573 2786 3759 2826 munere

2175 2846 2507 2917 frequenter:
2529 2867 2629 2919 quo
2645 2860 2697 2904 et
2713 2851 2959 2922 oblector,
2989 2865 3035 2910 et
3063 2855 3314 2914 honoror.
3341 2862 3572 2916 Accessit
3588 2863 3677 2917 tibi
3705 2869 3758 2917 ad

2176 2949 2380 3007 partem
2419 2945 2679 3012 poeticam
2705 2945 2895 3002 mellea
2937 2950 3246 3006 modulatio.
3279 2954 3421 3022 Quid
3457 2958 3589 3011 enim
3637 2961 3757 3013 aliud

2174 3045 2360 3105 agunt,

2098 3163 2144 3226 C
2247 3172 2439 3260 Audax
2471 3173 2645 3244 Icario
2667 3178 2758 3248 qui
2787 3178 2912 3234 fecit
2939 3182 3154 3235 nomina
3188 3194 3376 3255 ponto,

2250 3267 2318 3322 Et
2339 3271 2429 3338 qui
2457 3269 2802 3330 Chalcidicas
2837 3273 3118 3338 moderate
3149 3279 3334 3334 enavit
3361 3280 3431 3336 ad
3463 3297 3643 3352 arces,

2175 3426 2276 3480 nisi
2305 3437 2355 3481 ut
2385 3439 2433 3482 et
2459 3440 2712 3502 uegetam,
2735 3443 2783 3486 et
2837 3434 3109 3490 sublimem
3135 3437 3464 3496 alacritatem
3511 3454 3666 3511 tuam,
3691 3455 3752 3501 te-

2174 3520 2466 3576 meritatem
2495 3540 2675 3579 voces:
2699 3542 2780 3580 me
2804 3543 2947 3595 vero,
2971 3538 3022 3583 et
3042 3532 3366 3600 consultum,
3391 3545 3442 3589 et
3468 3536 3614 3606 quem
3636 3538 3755 3607 ﬁlius

2175 3611 2353 3667 debeat
2365 3616 2577 3683 imitari,
2598 3618 2824 3673 salutari
2839 3622 3118 3692 prudentia
3130 3627 3415 3694 praeditum
3429 3630 3572 3684 dicas
3588 3631 3613 3685 7
3626 3632 3754 3698 Quod

2173 3708 2409 3777 equidem
2430 3720 2612 3764 contra
2635 3721 2732 3769 est.
2764 3712 2906 3768 Nam
2935 3724 2992 3769 tu
3016 3733 3220 3772 summa
3239 3721 3316 3774 sic
3339 3725 3566 3793 appetis,
3598 3734 3649 3778 ut
3672 3742 3754 3779 non

2173 3793 2389 3857 decidas
2411 3820 2431 3859 :
2459 3817 2694 3861 senectus
2724 3824 2838 3862 mea
2875 3814 3001 3866 satis
3031 3811 3207 3882 habet,
3261 3817 3314 3869 si
3338 3819 3610 3876 consistat.
3647 3818 3754 3874 Hac

2172 3896 2242 3950 ad
2258 3905 2306 3950 te
2326 3897 2568 3968 breviter,
2609 3911 2658 3954 et
2697 3902 2863 3971 illico,
2902 3907 3130 3976 vesperis
3147 3907 3291 3962 illius
3307 3921 3480 3965 secuto
3495 3929 3643 3967 mane
3666 3914 3753 3966 dic-

2173 3993 2294 4045 tavi.
2335 3991 2418 4047 Ita
2443 3995 2582 4048 enim
2618 3996 2923 4054 tabellarius
2971 4011 3119 4069 tuus,
3147 4013 3208 4057 ut
3237 4005 3518 4076 epistolam
3546 4009 3751 4078 referret,

2171 4087 2420 4142 instabat.
2476 4088 2619 4144 Nam
2649 4092 2697 4145 si
2728 4093 2856 4147 mihi
2885 4096 3048 4150 otium
3079 4097 3260 4165 fuerit,
3293 4099 3594 4155 oblectabile
3621 4119 3753 4172 nego-

2171 4184 2301 4236 tium
2333 4187 2428 4239 erit
2449 4187 2520 4239 ad
2542 4195 2592 4240 te
2619 4189 2883 4260 prolixius
2916 4190 3165 4258 delirare,
3219 4203 3267 4248 te
3303 4205 3355 4248 ut
3395 4186 3621 4262 eliciam,
3648 4197 3751 4249 milii

2173 4286 2231 4331 ut
2273 4279 2618 4348 satisfaciam.
2661 4280 2810 4337 Vale.

2700 4441 3040 4501 EPISTULA
3053 4398 3206 4503 ὶῐΧ.

2091 4561 2148 4623 Ῑ)
2173 4576 2410 4634 PAULINO
2434 4581 2723 4638 Ausoutos.
2749 4581 2980 4639 Metrum
3011 4585 3092 4640 sic
3120 4587 3314 4652 suasit,
3348 4599 3407 4644 ut
3434 4605 3583 4646 esses

2243 4674 2323 4728 Tu
2359 4678 2531 4744 prior,
2561 4685 2617 4730 et
2648 4693 2846 4733 nomen
2881 4681 3293 4751 prmgrederere
3313 4700 3518 4740 meum.

2169 4767 2507 4835 Quamquam
2536 4777 2590 4824 et
2611 4769 2872 4826 fastorum
2901 4773 3056 4827 titulo
3090 4775 3261 4844 prior,
3295 4787 3351 4831 ct
3373 4789 3462 4833 tua
3496 4778 3669 4834 Romae

2242 4860 2529 4917 Praecessit
2561 4874 2810 4919 nostrum
2840 4866 2976 4920 sella
3009 4869 3220 4924 curulis
3247 4870 3405 4926 ebur.

2170 4953 2239 5008 Et
2265 4971 2385 5024 qua:
2405 4956 2726 5022 jamdudum
2751 4958 2844 5013 tibi
2879 4959 3054 5027 palma
3080 4964 3296 5029 poetica
3331 4966 3520 5036 pollet.

2245 5045 2537 5103 Lemnisco
2567 5059 2761 5104 ornata
2785 5061 2891 5119 est,
2923 5068 3033 5124 quo
3064 5069 3183 5109 mea
3205 5057 3382 5125 palma
3409 5069 3580 5116 caret.

2171 5138 2459 5210 Longaevm
2483 5149 2692 5197 tantum
2726 5158 3056 5212 superamus
3086 5145 3299 5205 honore
3329 5163 3586 5208 senectae.

2241 5233 2378 5301 Quid
2405 5235 2610 5290 refert?
2627 5238 2816 5292 cornix
2847 5255 2954 5293 non
2982 5239 3105 5296 ideo
3124 5251 3252 5297 ante
3271 5257 3530 5316 cycnum.

2172 5326 2285 5382 Nec
2314 5328 2439 5399 quia
2471 5330 2618 5384 mille
2648 5345 2826 5388 annos
2853 5333 2983 5387 vivit
3015 5334 3350 5405 Gangeticus
3387 5339 3526 5408 ales,

2245 5420 2425 5477 Vincit
2451 5433 2669 5479 centum
2693 5426 2900 5495 oculos,
2926 5429 3076 5498 regie
3103 5445 3260 5500 pave,
3286 5440 3430 5488 tuos.

2168 5510 2425 5571 Cedimus
2457 5517 2692 5587 ingenio,
2725 5529 2986 5590 quantum
3019 5507 3386 5592 praecedimus
3415 5542 3552 5586 :evo.

2246 5609 2493 5681 Assurgit
2518 5611 2681 5668 Musa:
2709 5627 2896 5669 nostra
2921 5613 3152 5671 Camena
3186 5626 3346 5674 tuae.‘

2117 5688 2127 5712 ’4
2174 5707 2327 5774 Vive,
2357 5709 2476 5765 vale
2502 5727 2513 5763 :
2546 5721 2601 5765 et
2627 5712 2852 5768 totidem
2882 5724 3144 5769 venturos
3170 5731 3409 5788 congere
3439 5717 3624 5788 Janus,

2244 5802 2386 5870 Quot
2417 5814 2561 5872 tuus,
2591 5815 2684 5860 aut
2708 5818 2897 5862 noster
2925 5825 3254 5868 conseruere
3283 5823 3489 5882 patres.
