3884 6322
101 237 195 300 Μ

648 349 973 408 EPISTOLA
1016 348 1134 406 XX.

409 443 682 498 Ausouws
720 442 957 497 PAULINO
993 456 1090 497 suo
1126 441 1366 496 salutem.

167 556 374 621 Quanto
406 573 490 609 me
515 556 686 624 a/fecit
717 555 975 625 beneﬁcio,
1004 572 1110 610 non
1136 556 1308 610 delata
1335 556 1559 625 quidem,
1599 555 1690 609 sed

97 658 322 720 suscepta
347 650 675 719 querimonia
709 666 840 717 mea,
883 648 1104 703 Pauline
1131 631 1244 718 illi!
1283 649 1470 702 veritus
1506 649 1692 717 displi-

97 743 256 796 cuisse
296 742 494 806 oleum,
536 741 675 811 quod
721 743 956 809 miseras,
1005 757 1189 795 munus
1232 741 1472 794 iterasti:
1513 740 1691 794 addito

97 835 244 888 etiam
299 831 702 888 Barcinonensis
756 830 935 888 murice
1002 833 1325 886 condimento
1380 821 1690 887 cumulatius

99 929 403 999 prtestitisti.
440 928 559 985 Scis
585 936 754 983 autem
786 945 865 982 me
892 929 944 982 id
990 945 1171 983 nomen
1213 926 1510 993 MURLE,
1551 927 1691 999 quod

97 1025 146 1076 in
173 1039 266 1077 usu
292 1023 436 1093 uulgi
478 1031 575 1090 est,
629 1038 720 1076 nec
767 1023 948 1087 solere,
999 1039 1088 1076 nec
1135 1038 1280 1091 posse
1322 1023 1528 1076 dicere:
1575 1038 1691 1075 cum

99 1115 420 1188 scientissimi
451 1124 696 1180 ueterum,
747 1126 796 1169 et
840 1114 1018 1170 Graeca
1064 1116 1309 1170 vocabula
1353 1115 1690 1186 fastidientes,

98 1207 340 1260 Latinum
369 1208 427 1260 in
456 1206 628 1261 CAR!
658 1207 1006 1279 appellatione
1029 1225 1129 1262 non
1165 1207 1410 1262 habeant.
1455 1206 1563 1263 Sed
1599 1222 1690 1277 ego

97 1316 410 1370 quocumque
456 1302 658 1355 nomine
703 1302 906 1371 loquar,
955 1302 1123 1372 liquor
1169 1302 1264 1356 iste
1301 1298 1686 1356 SOCIORUM

98 1404 324 1448 vocatur.
361 1392 520 1448 Vale.

99 1529 212 1583 Jam
243 1530 465 1599 patinas
496 1531 733 1599 implebo
763 1546 936 1597 meas,
968 1542 1026 1586 ut
1051 1534 1265 1603 parcior
1285 1534 1374 1589 ille

98 1622 359 1690 Majorutn
390 1624 598 1679 mensis
622 1625 863 1695 applaria
891 1641 1081 1683 succus
1109 1627 1352 1682 inundet.

1565 233 1947 298 EPISTOL£.

1611 417 1619 424 ἱ
1707 353 1763 413 Α
1788 353 2027 421 Amicus,
2064 332 2368 420 et‘viclnus,
2402 364 2456 410 et
2485 354 2662 410 l'autor
2692 365 2836 419 tuus,

3272 245 3376 306 930

1790 443 2023 499 llonoris
2052 454 2259 511 auctor,
2291 444 2432 500 altor
2461 445 2636 516 ingeni
2667 447 2762 501 tui.

1792 532 1890 588 Dic
1917 543 1972 590 et
1998 535 2275 605 magister,
2300 534 2386 590 dic
2414 551 2631 606 parens,
2659 536 2746 592 dic
2775 539 2956 593 omnia

1790 625 1992 679 Blanda
2023 634 2186 692 atque
2216 636 2400 682 sancta
2429 627 2707 684 cltaritatis
2737 631 2974 686 nomina.

1790 719 2014 788 Aveque
2041 719 2207 785 dicto,
2238 719 2325 775 dic
2353 720 2507 786 Vale,
2538 715 2593 776 et
2623 731 2862 778 actutum
2892 723 3032 779 redi.

1789 807 1943 874 Quod
1977 809 2021 865 si
2053 811 2282 881 rogabit,
2311 812 2438 883 quid
2463 827 2626 882 super
2650 813 2871 883 scriptis
2898 815 3054 873 novis

1792 905 2032 961 Maturus
2063 908 2186 976 teri,
2224 922 2325 964 nec
2350 908 2500 963 rudis
2530 907 2821 979 dijudicem
2848 928 2863 965 :

1752 1030 1755 1031 ν
1791 995 2014 1053 Nescire
2038 998 2213 1066 dices,
2239 999 2335 1054 sed
2362 1007 2608 1069 paratum
2635 1000 2745 1070 jam
2778 999 2895 1056 lore

1795 1087 2144 1143 Hernicorum
2177 1105 2430 1146 versuum
2461 1091 2680 1161 plenum
2709 1092 2979 1149 essedum.

1791 1181 1890 1236 Cui
1916 1182 2215 1253 subjugabo
2239 1183 2307 1239 de
2339 1185 2604 1239 molarum
2634 1186 2970 1256 ambagibus,

1793 1273 1894 1341 Qui
1919 1276 2206 1330 machiuali
2237 1290 2367 1331 saxa
2400 1277 2620 1334 volvunt
2649 1278 2908 1346 pondere,

1793 1367 2056 1437 Tripedes
2080 1369 2316 1425 caballos
2344 1380 2493 1440 terga
2523 1376 2711 1440 rupt'os
2738 1373 2985 1430 verbere.

1795 1459 1889 1515 llis
1916 1469 1973 1515 ut
1997 1462 2261 1517 vehantur
2288 1473 2399 1520 tres
2427 1465 2642 1522 sodales
2669 1467 2863 1522 nuntii.

1717 1569 1720 1572 ’
1796 1549 1932 1606 Fors
1962 1560 2016 1607 et
2042 1554 2275 1623 rogabit,
2298 1569 2438 1625 quos
2468 1557 2686 1613 sodales
2713 1558 2922 1614 dixeris

1797 1642 1968 1700 Simul
1998 1645 2222 1701 venire:
2253 1645 2362 1710 dic,
2393 1647 2688 1703 'l‘rinodem
2713 1648 2986 1722 dactylum

168 1755 309 1822 Quid
338 1766 516 1811 autent
540 1767 644 1811 tam
682 1760 922 1825 amabile,
971 1770 1175 1830 tamque
1218 1760 1492 1832 hospitale,
1538 1778 1691 1832 quam
1717 1734 1767 1795 Β
1793 1734 1917 1832 Yidi
1948 1745 2188 1832 Parati]?
2220 1737 2483 1832 ἳτυσὲίυιίί
2509 1741 2792 1797 Camerio:

97 1847 229 1916 quod
252 1855 333 1914 tu,
366 1857 424 1902 ut
453 1865 534 1902 me
557 1853 856 1922 participes,
887 1852 1098 1907 delicias
1124 1863 1237 1907 tuas
1268 1855 1321 1906 in
1358 1855 1471 1921 ipsa
1510 1855 1692 1925 primi-

99 1937 287 1990 tiarnm
331 1941 556 1994 novitate
600 1942 919 2011 defraudas?
951 1959 981 1995 ο
1021 1943 1171 1998 melle
1199 1944 1421 2012 dulcior,
1455 1962 1485 1998 ο
1511 1947 1694 2016 gratia:

99 2037 353 2084 uenustate
377 2032 628 2099 festiuior,
653 2048 683 2085 o
705 2033 768 2085 ab
791 2033 1019 2088 omnibus
1049 2035 1219 2103 patrio
1240 2037 1532 2106 stringende
1555 2052 1692 2089 cont-

99 2117 284 2186 pleru!
314 2119 423 2175 Sed
446 2120 578 2187 htec,
608 2132 755 2190 atque
783 2123 889 2175 alia
915 2122 1212 2192 huiusmodi
1238 2124 1549 2179 documenta
1571 2125 1695 2180 libe-

99 2211 219 2264 ralis
246 2212 431 2277 animi,
463 2213 622 2266 alicui
652 2218 892 2284 fortasse,
921 2224 968 2268 et
1004 2216 1304 2285 aliquando,
1344 2217 1572 2285 quamvis
1611 2233 1694 2270 ra-

100 2302 204 2357 rius
225 2319 244 2356 :
270 2303 408 2358 illud
434 2306 498 2360 de
521 2306 854 2376 epistolarum
876 2317 1084 2361 tuarum
1110 2309 1424 2375 eruditione,
1469 2311 1533 2363 de
1574 2326 1695 2379 poe-

102 2395 251 2449 matis
270 2396 629 2466 jucunditate,
659 2398 721 2452 de
740 2398 1048 2465 inventione,
1074 2409 1120 2453 et
1140 2401 1552 2468 concinnatione,
1568 2404 1695 2472 juro

107 2489 297 2554 omnia,
327 2490 466 2543 nulli
487 2507 729 2561 umquam
769 2493 1020 2546 imitabile
1049 2493 1304 2561 futurum,
1342 2495 1434 2548 etsi
1472 2496 1696 2564 fateatur

105 2581 428 2635 imitandum.
453 2582 535 2637 De
560 2601 662 2654 quo
689 2583 960 2655 opusculo,
990 2594 1046 2638 ut
1066 2586 1238 2657 jubes,
1262 2588 1469 2658 faciam.
1502 2587 1698 2659 Exqui-

108 2673 250 2728 sitius
279 2675 525 2729 universa
553 2675 741 2731 limabo
762 2694 781 2731 :
806 2686 855 2730 et
884 2681 1118 2748 quamvis
1145 2696 1236 2750 per
1261 2691 1307 2734 te
1335 2697 1516 2736 manus
1560 2699 1702 2736 sunt-

110 2779 189 2816 ma
218 2766 516 2837 contigerit,
553 2769 736 2820 ctzlum
761 2770 1038 2837 superﬂua:
1057 2771 1385 2840 expolitionis
1410 2771 1664 2826 adhibebo
1680 2789 1700 2827 :

97 2857 268 2926 magis
297 2868 354 2910 ut
385 2858 479 2911 tibi
506 2875 736 2929 parcam,
768 2877 920 2928 quam
954 2872 1009 2915 ut
1041 2864 1278 2932 perfectis
1319 2866 1517 2935 aliquid
1557 2866 1700 2934 adii-

109 2951 258 3004 ciam.
287 2949 503 3005 lnterea
533 2962 721 3019 tamen,
752 2971 814 3008 ne
842 2955 950 3008 sine
992 2955 1268 3009 corollario
1308 2959 1504 3025 poetico
1539 2958 1702 3012 tabel-

113 3040 270 3095 larius
285 3051 406 3096 tuus
423 3045 630 3108 rediret,
653 3046 832 3116 paucis
844 3046 1072 3100 iambicis
1085 3047 1697 3121 prwludendumputavi:

113 3134 231 3186 dum
256 3136 415 3203 illud,
439 3138 577 3206 quod
597 3153 629 3190 a
655 3113 735 3191 me
756 3140 958 3193 heroico
985 3113 1146 3194 metro
1175 3142 1462 3210 desideras,
1489 3113 1701 3197 inchoa-
1727 3113 1771 3176 Ο

114 3234 210 3280 tur.
243 3225 345 3281 Isti
370 3238 564 3297 tamen,
603 3231 676 3283 ita
717 3240 764 3285 te
800 3243 846 3286 et
890 3231 1204 3300 Hesperium
1250 3234 1417 3288 salvos
1464 3234 1699 3304 habeam,

113 3318 244 3386 quod
266 3322 437 3391 spatio
483 3322 946 3377 lucubratiuncula:
992 3325 1147 3377 unius
1193 3321 1349 3390 effusi
1396 3341 1703 3396 quamquam

116 3408 208 3462 hoc
235 3410 336 3480 ipsi
364 3413 432 3466 de
457 3430 512 3467 se
537 3414 844 3483 probabunt,
870 3423 1040 3470 tanten
1080 3415 1209 3494 nihil
1250 3416 1536 3486 diligentia:
1573 3419 1704 3473 ulte-

116 3504 264 3560 rioris
293 3507 604 3563 habuerunt.
640 3509 788 3565 Vale.

184 3659 365 3719 lambe
390 3662 626 3732 Parthis,
654 3675 708 3722 et
735 3665 1013 3738 Cydonum
1045 3668 1286 3739 spiculis,

120 3750 293 3808 lambe
319 3756 500 3824 pinnis
531 3757 717 3812 alitum
751 3745 1008 3828 velocior,

123 3844 244 3901 Padi
272 3850 480 3905 ruentis
511 3850 712 3920 impetu
746 3855 1059 3923 torrentior,

122 3935 302 4009 Magna
333 3957 548 3996 sonora:
577 3944 856 4012 grandinis
887 3929 939 3998 vi
972 3946 1212 4012 densior,

121 4026 374 4087 Flammis
399 4034 607 4088 corusci
638 4035 878 4090 fulminis
906 4037 1186 4104 vibratior,

121 4118 232 4176 Jam
261 4140 402 4181 nunc
432 4142 527 4196 per
557 4143 714 4182 auras
745 4129 926 4185 Persei
957 4132 1239 4194 talaribus,

123 4214 413 4289 Petasoque
441 4220 568 4276 ditis
599 4221 839 4278 Arcados
870 4233 1077 4291 vectus,
1105 4225 1248 4279 vola.

121 4306 172 4360 Si
204 4324 326 4365 vera
355 4312 496 4367 fama
528 4323 610 4368 est
638 4315 994 4384 Hippocrene,
1027 4332 1185 4386 quam
1219 4316 1374 4388 pedis

123 4400 277 4457 Pulsu
305 4407 522 4461 citatam
555 4409 805 4476 cornipes
837 4408 973 4462 fudit
1003 4409 1239 4465 fremens
1266 4428 1280 4463 :

125 4493 196 4549 Tu
219 4495 366 4555 fonte
395 4501 446 4555 in
474 4501 594 4570 ipso
625 4511 942 4570 procreatus
972 4504 1182 4574 Pegasi,

121 4588 329 4649 Primus
360 4610 626 4650 novorum
656 4607 824 4652 metra
851 4599 1080 4668 iunxisti
1109 4601 1340 4670 pedum:

124 4679 332 4755 lllicque
362 4687 533 4742 musis
561 4690 974 4764 concinentibus
1006 4707 1224 4761 novcm,

122 4772 326 4856 Caedem
361 4781 413 4835 in
444 4780 698 4837 draconis
723 4783 1003 4839 concitasti
1031 4786 1260 4841 Delium.

125 4863 222 4922 Fer
245 4871 383 4927 hanc
412 4874 642 4930 salutem
675 4890 883 4946 praepes
911 4888 964 4933 et
992 4880 1298 4949 volucripes

125 4952 322 5016 Paulini
352 4964 416 5018 ad
446 4979 617 5035 usque
645 4967 864 5033 muenia,
895 4969 1290 5043 llebromagum
1325 4977 1534 5050 loquor.

126 5047 190 5104 Et
215 5056 475 5126 protinus,
499 5058 613 5127 jam
642 5060 684 5114 si
723 5063 1010 5133 resumptis
1037 5064 1242 5122 viribus

126 5141 294 5200 Alacri
319 5150 514 5204 reiecti
543 5153 788 5221 corporis
817 5162 964 5209 motu
991 5156 1156 5225 viget,

131 5232 340 5295 Salvere
357 5241 569 5310 jussum
600 5258 724 5298 mox
752 5260 977 5313 reposce
1006 5257 1271 5305 mutuum.

128 5324 264 5383 Nihil
290 5336 554 5390 moreris:
582 5335 801 5406 jamque
829 5337 956 5392 dum
985 5339 1197 5408 loquor,
1227 5343 1365 5410 redi,

131 5416 359 5482 Imitatus
387 5427 538 5482 illum
565 5428 747 5498 stirpis
775 5440 1049 5488 auctorem
1079 5442 1203 5490 tum.

130 5509 344 5586 Triplici
374 5521 641 5578 furentem
671 5525 762 5592 qui
791 5525 1109 5582 Chimaeram
1142 5530 1395 5589 incendio

131 5605 517 5685 Supervolavit,
550 5624 698 5672 tutus
728 5617 849 5689 igne
877 5621 1136 5690 proximo.

137 5697 228 5758 Dic
255 5714 307 5762 et
341 5707 528 5768 Valere
550 5727 564 5765 :
586 5709 701 5782 .dic,
735 5712 911 5770 Avere
941 5722 992 5770 te
1013 5714 1170 5784 jubet

1794 1827 2081 1897 Spondeus
2112 1829 2188 1883 illi
2219 1829 2449 1901 leutipes
2474 1832 2581 1886 ibat
2611 1849 2815 1902 comes,

1793 1919 2020 1975 Paribus
2047 1931 2288 1976 moratur
2309 1923 2396 1991 qui
2430 1924 2562 1980 locis
2589 1941 2811 1981 cursum
2845 1944 3024 1984 meum
3051 1948 3064 1983 :

1795 2011 2032 2081 Mihique
2056 2013 2267 2079 similis,
2297 2029 2512 2085 semper
2535 2016 2793 2074 adversus
2824 2029 3026 2088 tamen,

1794 2102 1906 2158 Nec
1935 2119 2050 2173 par,
2084 2120 2185 2160 nec
2214 2104 2406 2176 impar,
2437 2108 2528 2176 qui
2557 2107 2853 2166 Trocltzeus
2881 2112 3099 2169 dicitur.

1795 2197 1923 2252 llaec
1953 2197 2064 2253 lare
2091 2201 2314 2270 cursim,
2351 2216 2447 2256 nec
2478 2213 2717 2260 moratus
2746 2208 2987 2277 pervola,

1796 2289 2010 2360 Aliquid
2042 2301 2325 2360 reportans
2353 2293 2574 2350 interim
2602 2300 2906 2356 munusculi

1798 2383 1874 2440 De
1903 2384 2153 2455 largitate
2184 2387 2374 2442 musici
2405 2391 2741 2459 promptarii.

2337 2532 2665 2592 EPISTOLA
2705 2535 2847 2593 XXI.
2885 2542 2889 2546 ⁷

2108 2648 2372 2704 Ausoruus
2409 2637 2646 2707 Panemo
2688 2668 2786 2709 suo
2835 2655 3076 2712 salutem.

1874 2787 2072 2844 Multas
2099 2801 2148 2844 et
2188 2796 2479 2863 frequentes
2508 2797 2635 2850 mihi
2665 2799 2849 2868 gratia:
2877 2809 2978 2856 tua
2996 2815 3201 2860 'causas
3228 2819 3279 2863 et
3306 2822 3394 2862 oc-

1801 2882 1943 2933 casio
1966 2883 2204 2938 subinde
2225 2895 2350 2939 nata
2382 2889 2680 2958 concinnat,
2711 2903 2759 2945 et
2805 2902 3011 2950 natura:
3037 2905 3139 2951 tua:
3164 2901 3397 2968 facilitas

1805 2974 2026 3044 benigna
2049 2979 2316 3041 conciliat,
2360 2979 2585 3036 Pauline
2614 2985 2716 3052 ﬁli.
2738 2984 2904 3056 Nam,
2931 2989 3060 3058 quia
3087 2991 3243 3060 nihil,
3269 3009 3395 3064 pos;-

1803 3077 1947 3121 cente
1969 3085 2067 3136 me,
2097 3070 2304 3139 abnuis,
2323 3075 2489 3147 magis
2516 3079 2664 3131 acuis
2691 3081 3006 3149 procaciam,
3043 3100 3199 3154 quam
3220 3097 3400 3142 retun-

1806 3157 1920 3212 dis:
1966 3169 2022 3213 ut
2066 3177 2202 3216 nunc
2230 3181 2436 3236 quoque
2474 3167 2527 3220 in
2566 3185 2725 3222 causa
2766 3169 3007 3227 Philonis
3044 3181 3400 3245 procuratoris

1803 3253 2064 3321 quondam
2102 3256 2201 3309 mei
2225 3257 2518 3327 experiere,
2562 3263 2655 3331 qui
2681 3265 2820 3334 apud
2848 3264 3241 3324 Hebromanum
3268 3286 3398 3326 eon6

1805 3344 1924 3398 ditis
1972 3346 2221 3429 mercibus
2244 3391 2258 3414 ,
2291 3365 2418 3419 quas
2449 3368 2540 3420 per
2569 3369 2722 3423 agros
2764 3356 2994 3412 diversos
3042 3362 3249 3429 coemit,
3273 3381 3400 3418 con-

1806 3454 1948 3494 cesso
1976 3423 2038 3493 ab
2067 3442 2360 3496 hominibus
2391 3446 2493 3498 tuis
2531 3463 2652 3501 usus
2702 3449 2928 3519 hospitio
2968 3452 3245 3509 immature
3263 3458 3400 3526 peri-

1805 3529 2018 3612 clitatur
2036 3534 2250 3604 expelli.
2286 3535 2439 3602 Quod
2465 3538 2570 3591 nisi
2592 3539 2896 3610 indulseris,
2937 3556 3156 3614 rogante
3197 3563 3304 3614 me,
3339 3557 3397 3602 ut

1805 3631 1854 3677 et
1901 3641 2044 3678 mora
2095 3625 2362 3682 habitandi
2404 3629 2474 3682 ad
2523 3635 2848 3688 commodum
2895 3653 3050 3691 suum
3089 3648 3302 3694 utatur:
3348 3653 3398 3697 et

1806 3733 1992 3788 nauso,
2026 3721 2234 3791 aliaque
2261 3726 2443 3794 quavis
2471 3727 2588 3780 navi
2616 3745 2773 3798 usque
2799 3730 2869 3782 ad
2884 3733 3133 3802 oppidum
3156 3737 3395 3804 prazbita,

1807 3810 1978 3880 [rugis
2006 3810 2383 3883 aliquantulum
2412 3828 2604 3873 nostra:
2644 3821 2826 3875 advehi
2855 3825 3038 3893 possit,
3068 3825 3398 3883 Lucanlacus

1807 3913 1864 3957 ut
1894 3905 2072 3976 inapia
2117 3907 2358 3962 liberetur
2390 3922 2623 3966 mature:
2668 3924 2775 3968 tota
2802 3913 2897 3970 illa
2928 3917 3134 3987 familia
3179 3920 3399 3977 hominis

1807 3993 2022 4050 litterati
2051 4015 2153 4052 non
2183 3999 2252 4054 ad
2275 3999 2440 4056 Tullii
2469 4008 2884 4075 frumentariam,
2916 4011 3008 4064 sed
3028 4013 3097 4065 ad
3126 4011 3399 4069 Curculio-

1807 4103 1922 4141 nem
1955 4089 2136 4144 Plauti
2173 4095 2466 4162 pertinebit.
2501 4096 2620 4150 Hoc
2649 4116 2751 4169 quo
2796 4102 3002 4171 facilius
3036 4105 3400 4176 impetrarem,

1809 4193 1896 4237 aut
1923 4201 2022 4254 quo
2053 4189 2302 4256 majorem
2335 4193 2578 4244 rerereris
2601 4195 2919 4262 molestiam,
2947 4197 2993 4250 si
3015 4215 3248 4269 negares,
3278 4189 3402 4257 coh-

1731 4312 1733 4315 -
1810 4276 2068 4331 cinnatam
2098 4279 2315 4345 iambis,
2370 4282 2734 4355 signatumque
2762 4286 2832 4338 ad
2863 4297 2909 4341 te
2943 4289 3213 4358 epistolam
3245 4294 3361 4376 misi
3382 4311 3402 4349 :

1811 4384 1873 4420 ne
1902 4368 2232 4424 subornatum
2266 4371 2465 4427 diceres
2495 4375 2820 4430 tabellarium
2840 4419 2856 4444 ,
2890 4380 2935 4432 si
2962 4380 3029 4432 ad
3054 4389 3102 4435 te
3130 4383 3242 4436 sine
3267 4368 3405 4454 signi

1733 4488 1785 4548 Β
1812 4462 1915 4529 ﬁde
1944 4461 2152 4518 veniret.
2183 4462 2400 4536 Signavi
2438 4476 2610 4520 autem
2635 4508 2649 4533 ,
2700 4485 2801 4522 non
2833 4478 2888 4522 ut
2919 4468 3143 4527 Plautus
3172 4475 3246 4528 ait
3269 4516 3284 4539 ,
3313 4493 3404 4543 per

1809 4572 1998 4622 ceram,
2031 4567 2080 4612 et
2110 4557 2295 4622 linum,
2323 4557 2622 4630 litterasque
2659 4562 2986 4633 interpretes,
3011 4566 3101 4620 sed
3130 4583 3219 4635 per
3240 4570 3405 4638 poeti-

1808 4665 1921 4705 cum
1948 4649 2300 4705 characterem
2341 4653 2503 4722 magis
2534 4655 2819 4708 notavimus
2842 4699 2856 4726 ,
2890 4665 3150 4728 tamquam
3197 4661 3404 4731 signant

1807 4741 2112 4810 impressum
2130 4743 2424 4812 judicares.

1808 4872 2025 4941 Philon,
2057 4875 2192 4930 meis
2222 4874 2311 4944 qui
2341 4875 2604 4932 villicatus
2632 4878 2874 4947 przediis,

1876 4966 1945 5023 Ut
1976 4969 2090 5037 ipse
2120 4968 2252 5036 vult,
2287 4971 2599 5040 epitmpos;

1807 5061 1974 5133 (Nam
2001 5063 2294 5133 gloriosum
2321 5065 2600 5122 Graeculus
2629 5080 2831 5122 nomen
2863 5075 3039 5138 putat,

1876 5158 2030 5226 Quod
2059 5173 2239 5213 sermo
2269 5159 2416 5214 fucat
2445 5159 2715 5229 Doricus)

1803 5247 1928 5305 Suis
1955 5250 2190 5321 querelis
2219 5252 2414 5306 asserit
2443 5259 2657 5305 nostras
2687 5265 2876 5322 preces
2900 5267 2914 5304 :

1875 5341 2020 5409 Quas
2048 5343 2162 5412 ipse
2194 5343 2366 5397 lentus
2391 5356 2706 5411 prosequor.

1807 5431 2028 5489 Videbis
2059 5434 2254 5504 ipsum,
2285 5433 2460 5504 qualis
2490 5433 2667 5489 adstet
2696 5433 2966 5503 cominus,
3026 5472 3032 5478 η

1878 5527 2054 5599 Imago
2081 5529 2310 5583 fortunae
2337 5543 2470 5597 suae,

1805 5623 2006 5689 Canus,
2036 5635 2308 5686 comosus,
2342 5620 2606 5692 hispidus,
2641 5631 2780 5690 trux,
2810 5621 3055 5692 attubus,

1878 5717 2234 5774 Terentianus
2264 5713 2536 5772 Phermio.
