3908 6330
541 187 640 244 θδι
983 141 1011 150 ”
1921 157 2104 225 pecu
2141 157 2423 228 AUSONII

542 307 784 362 llorrens
813 301 1024 374 capillis
1053 307 1108 354 ut
1140 291 1380 353 marinus
1404 291 1614 362 asperis

610 398 870 462 Echinus,
899 405 990 450 aut
1016 405 1206 449 versus
1237 388 1359 444 ntei.

538 491 639 548 llic
669 506 813 561 saepe
845 488 1006 544 falsus
1032 483 1299 540 messibus
1326 477 1705 552 vcgraudibus,

608 585 813 640 Nomen
844 594 1069 652 perosus
1101 576 1284 641 villici,

536 680 790 736 Semente
822 690 964 738 sera,
994 673 1110 729 sive
1141 670 1366 726 multum
1403 681 1710 739 praecoqua,

605 775 672 829 Et
700 769 920 828 siderall
952 769 1185 830 inscitia,

532 865 739 922 leum
771 865 1064 928 lacessens,
1098 870 1264 932 seque
1295 859 1467 930 culpae
1496 855 1840 923 subtrahens,

603 961 744 1015 Reos
776 957 984 1030 peregit
1009 957 1243 1012 caelites.
1313 1020 1316 1022 γ

528 1051 645 1109 Νοη
677 1053 853 1107 cultor
885 1052 1116 1115 instans,
1151 1064 1255 1104 non
1288 1056 1470 1101 arator
1497 1043 1767 1116 gnaruris,

600 1145 957 1216 Promusque,
988 1157 1148 1214 quam
1179 1141 1388 1196 condus
1420 1140 1612 1208 magis,

526 1239 753 1297 Terram
789 1238 1083 1306 infidelem,
1114 1251 1214 1294 nec
1242 1237 1476 1291 feracem
1508 1232 1830 1295 criminans,

597 1332 868 1405 Negotiari
897 1331 1101 1409 maluit.

528 1426 795 1482 Mereatur
821 1441 1038 1497 quoquo
1069 1423 1186 1478 foro
1216 1421 1506 1500 venalium.

597 1519 871 1572 Mutuatur
897 1515 963 1570 ad
992 1504 1249 1570 Graecam.
1268 1513 1451 1566 fidem.

522 1611 855 1681 Sapieusque
881 1623 1044 1680 supra
1069 1605 1293 1663 Graeciae
1321 1614 1528 1674 septem
1563 1599 1726 1666 virus,

592 1706 822 1757 Octavus
852 1700 1081 1755 accessit
1109 1697 1331 1767 sepltos.

522 1795 588 1851 Et
618 1810 759 1850 nunc
788 1794 1000 1864 paravit
1032 1792 1266 1847 triticum
1295 1803 1456 1845 caseo
1482 1787 1621 1855 sale,

589 1889 878 1959 Novusque
911 1887 1078 1959 pollet
1106 1901 1382 1956 emporus.
1434 1874 1446 1891 ⁸

520 1983 645 2038 Adit
674 1982 988 2054 inquilinos,
1024 1997 1170 2046 rura,
1205 1980 1380 2044 vicos,
1414 1975 1629 2047 oppida.

589 2078 700 2134 Soli
728 2087 786 2133 et
811 2073 913 2133 sali
937 2074 1284 2131 commercio.

516 2171 722 2238 Acatis,
755 2170 1009 2241 phaselis,
1041 2167 1314 2232 lintribus,
1350 2164 1548 2225 stlatis,
1583 2170 1724 2228 rate,

507 2330 511 2335 ,
587 2264 806 2320 Tarnim
838 2273 892 2320 et
918 2262 1246 2318 Garumnam
1275 2265 1532 2329 permeat.

514 2363 591 2416 Ac
619 2361 764 2415 lucra
794 2357 1026 2422 damnis,
1056 2357 1248 2411 damna
1279 2363 1492 2408 mutans
1521 2350 1818 2415 fraudibus,

585 2454 658 2508 Se
687 2451 840 2519 ditat,
875 2461 928 2506 et
957 2466 1044 2504 me
1077 2456 1354 2519 pauperat.

509 2546 557 2600 ls
590 2559 734 2599 nunc
759 2544 821 2597 ad
857 2558 1031 2613 usque
1062 2552 1250 2597 vectus
1283 2539 1678 2609 llebromagum
1712 2546 1880 2610 tuam,

578 2637 773 2692 Sedem
808 2633 1005 2690 locavit
1033 2633 1321 2689 mercibus.

505 2772 525 2794 ο
601 2774 618 2790 ο
697 2776 710 2788 ο
789 2771 804 2790 ι
885 2770 900 2785 ο
979 2771 995 2791 ν
1075 2769 1091 2790 ο
1169 2767 1184 2782 ο
1262 2767 1277 2784 ο
1356 2766 1373 2784 ο
1451 2765 1466 2783 ο
1545 2763 1560 2780 ο
1641 2761 1656 2779 ο
1736 2763 1752 2779 ο
1831 2761 1845 2779 ο
1925 2760 1940 2776 -.

504 2963 520 2983 ο
599 2964 618 2984 Ο
696 2963 712 2982 ο
790 2962 808 2981 ο
887 2962 902 2980 Ι
982 2961 998 2979 ο
1077 2961 1092 2979 ο
1173 2960 1187 2975 ο
1269 2959 1281 2973 ο
1361 2957 1375 2972 ο
1460 2957 1472 2970 ⁸
1554 2955 1570 2972 ο
1649 2954 1662 2971 ο
1745 2956 1760 2970 ι
1841 2952 1855 2969 9

574 3017 800 3076 Nostros
830 3017 880 3074 in
911 3030 1061 3082 usus,
1092 3023 1149 3069 ut
1179 3012 1366 3079 refert,
1683 3077 1698 3085 ε

500 3112 653 3173 llunc
687 3126 786 3183 ego
815 3110 1020 3185 paucis,
1056 3123 1124 3164 ne
1156 3106 1399 3179 graveris
1433 3103 1718 3177 h05pitem.

496 3298 726 3369 Adjutus
758 3307 813 3353 ut
840 3312 964 3354 mox
990 3296 1143 3356 navis
1172 3295 1371 3349 auxilio
1398 3301 1525 3359 tum,

569 3391 650 3450 Ad
679 3405 854 3462 usque
876 3400 1064 3461 portus
1095 3386 1301 3457 Oppidi,
1342 3435 1344 3438 .
1378 3393 1416 3415 κ*

491 3485 612 3544 Jam
640 3483 751 3554 jam
781 3481 1065 3561 Perusina,
1097 3490 1153 3536 et
1178 3480 1469 3550 Saguntina
1499 3476 1660 3541 fame,

568 3578 926 3634 Lucaniacum
956 3576 1172 3633 liberet.

492 3675 603 3730 Hoc
631 3673 677 3732 si
707 3656 1047 3746 impetratum
1078 3686 1276 3727 munus
1305 3669 1400 3726 abs
1435 3678 1485 3725 te
1513 3682 1798 3738 accepero,

563 3765 713 3824 Prior
742 3765 950 3829 colere,
979 3778 1138 3834 quam
1170 3765 1356 3818 Ceres.
1640 3814 1642 3817 .

491 3857 863 3930 Triptolemon
895 3855 1045 3923 olim,
1077 3855 1191 3910 sive
1223 3853 1598 3928 Epimenidem
1627 3862 1841 3920 vocant,

562 3955 669 4012 Aut
693 3952 979 4013 Bulianum
1012 3952 1284 4022 Buzygen,

490 4047 606 4102 Tuo
634 4046 824 4103 locabo
853 4044 1234 4117 postferendos
1265 4043 1489 4099 nomini.

556 4139 691 4198 Nam
725 4155 922 4198 munus
955 4141 1058 4196 hoc
1089 4139 1181 4194 fiet
1213 4150 1382 4194 tuum.

1016 4275 1351 4332 EPISTOLA
1392 4273 1557 4330 xxn.
1649 4253 1652 4256 ’

875 4396 1136 4452 AUSONIUS
1176 4391 1413 4447 PAULINO
1451 4389 1692 4444 salutem.

485 4505 741 4564 Proxima
773 4519 891 4579 quae
924 4514 1125 4563 nostrae
1159 4504 1336 4560 fuerat
1364 4503 1697 4576 querimonia
1724 4501 1949 4570 charm,

457 4599 857 4670 .Credideram,
888 4596 1032 4669 quod
1063 4607 1135 4662 te.
1166 4597 1407 4666 Pauline,
1439 4596 1715 4653 inﬂectere
1744 4585 1948 4667 posset,

479 4693 824 4763 Elieeretque
853 4702 995 4746 tuam
1024 4690 1217 4746 blanda
1247 4689 1545 4759 obiurgatio
1573 4706 1786 4747 vocem.

479 4786 589 4844 Sed
623 4797 676 4841 tu
699 4784 896 4856 juratis
928 4784 1075 4840 velut
1102 4785 1209 4839 alta
1237 4782 1455 4838 silentia
1482 4785 1649 4838 sacris

479 4880 718 4936 Ilevotus
750 4889 955 4944 teneas,
990 4887 1201 4949 perstas
1233 4875 1284 4930 in
1315 4875 1434 4946 lege
1467 4877 1698 4931 tacendi.

477 4971 595 5030 Non
623 4973 786 5029 licet:
818 4988 959 5028 anne
989 4971 1174 5043 pudet,
1207 4971 1250 5026 si
1283 4971 1402 5041 quis
1433 4968 1527 5024 tibi
1557 4971 1677 5039 jure
1705 4979 1930 5040 paterno

473 5064 641 5120 Vivat
669 5066 872 5121 amicus
902 5065 1101 5129 adhuc,
1127 5078 1454 5133 maneasque
1479 5062 1745 5117 obnoxius
1773 5063 1980 5120 haeres?

397 5231 402 5239 ι
473 5161 703 5232 lgnavos
732 5162 897 5233 agitet
926 5161 1046 5216 talis
1077 5162 1273 5224 timor;
1308 5167 1362 5212 at
1394 5157 1491 5212 tibi
1521 5156 1698 5210 nullus

472 5255 557 5312 Sit
583 5264 793 5312 metus:
827 5264 882 5311 et
903 5269 1109 5310 morem
1144 5253 1322 5308 missa:
1347 5260 1691 5320 acceptaeque
1722 5249 1905 5305 salutis

472 5347 746 5405 Audacter
776 5348 983 5414 retine;
1013 5347 1100 5404 vel
1133 5348 1175 5402 si
1210 5345 1305 5402 tibi
1339 5343 1583 5415 proditor
1612 5344 1796 5410 instat,

470 5447 575 5502 Aut
601 5444 905 5518 quaesitoris
932 5445 1145 5515 gravior
1169 5458 1397 5499 censura
1426 5441 1669 5507 timetur,

468 5540 706 5596 Occurre
735 5539 972 5610 ingenio,
1005 5554 1112 5611 quo
1141 5554 1287 5609 stepe
1316 5538 1526 5594 occulta
1555 5544 1829 5608 teguntur.

469 5633 703 5702 Threicii
736 5633 1004 5705 quondam
1036 5648 1198 5705 quam
1232 5647 1375 5688 saeva
1405 5631 1624 5686 licentia
1655 5629 1795 5699 regis

469 5718 696 5784 Fecerat
723 5725 1012 5799 elinguem,
1047 5739 1145 5796 per
1176 5723 1296 5782 licia
1327 5731 1472 5782 texta
1503 5721 1753 5795 querelas

2161 283 2218 345 Α
2240 293 2442 362 Edidit,
2473 299 2528 347 et
2553 289 2737 346 tacitis
2768 290 3042 346 mandavit
3067 291 3298 348 crimina
3332 290 3477 347 telis.

2246 387 2313 442 Et
2343 382 2656 456 pudibunda
2685 398 2814 438 suos
2842 383 2984 439 malo
3009 382 3283 439 commisit
3311 397 3528 439 amores

2247 478 2429 550 Virgo,
2462 493 2560 533 nec
2588 477 2806 533 erubuit
2835 478 3066 536 tacituro
3093 478 3312 537 conscia
3341 492 3524 546 pomo.

2242 570 2520 641 Depressis
2550 571 2834 629 scrobibus
2864 569 3050 627 vitium
3085 571 3266 642 regale
3297 570 3544 625 minister

2240 663 2512 729 Credidit,
2536 662 2694 734 idque
2721 663 2809 720 ditt
2845 665 2974 719 texit
3001 663 3260 719 ﬁdissima
3292 663 3486 719 tellus:

2240 758 2504 829 lnspirata
2533 758 2729 814 dehinc
2755 767 2919 815 vetito
2951 758 3190 814 cantavit
3217 757 3448 812 arundo.

2240 851 2405 906 Lacte
2430 850 2609 908 incide
2637 860 2791 908 notas
2818 869 2830 907 :
2864 865 3120 906 areseeus
3149 851 3340 906 charta
3371 851 3578 907 tenebit

2237 944 2465 1014 Semper
2497 944 2841 1014 inaspicuas:
2873 944 3170 1014 prodantur
3201 943 3403 1013 scripta
3433 942 3637 1000 favillis.

2243 1037 2334 1093 Vel
2360 1037 2824 1111 Lacedzemoniam
2857 1039 3102 1110 scytalen
3135 1039 3372 1103 imitare,
3409 1037 3574 1092 libelli

2235 1129 2489 1200 Segmiua
2524 1131 2800 1201 l‘ergatnei
2833 1132 2988 1187 tereti
3018 1130 3353 1186 circumdata
3380 1131 3523 1201 ligno

2236 1221 2504 1292 Perpetuo
2533 1221 2833 1278 inscribens
2865 1239 3051 1289 versu;
3078 1224 3169 1294 qui
3197 1223 3396 1278 deinde
3429 1223 3626 1282 solutus

2233 1312 2353 1368 Non
2386 1314 2779 1384 respondentes
2810 1331 3002 1384 sparso
3030 1317 3178 1370 dabit
3210 1315 3404 1370 ordine
3435 1314 3646 1384 fortnas,

2236 1407 2418 1462 Donec
2448 1407 2747 1462 consimilis
2779 1407 2905 1477 ligni
2939 1408 3231 1478 replicetur
3258 1408 3308 1462 iu
3341 1408 3546 1464 orbem.

2233 1498 2548 1555 Innumeras
2582 1517 2799 1570 possum
2831 1501 3038 1558 celandi
3072 1503 3366 1558 ostendere
3393 1502 3607 1571 formas,

2235 1593 2298 1648 Et
2330 1593 2692 1650 clandestinas
2725 1606 2966 1649 veterum
3001 1611 3248 1652 reserare
3281 1596 3548 1668 loquelas,

2152 1686 2204 1748 Β
2228 1685 2284 1743 Si
2310 1686 2484 1758 prodi,
2513 1686 2760 1754 Pauline,
2796 1691 2974 1754 times,
3002 1698 3311 1761 nostrisque
3343 1689 3552 1746 vereris

2230 1780 2445 1836 Crimen
2479 1781 2753 1837 amicitia}.
2786 1781 3052 1852 Tanaquil
3085 1795 3172 1839 tua
3204 1782 3411 1839 nesciat
3439 1783 3596 1839 istud.

2230 1872 2308 1929 Tu
2339 1882 2633 1932 contemne
2660 1875 2824 1941 alios;
2861 1893 2962 1932 nec
2988 1875 3285 1950 dedignare
3317 1886 3593 1947 parentem
3641 1883 3656 1898 '

2228 1971 2394 2028 AlTari
2425 1973 2624 2030 verbis.
2655 1972 2765 2044 Ego
2796 1989 2914 2030 sum
2947 1983 3068 2029 tuus
3096 1976 3257 2041 altor,
3289 1985 3343 2031 et
3374 1975 3463 2031 ille

2225 2063 2537 2136 Praeceptor
2567 2069 2795 2138 primus,
2829 2069 3032 2138 primus
3061 2069 3290 2140 largitor
3320 2071 3603 2135 honorum,

2226 2159 2437 2218 Primus
2469 2163 2521 2218 in
2554 2161 2826 2220 Aonidum
2855 2163 2944 2232 qui
2983 2174 3032 2219 te
3061 2164 3291 2234 collegia
3321 2164 3472 2220 duxi.

2740 2275 3077 2334 EPISTOLA
3120 2277 3309 2334 XXIII.

2591 2371 2858 2428 Ausomus
2899 2366 3139 2429 Panemo
3178 2372 3421 2428 salutem.

2221 2463 2571 2531 Discutimus,
2603 2465 2843 2533 Pauline,
2872 2467 3081 2538 jugutn,
3113 2468 3255 2538 quod
3283 2480 3431 2524 certa
3465 2469 3669 2525 fovebat

2219 2554 2568 2626 Temperies:
2602 2557 2716 2612 leve
2748 2558 2889 2627 quod
2933 2561 3130 2629 positu,
3174 2569 3229 2616 et
3276 2560 3558 2617 tolerabile
3595 2562 3774 2631 junctis,

2220 2649 2511 2706 Tractabat
2542 2653 2762 2721 paribus
2789 2653 3075 2711 concordia
3110 2654 3253 2709 mitis
3284 2653 3530 2723 habenis,

2216 2742 2369 2812 Quod
2399 2759 2494 2811 per
2523 2754 2631 2798 tam
2661 2748 2872 2816 longam
2903 2749 3099 2802 seriem
3130 2748 3475 2805 volventibus
3505 2750 3652 2805 annis

2216 2836 2417 2892 Fabula
2450 2854 2556 2892 non
2589 2854 2868 2910 umquam,
2908 2855 3198 2912 numquam
3250 2843 3588 2911 querimonia
3621 2847 3770 2914 movit,

2213 2932 2364 2988 Nulla
2397 2934 2616 3005 querela
2647 2935 2766 2990 loco
2796 2935 3020 3005 pepulit,
3056 2951 3164 2991 non
3198 2937 3297 3005 ira,
3332 2953 3432 2994 nec
3457 2954 3628 3003 error,

2215 3028 2322 3084 Nec
2350 3046 2472 3100 quae
2501 3033 2818 3102 compositis
2848 3033 3175 3089 malesuada:
3201 3035 3418 3092 credula
3443 3038 3637 3105 causis,

2358 3081 2469 3100 Ἰ---
2509 3081 2817 3102 ,,---,.-----,
2849 3081 3174 3089 .-.ηπ---.ν
3203 3081 3355 3091 νην

2133 3081 2178 3143 C
2209 3122 2514 3177 Concinnat
2544 3125 2853 3179 verisimilis
2879 3126 3119 3196 suSpieio
3147 3128 3355 3196 culpas.

2210 3213 2338 3268 Tam
2372 3214 2661 3284 placidum,
2695 3224 2802 3272 tam
2836 3218 3211 3291 mitejugum:
3253 3221 3400 3290 quod
3443 3232 3658 3367 utequue
3691 3239 3766 3290 pa-

3556 3306 3717 3352 rentes

3556 3306 3717 3352 H3an

2206 3382 2286 3437 Ad
2320 3385 2527 3441 senium
2562 3387 2729 3441 nostri
2763 3398 2976 3442 traxere
3002 3386 3070 3441 ab
3097 3387 3304 3458 origine
3333 3389 3492 3444 vitm:

2206 3473 2626 3546 Iznpositumque
2660 3477 2760 3547 piis
2787 3477 3114 3544 hceredihus,
3145 3496 3316 3550 usque
3344 3496 3564 3538 manere

2201 3569 2490 3638 Optarunt,
2519 3572 2646 3626 dum
2675 3573 2829 3644 longa
2861 3573 2975 3628 dies
3009 3573 3332 3631 dissolveret
3358 3592 3554 3632 aevum.

2203 3665 2269 3719 Et
2298 3667 2515 3734 mansit,
2549 3668 2674 3722 dum
2710 3669 2828 3723 hem
2867 3669 3018 3734 lich,
3053 3686 3150 3725 nec
3184 3687 3315 3726 cura
3349 3671 3558 3728 laborat

2198 3759 2370 3815 Officii
2404 3777 2623 3817 servare
2654 3764 2798 3818 vices
2827 3782 2837 3816 :
2873 3765 2964 3819 sed
2997 3775 3191 3835 sponte
3220 3766 3467 3822 feruntur

2201 3849 2584 3912 [incustoditum
2612 3855 2711 3908 sibi
2744 3856 3110 3910 continuantia
3143 3873 3384 3913 cursum.

2195 3944 2308 3999 llue
2343 3957 2447 4002 tam
2479 3950 2604 4004 mite
2629 3949 2816 4020 jngum
2846 3951 3004 4006 docili
3035 3953 3251 4009 cervice
3283 3954 3526 4010 subirent

2194 4038 2376 4096 Martis
2404 4043 2547 4113 equi,
2585 4044 2906 4116 stahnluquc
2941 4046 3038 4101 feri
3069 4047 3350 4105 Diomedis
3378 4051 3546 4107 abacti
3575 4071 3585 4104 :

2195 4133 2259 4188 Et
2287 4137 2373 4205 qui
2410 4137 2628 4191 mutatis
2655 4137 2819 4206 ignoti
2853 4137 2984 4192 solis
3014 4139 3242 4194 habenis

2193 4227 2532 4284 Fulmineum
2565 4229 2900 4285 Phaethonta
2932 4231 3077 4286 Pado
3110 4249 3358 4289 mersere
3381 4237 3601 4307 jugales.

2196 4322 2542 4391 Discutimus,
2579 4322 2819 4387 Pauline,
2859 4334 3073 4379 tamen:
3109 4342 3210 4381 nec
3240 4328 3397 4399 culpa
3427 4328 3641 4384 duorum

2193 4414 2318 4480 Ista,
2347 4415 2441 4469 sed
2473 4414 2627 4469 unius
2659 4425 2866 4471 tantum
2901 4429 3025 4472 tua:
3057 4433 3290 4490 namque
3323 4437 3422 4492 ego
3451 4439 3654 4495 semper

2106 4478 2160 4541 Β
2189 4505 2452 4560 Contenta
2479 4507 2688 4563 cervice
2721 4507 2917 4574 feram;
2949 4522 3200 4566 consorte
3231 4513 3474 4569 laborum

2189 4598 2492 4665 Destituor;
2526 4610 2756 4655 nectam
2793 4613 3095 4674 promptum
3127 4615 3334 4674 gestata
3365 4607 3570 4664 duobus

2188 4690 2362 4747 Unum
2393 4692 2678 4749 deficiente
2705 4697 2815 4765 pari
2850 4697 3092 4766 perferre
3118 4700 3382 4756 srtdalem.

2185 4786 2297 4841 Non
2329 4788 2560 4852 animus,
2594 4789 2846 4858 viresque
2876 4791 3056 4845 labant
3085 4810 3099 4845 :
3133 4794 3227 4848 sed
3262 4794 3445 4866 iniqua
3473 4795 3672 4852 ferendo

2183 4881 2434 4938 Conditio
2461 4893 2546 4939 est
2574 4886 2744 4951 oneri,
2781 4900 2901 4939 cum
2935 4886 3144 4956 pondus
3173 4899 3463 4960 utrumque
3491 4891 3666 4947 relicto

2182 4973 2417 5045 Ingruit;
2447 4975 2813 5046 acceduntque
2842 4977 3031 5032 alienze
3061 4981 3296 5049 pondera
3329 4981 3500 5036 libra).

2178 5070 2266 5126 Sic
2291 5087 2413 5140 pars
2441 5085 2582 5143 mgra
2614 5072 2848 5126 hominis
2878 5075 3043 5128 trahit
3067 5075 3131 5129 ad
3161 5077 3411 5149 contagia
3443 5093 3619 5134 sanum

2179 5163 2386 5234 Corpus
2414 5184 2424 5219 :
2456 5175 2511 5220 et
2538 5166 2712 5237 exigui
2743 5168 2988 5237 quamvis
3017 5168 3332 5225 discrimine
3359 5170 3599 5238 membri,

2179 5257 2310 5312 Tota
2341 5273 2436 5328 per
2463 5260 2775 5315 innumeros
2803 5273 2955 5316 artus
2983 5277 3243 5333 compago
3269 5263 3504 5318 vacillat.

2177 5351 2384 5408 Obruar
2411 5369 2575 5424 usque
2615 5363 2813 5421 tamen,
2845 5355 3049 5411 veteris
3081 5372 3149 5410 ne
3171 5357 3313 5412 desit
3339 5360 3494 5415 amici

2178 5443 2261 5497 Me
2291 5444 2520 5501 durante
2552 5444 2715 5500 fides:
2749 5448 3084 5518 memorique
3111 5456 3171 5503 ut
3202 5449 3301 5503 lixa
3334 5450 3434 5506 sub
3459 5466 3567 5507 mro

2174 5534 2484 5592 Restituunt
2509 5537 2786 5609 profugum
2810 5540 3004 5594 solatia
3037 5550 3195 5596 casta.
3216 5542 3474 5600 sodalem.

2174 5630 2357 5701 lmpie,
2384 5634 2625 5690 Pirithoo
2648 5635 2962 5706 disjungere
2975 5639 3183 5696 Thesea
3217 5645 3409 5712 possis,

2173 5721 2571 5799 Euryalumque
2591 5741 2691 5784 suo
2713 5728 2915 5785 socium
2946 5745 3233 5789 secernere
3260 5733 3409 5792 Niso.
