3884 6330
194 248 295 304 955
1655 236 1693 294 Ε

1888 229 2037 292 μιλλε.

1826 358 1876 415 Δ
1903 353 2118 425 Totque
2149 367 2268 409 mea
2300 352 2352 406 in
2376 350 2590 408 Novero
2617 351 2717 408 sibi
2751 348 3004 424 proxima
3032 348 3235 420 przedia
3265 348 3443 420 pago,‘

193 366 267 421 Te
290 352 554 421 suadente
578 364 782 435 fugam,
817 360 1049 434 Pylades
1066 359 1314 430 liquisset
1342 359 1621 424 Orestem;

193 457 299 533 Nec
322 457 657 515 custodisset
682 456 897 513 Siculus
923 454 1229 510 vadimonia
1262 454 1487 509 Damon.

191 551 460 621 Quantum
486 551 827 607 oblectamen
861 547 1074 620 populi,
1108 562 1229 618 qua)
1249 557 1376 603 veta
1410 546 1676 602 bonorum

186 647 412 716 Sperate
446 646 690 702 fraudata
723 644 901 700 bono?
928 641 1204 698 Gratantia
1231 639 1413 697 cuncti

192 739 363 796 Verba
393 739 791 812 loquebantur;
823 735 936 806 jam
968 734 1186 790 nomina
1218 741 1409 789 nostra
1435 731 1697 810 parabant

190 832 437 890 lnscrere
466 833 706 903 antiquis
736 830 838 885 aevi
869 817 1111 885 melioris
1141 827 1360 893 amicis;

188 922 430 980 Ccdebat
456 924 686 996 Pylades
711 941 722 976 :
769 921 988 994 Phrygii
1017 936 1234 994 quoque
1262 921 1431 993 gloria
1460 919 1573 976 Nisi

187 1018 305 1074 Jam
342 1017 548 1086 minor,
583 1025 640 1071 et
672 1016 938 1087 promissa
970 1006 1164 1072 obiens
1190 1015 1497 1070 vadimonia
1532 1015 1756 1071 Damon.

190 1111 295 1168 Nos
323 1110 659 1168 documenta
685 1110 855 1182 magis
889 1111 1093 1167 felicia:
1123 1110 1306 1182 qualia
1327 1126 1554 1182 magnus

189 1206 392 1277 Scipio,
429 1205 772 1278 longaevique
797 1204 946 1261 dedit
975 1205 1237 1276 sapientia
1276 1204 1436 1270 Laeli;

186 1299 295 1355 Nos
326 1298 523 1356 studiis
542 1297 852 1370 animisque
882 1300 1093 1368 iisdem,
1131 1299 1662 1356 miraculacunctis:

189 1391 303 1447 lloe
327 1391 560 1461 majora,
591 1405 753 1464 pares
783 1391 984 1448 fuimus
1012 1392 1157 1465 quod
1188 1393 1407 1470 dispare
1431 1392 1484 1450 in
1507 1409 1650 1450 aevo.

187 1488 367 1558 Ocyus
393 1486 486 1541 illa
510 1485 625 1562 jugi
656 1485 834 1543 fatalis
865 1487 1080 1544 solvere
1102 1486 1220 1543 lora

188 1579 457 1634 Pellaeum
481 1580 726 1652 potuisse
751 1581 944 1636 ducem
977 1596 1124 1648 reor,
1147 1580 1328 1637 abdita
1355 1579 1560 1652 opertis

190 1670 511 1741 Principiis,
541 1681 596 1728 et
619 1681 850 1743 utroque
871 1687 928 1728 ea
939 1683 1034 1745 put
1058 1673 1286 1728 celantia
1313 1673 1477 1727 nodo.

186 1767 405 1822 Grande
435 1767 653 1839 aliquod
689 1768 914 1824 verbum
948 1769 1203 1823 nimirum
1237 1769 1495 1837 diximus,
1523 1778 1577 1823 ut
1608 1782 1668 1824 se

186 1859 416 1916 Inferret
449 1861 632 1918 nimiis
666 1861 865 1919 vindex
891 1862 1228 1918 Rhamnusia
1254 1865 1422 1929 votis;

184 1952 462 2009 Arsacidae
495 1965 550 2011 ut
579 1955 851 2027 quondam
882 1957 1028 2027 regis
1052 1973 1162 2012 non
1187 1956 1309 2011 laeta
1341 1956 1630 2028 triumphis

184 2043 422 2102 Grandia
455 2046 621 2103 verba
655 2063 908 2119 premens
935 2049 1095 2104 ultrix
1122 2050 1220 2104 dea
1251 2049 1458 2104 Medica
1490 2050 1619 2104 belli

187 2138 396 2196 Sistere
419 2141 786 2213 Cecropidum
819 2143 871 2198 in
907 2143 1067 2199 terris
1095 2149 1443 2200 monumenta
1474 2145 1688 2216 paranti

182 2231 447 2293 Obstitit:
483 2244 536 2290 et
557 2234 851 2306 Graiojam
879 2236 990 2308 jam
1022 2236 1234 2309 figenda
1256 2246 1486 2310 tropaeo,

184 2325 338 2383 Ultro
366 2330 532 2387 etiam
554 2332 712 2386 victis
737 2331 985 2404 Nemesis
1015 2333 1167 2388 stetit
1199 2333 1374 2388 Attica
1403 2333 1604 2389 Persis”.

183 2418 312 2488 Quae
338 2420 435 2477 tibi
469 2421 790 2479 Romulidas
813 2438 1071 2501 proceres
1103 2440 1304 2481 vexare
1333 2425 1498 2480 libido
1519 2425 1644 2482 est?

185 2510 240 2567 In
270 2513 483 2578 Medos.
513 2517 832 2590 Arabasque
863 2529 982 2574 tuos
1016 2535 1111 2590 per
1141 2521 1350 2586 nubila,
1380 2530 1432 2575 et
1465 2532 1643 2576 atrum

103 2624 108 2634 τ
185 2604 354 2676 Perge
385 2607 577 2664 chaos.
611 2610 857 2665 Romana
891 2611 1084 2682 procul
1115 2613 1210 2670 tibi
1244 2613 1462 2668 nomina
1493 2623 1677 2671 sunto.

185 2696 297 2752 Illic
319 2714 508 2770 qumre
532 2700 670 2756 alios
701 2712 1083 2773 oppugnatura
1117 2705 1332 2760 sodales
1356 2724 1368 2758 :

185 2790 352 2848 Livor
379 2793 477 2848 ubi
509 2793 609 2849 iste
637 2803 780 2863 tuus,
807 2795 1283 2871 ferrugineumque
1313 2814 1584 2859 venenum

187 2885 503 2956 Opportuna
531 2891 640 2944 tuis
665 2890 909 2946 inimicat
937 2902 1154 2962 pectora
1176 2892 1330 2948 fucis.
1732 2947 1737 2951 .

189 2980 499 3050 Paulinum,
527 2984 961 3056 Ausoniumque,
994 2985 1327 3057 viros,’quos
1349 3000 1503 3043 sacra
1537 2985 1744 3055 Quirini

186 3071 450 3145 Purpura,
486 3087 543 3131 et
570 3087 790 3132 auratus
816 3078 1015 3132 trabea:
1041 3077 1242 3134 velavit
1273 3083 1503 3136 amictus
1524 3124 1540 3152 ,

185 3165 298 3221 Non
323 3168 478 3224 decet
504 3169 725 3224 insidiis
749 3173 1054 3241 peregrinze
1078 3172 1274 3226 cedere
1300 3172 1457 3227 divae.

185 3260 323 3327 Quid
348 3277 575 3333 queror,
601 3264 808 3334 Eoique
835 3265 1076 3320 insector
1106 3265 1333 3320 crimina
1377 3265 1642 3321 monstri?

185 3358 404 3416 Occidui
429 3377 517 3417 me
550 3363 666 3431 ripa
706 3360 860 3434 Tagi,
892 3378 979 3418 me
1009 3362 1212 3418 Punica
1243 3363 1394 3417 Iazdit

188 3452 437 3522 Barcino,
472 3470 561 3510 me
595 3455 819 3510 bimaris
841 3457 966 3527 juga
999 3443 1249 3525 ninguida
1285 3457 1550 3529 Pyrenaei.

187 3545 452 3605 Mamilius
480 3564 509 3604 e
546 3550 739 3620 patriis
770 3550 952 3606 forsan
985 3567 1202 3622 quoque
1235 3552 1398 3606 vestis
1421 3563 1472 3607 et
1495 3552 1626 3623 oris,

185 3636 465 3712 Quemque
498 3629 598 3696 suo
633 3643 792 3712 longe
832 3642 1050 3698 dirimat
1082 3643 1360 3714 provincia
1399 3653 1571 3701 tractu

185 3730 354 3787 Trans
373 3744 613 3804 montes,
632 3734 1116 3805 solemque'alium;
1137 3746 1279 3791 trans
1295 3736 1516 3791 flumina
1531 3744 1586 3792 et
1604 3735 1781 3805 urbes,

186 3823 250 3879 Et
277 3826 422 3897 quod
448 3837 718 3884 terrarum
743 3829 974 3900 coelique
991 3830 1303 3885 extenditur
1333 3831 1475 3888 inter

188 3918 541 3978 Emeritensis
572 3923 726 3990 Ante,
765 3924 996 3995 latasque
1025 3924 1223 3979 ﬂuenta
1249 3925 1561 3984 Garumnae.

186 4012 333 4078 Quod
362 4015 406 4070 si
431 4016 735 4070 intervallis
763 4017 998 4087 spatium
1033 4016 1312 4072 tolerabile
1344 4017 1497 4074 limes

187 4103 420 4162 Poneret
447 4108 678 4179 exiguus
704 4108 974 4179 (quamvis
1002 4109 1159 4181 longa
1190 4110 1369 4164 omnia
1403 4098 1666 4182 credant,-

161 4195 459 4264 ‘Quisimul
483 4190 856 4272 essevolunt),
884 4201 1088 4257 faceret
1111 4212 1290 4258 tamen
1312 4203 1426 4275 ipsa
1449 4206 1786 4278 propinquos

186 4291 318 4348 Cura
351 4295 523 4362 locos,
555 4296 747 4352 mediis
773 4296 1006 4367 jnngens
1036 4297 1294 4354 distantia
1324 4300 1528 4355 verbis.

185 4385 450 4445 Santonus
480 4400 536 4446 ut
567 4392 665 4446 sibi
701 4392 1067 4462 Burdigalam,
1098 4409 1220 4449 mox
1252 4394 1428 4465 jungit
1456 4397 1726 4468 Aginnum

187 4476 278 4534 Illa
308 4483 406 4537 sibi
430 4494 485 4539 et.
514 4486 741 4554 populos
773 4486 1088 4554 Aquitanica
1120 4492 1241 4541 r'ura
1273 4488 1557 4543 colentes:

187 4571 357 4644 thue
387 4577 589 4648 duplex
624 4581 832 4644 Arelas,
869 4580 1074 4649 Alpium
1104 4590 1240 4635 tecta
1271 4582 1514 4650 Viennte,

186 4663 599 4739 Narbonemque
632 4673 747 4741 pari
780 4674 955 4740 spatio
987 4674 1085 4725 sibi
1120 4674 1358 4732 conserit
1386 4691 1399 4730 :
1432 4685 1485 4729 et
1513 4692 1638 4733 mox

186 4757 590 4831 Quincuplicem
615 4764 788 4819 socias
819 4765 932 4829 tibi,
968 4764 1160 4818 Martie
1188 4765 1389 4831 Narbo,
1427 4767 1702 4826 Tolosam.

187 4850 295 4910 lloc
318 4858 445 4912 mihi
474 4857 519 4912 si
553 4857 781 4928 Spatium
815 4859 1004 4914 vicinis
1036 4861 1305 4916 moenibus
1333 4873 1501 4933 esset,

187 4943 333 5003 Tunc
361 4964 462 5021 ego
497 4959 546 5006 te
569 4960 625 5006 ut
651 4952 849 5006 nestris
872 4961 1056 5022 aptum
1081 4955 1474 5024 complecterer
1508 4958 1651 5014 ulnis
1675 4979 1688 5016 :

188 5039 517 5116 Afflaretque
546 5054 661 5101 tuas
689 5061 850 5101 aures
877 5055 1076 5102 nostrae
1098 5063 1230 5102 aura
1254 5049 1499 5120 loquelae.

186 5129 334 5192 Nunc
365 5139 458 5197 tibi
495 5149 645 5196 trans
670 5140 856 5209 Alpes,
890 5152 943 5196 et
971 5157 1329 5198 marmoream
1363 5144 1614 5217 Pyrenen

189 5225 446 5286 Caesareae
479 5232 732 5303 Augustae
762 5233 955 5288 domus
983 5243 1090 5289 est.
1132 5235 1466 5307 Tyrrhenica
1492 5249 1714 5310 propter

190 5317 439 5392 Tarraco,
474 5334 528 5381 et
556 5325 808 5382 ostrifero
838 5327 1189 5396 superaddita
1219 5328 1446 5384 Barcino
1483 5342 1669 5402 ponto.
1699 5312 1703 5316 ’

189 5407 269 5466 Me
290 5413 411 5484 jnga
441 5417 763 5489 Burdigala,
810 5421 951 5475 trino
977 5436 1062 5477 me
1092 5421 1314 5478 flumina
1343 5431 1487 5480 cuitu

193 5500 487 5565 Secernnnt
517 5512 689 5566 turbis
712 5513 1065 5583 popularibus
1093 5532 1104 5568 :
1137 5514 1353 5586 otiaquc
1386 5517 1526 5575 inter

194 5593 396 5656 Vitiferi
427 5616 684 5661 exercent
712 5605 901 5675 colles,
937 5607 1234 5680 laetumque
1261 5609 1477 5670 colonis

194 5685 337 5747 Uber
357 5699 491 5766 agri,
519 5707 629 5753 tum
665 5709 821 5768 prata
843 5701 1100 5767 virentia,
1126 5710 1238 5758 tum
1263 5718 1454 5759 nemus
1479 5706 1692 5768 umbris

195 5775 491 5862 Nobilibus,
517 5787 829 5863 celebrique
856 5791 1114 5867 frequens
1146 5794 1380 5856 ecclesia
1409 5797 1571 5863 vico:
1630 5867 1633 5869 η

3399 228 3505 289 954

1907 449 2193 518 DiSpositis
2225 454 2400 503 totum
2432 446 2639 502 vicibus
2671 446 2873 500 variata
2912 460 3007 512 per
3036 457 3237 498 annum
3265 458 3279 499 :

1907 537 2148 613 Egelidai
2175 549 2236 597 ut
2269 548 2485 611 tepeant
2520 538 2748 607 hiemes,
2783 537 3107 609 rabidosque
3135 551 3230 608 per
3260 542 3427 591 astus

1906 637 2162 708 Aspirent
2191 627 2379 693 tenues
2407 635 2578 707 frigus
2604 634 2801 689 subtile
2834 633 3117 705 aquilones
3148 650 3161 687 :

1906 729 1985 786 Te
2015 730 2134 787 sine
2162 730 2255 786 sed
2290 729 2470 784 nullus
2498 737 2647 796 grata
2679 729 2795 784 vice
2827 729 3078 797 provenit
3109 741 3285 782 annus
3313 741 3327 790 ;

1909 824 2017 881 Ver
2040 825 2278 896 pluvium
2303 823 2424 878 sine
2451 821 2587 879 flore
2621 822 2791 892 fugit;
2825 822 2976 876 canis
3006 820 3215 876 aestifer
3236 818 3422 884 ardet;

1907 916 2059 973 Nulla
2091 916 2438 973 autsmnales
2471 915 2644 970 variat
2671 915 2908 972 Pomona
2940 929 3194 984 sapores;

1909 1008 2202 1080 Effusaque
2235 1011 2468 1065 hiemem
2504 1007 2790 1065 contriStat
2816 1007 3084 1078 Aquarius
3117 1007 3279 1064 unda.

1905 1103 2241 1174 Agnoscisne
2267 1113 2437 1170 tuam,
2466 1101 2627 1156 Ponti
2661 1101 2994 1170 dulcissime,
3028 1101 3288 1173 culpam?

1904 1194 2035 1251 Nam
2069 1196 2198 1251 mihi
2231 1205 2381 1252 certa
2406 1196 2562 1262 fides,
2595 1210 2696 1251 nec
2727 1196 3128 1252 commutabilis
3160 1211 3416 1268 umquam

1902 1287 2114 1344 Paulini
2145 1289 2288 1346 illius
2317 1288 2520 1344 veteris
2552 1291 2855 1344 reverentia
2880 1289 3038 1344 durat
3064 1308 3074 1342 :

1904 1379 2147 1451 Quaeque
2179 1396 2323 1451 meo,
2365 1389 2532 1450 atque
2564 1391 2658 1435 tuo
2689 1380 2864 1436 fuerat
2889 1381 3183 1437 concordia
3211 1383 3376 1453 patri.

1904 1476 1960 1534 Si
1989 1477 2138 1533 tendi
2163 1478 2333 1533 facilis
2357 1479 2608 1549 cuiquam
2643 1477 2744 1533 fuit
2771 1493 2926 1534 arcus
2959 1478 3159 1550 Ulixei,

1906 1572 2014 1625 Aut
2040 1580 2237 1641 praster
2267 1571 2546 1626 dominum
2582 1571 2866 1626 vibrabilis
2894 1588 3062 1626 ornus
3089 1573 3124 1626 Α
3137 1571 3344 1637 chilli-i,

1906 1661 2014 1718 Nos
2038 1679 2254 1734 quoque
2284 1674 2392 1718 tam
2422 1665 2584 1735 longo
2616 1664 2952 1719 Rhamnusia
2990 1666 3194 1721 findere
3223 1665 3421 1720 solvet.

1826 1763 1875 1824 B
1902 1755 2007 1813 Sed
2036 1773 2130 1813 cur
2157 1769 2262 1812 tam
2293 1768 2491 1814 maesto
2515 1774 2640 1815 sero
2668 1761 2838 1814 tristia
2872 1760 3110 1815 carmina
3140 1761 3344 1816 versu?

1901 1851 1967 1905 Et
1997 1864 2102 1904 non
2129 1851 2181 1904 in
2207 1852 2431 1907 meliora
2464 1852 2674 1906 animus
2704 1867 2762 1907 se
2795 1861 2915 1906 vota
2951 1854 3320 1923 propinquat?

1897 1941 1977 1998 Sit
2002 1945 2186 2013 procul
2216 1945 2318 1999 iste
2344 1956 2521 1999 metus
2550 1964 2560 1996 :
2595 1955 2742 2000 certa
2778 1958 2856 2000 est
2884 1945 3075 2000 fiducia
3113 1948 3291 2015 nobis,

1897 2036 1954 2092 Si
1983 2039 2197 2107 genitor
2226 2047 2492 2109 natusque
2519 2039 2610 2094 Dei
2645 2039 2730 2110 pia
2768 2041 2930 2095 verba
2955 2042 3233 2098 volentum

1895 2132 2168 2206 Accipiat,
2201 2143 2389 2189 nostro
2420 2134 2573 2190 reddi
2605 2146 2655 2190 te
2680 2151 2841 2206 posse
2867 2148 3090 2206 precatu
3119 2154 3130 2190 :

1894 2226 1973 2282 Ne
2003 2241 2247 2296 Sparsam
2281 2237 2601 2298 raptamque
2631 2228 2874 2301 domum,
2907 2229 3250 2301 lacerataque
3297 2241 3516 2289 centum

1894 2321 1998 2377 Per
2028 2321 2302 2389 dominos,
2337 2323 2543 2378 veteris
2569 2298 2779 2378 Paulini
2812 2339 2975 2390 regna
3009 2323 3259 2379 fleamus.

1891 2413 2078 2485 Teque
2111 2429 2306 2484 vagum
2339 2425 2453 2469 toto
2487 2409 2646 2484 quam
2681 2415 2842 2485 longa
2871 2415 3137 2484 Hispania
3171 2426 3371 2486 tractu,

1892 2505 2272 2564 Immemorem
2302 2515 2573 2572 veterum,
2602 2506 2907 2578 peregrinis
2939 2507 3110 2564 fidere
3146 2510 3356 2564 amicis.

1892 2597 2156 2664 Accurre,
2185 2615 2216 2653 ο
2247 2607 2492 2653 nostrum
2522 2599 2711 2666 decus,
2744 2616 2777 2654 ο
2807 2615 2927 2656 mea
2959 2603 3194 2658 maxima
3223 2619 3351 2658 cura
3372 2651 3385 2675 ,

1897 2690 2072 2757 Votis,
2106 2691 2488 2762 ominibusque
2518 2691 2696 2760 bonis,
2733 2694 3095 2766 precibusque
3122 2707 3366 2764 vocatus,

1893 2786 2240 2856 Appropera:
2274 2785 2401 2841 dum
2428 2797 2480 2841 tu
2508 2787 2746 2857 juvenis,
2778 2788 2906 2843 dum
2935 2801 3118 2846 nostra
3154 2801 3409 2848 senectus

1893 2875 2090 2932 Servat
2118 2877 2501 2934 inexhaustum
2537 2881 2628 2935 tibi
2656 2882 2958 2950 gratiﬁcata
2992 2884 3255 2954 vigorem.

1893 2970 1962 3025 Et
1984 2972 2200 3042 quando
2224 2973 2326 3028 iste
2348 2988 2500 3030 meas
2530 2975 2772 3045 impellet
2805 2978 3023 3031 nuntius
3051 2979 3256 3033 aures?

1895 3063 2038 3120 Ecce
2070 3076 2194 3120 tuus
2218 3065 2474 3137 Paulinus
2505 3067 2824 3138 adest;jam
2862 3069 3118 3140 ninguida
3154 3073 3346 3144 linquit
3395 3131 3398 3134 ,

1815 3167 1860 3229 C
1892 3157 2100 3227 Oppida
2135 3159 2434 3228 lberorum,
2466 3159 2774 3217 Tarbellica
2804 3163 2910 3233 jam
2945 3175 3089 3220 tenet
3120 3182 3246 3220 arva
3275 3183 3288 3233 ;

1896 3249 2223 3321 Ilcbromagi
2244 3252 2357 3320 jam
2390 3261 2537 3307 tecta
2567 3254 2712 3308 subit
2737 3271 2750 3321 ;
2772 3254 2883 3325 jam
2916 3258 3116 3326 praedia
3149 3260 3334 3315 fratris

1894 3341 2079 3398 Vicina
2114 3345 2453 3414 ingreditur;
2485 3345 2599 3416 jam
2634 3347 2833 3404 labitur
2857 3364 3014 3405 amne
3039 3354 3317 3420 secundo;

1889 3435 2116 3506 Jamque
2138 3437 2188 3490 in
2213 3449 2511 3508 conspectu
2535 3448 2648 3504 est;
2676 3441 2784 3511 jam
2812 3457 2971 3512 prora
2992 3445 3296 3503 obvertitur
3317 3453 3497 3519 amni;

1893 3530 2278 3602 Ingressusque
2304 3533 2384 3587 sui
2411 3533 2684 3589 celebrata
2714 3551 2811 3605 per
2840 3538 2980 3592 ostia
3013 3552 3201 3608 portus

1892 3622 2088 3676 Totum
2120 3624 2456 3679 occursantis
2487 3627 2668 3696 populi
2706 3631 3045 3696 praevertitur
3077 3649 3269 3702 agmen
3300 3655 3312 3690 :

1890 3715 1957 3769 Et
1980 3731 2073 3769 sua
2106 3719 2446 3785 praeteriens,
2475 3718 2584 3786 jam
2615 3721 2724 3790 jam
2757 3731 2843 3776 tua
2867 3723 3052 3778 limina
3086 3729 3284 3796 pulsat.

1891 3807 2198 3879 Credimus,
2223 3827 2288 3866 an
2322 3813 2412 3882 qui
2443 3825 2647 3881 amant,
2682 3815 2784 3884 ipsi
2815 3818 2915 3872 sibi
2946 3824 3155 3876 somnia
3187 3825 3432 3896 fingunt?

2408 3905 2747 3962 EPISTULA
2788 3909 2988 3967 XXIV.

2219 4005 2487 4057 Ausonws
2529 4003 2768 4059 PAULINO
2807 4022 2902 4062 suo
2943 4010 3180 4064 salutem.

1891 4093 2091 4160 Quarta
2122 4079 2220 4148 tibi
2254 4094 2370 4148 lucc
2401 4105 2560 4149 notos
2588 4096 2792 4152 detexit
2823 4101 3055 4169 cpistola
3087 4115 3336 4176 questus,

1897 4186 2142 4251 Pauline,
2178 4196 2230 4240 et
2257 4186 2456 4242 blando
2486 4187 2719 4244 residem
2749 4207 3003 4249 sermone
3035 4195 3274 4253 lacessit.

1891 4280 2140 4336 Officium
2170 4282 2262 4336 sed
2307 4282 2453 4336 nulla
2485 4283 2629 4352 pium
2664 4284 2794 4339 mihi
2827 4289 3015 4357 pagina
3048 4290 3257 4360 reddit,

1894 4376 2092 4430 Fausta
2123 4376 2432 4446 salutigeris
2461 4381 2741 4434 ascribcns
2770 4396 2894 4436 orsa
2926 4384 3142 4441 libellis.

1894 4469 2049 4527 Unde
2079 4471 2239 4526 istam
2271 4474 2470 4526 meruit
2500 4490 2605 4527 non
2638 4476 2766 4529 felix
2801 4477 2986 4532 charta
3019 4482 3318 4555 repulsam,

1812 4566 1866 4628 D
1888 4563 2110 4633 Spernit
2145 4573 2250 4618 tam
2279 4565 2436 4635 feugo
2469 4567 2704 4620 cessatio
2732 4584 2894 4638 quam
2928 4580 3014 4624 tua
3040 4571 3180 4627 fastu
3209 4574 3232 4627 7

1891 4658 2074 4712 Ilostis
2103 4657 2170 4711 ab
2204 4658 2357 4711 hoste
2390 4667 2568 4714 tamen
2607 4677 2700 4730 per
2731 4663 2962 4718 barbara
2995 4667 3160 4722 verba
3189 4670 3419 4728 salutem

1890 4751 2137 4821 Accipit:
2166 4762 2215 4805 et
2240 4751 2402 4805 Salve
2436 4752 2632 4809 mediis
2663 4756 2959 4812 intervenit
2983 4761 3169 4814 armis.

1889 4842 2244 4914 Respondent
2273 4854 2324 4897 et
2353 4858 2478 4898 saxa
2514 4845 2736 4902 homini.
2773 4849 3066 4906 Percussus
3097 4852 3163 4905 ab
3184 4856 3357 4911 antris

1889 4938 2079 4994 Sermo
2108 4939 2269 5009 redit,
2302 4941 2445 4996 redit
2472 4951 2526 4997 ct
2553 4959 2830 4999 nemorum
2866 4949 3067 5003 vocalis
3096 4952 3275 5022 imago
3303 4972 3317 5008 :

1894 5032 2121 5089 Littorei
2145 5035 2382 5089 clamant
2412 5039 2649 5104 scopuli,
2683 5038 2812 5093 dant
2843 5056 3116 5096 murmura
3142 5044 3273 5113 rivi,

1894 5126 2134 5198 Hyblaeis
2159 5128 2354 5197 apibus
2382 5144 2539 5198 sepes
2568 5131 2787 5200 dcpaSIa
2819 5146 3090 5190 susurrat.

1894 5220 1991 5276 Est
2022 5231 2072 5277 et
2103 5223 2421 5277 arundineis
2447 5224 2742 5280 modulatio
2772 5230 2976 5284 musica
3006 5231 3176 5302 ripis:

1893 5312 2137 5383 Cumque
2171 5315 2284 5367 suis
2317 5313 2551 5384 loquitur
2584 5318 2876 5374 tremulum
2906 5337 3058 5377 coma
3094 5326 3252 5395 pinea
3284 5331 3485 5390 ventis.

1893 5404 2137 5460 Incubuit
2166 5404 2305 5460 foliis
2335 5408 2547 5476 quoties
2581 5408 2712 5463 levis
2746 5411 2921 5468 Eurus
2947 5418 3142 5486 acutis,

1893 5498 2154 5570 Dindyma
2181 5498 2471 5569 Gargarico
2498 5505 2832 5573 respondent
2859 5512 3071 5568 cantica
3097 5513 3242 5568 luco.

1891 5589 1973 5646 Nil
2002 5601 2208 5647 mutum
2238 5601 2426 5648 natura
2458 5594 2608 5652 dedit
2637 5616 2650 5652 :
2679 5616 2788 5656 non
2813 5604 2954 5660 aeris
2983 5605 3122 5672 ales,

1892 5686 2346 5758 Quadrupedesve
2369 5687 2554 5759 silent,
2591 5694 2755 5752 habet
2786 5707 2841 5752 et
2868 5715 2961 5754 sua
2989 5699 3146 5756 sibila
3177 5718 3424 5779 serpens,

1893 5781 1958 5838 Et
1986 5793 2152 5854 pecus
2177 5795 2490 5854 aequoreum
2521 5786 2670 5845 tenui
2700 5790 2816 5849 vice
2849 5792 2993 5850 vocis
3022 5793 3262 5855 anhelat.
