3908 6324
485 209 585 264 03:;
1878 198 1986 261 ΒΕ(

2164 195 2323 257 USON
2329 199 2370 257 ιι
3667 203 3765 259 £130;

478 322 737 395 Cymbala
761 323 894 379 dant
916 323 1061 378 flictu
1087 323 1344 383 sonitum.
1376 319 1507 373 dant
1537 317 1737 389 pulpita
1763 318 1904 373 saltu

477 413 587 468 Icta
620 415 849 484 pedum:
880 415 1039 469 tentis
1063 411 1291 466 reboant
1315 425 1444 466 cava
1470 420 1720 483 tympana
1751 410 1956 481 tergis:

477 507 685 563 Isiacos
709 508 908 578 agitant
939 505 1230 560 Mareotica
1263 503 1426 558 sistra
1456 503 1714 558 tumultus
1742 518 1757 567 ;

479 599 591 656 Nec
623 597 877 672 Dodonrei
898 605 1077 652 cessat
1107 596 1332 652 tinnitus
1361 594 1543 659 aheni,

480 690 538 744 In
571 704 856 744 numerum
887 689 1140 758 quotiens
1173 685 1682 742 radiis‘ferientibus
1712 684 1830 739 ictm

478 781 826 853 Respondent
858 781 1063 840 dociles
1088 779 1365 834 modulato
1402 777 1632 833 verbere
1663 777 1865 846 pelves.

479 874 558 928 Tu
585 875 729 929 velut
753 872 995 929 (Ehaliis
1023 872 1234 928 habites
1265 873 1562 927 taciturnus
1595 869 1858 942 Amyclis,

475 966 586 1021 Aut
610 975 697 1022 tua
724 965 960 1037 Sigalion
994 963 1286 1036 Egyptius
1309 962 1493 1018 oscula
1522 963 1720 1032 signet,

476 1058 768 1125 Obnixum,
803 1057 1048 1124 Pauline,
1089 1068 1254 1112 taces.
1299 1057 1550 1126 Agnosco
1586 1055 1844 1125 pudorem
1873 1073 1885 1107 :

477 1150 631 1218 Quod
659 1149 847 1204 vitium
878 1148 1026 1204 fovet
1053 1148 1168 1218 ipsa
1200 1163 1358 1202 suum
1387 1147 1621 1203 cessatio
1643 1146 1806 1217 jugis.

481 1244 725 1314 Dumque
746 1243 914 1314 pudet
939 1243 1171 1297 tacuisse
1197 1241 1312 1306 diu.
1347 1242 1524 1312 placet
1549 1241 1853 1296 ofﬁciorum

476 1335 595 1391 Non
627 1350 847 1390 servare
872 1335 1017 1390 vices
1044 1351 1060 1392 ,:
1090 1343 1146 1390 et
1166 1343 1349 1389 amant
1373 1335 1530 1405 longa
1561 1334 1666 1388 otia
1698 1334 1934 1403 culpam.

476 1429 612 1498 Quis
641 1428 889 1499 prohibet
917 1428 1076 1483 Salve
1101 1435 1264 1498 atque
1297 1427 1426 1482 Vale
1453 1428 1722 1483 brevitate
1755 1435 1942 1497 parata

479 1520 772 1576 Scribere?
795 1520 1084 1588 felicesque
1113 1527 1269 1573 notas
1302 1517 1560 1574 mandare
1593 1519 1835 1574 libellis?

478 1613 595 1671 Non
617 1630 718 1686 ego
748 1615 1074 1684 longinquos
1101 1622 1159 1668 ut
1188 1620 1334 1669 texat
1363 1613 1552 1684 pagina
1585 1628 1776 1669 versus

479 1705 731 1762 Postulo:
765 1704 1158 1774 multiplicique
1181 1719 1375 1759 oneres
1403 1719 1658 1760 sermone
1682 1704 1928 1760 tabellas.

477 1797 596 1854 Una
629 1799 727 1852 fuit
756 1806 984 1866 tantum,
1011 1812 1114 1866 qua
1142 1797 1476 1869 respondere
1503 1797 1768 1864 Lacones,

476 1889 680 1945 Littera
706 1907 718 1943 :
750 1898 806 1945 et
832 1890 970 1944 irato
995 1891 1106 1959 regi
1137 1890 1386 1958 placuere
1410 1899 1686 1960 negantes.

478 1981 576 2037 Est
594 1982 798 2036 etenim
825 1983 997 2036 comis
1026 1982 1281 2036 brevitas.
1319 1981 1410 2036 Sic
1434 1981 1576 2035 fama
1606 1989 1852 2036 renatum

474 2073 837 2144 Pythagoram
860 2073 1111 2128 docuisse
1135 2073 1321 2138 refert,
1354 2087 1477 2127 cum
1511 2073 1677 2127 multa
1703 2073 1957 2144 loquaces

472 2167 757 2236 Ambiguis
785 2175 1032 2222 sererent
1059 2164 1262 2229 verbis,
1294 2172 1482 2220 contra
1506 2165 1685 2220 omnia
1715 2166 1891 2220 solum

473 2257 594 2326 Est,
627 2259 1013 2330 respondebat,
1040 2259 1125 2313 vel
1157 2267 1287 2314 non.
1333 2258 1377 2313 Ο
1409 2267 1556 2314 certa
1589 2257 1838 2328 loquendi

474 2351 713 2424 Regula!
743 2368 866 2408 nam
893 2352 1120 2407 brevius
1151 2350 1282 2406 nihil
1309 2359 1414 2416 est,
1441 2365 1542 2406 nec
1574 2351 1784 2420 plenius
1808 2350 1964 2406 istis:

473 2449 606 2517 Quae
634 2446 847 2502 ﬁrmata
875 2445 1131 2516 probant,
1161 2454 1254 2499 aut
1275 2443 1545 2498 inﬁrmata
1574 2442 1834 2498 relidunt.

473 2543 645 2600 Nemo
673 2542 841 2597 silens
873 2539 1072 2611 placuit
1098 2557 1110 2592 :
1143 2539 1299 2593 multi
1323 2537 1588 2593 brevitate
1616 2535 1891 2607 loquendi.

479 2635 677 2692 Verum
705 2649 806 2704 ego
835 2646 943 2703 quo
967 2632 1131 2686 stulte
1151 2629 1353 2685 dudum
1382 2630 1623 2700 spatiosa
1649 2629 1866 2684 locutus

474 2726 796 2784 Provehor'l
822 2732 880 2780 ut
906 2724 1119 2778 diversa
1141 2722 1245 2776 sibi
1265 2722 1555 2793 vicinaque
1582 2721 1742 2798 culpa
1768 2729 1873 2786 est,

475 2820 639 2875 Multa
664 2819 916 2887 loquens,
936 2825 992 2871 et
1011 2824 1206 2870 cuncta
1226 2814 1422 2870 silens!
1450 2827 1556 2869 non
1580 2813 1739 2868 ambo
1759 2813 2059 2882 placemus:

475 2913 586 2968 Nec
615 2927 832 2981 possum
865 2909 1115 2973 reticere,
1141 2908 1326 2977 jugum
1355 2906 1501 2977 quod
1535 2892 1708 2960 libera
1735 2919 2027 2972 numquam
2056 2919 2057 2922 ‘

473 3005 604 3060 Fert
634 3005 823 3074 pietas,
857 3016 958 3057 nec
983 3008 1130 3054 amat
1157 2999 1374 3054 blandis
1401 3007 1732 3069 postponere
1756 3012 1965 3054 verum.

474 3097 722 3164 Vertisti,
751 3095 997 3160 Pauline,
1028 3102 1146 3148 tuos
1175 3091 1487 3148 dulcissime
1509 3092 1732 3148 mores?

477 3189 738 3245 Vasconis
769 3187 872 3240 hoc
901 3185 1093 3252 saltus,
1121 3193 1184 3241 et
1216 3183 1471 3254 ninguida
1498 3183 1742 3253 Pyrenaei

474 3281 740 3350 llospitia,
773 3288 826 3334 et
856 3278 1027 3333 nostri
1061 3277 1190 3332 facit
1218 3277 1322 3332 hoc
1347 3277 1553 3334 oblivio
1581 3277 1743 3333 caeli?

471 3371 742 3442 lmprecer
763 3386 830 3425 ex
854 3369 1046 3424 merito
1075 3370 1202 3439 quid
1230 3385 1338 3422 non
1368 3369 1484 3437 tibi,
1515 3369 1732 3424 Hiberia
1761 3370 1964 3425 tellus?

472 3464 550 3520 Te
582 3464 842 3534 populent
865 3461 1017 3517 Poeni
1045 3477 1059 3515 :
1092 3469 1144 3515 te
1170 3459 1409 3530 perﬁdus
1438 3461 1668 3516 Annibal
1701 3473 1858 3515 urat:

472 3555 551 3612 Te
577 3556 704 3612 belli
733 3553 914 3610 sedem
942 3561 1153 3624 repetat
1175 3551 1447 3610 Sertorius
1473 3553 1645 3608 exsul.

476 3649 622 3720 Ergo
653 3663 854 3714 meum,
899 3646 1195 3717 patriaque
1226 3645 1413 3711 decus,
1444 3647 1798 3718 columenque
1825 3649 2018 3710 senati.

473 3738 704 3808 Bilbilis,
733 3747 828 3795 aut
857 3738 1070 3793 luerens
1096 3739 1356 3808 scopulis,
1383 3737 1693 3811 Calagorris
1723 3740 1982 3796 habebit?

471 3832 575 3887 Aut
603 3847 724 3903 quae.
757 3830 982 3900 deiectis
1007 3832 1133 3900 juga
1165 3845 1264 3901 par
1293 3845 1551 3901 scruposa
1582 3831 1752 3887 ruinis

472 3925 638 3980 Arida
669 3932 968 3980 torrentem
991 3924 1218 3980 Sicorim
1249 3924 1527 3995 despectat
1553 3925 1771 3980 llilerda
1795 3927 1818 3980 ἲ

472 4016 572 4071 Hic
593 4016 853 4082 trabeam,
884 4017 1128 4082 Pauline,
1156 4027 1324 4084 tuam,
1359 4016 1675 4088 Latiamque
1705 4018 1949 4073 curulem

467 4109 784 4174 Constituis,
824 4109 1136 4181 patriosque
1167 4109 1326 4165 isthic
1352 4112 1605 4180 sepelibis
1638 4112 1914 4167 honores?

470 4201 600 4271 Quis
628 4212 804 4259 tamen
837 4202 936 4258 ista
968 4202 1064 4256 tibi
1095 4210 1201 4257 tam
1231 4203 1387 4273 longa
1415 4205 1630 4260 silentia
1660 4204 1870 4260 suasit?

470 4292 670 4364 Impius
698 4305 755 4350 ut
786 4295 961 4350 nullos
989 4294 1078 4350 hic
1108 4310 1300 4351 vocem
1329 4306 1505 4351 vertat
1531 4298 1584 4352 in
1613 4311 1777 4352 usus:

468 4387 673 4444 Gaudia
699 4403 803 4445 non
827 4389 979 4445 illum
1007 4399 1300 4461 vegetent:
1333 4407 1440 4446 non
1464 4391 1640 4446 dulcia
1671 4400 1852 4446 vatum

466 4479 740 4548 Carmina,
777 4495 882 4535 non
911 4480 1126 4536 blandae
1155 4481 1453 4538 modulatio
1485 4482 1620 4537 flexa
1650 4484 1903 4553 querelae,

464 4571 582 4628 Non
606 4572 741 4638 fera,
771 4587 877 4628 non
911 4571 1062 4627 illum
1090 4574 1346 4643 pecudes,
1375 4589 1482 4630 non
1510 4574 1742 4630 mulceat
1769 4575 1903 4642 ales,

463 4663 582 4721 Non
609 4681 729 4736 quae
758 4677 1033 4735 pastorum
1067 4667 1434 4723 nemoralibus
1455 4667 1636 4722 abdita
1663 4669 1797 4723 lucis

463 4757 682 4816 Solatur
712 4769 926 4816 nostras
952 4761 1098 4816 Echo
1121 4772 1371 4818 resecuta
1401 4762 1667 4834 ioquelas.

462 4852 675 4922 Tristis,
704 4868 889 4921 egens,
912 4854 1126 4910 deserta
1151 4856 1293 4911 colat
1321 4874 1332 4909 :
1371 4857 1672 4927 tacitusque
1698 4866 1944 4928 pererret

462 4944 641 5015 Alpini
671 4959 909 5000 convexa
933 4946 1047 5016 jugi
1075 4965 1088 5001 :
1123 4960 1221 5002 ceu
1250 4947 1450 5003 dicitur
1479 4949 1605 5004 olim

463 5037 663 5093 Mentis
690 5037 866 5108 inops,
897 5047 1072 5094 cretus
1097 5039 1391 5107 hominum,
1419 5052 1473 5096 et
1503 5041 1729 5113 vestigia
1759 5042 1955 5111 vitans,

461 5129 595 5186 Avia
628 5129 990 5200 perlustrasse
1012 5147 1178 5202 vagus
1203 5132 1324 5189 loca
1352 5134 1822 5205 BellerOphontes.

532 5222 660 5278 llaec
689 5238 883 5294 precor
909 5244 920 5278 :
953 5225 1091 5281 hanc
1119 5241 1330 5294 vocem,
1356 5227 1561 5285 Bmotia
1584 5230 1829 5302 numina,
1856 5231 2039 5303 Musa},

462 5315 730 5387 Accipite,
753 5326 808 5374 et
827 5317 995 5374 Latiis
1019 5328 1196 5375 vatem
1219 5316 1472 5378 revecate
1499 5321 1771 5380 Camenis.

980 5460 1316 5518 EPISTULA
1353 5464 1522 5520 XXV.

933 5571 1194 5631 Ausoruus
1262 5575 1576 5635 Sruuacno.

523 5680 684 5741 Modo
713 5683 966 5761 intelligo,
986 5704 1139 5762 quam
1161 5689 1344 5748 mellea
1372 5707 1450 5748 res
1467 5693 1533 5749 sit
1555 5696 1742 5765 oratio,
1770 5712 1924 5767 quam
1950 5697 2039 5753 de-

2091 319 2145 378 Α
2171 318 2380 386 laniﬁca
2406 359 2420 383 ,
2463 327 2508 372 et
2559 334 2718 390 quam
2764 320 2925 373 suada
2968 319 3232 388 facundia.
3275 317 3594 372 Persuasisti
3644 321 3768 376 milii

2171 411 2310 480 quod
2339 411 2572 479 epistola:
2599 427 2723 465 mea:
2752 412 2890 482 apud
2924 410 3155 483 Capuam
3185 411 3277 463 tibi
3311 411 3526 464 reddita!
3556 413 3766 463 εοησὶιμ

2172 501 2318 554 natio
2344 501 2627 556 inhumana
2654 518 2755 556 non
2777 511 2926 556 esset.
2960 502 3066 556 Sed
3086 503 3182 556 hoc
3213 519 3313 555 non
3342 503 3538 554 diutius
3567 544 3581 564 ,
3612 519 3765 570 quam

2174 594 2300 647 dum
2327 594 2597 664 epistolam
2625 605 2766 650 tuam
2795 595 2917 667 legi,
2948 612 3060 666 quae
3083 613 3161 648 me
3187 595 3457 649 blanditiis
3483 596 3766 648 inhiantem

2171 685 2310 750 tuis,
2354 683 2492 739 velut
2535 702 2692 739 succo
2735 686 2955 740 nectaris
2997 685 3256 751 delibuta,
3305 686 3470 739 ducit.
3508 685 3612 740 Ubi
3651 704 3764 739 vero

2172 778 2466 831 chartulam
2496 795 2635 848 pono
2655 819 2670 842 ,
2721 790 2767 834 et
2817 779 3065 847 meipsum
3110 781 3368 850 interrogo
3391 820 3406 843 ,
3443 786 3550 830 tum
3580 780 3764 848 obsgn-

2172 871 2337 923 tltium
2368 888 2536 926 meum
2566 872 2765 942 resipit,
2791 882 2840 926 et
2866 872 3155 926 circumlita
3175 872 3328 925 melle
3349 883 3438 926 tuo
3460 872 3642 938 pocula
3673 873 3764 924 de—

2170 963 2454 1031 prehendo.
2481 961 2541 1018 Si
2568 980 2687 1017 vero
2711 1005 2726 1026 ,
2776 964 2830 1016 id
2858 965 2997 1034 quod
3040 980 3176 1032 srrpe
3201 963 3358 1034 facio,
3391 963 3462 1015 ad
3487 963 3758 1031 epistolam

2171 1061 2315 1107 tuam
2344 1054 2498 1117 redii,
2528 1071 2711 1109 rursus
2743 1056 2955 1119 illicior,
2981 1065 3026 1109 et
3053 1071 3260 1108 rursum
3283 1055 3372 1108 ille
3399 1056 3759 1116 suavissimus,

2170 1149 2259 1203 ille
2287 1150 2512 1218 floridus
2541 1153 2617 1204 tui
2638 1153 2887 1205 sermonis
2912 1151 3123 1218 affatus,
3146 1152 3378 1220 deposita
3410 1151 3646 1212 lectione,
3675 1167 3756 1202 ra-

2171 1242 2330 1295 nescit
2353 1283 2370 1306 ,
2413 1253 2460 1296 et
2491 1244 2767 1297 testimonii
2794 1243 3012 1315 pondus,
3023 1243 3257 1315 prohibet
3283 1246 3454 1297 inesse
3474 1243 3752 1296 dulcedini.

2173 1332 2290 1386 Hoc
2315 1350 2395 1388 me
2424 1334 2559 1389 velut
2587 1337 2756 1390 aerius
2784 1337 2999 1390 bractea:
3034 1340 3215 1406 fucus,
3246 1346 3338 1389 aut
3383 1337 3526 1405 picta
3555 1336 3754 1403 nebula,

2171 1434 2276 1477 non
2304 1423 2532 1495 longius,
2554 1442 2710 1496 quam
2731 1426 2857 1480 dum
2880 1426 3104 1492 videtur,
3126 1425 3384 1480 oblectat:
3418 1423 3758 1480 Chamaeleon-

2172 1516 2236 1570 tis
2266 1516 2492 1572 bestiola:
2510 1519 2640 1583 vice,
2664 1535 2778 1588 qua:
2804 1520 2869 1573 de
2895 1520 3132 1590 subjectis
3163 1521 3318 1574 sumit
3340 1520 3589 1573 colorem.
3614 1520 3758 1572 Aliud

2171 1610 2338 1662 sentio
2367 1625 2430 1664 ea;
2459 1609 2676 1681 epistola
2701 1620 2808 1677 tua,
2842 1612 2987 1664 aliud
3015 1629 3076 1665 ea:
3106 1613 3425 1665 conscientia
3451 1629 3568 1666 mea
3591 1629 3611 1665 :
3637 1622 3681 1666 et
3708 1622 3758 1664 tu

2105 1702 2153 1762 B
2180 1720 2258 1758 me
2288 1704 2448 1758 audes
2479 1705 2971 1774 facundissimorum
3002 1707 3266 1760 hominum
3306 1707 3470 1788 laude
3513 1705 3761 1776 dignari?

2172 1803 2259 1860 tu,
2289 1796 2499 1864 inquam
2539 1796 2664 1849 mihi
2712 1798 2832 1863 ista,
2863 1798 2952 1867 qui
2973 1809 3018 1851 te
3040 1798 3182 1851 ultra
3216 1799 3632 1852 emendationem
3661 1813 3758 1850 om-

2169 1885 2313 1939 nium
2341 1887 2650 1956 protulisti?
2670 1898 2759 1941 aut
2790 1889 3060 1959 quisquam
3083 1890 3156 1943 ita
3182 1890 3329 1955 nitet,
3354 1898 3412 1942 ut
3435 1897 3758 1958 comparatus

2170 1978 2268 2032 tibi
2299 1995 2403 2033 non
2432 1980 2683 2035 sordeat?
2705 1981 2834 2048 Quis
2861 1984 2935 2035 ita
2964 1981 3032 2034 ad
3069 1980 3261 2052 Αἰδορὶ
3281 1993 3630 2047 venustatem,
3656 1983 3757 2051 quis

2169 2072 2239 2124 ad
2259 2073 2566 2144 saphisticas
2593 2071 2840 2128 Isocratis
2863 2072 3239 2138 conclusiones,
3270 2077 3386 2144 quis
3415 2075 3490 2126 ad
3503 2072 3758 2142 enthyme-

2170 2172 2308 2216 mata
2325 2161 2706 2230 Demosthenis,
2732 2166 3155 2234 autopulentiam
3173 2164 3500 2231 Tullianam,
3527 2176 3622 2218 aut
3650 2183 3757 2233 pro-

2169 2241 2442 2324 prietatem
2496 2259 2660 2310 nostri
2706 2256 2943 2312 Maronis
2976 2259 3233 2313 accedat!
3277 2260 3394 2329 quis
3441 2261 3521 2312 ita
3569 2259 3755 2326 aﬂ'ectet

2166 2345 2399 2417 singula,
2426 2358 2479 2401 ut
2501 2349 2558 2400 tu
2583 2347 2763 2420 imples
2781 2351 2995 2404 omnia?
3017 2350 3156 2416 Quid
3173 2351 3310 2404 enim
3334 2351 3488 2404 aliud
3509 2369 3584 2416 es,
3614 2370 3754 2419 quam

2167 2451 2232 2490 ex
2261 2439 2399 2490 omni
2429 2439 2681 2493 bonarum
2725 2442 2916 2494 artium
2964 2443 3169 2513 ingenio
3222 2442 3441 2498 collecta
3470 2448 3754 2516 perfectio?

2167 2525 2320 2595 Hcce,
2358 2528 2564 2584 domine
2590 2531 2659 2584 mi
2702 2532 2778 2599 ﬁli
2805 2532 3137 2603 Symmache,
3170 2551 3273 2589 non
3303 2552 3516 2605 vereor,
3548 2555 3615 2591 ne
3635 2539 3687 2592 in
3712 2548 3752 2593 te

2168 2619 2407 2674 blandius
2429 2622 2569 2675 dicta
2595 2622 2863 2678 uideantur
2892 2642 2998 2679 esse
3035 2643 3188 2697 quam
3209 2629 3399 2684 verius.
3431 2629 3501 2683 Et
3521 2645 3751 2702 expertus

2167 2727 2220 2764 es
2240 2711 2398 2780 ﬁdem
2426 2731 2592 2767 meam
2615 2719 2806 2771 ’mentis
2826 2726 2978 2787 atque
3004 2721 3281 2789 dictorum,
3315 2723 3445 2775 dum
3474 2725 3530 2776 in
3550 2726 3750 2779 comita-

2169 2815 2224 2859 tu
2264 2806 2499 2881 degimus
2528 2810 2677 2863 ambo
2722 2827 2827 2865 ωυο
2868 2812 3109 2883 dispari:
3151 2815 3234 2867 ubi
3261 2823 3316 2868 tu
3347 2819 3532 2870 veteris
3564 2819 3754 2871 militias

2169 2901 2381 2967 prcemia
2413 2911 2526 2972 tgro
2572 2902 2819 2967 meruisti,
2869 2920 2960 2975 ego
2989 2906 3299 2975 tgrocinium
3335 2910 3452 2976 jam
3491 2919 3748 2964 veteranus

2167 2991 2392 3045 exercui.
2423 2990 2491 3044 In
2516 2995 2762 3048 comitatu
2795 2996 2886 3049 tibi
2911 3013 3055 3052 verus
3081 2999 3178 3068 fui,
3210 3000 3399 3053 nedum
3437 3018 3520 3055 me
3549 3018 3746 3072 peregre

2087 3082 2134 3148 C
2166 3086 2424 3139 existimes
2451 3088 2734 3158 composita
2760 3089 3003 3156 fabulari.
3029 3090 3091 3144 1η
3110 3093 3356 3146 comitatu
3373 3135 3388 3159 ,
3411 3095 3648 3166 inquam,
3670 3097 3746 3164 qui

2166 3178 2362 3246 frontes
2381 3177 2650 3232 hominum
2676 3182 2859 3250 operit,
2886 3193 3078 3236 mentes
3109 3186 3250 3254 tegit,
3281 3185 3352 3238 ibi
3380 3203 3462 3239 me
3491 3197 3541 3240 et
3564 3204 3742 3254 par-en.

2164 3277 2288 3334 tem,
2312 3281 2360 3326 et
2385 3273 2628 3341 amicum,
2659 3282 2707 3327 et
2728 3276 2772 3328 si
2792 3276 2916 3345 quid
2942 3286 3159 3347 utroque
3180 3279 3386 3333 cltarius
3416 3291 3518 3346 est,
3551 3282 3744 3336 chorio-

2161 3380 2269 3418 rem
2322 3366 2480 3436 fuisse
2509 3369 2733 3421 sensisti.
2769 3368 2876 3424 Sed
2904 3371 3146 3425 abeamus
3192 3374 3256 3426 ab
3304 3375 3421 3438 his,
3472 3393 3537 3429 ne
3577 3378 3743 3431 istlnrc

2162 3459 2582 3511 commemoratio
2613 3461 2683 3511 ad
2723 3459 2870 3514 illam
2915 3461 3081 3517 Sosia:
3129 3466 3466 3532 formidinem
3520 3469 3743 3521 videatur

2161 3547 2421 3602 accedere.
2448 3547 2597 3602 Illud
2622 3552 2762 3619 quod
2782 3570 2910 3622 pene
2937 3557 3183 3623 praeterii,
3208 3568 3404 3623 quanta
3419 3559 3743 3626 aﬂ'ectatione

2161 3638 2456 3692 addidisti?
2499 3649 2555 3692 ut
2582 3640 2651 3693 ad
2669 3651 2718 3695 te
2746 3641 3113 3699 didascalicum
3141 3647 3353 3717 aliquod
3401 3650 3738 3720 apusculum,

2161 3739 2250 3783 aut
2277 3745 2563 3785 sermonem
2593 3735 2959 3804 protrcpticum
3003 3738 3274 3794 mitterem.
3321 3738 3436 3813 Ego
3468 3753 3519 3795 te
3561 3743 3739 3796 docebo
3775 3777 3777 3779 ι

2161 3823 2420 3879 docendus
2452 3825 2642 3893 adhuc,
2675 3828 2720 3880 si
2747 3845 2909 3883 essem
2933 3829 2988 3882 id
3008 3833 3197 3900 aetatis,
3226 3841 3283 3886 ut
3313 3833 3564 3890 discerem
3609 3837 3634 3889 ?
3657 3845 3735 3889 aut

2159 3931 2254 3986 ego
2289 3924 2336 3969 te
2374 3926 2604 3986 vegetum
2626 3962 2639 3985 ,
2700 3928 2851 3989 atque
2893 3919 3120 3976 alacrem
3149 3927 3482 3979 commonebo
3504 3929 3530 3980 ?
3573 3927 3735 3981 eadem

2159 4024 2313 4078 Opera
2342 4018 2391 4062 et
2416 4025 2586 4062 musas
2623 4010 2896 4079 hortabor,
2930 4023 2985 4067 ut
3009 4026 3229 4082 canant,
3283 4027 3329 4070 et
3377 4019 3547 4072 maria
3588 4032 3639 4073 ut
3668 4023 3736 4088 cf.

2157 4105 2343 4171 ﬂuant,
2375 4112 2420 4156 et
2448 4119 2608 4157 auras
2636 4113 2692 4158 ut
2724 4106 2949 4177 vigeant,
2980 4119 3027 4163 et
3069 4109 3211 4182 ignes
3237 4120 3293 4163 ut
3323 4111 3527 4165 caleant
3565 4115 3735 4167 admo-

2158 4197 2285 4248 nebo
2308 4210 2327 4248 .'
2353 4203 2442 4248 aut
2471 4196 2515 4248 si
2541 4196 2667 4266 quid
2696 4198 2869 4252 invitis
2898 4215 3099 4271 quoque
3138 4203 3284 4257 nobis
3313 4216 3501 4258 natura
3531 4208 3588 4275 ﬁt
3609 4248 3624 4274 ,
3656 4225 3735 4261 su-

2159 4291 2392 4359 perﬂuus
2447 4294 2724 4376 instigator
2774 4298 2999 4369 agitabo.
3050 4299 3147 4355 Sat
3190 4312 3263 4355 est
3309 4304 3461 4356 unius
3522 4305 3735 4359 erroris:

2156 4383 2295 4451 quod
2319 4385 2519 4455 aliquid
2539 4403 2767 4442 meorum
2785 4407 2864 4445 me
2891 4393 3162 4463 pmnitente
3178 4396 3440 4466 uulgatum
3466 4406 3542 4450 est
3558 4414 3576 4450 :
3604 4398 3734 4466 quod

2077 4461 2128 4522 Ῐ)
2154 4475 2286 4530 bona
2307 4481 2516 4547 fortuna
2540 4482 2595 4533 in
2626 4498 2809 4536 manus
2840 4485 3120 4540 amicorum
3140 4487 3338 4541 incidit.
3374 4487 3518 4542 Nam
3545 4491 3591 4543 si
3614 4507 3730 4543 cou-

2149 4575 2229 4620 tra
2260 4567 2314 4620 id
2340 4572 2607 4638 evenisset,
2655 4590 2747 4627 nec
2794 4585 2848 4630 tu
2884 4577 3012 4630 mihi
3047 4571 3383 4646 persuaderes
3415 4582 3624 4652 placere
3663 4600 3732 4636 me

2154 4673 2320 4727 posse.
2348 4658 2480 4716 Hcce
2509 4664 2578 4716 ad
2605 4663 2807 4731 littera;
2837 4677 2948 4723 tuas
2973 4686 3218 4742 responsa
3250 4673 3388 4726 sint:
3410 4685 3598 4728 caatera
3625 4691 3731 4744 qua

2154 4768 2362 4808 noscere
2389 4756 2564 4822 habes,
2595 4762 2889 4828 compendii
2913 4765 3121 4832 faciam.
3153 4765 3244 4820 Sic
3270 4783 3476 4837 quoque
3497 4770 3610 4839 jam
3632 4770 3731 4822 lon-

2153 4860 2220 4914 ga
2260 4854 2334 4898 est
2375 4847 2614 4918 epistola.
2656 4849 2926 4907 Iulianum
2969 4863 3136 4910 tamen
3195 4859 3512 4927 familiarem
3556 4862 3729 4914 domus

2154 4948 2364 5002 nostrae.
2387 4941 2432 4993 si
2456 4942 2581 5011 quid
2601 4943 2664 4996 de
2690 4947 2836 5000 nobis
2857 4949 3264 5015 percontandum
3292 4952 3586 5022 arbitraris,
3617 4954 3730 5007 alle-

2151 5045 2234 5100 go.
2257 5030 2442 5108 Simul
2486 5035 2766 5103 admoneo,
2821 5047 2875 5091 ut
2925 5055 3041 5093 cum
3085 5058 3296 5095 causam
3343 5044 3598 5100 adventus
3624 5049 3726 5117 ejus

2149 5125 2440 5194 agnoreris,
2459 5127 2609 5197 juves
2635 5129 2883 5200 studium,
2915 5137 3055 5202 quod
3079 5151 3145 5189 ea:
3164 5143 3314 5205 parte
3338 5138 3534 5208 fovisti.
3587 5137 3722 5193 Vale.

2207 5395 2356 5466 Nota.
2397 5396 2713 5466 Symmachus
2752 5407 2805 5466 et
2848 5401 3098 5466 Paulinus,
3134 5403 3311 5465 quibus
3351 5403 3540 5454 direxit
3561 5403 3721 5466 plures

2149 5457 2384 5530 epistolas
2425 5457 2692 5530 Ausonius,
2739 5457 3101 5530 Ausonio_vice
3130 5457 3504 5530 rescripserunt
3526 5457 3716 5530 plures.

2145 5517 2476 5591 quasyidesis
2497 5523 2601 5572 sive
2622 5517 2752 5591 torno
2777 5525 3089 5591 praecedenti
3128 5527 3178 5591 in
3199 5517 3497 5591 Ερίὲίριπίο
3517 5517 3719 5591 s'ymm.

2142 5581 2365 5692 ggiélsime
2388 5582 2447 5632 ad
2480 5593 2651 5646 poetas
2677 5581 2975 5638 Christianos
3010 5590 3165 5652 quinti
3202 5581 3399 5652 saeculi,
3424 5581 3716 5654 inter-opera

2185 5655 2357 5695 auum.

2911 5785 2930 5834 κ
