3908 6348
122 249 225 301 937

1091 248 1184 303 Al)
1227 243 1725 306 IilPERATOREM
1767 246 2174 308 CRATIARUM
2214 249 2448 310 ACTIO.

3331 259 3438 316 958

128 359 3419 389 Μ

125 386 373 397 -—.—.—__.

158 468 650 556 AUSONII
702 466 861 557 AD
923 467 1655 557 GRATIANUM
1709 465 2601 560 IMPERATOREM
2658 476 3409 564 DISCIPULUM

1035 628 1519 694 GRATIARUM
1566 629 1812 693 ACTIO
1855 631 2009 694 PRO
2052 633 2541 701 CONSULATU.

192 899 316 970 Ago
358 897 455 954 tibi
500 898 703 969 gratias
725 940 741 965 ,
779 897 1074 968 imperator
1100 896 1364 966 Auguste.
1394 894 1450 950 Si
1489 906 1725 964 possem,
1758 894 1806 955 Α
1840 898 1920 946 tcr
1946 892 2141 950 divinis
2171 895 2468 954 honoribus
2500 912 2873 973 consecratus,
2908 903 3080 962 instar
3109 907 3200 963 ﬁlii
3233 909 3301 965 ad
3334 909 3434 966 im-~

125 993 292 1048 etiam
324 992 605 1049 referrem.
628 993 731 1047 Sed
755 1006 854 1047 nec
886 1000 975 1045 tua
1004 990 1218 1044 fortuna
1246 988 1519 1044 desiderat
1544 1002 1730 1042 remu-

122 1084 353 1138 nerandi
382 1084 578 1148 vicem,
606 1100 709 1140 nec
741 1094 921 1139 nostra
946 1081 1185 1153 suggerit
1214 1078 1536 1136 restituendi
1566 1079 1729 1134 lacul~

122 1188 313 1234 tatem.
343 1179 682 1234 Privatorum
712 1179 807 1233 ista
840 1178 995 1248 copia
1025 1188 1129 1241 est.
1154 1178 1298 1233 inter
1320 1192 1380 1232 se
1406 1191 1528 1233 esse
1558 1176 1734 1231 muni-

123 1268 279 1324 licos.
317 1268 433 1324 Tua
464 1269 726 1325 beneﬁcia
760 1279 818 1324 ut
845 1270 1130 1339 majestate
1153 1268 1494 1340 przeeellunt,
1519 1269 1592 1323 ita
1616 1284 1734 1323 mu—

122 1372 275 1417 tuum
307 1378 415 1417 non
446 1372 758 1435 reposeunt.
794 1363 949 1432 Quod
978 1364 1156 1420 solum
1187 1365 1349 1435 igitur
1379 1372 1583 1420 nostra:
1612 1363 1734 1435 opis

128 1467 234 1526 est,
261 1459 467 1528 gratias
489 1474 589 1531 ago
616 1480 627 1512 :
657 1476 841 1516 verum
866 1462 958 1527 ita,
983 1469 1043 1516 ut
1067 1460 1207 1531 apud
1231 1462 1398 1517 Deum
1424 1459 1541 1517 ﬁeri
1563 1469 1729 1526 amat,

133 1551 432 1607 sentiendo
487 1552 757 1622 copiosius
795 1569 957 1625 quam
999 1554 1267 1626 loquendo
1300 1570 1315 1609 :
1346 1564 1510 1624 atque
1539 1570 1643 1608 non
1681 1553 1732 1606 in

130 1642 381 1698 sacrario
408 1643 571 1699 modo
606 1645 903 1715 imperialis
941 1646 1167 1714 oraculi,
1201 1647 1289 1718 qui
1326 1646 1476 1701 locus
1508 1644 1734 1700 horrore

135 1736 435 1806 tranquillo
477 1745 530 1792 et
569 1752 769 1807 pavore
806 1723 1098 1796 venerabili
1150 1755 1273 1795 raro
1322 1739 1571 1795 eumdem
1620 1738 1737 1792 ani-

126 1843 278 1882 mum
324 1838 552 1899 prmstat
593 1839 649 1885 ct
690 1832 915 1887 vultum.
957 1831 1063 1889 Sed
1107 1847 1493 1904 usquequaque
1532 1831 1736 1902 gratias

124 1938 225 1992 ago
247 1964 263 1988 ,
298 1932 407 1978 tum
456 1933 666 1989 tacens,
699 1934 809 1980 tum
848 1925 1099 1996 loquens,
1133 1934 1244 1981 tum
1290 1926 1340 1981 in
1371 1934 1515 1982 coetu
1559 1923 1737 1979 homi-

125 2032 279 2082 num,
312 2017 427 2088 ipse
460 2033 696 2085 mecum,
730 2029 785 2075 et
812 2035 935 2075 cum
966 2034 1100 2076 voce
1126 2020 1296 2092 patui,
1331 2030 1386 2075 et
1414 2033 1537 2074 cum
1566 2017 1738 2075 medi-

131 2112 339 2168 tatione
366 2112 593 2181 secessi,
622 2114 769 2169 omni
803 2113 945 2185 loco,
977 2126 1123 2183 actu,
1158 2113 1346 2169 habitu
1386 2122 1438 2170 et
1470 2122 1733 2184 tempore.

127 2204 236 2258 Nec
280 2205 474 2261 mirum
498 2246 511 2269 ,
546 2205 592 2261 si
623 2222 722 2275 ego
770 2208 1058 2262 terminum
1089 2223 1199 2262 non
1231 2216 1413 2263 statuo
1445 2217 1550 2263 tam
1584 2218 1735 2279 grata

1836 985 2045 1054 perium
2078 988 2244 1044 frater
2268 992 2491 1059 ascitus,
2511 997 2884 1052 acontumelia
2908 998 3035 1055 belli
3068 1010 3292 1072 patruus
3318 1005 3439 1059 vin-

1835 1075 2065 1147 dicatus,
2081 1079 2147 1135 ad
2169 1083 2503 1151 przelectura:
2521 1087 2805 1158 collegium
2826 1090 2971 1145 ﬁlius
2988 1107 3109 1147 cum
3135 1104 3287 1164 patre
3307 1110 3443 1151 con-

1831 1168 2073 1239 junctus,
2091 1175 2157 1228 ad
2176 1178 2515 1233 consulatum
2538 1192 2839 1252 praeceptor
2857 1184 3079 1240 electus.
3106 1187 3332 1245 Possum
3358 1189 3442 1245 ire

1838 1276 1934 1330 per
1952 1280 2139 1320 omnes
2158 1268 2549 1337 appellationes
2579 1281 2716 1341 tuas,
2737 1290 2874 1342 quas
2904 1276 3029 1331 olim
3060 1278 3232 1335 virtus
3262 1281 3436 1347 dedit,

1836 1368 1969 1423 quas
2009 1358 2255 1426 proxime
2296 1359 2514 1415 fortuna
2556 1367 2849 1435 concessit,
2892 1382 3026 1436 quas
3056 1369 3232 1426 adhuc
3261 1372 3443 1428 indul-

1837 1449 2016 1517 gentia
2046 1449 2225 1505 divina
2268 1452 2582 1509 meditatur.
2623 1456 2890 1514 Voearem
2922 1458 3303 1516 Germanicum
3336 1462 3440 1518 dc-

1836 1537 2045 1597 ditione
2086 1542 2393 1612 gentilium,
2438 1546 2813 1603 Alcmanicum
2867 1551 3207 1608 traductione
3247 1564 3440 1625 capto-

1838 1650 1978 1700 rum,
2005 1637 2272 1693 vincendo
2292 1652 2347 1695 et
2369 1639 2701 1710 ignoscendo
2725 1643 3109 1701 Sarmaticum.
3135 1646 3447 1705 Connecte-

1838 1741 1953 1785 rcm
1983 1730 2165 1786 omnia
2200 1734 2394 1789 merita
2417 1736 2658 1802 virtutis,
2688 1741 3089 1809 ct'cognomina
3122 1741 3402 1800 felicitatis
3428 1762 3445 1799 :

1839 1820 1935 1875 sed
1968 1822 2072 1875 alia
2104 1831 2191 1877 est
2218 1822 2317 1878 ista
2360 1826 2589 1881 materia
2621 1837 2675 1882 ct
2705 1843 2804 1883 suo
2838 1840 3021 1899 parata
3056 1843 3291 1899 secreto,
3321 1849 3449 1890 cum

1841 1914 2109 1982 placuerit
2141 1916 2437 1986 signantcr,
2472 1928 2525 1972 et
2554 1919 2795 1976 breviter
2818 1924 2998 1977 omnia
3040 1941 3163 1995 qua:
3195 1927 3451 1983 novimus

1844 2009 2107 2080 indicare,
2140 2026 2240 2068 nec
2269 2015 2550 2084 pcrsequ‘,
2580 2024 2640 2069 ut
2670 2017 2760 2085 qui
2789 2026 3057 2072 terrarum
3081 2020 3269 2075 orbem
3294 2022 3456 2077 unius

1841 2103 2039 2159 tabulae
2068 2104 2278 2159 ambitu
2316 2107 2785 2164 circumscribunt
2816 2109 3091 2181 aliquanto
3120 2112 3456 2171 detrimento

1841 2198 2250 2269 magnitudinis,
2281 2202 2435 2257 nullo
2462 2202 2753 2272 diSpendio
2785 2207 3052 2261 veritatis.
3082 2205 3236 2263 Nunc
3267 2218 3449 2266 autem

128 2298 452 2367 proﬁtendi,
496 2314 618 2355 cum
654 2312 709 2355 ttt
756 2302 914 2357 linem
957 2302 1137 2357 facere
1168 2302 1380 2357 nescias
1410 2300 1733 2356 honorandi.

1844 2291 1984 2361 quod
2007 2292 2111 2348 diei
2136 2292 2295 2363 hujus
2318 2296 2623 2365 proprium,
2640 2296 2709 2352 de
2730 2298 3013 2355 consulatu
3037 2301 3241 2372 gratias
3260 2317 3416 2373 agam
3435 2321 3452 2356 :

126 2391 257 2457 Quis
302 2394 448 2448 enim
487 2393 637 2449 locus
672 2404 757 2449 est
792 2404 885 2450 aut
914 2395 1053 2461 dies,
1084 2397 1174 2467 qui
1203 2410 1311 2451 non
1342 2411 1428 2450 me
1460 2394 1619 2465 hujus
1650 2403 1743 2451 aut

128 2483 327 2541 similis
381 2486 760 2556 gratulationis
810 2487 1135 2544 admoneat?
1178 2488 1481 2543 Admoneat
1523 2487 1740 2542 autem?

128 2577 171 2632 Ο
198 2578 451 2634 inertiam
472 2580 1125 2650 signiﬁcationisignavm.
1151 2580 1562 2649 Quis,inquam,
1590 2579 1741 2634 locus

126 2680 231 2734 eSt,
262 2671 354 2740 qui
388 2686 496 2725 non
529 2671 811 2727 beneﬁciis
844 2671 948 2725 tuis
975 2673 1163 2742 agitet,
1193 2670 1529 2728 inﬂammet?
1553 2670 1741 2727 Nullus

126 2763 374 2831 inquam,
410 2764 710 2833 imperator
747 2766 1009 2833 AugttStc,
1044 2766 1172 2833 quin
1209 2763 1586 2820 admirandam
1617 2778 1743 2835 spe-

127 2856 265 2911 ciem
298 2864 402 2914 ture
431 2859 800 2914 venerationis
830 2859 1089 2914 incutiat:
1124 2859 1243 2915 Non
1278 2861 1565 2928 Palatium,
1594 2861 1738 2932 quod

136 2960 189 3003 tu
222 2965 345 3005 cum
382 2951 627 3007 terribile
655 2954 956 3022 acceperis,
987 2954 1222 3010 amabile
1269 2954 1586 3023 praestitisti.
1617 2954 1735 3010 Non

132 3040 311 3097 forum
339 3084 356 3110 ,
398 3054 452 3099 et
486 3043 709 3099 basilice
752 3044 881 3099 olim
921 3046 1151 3115 negotiis
1190 3046 1373 3117 plena,
1402 3064 1546 3103 nunc
1576 3048 1737 3115 votis,

134 3134 387 3205 votisque
429 3151 530 3205 pro
572 3146 659 3191 tua
704 3136 879 3193 salute
922 3138 1211 3208 susceptis.
1244 3139 1374 3193 Nam
1413 3139 1483 3196 de
1524 3155 1620 3196 sua
1652 3140 1739 3195 cui

146 3244 251 3284 non
294 3238 346 3283 te
380 3228 683 3300 imperante
719 3232 1017 3287 securitas?
1054 3232 1170 3287 Non
1203 3233 1375 3299 curia,
1424 3233 1741 3290 honoriﬁcis

138 3321 299 3376 modo
335 3323 452 3377 laeta
487 3324 755 3389 decretis,
787 3325 915 3379 olim
955 3323 1203 3380 sollicitis
1243 3338 1436 3382 mmsta
1466 3326 1743 3397 querimo-

135 3414 257 3469 niis.
287 3414 403 3470 Non
428 3416 721 3486 publicum,
749 3416 800 3471 in
829 3432 935 3487 quo
959 3433 1217 3475 occursus
1240 3420 1589 3491 gaudentium
1617 3421 1739 3491 plu-

135 3505 400 3562 rimorum
434 3508 705 3564 neminem
736 3509 936 3579 patitur
967 3509 1141 3565 solum
1172 3511 1461 3581 gratulari.
1496 3511 1612 3567 Non
1642 3512 1743 3568 do-

135 3613 255 3653 mus
282 3614 576 3667 commune
601 3610 897 3657 secretum.
923 3602 1121 3658 Lectus
1147 3602 1264 3673 ipse
1289 3603 1356 3659 ad
1384 3605 1620 3675 quietem
1646 3605 1743 3660 da-

1845 2382 1939 2438 sed
1982 2395 2312 2463 procurrunt
2354 2396 2408 2442 et
2440 2388 2564 2443 aliae
2604 2389 2923 2459 dignitates,
2957 2403 3122 2462 atque
3168 2393 3224 2448 in
3263 2409 3454 2450 vocem

1844 2476 2223 2547 gratulationis
2253 2489 2569 2549 erumpunt,
2599 2495 2663 2536 ac
2689 2496 2749 2537 se
2782 2481 2931 2552 prius
2962 2482 3165 2540 debere
3196 2487 3461 2554 proﬁten-

1846 2575 1954 2620 tur.
1991 2567 2093 2622 Tot
2131 2569 2332 2638 gradus
2376 2572 2603 2628 nomine
2639 2573 2856 2629 comitis
2889 2586 3113 2647 propter
3145 2587 3231 2631 ttta
3275 2578 3457 2636 incre-

1845 2668 2027 2714 menta
2065 2663 2305 2731 congesti
2347 2678 2414 2717 ex
2449 2672 2544 2718 tuo
2574 2665 2788 2733 merito,
2821 2674 2889 2721 te.
2911 2681 2974 2721 ac
3009 2676 3162 2738 patre
3200 2671 3464 2741 principi-

1845 2754 1968 2807 bus.
2004 2753 2292 2820 Quaestum
2322 2759 2651 2824 communis,
2683 2767 2738 2815 et
2781 2759 2855 2814 tui
2891 2768 3097 2816 tantum
3129 2762 3459 2832 prmfectura

1844 2844 2115 2914 beneﬁcii,
2149 2863 2271 2918 qua:
2315 2859 2369 2904 et
2400 2849 2517 2919 ipsa
2552 2866 2659 2906 non
2691 2852 2809 2907 vult
2838 2854 2955 2909 vice
3005 2855 3239 2925 simplici
3271 2868 3461 2928 gratu-

1842 2937 1964 3000 lari,
2000 2938 2283 2995 liberalius
2326 2940 2501 2996 divisa
2546 2959 2707 3012 quam
2735 2944 2923 3014 juncta
2946 2987 2962 3012 ,
2994 2961 3118 3002 eum
3169 2956 3459 3005 teneamus

1843 3030 1951 3086 duo
1982 3033 2248 3104 integrum
2277 3078 2290 3102 ,
2327 3036 2830 3093 neuterldcsiderat
2859 3049 3197 3108 separatum.
3232 3041 3341 3098 Sed
3375 3044 3456 3099 illi

1845 3125 1928 3198 (ut
1954 3127 2116 3195 paulo
2146 3137 2274 3184 ante
2307 3129 2557 3199 promisi)
2590 3131 2874 3187 habebunt
2905 3136 2987 3189 sui
3018 3137 3258 3193 muneris
3284 3152 3456 3209 pecu-

1845 3218 1981 3274 liare
2021 3230 2314 3277 secretum.
2344 3219 2673 3295 Consulatus
2714 3224 2802 3280 hic
2836 3243 2990 3283 meus
3016 3239 3135 3283 orat
3165 3238 3330 3301 atque
3359 3231 3460 3286 ob-

1844 3319 2048 3378 secrat,
2078 3323 2135 3367 ut
2166 3313 2457 3369 obnoxiam
2491 3318 2583 3372 tibi
2616 3318 2708 3372 uni
2742 3320 2890 3373 sinas
2924 3320 3041 3376 ﬁeri
3074 3322 3193 3391 ejus
3224 3322 3459 3393 dignita-

1846 3411 1977 3471 tem,
2007 3419 2165 3475 quem
2195 3407 2448 3463 omnibus
2481 3410 2793 3479 prretulisti.
2827 3412 2981 3480 Quod
3007 3415 3228 3484 quidem
3254 3424 3311 3471 et
3339 3416 3461 3485 ipse

1845 3495 1946 3551 sibi
1983 3497 2193 3553 invenit
2217 3500 2439 3570 gradus,
2464 3518 2588 3558 cum
2621 3504 2924 3561 clarissimo
2950 3506 3068 3562 viro
3094 3508 3305 3579 collega
3334 3526 3459 3566 meo

1845 3588 2052 3647 honore
2088 3594 2444 3664 conjunetus,
2496 3600 2905 3668 nuncupatiOne
2954 3602 3214 3673 praelatus
3262 3604 3459 3661 consul

136 3700 239 3756 tus,
281 3693 671 3749 beneﬁciorum
721 3705 938 3749 tuorum
983 3697 1328 3766 reputatione
1372 3696 1731 3767 tranquillior.
1766 3682 1811 3745 C
1842 3699 1963 3756 θεον
1998 3684 2298 3756 imperato"
2349 3688 2614 3760 Αυὲυείον
2649 3708 2877 3749 munere
2937 3702 3029 3750 ίυο
3087 3712 3195 3752 ηοη
3256 3712 3456 3767 Passus

136 3785 375 3843 Somnus
404 3787 642 3844 abolitor
672 3789 940 3859 omnium,
974 3790 1240 3861 imagines
1270 3801 1389 3846 tuas
1421 3793 1598 3848 allcrt.
1633 3792 1737 3847 Ista

142 3889 324 3937 autem
365 3882 524 3937 sedes
550 3882 797 3953 honoris,
832 3884 965 3940 sella
997 3887 1223 3951 curulis,
1254 3884 1488 3957 gloriosa
1529 3886 1741 3957 pompis

134 3969 431 4042 imperialis
454 3974 618 4030 ofﬁcii
649 3975 726 4046 (in
756 3975 912 4045 cujus
941 3992 1029 4032 me
1056 3977 1270 4049 fastigio
1298 3994 1365 4035 ex
1396 3994 1502 4049 qtta
1534 3978 1742 4034 medio-

134 4066 331 4122 critate
364 4069 625 4143 posuisti)
648 4070 860 4141 quoties
913 4086 943 4125 a
989 4087 1076 4127 me
1097 4073 1389 4143 cogitatur,
1414 4073 1603 4128 vincor
1623 4088 1739 4127 ma-

134 4141 438 4228 gnitudine,
468 4170 523 4216 et
554 4162 775 4232 redigor
804 4162 871 4217 ad
902 4141 1201 4229 silentium,
1235 4180 1343 4219 non
1375 4164 1616 4235 ingratus
1648 4164 1743 4221 bc-‘

132 4251 374 4321 neﬁciis,
419 4254 517 4309 sed
558 4270 875 4324 oppressus.
920 4254 1068 4312 Ades
1113 4257 1258 4313 enim
1290 4257 1425 4315 locis
1462 4258 1739 4325 omnibus,

136 4359 236 4400 nec
268 4346 385 4416 jam
424 4346 688 4403 miramur
728 4348 1005 4405 licentiam
1048 4357 1329 4421 poetarum
1359 4393 1373 4418 ,
1421 4352 1514 4422 qui
1560 4351 1741 4407 omnia

134 4434 237 4493 dco
266 4438 428 4509 plena
454 4438 733 4496 dixerunt.
763 4441 926 4511 Spem
957 4456 1213 4511 superas,
1239 4442 1505 4513 cupienda
1534 4457 1743 4513 prmve-

138 4530 240 4598 nis,
285 4540 411 4586 vota
454 4534 767 4602 praecurris,
803 4547 1030 4604 qumque
1076 4535 1241 4589 animi
1288 4536 1461 4590 nostri
1490 4534 1742 4590 celeritas

138 4621 326 4679 Divum
361 4625 531 4681 instar
560 4625 804 4694 allectat,
830 4627 1107 4683 beneﬁciis
1135 4628 1505 4698 przeeuntibus
1527 4638 1744 4684 antece-

135 4712 296 4773 ditur.
332 4715 598 4773 Prmstare
625 4719 722 4774 tibi
752 4727 1020 4789 estquam
1051 4720 1207 4776 nobis
1259 4730 1447 4791 optare
1479 4722 1739 4777 velocius.

137 4805 249 4877 Ago
275 4807 442 4880 igitur
457 4809 684 4882 gratias,
711 4811 1251 4882 optimeimperator,
1284 4828 1349 4869 ac
1377 4814 1421 4869 si
1446 4813 1568 4884 quis
1595 4812 1742 4870 hunc

141 4914 452 4958 sermonem
487 4918 668 4959 meum
704 4902 895 4959 iisdem
926 4906 1109 4961 verbis
1137 4915 1243 4961 tam
1277 4920 1421 4977 smpe
1453 4906 1741 4976 repetitum

139 4996 335 5068 inopiae
376 4997 650 5069 loquentis
678 4999 943 5071 assignat,
977 5000 1289 5070 experiatur
1315 4999 1419 5057 hoc
1450 5000 1591 5056 idem
1621 5016 1744 5072 pro-

1842 3788 2017 3849 septa,
2076 3794 2253 3851 neque
2310 3796 2583 3852 campum,
2647 3799 2752 3838 non
2811 3785 3087 3858 sull‘ragia,
3146 3805 3254 3844 non
3308 3806 3454 3860 pun-

1842 3880 1949 3942 cta,
1993 3889 2101 3929 non
2142 3874 2352 3931 loculos
2406 3895 2418 3929 :
2474 3877 2564 3948 qui
2620 3893 2728 3933 non
2789 3894 3176 3950 prensaveram
3234 3898 3452 3952 manus,

1844 3981 1947 4023 nec
1993 3983 2115 4022 cum
2172 3969 2530 4025 salutantium
2578 3971 2836 4028 confusus
2893 3988 3174 4031 occursu:
3216 3986 3310 4032 aut
3353 3992 3453 4034 sua

1845 4061 2036 4118 amicis
2080 4063 2300 4118 nomina
2343 4080 2449 4120 non
2493 4064 2859 4133 reddiderim,
2902 4077 2994 4124 aut
3043 4068 3221 4124 aliena
3275 4070 3453 4141 impo-

1844 4155 2088 4223 Suerim,
2134 4157 2225 4228 qui
2282 4158 2458 4213 tribus
2510 4174 2617 4213 non
2668 4159 2992 4229 circumiri,
3037 4164 3310 4220 centurias
3339 4181 3455 4221 non

1845 4248 2100 4320 adulavi,
2129 4251 2333 4306 vocatis
2362 4251 2629 4308 classibus
2670 4236 2776 4309 non
2821 4254 3108 4321 intremui,
3150 4258 3282 4313 nihil
3323 4274 3453 4315 cum

1848 4354 2131 4414 sequestre
2171 4345 2432 4415 deposui,
2477 4362 2599 4401 cum
2624 4348 2982 4406 distributorc
3005 4351 3081 4405 nil
3114 4353 3314 4422 pepigi.
3342 4353 3457 4407 lto-

1849 4452 2046 4492 manus
2078 4438 2331 4507 populus,
2365 4439 2592 4494 Martius
2619 4455 2868 4511 campus,
2909 4452 2964 4497 ct
3005 4452 3262 4514 equester
3291 4444 3454 4512 ordo,

1847 4539 2059 4597 rostra,
2092 4530 2292 4598 ovilia,
2343 4540 2599 4599 senatus,
2660 4535 2843 4601 curia,
2901 4550 3040 4591 unus
3083 4536 3215 4591 mihi
3269 4539 3455 4594 omnia

1847 4622 2161 4680 Gratianus.
2194 4623 2326 4681 Jure
2371 4641 2532 4691 meo,
2581 4628 2824 4697 Anguste
2874 4629 3135 4697 maxime,
3181 4628 3456 4686 afﬁrmare

1848 4729 2105 4787 possum,
2164 4716 2428 4773 incolumi
2480 4719 2723 4774 omnium
2782 4722 2953 4790 gratia
2983 4762 2996 4786 ,
3048 4722 3140 4792 qui
3190 4721 3258 4777 ad
3310 4724 3458 4778 hunc

1848 4809 2114 4865 honorem
2144 4810 2361 4868 diversa
2395 4829 2657 4884 umquam
2699 4813 2900 4870 virtute
2929 4825 3233 4886 venerunt,
3264 4827 3460 4873 ventu-

1849 4902 2006 4974 rique
2043 4914 2191 4959 sunt.
2233 4905 2413 4975 (Suus
2435 4906 2580 4961 enim
2613 4907 2809 4977 cuique
2838 4894 3261 4976 auimus,rsuum
3290 4911 3458 4965 meri~

1850 5007 1963 5053 tum
1986 5042 2001 5067 ,
2031 4999 2244 5071 sibique
2274 5016 2431 5055 mens
2459 5001 2680 5057 conscia
2711 4999 2843 5070 est.)
2875 5002 3024 5066 Jure,
3052 5003 3305 5073 inquam,
3331 5018 3458 5060 meo

140 5092 316 5164 sequi,
352 5093 447 5149 sed
481 5092 612 5149 nihil
644 5095 844 5165 poterit
875 5093 1119 5164 proferre
1151 5095 1461 5151 facundius.
1492 5096 1742 5166 Aguntur
1768 5085 1823 5146 Ι)
1847 5090 2128 5147 afﬁrmare
2159 5107 2379 5161 possum
2401 5135 2415 5156 ,
2446 5108 2532 5147 me
2559 5093 2692 5147 mihi
2720 5092 2894 5149 videri
2922 5109 2951 5147 a
2974 5096 3190 5151 caeteris
3219 5110 3343 5153 esse
3370 5111 3460 5153 sc-

140 5190 281 5245 enim
325 5189 539 5259 gratiae,
572 5204 678 5245 non
726 5199 947 5261 propter
984 5191 1285 5262 majestatis
1328 5190 1614 5257 ambitum,
1646 5204 1747 5246 nec

142 5282 254 5339 sine
294 5282 667 5352 argumentis,
716 5284 1030 5354 imperatori
1071 5284 1367 5340 fortissimo
1410 5301 1423 5337 :
1465 5284 1619 5340 testis
1665 5295 1749 5340 est

144 5390 245 5428 uno
283 5384 507 5446 pacatus
537 5392 680 5431 anno
720 5387 775 5433 et
818 5378 1049 5432 Danubii
1092 5376 1251 5432 limes
1277 5385 1330 5432 et
1359 5376 1566 5442 Rheni;
1611 5376 1746 5432 libe-

144 5466 419 5522 ralissimo
444 5485 454 5520 :
478 5475 717 5523 ostentat
744 5469 847 5524 hoc
873 5468 1027 5525 dives
1058 5469 1362 5537 exercitus;
1391 5469 1751 5540 indulgentis-

144 5557 279 5615 simo
297 5577 308 5613 τ
326 5559 487 5616 docet
507 5563 773 5617 securitas
796 5563 1005 5617 erroris
1028 5562 1279 5625 humani;
1304 5561 1708 5620 consultissima
1731 5582 1744 5619 :

148 5652 340 5721 probat
378 5651 484 5708 hoc
520 5652 610 5707 tali
643 5653 890 5724 principe
918 5654 1111 5710 Oriens
1140 5654 1747 5726 ordiuatus;piissimo:

148 5741 300 5821 hujus
321 5760 454 5804 vero
472 5744 1143 5817 laudislocupletissimum
1176 5748 1544 5810 testimonium
1566 5760 1650 5811 cst
1667 5768 1755 5824 pa-

594 5844 869 5906 PA'IROL.
919 5841 1099 5909 XIX.

1850 5192 2080 5241 cretum.
2127 5184 2268 5241 Sunt
2309 5200 2445 5256 quos
2490 5194 2739 5240 votorum
2782 5186 2988 5242 cruciat
3036 5188 3292 5245 inanitas.
3335 5189 3458 5246 Non

1851 5279 2055 5352 optavi.
2096 5280 2245 5348 Quos
2273 5288 2494 5336 exercet
2523 5280 2777 5335 ambitus.
2810 5279 2928 5335 Non
2962 5283 3149 5351 petivi.
3182 5283 3285 5350 Qui
3316 5286 3463 5340 assi-

1853 5375 2059 5431 duitate
2086 5374 2414 5444 exprimunt.
2456 5372 2573 5428 Non
2612 5374 2789 5445 coegi.
2830 5375 2932 5441 Qui
2964 5375 3272 5432 offeruntur
3298 5392 3467 5435 occa.-

1855 5470 2031 5526 siouc.
2080 5469 2195 5526 Non
2225 5468 2371 5523 aﬁ‘ui.
2408 5469 2555 5537 Quos
2588 5471 2740 5540 juvat
2762 5472 3064 5542 opulentia.
3098 5473 3293 5530 Obstat
3325 5484 3465 5532 tem-

1854 5578 2043 5634 porum
2066 5561 2371 5632 disciplina.
2395 5561 2513 5617 Non
2536 5562 2663 5618 erri.
2690 5563 2803 5620 Nec
2824 5580 3044 5634 possum
3067 5568 3469 5627 continentiam

1853 5655 2083 5725 jactare.
2115 5652 2233 5710 Non
2268 5654 2431 5710 habui
2458 5671 2472 5711 :
2503 5672 2668 5711 unum
2701 5666 2966 5726 praestare
2999 5659 3204 5714 tentavi
3225 5702 3241 5726 ,
3270 5668 3328 5716 et
3358 5660 3467 5717 hoc

1863 5749 2037 5821 ipsum
2078 5748 2231 5821 quasi
2273 5764 2453 5807 meum
2496 5750 2772 5809 vindicare
2814 5766 2923 5809 non
2966 5767 3205 5823 possum.
3261 5752 3322 5812 lu
3368 5763 3467 5813 tua

2960 5847 3038 5908 30
