3884 6322
550 247 654 310 939
709 260 718 265 “

1943 237 2122 296 DECll
2165 238 2436 302 AUSONH

3732 250 3808 305 9ίύ

541 367 688 425 enim
722 363 954 436 positum
985 370 1071 420 est
1099 362 1376 434 opinione,
1410 359 1454 417 si
1482 357 1677 416 merui.
1708 356 1908 414 Fecisxi
1938 369 2143 422 autem,
2175 357 2225 416 Α
2251 365 2458 414 stantes
2484 357 2740 414 inclinata
2772 359 2826 416 in
2852 361 3282 432 medignatione
3314 362 3645 432 praeteritos,
3673 376 3720 420 ut
3746 385 3807 422 ας.

541 471 599 518 et
639 461 804 516 facies
847 461 982 516 alios
1023 472 1242 529 quoque
1282 455 1560 521 consules,
1593 453 1834 525 piissime
1860 452 2138 518 Gratiane,

545 553 644 610 sed
668 568 776 608 non
810 561 865 608 et
895 566 1057 608 causa
1086 551 1201 620 pari
1233 551 1378 605 viros
1407 549 1591 620 glorize
1622 547 1870 602 militaris
1897 563 1910 600 :
1941 545 2140 601 habent

542 647 688 701 enim
713 654 887 702 tecum
914 653 970 700 ut
997 658 1213 714 semper
1244 643 1466 706 laboris,
1494 642 1564 694 ita
1591 639 1873 710 dignitatis
1903 639 2140 708 plerum-

545 755 681 810 que,
724 737 1081 804 consortium,
1117 735 1331 790 virtutis
1363 748 1521 803 quam
1562 732 1788 786 honoris
1835 730 2138 798 antiquiore

543 831 816 900 collegio,
866 830 1012 884 viros
1060 825 1361 883 nobilitatis
1405 823 1638 893 amilum
1683 841 1696 876 :
1751 823 1948 878 dantur
1993 822 2136 876 enim

539 925 710 979 multa
742 922 1076 989 nominibus,
1108 930 1160 976 et
1188 927 1269 974 est
1293 918 1461 972 Roma
1488 933 1584 988 pro
1606 917 1824 981 merito,
1860 918 2007 971 viros
2033 913 2136 970 ﬁde

537 1018 811 1088 inclytos,
854 1025 908 1072 et
941 1015 1137 1072 ofﬁciis
1178 1013 1466 1083 probatos,
1506 1026 1734 1080 quorum
1775 1025 1860 1066 me
1897 1010 1999 1065 etsi
2029 1023 2134 1064 non

537 1125 768 1166 secerno
796 1123 1046 1177 numero,
1076 1115 1256 1162 tamen
1281 1151 1294 1174 ,
1318 1102 1462 1175 quod
1494 1103 1559 1158 ad
1593 1103 1814 1158 honoris
1841 1104 1982 1156 viam
2014 1117 2136 1171 per-

538 1205 698 1271 tinet,
731 1206 943 1260 ratione
971 1202 1258 1271 dispertio.
1288 1201 1551 1268 Quartum
1585 1197 1726 1252 hunc
1757 1197 1982 1269 gradum
2010 1195 2134 1252 novi

535 1300 808 1367 beneﬁcii,
829 1307 907 1367 tu,
933 1299 1192 1368 Auguste,
1209 1293 1494 1350 conStituis
1515 1292 1730 1348 deferre
1765 1292 1859 1346 tibi
1883 1291 2005 1361 ipsi,
2027 1304 2135 1360 quo

533 1396 672 1450 alter
719 1401 966 1459 ornetur,
1016 1392 1160 1446 bona
1207 1387 1375 1442 animi
1419 1387 1498 1441 tui
1540 1385 1609 1440 ad
1651 1385 1883 1441 alienam
1922 1382 2135 1439 referre

528 1487 936 1558 praestantiam,
989 1482 1459 1552 eruditionemque
1507 1472 1750 1546 naturre,
1788 1493 1946 1548 quam
1993 1476 2128 1547 Deo,

534 1589 591 1636 et
634 1580 798 1650 patri,
840 1587 895 1635 et
935 1576 1028 1632 tibi
1071 1575 1274 1639 debes,
1316 1572 1382 1628 ad
1411 1571 1633 1628 alterius
1660 1570 1890 1644 gratiam
1925 1569 2130 1626 rectius

534 1681 889 1742 retorquere,
932 1684 1095 1741 quam
1136 1666 1337 1723 verius.
1383 1665 1496 1720 Tua
1528 1664 1646 1720 haec
1675 1664 1840 1719 verba
1867 1671 1994 1718 sunt
2021 1677 2052 1717 a
2079 1673 2129 1717 te

2243 462 2326 505 set
2347 467 2510 522 quem
2539 461 2592 508 tu
2619 462 2830 511 matura
2852 455 3142 524 mtatejam
3165 456 3512 512 subcinctum
3540 472 3634 525 per
3653 473 3807 516 omnes

2243 543 2510 600 honorum
2549 547 2753 617 gradus
2792 548 3042 605 festinata
3082 551 3329 606 bonitate
3365 553 3706 619 proveheres.
3733 553 3804 607 Ti-

2242 653 2392 693 mere
2419 647 2478 692 ut
2508 640 2795 705 videreris,
2827 657 2894 696 ne
2922 641 2976 696 in
3011 658 3096 698 me
3122 644 3230 697 vita
3259 643 3556 709 deﬁceret,
3590 646 3706 700 dum
3735 651 3802 700 ubi

2241 729 2420 785 adhuc
2459 731 2663 800 aliquid
2710 734 2851 803 quod
2896 734 3122 790 deberes
3167 746 3461 805 praestare,
3511 752 3800 806 superesset.

2240 820 2407 892 Negat
2449 822 2645 879 Cicero
2683 825 2985 883 consularis
3026 827 3163 882 ultra
3202 844 3263 884 se
3301 828 3537 892 habere,
3568 831 3699 898 quod
3735 847 3803 885 cu-

2239 915 2370 984 piat.
2403 915 2519 986 Ego
2547 926 2728 972 autem
2751 918 2862 988 jam
2892 919 3079 975 consul
3111 929 3162 975 et
3189 935 3393 988 senex,
3420 921 3595 977 adhuc
3612 923 3804 977 avidita-

2241 1016 2347 1061 tem
2375 1023 2550 1062 meam
2576 1009 2688 1079 jatn
2716 1009 2948 1077 fatebor,
2982 1021 3034 1068 te
3059 1012 3246 1068 videre
3273 1015 3477 1083 saepius
3506 1014 3558 1068 in
3589 1015 3680 1070 hoc
3709 1032 3800 1069 ma-

2235 1099 2489 1170 gistratu,
2515 1102 2793 1170 Gratiane,
2817 1105 3087 1172 desidero,
3116 1115 3174 1162 ut
3213 1116 3268 1163 et
3316 1123 3413 1163 sex
3444 1107 3561 1162 Val.
3591 1109 3798 1176 Corvini,

2236 1202 2292 1248 et
2317 1204 2526 1265 septem
2551 1194 2614 1250 (ἶ.
2651 1194 2836 1262 Marii,
2879 1206 2935 1253 et
2973 1199 3313 1270 cognominis
3351 1200 3428 1255 tui
3471 1203 3684 1272 Augusti
3716 1213 3799 1258 tre-

2235 1283 2408 1340 decim
2437 1287 2758 1370 consulatus
2777 1304 2916 1344 unus
2943 1290 3268 1362 :equipares.
3300 1291 3421 1347 Tibi
3454 1293 3631 1363 plures
3656 1305 3799 1364 potest

2234 1386 2368 1432 aetas
2403 1386 2457 1434 et
2495 1379 2709 1435 fortuna
2747 1389 2838 1435 tua
2864 1373 3146 1452 prtestare,
3175 1400 3365 1440 verum
3395 1400 3498 1456 ego
3529 1386 3580 1439 in
3605 1402 3796 1441 numero

2233 1469 2472 1540 parcior,
2501 1473 2625 1542 quia
2653 1482 2706 1529 tu
2736 1475 2788 1530 in
2814 1491 3040 1533 munere
3068 1477 3364 1532 liberalior.
3396 1476 3577 1548 ipsum
3603 1480 3733 1534 enim
3758 1490 3794 1533 te

2232 1563 2434 1633 saepius
2477 1563 2582 1620 hoc
2621 1565 2830 1623 honore
2865 1568 3188 1636 defraudas,
3238 1579 3297 1624 ut
3325 1580 3380 1625 et
3406 1570 3530 1625 aliis
3564 1571 3791 1640 largiaris.

2231 1654 2352 1712 Scis
2382 1656 2552 1724 enim,
2608 1659 2906 1728 imperator
2928 1660 3245 1716 doctissime
3271 1662 3512 1731 (rursum
3544 1662 3678 1717 enim
3704 1673 3794 1716 utar

527 1764 664 1820 mihi
692 1736 892 1833 scripta
914 1803 929 1828 ,
949 1736 1186 1817 Solvere
1219 1768 1271 1814 te
1302 1758 1444 1828 quod
1474 1755 1734 1820 debebas,
1767 1754 2013 1811 etadhuc
2036 1753 2129 1810 de-
2159 1736 2208 1797 Β
2235 1748 2391 1804 laude
2409 1751 2660 1820 privata),
2683 1753 2810 1819 scis,
2831 1754 3071 1825 inquam,
3091 1765 3326 1824 septem,
3346 1770 3410 1811 ac
3431 1755 3618 1812 decem
3647 1758 3792 1811 Domi-

529 1855 662 1912 bere
689 1853 831 1925 quod
859 1853 1118 1909 solveris.
1153 1851 1196 1906 Ο
1221 1849 1421 1905 mentis
1447 1863 1628 1904 aurete
1649 1847 1851 1903 dictum
1884 1847 2129 1902 bractea-

533 1957 680 2015 tum,
721 1962 754 2002 ο
782 1946 849 2003 de
874 1953 1094 2020 pectore
1124 1941 1507 1999 candidissimo
1536 1939 1694 1996 lactei
1730 1939 2004 2004 sermonis
2033 1937 2127 1993 ali-

525 2039 791 2096 moniam.
835 2037 1200 2108 Quisquamne
1222 2045 1329 2089 tam
1353 2047 1550 2103 parcus
1572 2041 1657 2087 est
1687 2031 1739 2086 in
1765 2029 2128 2087 ostentatione

525 2130 813 2189 beneﬁcii?
856 2129 1138 2202 quisquam
1178 2126 1389 2198 pondus
1425 2126 1612 2193 gratiae
1651 2139 1765 2181 sua:
1805 2125 1914 2178 vim
1949 2122 2128 2179 meriti

521 2227 816 2297 proﬁtetur
853 2222 1052 2278 alieni?
1088 2219 1373 2291 quisquam
1413 2217 1648 2288 denique
1674 2216 1818 2286 quod
1847 2215 2125 2286 indulget,

522 2317 679 2388 quasi
707 2316 774 2372 ab
803 2313 1040 2370 obnoxio
1073 2311 1379 2378 deferatur,
1413 2310 1646 2380 pretium
1675 2307 1878 2363 mavult
1908 2321 2124 2375 vocare,

525 2424 689 2479 quam
715 2407 955 2464 donum?
980 2404 1207 2461 Certent
1236 2403 1361 2458 huic
1389 2401 1673 2458 sententiae
1698 2409 1912 2457 veteres
1941 2400 2044 2466 illi,
2074 2409 2127 2456 et

527 2501 806 2559 llomerici
846 2508 1124 2562 oratores,
1163 2495 1382 2552 subtilis
1408 2493 1640 2551 deducta
1671 2493 1918 2548 oratione
1947 2491 2128 2547 Mene-

524 2595 670 2661 laus,
697 2601 754 2650 et
779 2593 951 2648 instar
980 2589 1261 2660 profunda:
1288 2587 1565 2658 grandinis
1591 2585 1784 2642 ductor
1806 2583 2123 2654 Ithacensis;

531 2695 590 2744 et
612 2685 810 2742 melleo
837 2682 1108 2739 delibutus
1131 2679 1349 2749 eloquio
1369 2678 1481 2748 jatu
1514 2677 1687 2732 tertiae
1709 2676 1905 2732 Nestor
1929 2676 2124 2732 aetatis.

525 2779 638 2838 Sed
666 2791 844 2849 neque
871 2775 966 2830 ille
986 2771 1309 2830 concinnius
1338 2769 1644 2840 eloquetur,
1668 2769 1762 2840 qui
1783 2783 1842 2824 se
1865 2767 2126 2823 Laconica

529 2871 798 2929 brevitate
844 2864 1109 2936 collegit:
1154 2877 1333 2934 neque
1369 2861 1460 2917 ille
1498 2859 1832 2928 contortius,
1873 2859 1963 2930 qui
2004 2873 2124 2913 cum

529 2963 785 3023 sensibus
819 2959 984 3017 verba
1015 2957 1382 3029 glomeravit;
1415 2968 1516 3010 nec
1545 2953 1786 3021 dulcius,
1809 2953 1964 3024 cujus
1993 2951 2128 3006 lenis

530 3058 712 3115 oratio
739 3051 1029 3112 mulcendo
1060 3051 1237 3123 potius
1256 3091 1270 3116 ,
1301 3064 1465 3121 quam
1493 3045 1867 3119 extorquendo
1895 3060 2121 3117 persua-

530 3153 621 3209 sit.
644 3150 870 3209 Solvere
890 3155 944 3203 te
965 3117 1123 3210 dicis,
1141 3142 1283 3212 quod
1309 3117 1567 3208 debebas,
1585 3149 1640 3195 et
1659 3117 1963 3196 debiturum
1985 3153 2130 3205 esse,
2157 3117 2205 3183 Ο

529 3259 657 3302 cum
696 3239 949 3300 solveris.
988 3239 1233 3309 Auguste
1267 3234 1517 3305 juvenis,
1548 3233 1671 3290 coali
1701 3233 1794 3289 tibi
1825 3239 1881 3288 et
1911 3229 2133 3286 humani

533 3336 754 3410 generis
790 3341 973 3391 rector
1007 3331 1115 3386 hoc
1156 3327 1463 3397 tribuebat,
1495 3335 1555 3381 ut
1585 3324 1846 3396 praelatus
1875 3322 2130 3394 antiquis,

531 3442 674 3501 quos
704 3425 872 3482 etiam
915 3421 1185 3494 elegantia
1229 3417 1517 3475 sententiae
1561 3416 1722 3472 istius
1766 3414 2130 3482 antecessisti,

533 3522 726 3577 vincas
756 3515 978 3590 propria
1009 3513 1342 3586 singulorum
1374 3511 1426 3566 in
1450 3510 1698 3566 Menelao
1719 3509 1920 3581 regiam
1942 3507 2132 3577 digna-

535 3614 776 3679 tionem,
812 3610 866 3664 in
894 3607 1089 3678 Ulysse
1121 3603 1491 3676 prudentiam,
1530 3601 1583 3657 in
1626 3601 1855 3657 Nestore
1894 3608 2133 3656 senectu-

532 3715 668 3764 tem.
709 3701 973 3773 Subjiciet
1012 3699 1212 3770 aliquis
1232 3739 1247 3766 ,
1279 3695 1386 3753 lsta
1412 3695 1632 3767 quidem
1661 3695 1888 3766 adeptus
1913 3709 2004 3761 es,
2037 3691 2135 3748 sed

537 3805 707 3861 effare
741 3810 848 3873 quo
887 3796 1128 3854 merito?
1167 3793 1308 3864 Quid
1333 3807 1420 3850 me
1446 3807 1643 3849 oneras
1673 3789 2022 3848 sciscitatur?
2050 3802 2136 3843 ra-

537 3898 746 3953 tionem
778 3889 1054 3960 felicitatis
1085 3902 1243 3944 nemo
1268 3885 1466 3942 reddit.
1507 3885 1648 3942 Deus
1674 3892 1730 3940 et
1751 3885 1842 3955 qui
1873 3883 1986 3938 Deo
2011 3894 2136 3952 pro-

538 3991 723 4047 ximus
754 3985 924 4042 tacito
952 3997 1181 4040 munera
1211 3979 1464 4051 dispertit
1493 3977 1738 4046 arbitrio,
1772 3986 1826 4033 et
1845 3975 2137 4034 beneﬁcio-

536 4057 661 4138 rum
689 4091 913 4136 suorum
940 4073 1247 4148 indignatus
1277 4085 1372 4141 per
1399 4069 1652 4126 homines
1679 4077 1821 4125 stare
1845 4067 2130 4138 judicium,

538 4173 747 4230 mavult
783 4171 852 4227 de
890 4167 1120 4225 subditis
1150 4164 1366 4220 dedisse
1395 4163 1732 4219 miraculum.
1763 4161 1899 4230 Quo,
1934 4161 2135 4231 inquis,

537 4265 778 4322 merito?
807 4277 909 4333 ego
937 4260 1145 4316 nullum
1179 4257 1316 4325 scio,
1354 4255 1461 4311 nisi
1489 4254 1631 4326 quod
1664 4254 2010 4324 tu,'piissime
2036 4252 2136 4307 im-

542 4367 782 4431 perator,
805 4355 1008 4413 debere
1027 4363 1078 4409 te
1105 4352 1264 4421 dicis,
1293 4360 1348 4409 et
1369 4351 1472 4407 hoc
1493 4349 1694 4406 debere
1720 4348 1982 4404 latissime
2015 4361 2137 4419 per-

542 4457 705 4510 tinet.
736 4452 860 4508 Sive
887 4449 991 4505 hoc
1021 4447 1342 4512 eruditionis
1365 4454 1472 4501 tua:
1493 4444 1645 4500 fenus
1666 4444 1965 4499 existimas.
2009 4441 2136 4498 Sive

2234 1843 2361 1898 tiani
2393 1845 2733 1914 consulatus,
2765 1862 2901 1919 quos
2930 1847 3020 1904 ille
3042 1848 3247 1904 invidia
3271 1849 3478 1905 alteros
3501 1850 3790 1919 provehendi

2231 1938 2599 2014 continuando
2625 1941 2934 2010 conseruit,
2974 1942 3049 1997 ita
3077 1945 3131 1997 in
3162 1943 3284 2012 ejus
3309 1943 3570 1999 aviditate
3595 1944 3789 2004 derisos,

2231 2035 2290 2082 ut
2319 2027 2419 2084 hoc
2447 2045 2568 2084 eum
2603 2031 2795 2101 pagina
2817 2031 3079 2087 fastorum
3112 2046 3358 2100 suorum,
3386 2033 3552 2088 immo
3581 2033 3789 2088 fastidio-

2232 2138 2351 2178 rum
2395 2124 2583 2179 fecerit
2619 2123 2945 2181 insolentem
2969 2170 2983 2191 ,
3020 2143 3119 2183 nec
3149 2127 3388 2196 potuerit
3418 2137 3671 2198 praestare
3695 2129 3789 2183 feli-

2229 2229 2368 2270 cem.
2413 2215 2568 2282 Quod
2606 2217 2652 2270 si
2698 2218 2928 2288 principi
2968 2217 3191 2274 honoris
3231 2221 3388 2275 istius
3421 2229 3704 2290 temperata
3732 2225 3791 2288 (et

2229 2321 2352 2377 quae
2377 2317 2599 2363 vocatur
2624 2311 2813 2380 aurea)
2838 2309 3000 2365 debet
3027 2325 3149 2367 esse
3170 2313 3546 2382 mediocritas,
3569 2301 3686 2383 quid
3707 2316 3791 2382 pri-

2229 2397 2337 2452 vati
2379 2405 2550 2455 status
2593 2399 2934 2457 hominibus?
2975 2402 3114 2469 Quid
3158 2405 3516 2475 aequanimis?
3552 2405 3679 2474 Quid
3703 2408 3790 2475 jam

2229 2489 2450 2545 senibus
2478 2504 2605 2562 erga
2633 2506 2694 2547 se
2716 2501 2931 2562 oportet
2960 2508 3085 2551 esse
3114 2495 3544 2552 moderaminis?
3573 2498 3677 2568 Ego
3696 2500 3791 2567 qui-

2229 2582 2351 2638 dem
2372 2622 2387 2649 ,
2414 2584 2559 2656 quod
2591 2584 2658 2640 ad
2687 2585 2920 2642 honores
2945 2602 3095 2643 meos
3124 2591 3400 2658 pertinet,
3430 2597 3487 2644 et
3521 2600 3636 2644 vota
3670 2601 3791 2645 satu-

2230 2676 2366 2732 ravi.
2411 2677 2493 2732 Tu
2536 2685 2753 2744 tamen,
2798 2677 3094 2750 imperator
3134 2682 3376 2752 optime,
3411 2691 3464 2738 tu
3493 2684 3721 2754 piisime,
3749 2697 3790 2739 tu

2228 2783 2390 2838 quem
2433 2783 2541 2825 non
2585 2769 2771 2842 fatigat
2811 2773 3142 2842 liberalitas,
3195 2777 3298 2831 nisi
3328 2779 3548 2848 quando
3575 2781 3788 2835 cessavit.

2229 2861 2309 2916 Tu
2331 2904 2346 2929 ,
2374 2862 2623 2933 inquam,
2657 2865 3130 2937 indulgentissitne
3156 2863 3446 2940 Gratiane,
3488 2883 3544 2927 ut
3572 2873 3632 2927 ad
3662 2873 3790 2928 bene-

2228 2955 2535 3013 faciendum
2563 2957 2743 3014 subito
2771 2974 2834 3015 es
2853 3002 2869 3028 ,
2899 2976 2998 3017 nec
3022 2963 3217 3032 opinus
3246 2965 3466 3035 ingenio
3484 3007 3499 3030 ,
3527 2966 3688 3021 adhuc
3710 2969 3789 3021 ali-

2229 3048 2395 3119 quid,
2428 3038 2587 3120 quod
2625 3051 2728 3108 hoc
2765 3053 2984 3109 nomine
3030 3056 3161 3110 mihi
3213 3065 3526 3126 prastetur,
3555 3059 3785 3114 invenies.

2238 3140 2327 3197 Sic
2363 3140 2682 3200 intellexere
2725 3159 2946 3215 omnes,
2978 3147 3058 3202 sic
3087 3147 3246 3204 nobis
3273 3150 3520 3204 ordinem
3551 3152 3657 3220 ipse
3685 3151 3787 3206 feci-

2235 3233 2340 3299 sti,
2369 3234 2449 3289 sic
2473 3236 2684 3290 amicus
2713 3234 2825 3292 Deo
2852 3251 2913 3293 es
2933 3283 2948 3308 ,
2982 3248 3038 3292 ut
3064 3253 3093 3293 a
3127 3248 3178 3295 te
3200 3239 3314 3308 jam
3342 3241 3679 3312 impetratum
3707 3244 3787 3308 sit,

2234 3324 2384 3398 quod
2408 3341 2517 3382 non
2544 3337 2763 3399 optatur
2785 3329 2853 3385 ab
2879 3330 3091 3402 aliquo,
3141 3340 3196 3386 et
3225 3333 3371 3404 quod
3403 3335 3633 3390 nondum
3661 3346 3788 3404 apta--

2235 3433 2390 3488 mus,
2438 3420 2780 3492 adipiscitur.
2830 3422 2898 3478 Et
2938 3438 3153 3480 rursum
3195 3425 3394 3496 aliquis
3442 3427 3682 3496 adjiciet,
3720 3437 3791 3480 aut

2233 3525 2485 3568 sermone
2511 3513 2700 3583 libere,
2727 3522 2824 3570 aut
2849 3514 3174 3587 cogitatione
3204 3516 3448 3574 liberius.
3491 3519 3668 3574 Nonne
3685 3520 3789 3573 olim

2237 3613 2291 3660 et
2311 3603 2453 3677 apud
2480 3614 2696 3662 veteres
2715 3607 2868 3662 multi
2898 3607 3167 3679 ejusmodi
3199 3607 3456 3666 doctores
3486 3610 3713 3666 fuerunt?
3736 3626 3789 3663 an

2237 3705 2294 3752 tu
2332 3697 2483 3753 solus
2518 3708 2820 3771 preceptor
2846 3699 3121 3772 .Augusti?
3160 3701 3334 3758 Immo
3365 3719 3470 3775 ego
3496 3719 3614 3761 cum
3641 3705 3790 3759 multis

2236 3790 2560 3861 conjunctus
2606 3791 2817 3868 ofﬁcio,
2870 3793 2968 3848 sed
3019 3810 3139 3850 cum
3191 3797 3538 3866 paucissimis
3585 3806 3788 3853 secretus

2236 3883 2507 3954 exemplo.
2542 3882 2676 3940 Nolo
2713 3883 3052 3942 Constantini
3093 3897 3402 3958 temporum
3444 3897 3622 3946 taxare
3657 3889 3788 3945 colle-

2235 3992 2331 4048 gas
2365 3995 2378 4031 :
2409 3977 2655 4036 Caesares
2693 3977 3045 4060 docebantur.
3099 3979 3394 4048 Superiora
3442 3983 3784 4054 exstinguam:

2208 4123 2210 4126 ,
2236 4069 2389 4127 dives
2403 4071 2608 4146 Seneca
2627 4086 2727 4129 nec
2745 4078 2923 4129 tamen
2941 4073 3126 4129 consul
3146 4084 3409 4146 arguetur
3427 4077 3646 4142 rectius,
3659 4090 3784 4145 quam

2237 4164 2639 4234 prmdicabitur,
2664 4181 2771 4221 non
2795 4166 3057 4222 erudiisse
3079 4166 3320 4243 indolem
3341 4167 3602 4237 Neronis,
3625 4168 3708 4224 sed
3725 4183 3787 4221 ar-

2236 4271 2416 4313 masse
2437 4258 2721 4312 smvitiam.
2745 4257 3109 4326 Quintilianus
3130 4259 3438 4314 consularia
3463 4276 3557 4331 per
3575 4261 3784 4316 Clemen-

2239 4357 2346 4405 tem
2375 4360 2693 4406 ornamenta
2721 4350 2945 4406 sortitus
2964 4395 2978 4418 ,
3018 4350 3447 4408 honestamenta
3479 4353 3698 4407 nominis
3717 4366 3784 4420 po-

2239 4442 2343 4497 tius
2360 4441 2573 4499 videtur
2583 4457 2742 4514 quam
2762 4443 2986 4516 insignia
3005 4445 3286 4514 potestatis
3305 4445 3578 4502 habuisse.
3595 4447 3782 4515 Quomo-

541 4545 662 4600 sine
689 4542 880 4598 fenore
903 4540 1130 4610 gloriam
1157 4538 1497 4614 liberalitatis
1518 4535 1758 4592 aﬁ'ectas.
1782 4535 1908 4592 Sive
1929 4543 1981 4590 te
2005 4549 2138 4604 pon-
2162 4513 2217 4574 Ῐ)
2241 4534 2311 4590 do
2331 4534 2575 4590 Titianus
2601 4513 2891 4606 magister,
2909 4513 3018 4592 sed,
3031 4537 3301 4608 gloriosus
3330 4538 3424 4595 ille
3447 4513 3781 4611 municipalem

544 4636 678 4692 dere
708 4642 985 4703 conceptae
1015 4631 1323 4703 Sponsionis
1352 4644 1635 4686 exoneras.
1677 4627 1785 4686 Seu
1820 4628 1944 4684 fldei
1983 4641 2136 4682 com-

541 4727 772 4783 missum
818 4725 990 4796 patris
1032 4723 1288 4778 exsolvis.
1319 4721 1427 4778 Seu
1456 4721 1894 4792 magnanimitate
1931 4718 2141 4776 emlesti

542 4817 908 4876 ostentatione
945 4829 1240 4886 suppressa
1273 4814 1366 4869 Dei
1401 4828 1599 4868 munus
1638 4811 1888 4868 imitaris.
1927 4811 2136 4867 Debere

546 4928 599 4974 te
629 4917 786 4973 dicis.
829 4915 966 4970 Cui?
1002 4913 1264 4983 Quando?
1299 4912 1418 4981 Quo
1452 4910 1712 4966 nomine?
1750 4910 1891 4981 Lege
1913 4923 2151 4989 syngra:

542 5011 726 5080 pham.
758 5006 989 5065 Nomina
1015 5005 1364 5061 creditorem.
1397 5004 1700 5076 Acceptiet
1727 5002 1950 5074 expensi
1980 5002 2132 5057 tabu-

545 5104 613 5159 la:
639 5103 1010 5160 conferantur.
1051 5098 1275 5156 Videbis
1308 5099 1414 5154 alio
1451 5112 1679 5154 summa:
1717 5098 1872 5152 istius
1902 5096 2133 5152 transire

541 5198 808 5252 rationem
833 5237 847 5263 ,
894 5193 990 5250 tibi
1026 5193 1192 5263 cnspit
1235 5188 1377 5247 Deus
1415 5190 1618 5247 debere
1660 5205 1758 5262 pro
1784 5190 1962 5247 nobis.
1993 5189 2130 5260 Quid

540 5299 723 5346 autem
769 5289 901 5344 mihi
945 5288 1147 5356 debes,
1197 5284 1504 5357 gratissime
1548 5284 1883 5354 imperator?
1924 5283 2132 5339 Patitur

541 5385 687 5439 enim
729 5381 1037 5438 humanitas
1077 5387 1196 5446 tua,
1239 5386 1299 5433 ut
1330 5386 1526 5448 praeter
1556 5376 1733 5448 regias
1765 5377 1994 5432 virtutes
2021 5378 2132 5448 pri-

538 5486 659 5531 vata
695 5462 1058 5544 appellatione
1095 5471 1352 5527 lauderis.
1400 5469 1541 5538 Quid
1571 5477 1626 5524 ttt
1669 5469 1800 5523 mihi
1834 5469 2040 5525 debes?
2076 5477 2132 5525 et

539 5578 729 5624 contra
761 5566 889 5638 quid
922 5579 1029 5621 non
1059 5578 1162 5634 ego
1192 5563 1288 5618 tibi
1317 5562 1530 5618 debeo?
1559 5576 1698 5616 anne
1747 5561 1888 5632 quod
1933 5561 2132 5617 docui?

538 5661 644 5715 hoc
671 5674 772 5732 ego
801 5672 1022 5731 possum
1055 5655 1238 5712 verius
1268 5663 1617 5726 retorquere,
1663 5654 1883 5726 dignum
1913 5669 1998 5712 me
2029 5654 2126 5710 ha-

535 5753 704 5812 bitum
722 5794 739 5824 ,
770 5752 861 5826 qui
898 5751 1185 5823 docerem,
1228 5755 1307 5808 tot
1332 5747 1582 5808 facundia
1613 5747 1965 5822 doctrinaque
1993 5763 2132 5822 pra“

2237 4629 2474 4685 scholam
2517 4629 2675 4714 apud‘
2700 4630 3070 4703 Visontionem
3113 4631 3548 4704 Lugdunumque
3575 4635 3781 4687 variante

2237 4736 2344 4778 non
2360 4729 2517 4779 aetate
2531 4713 2769 4794 quidem,
2785 4713 3101 4779 sed'v'llitate
3119 4727 3426 4780 consenuit.
3443 4725 3610 4782 Unica
3626 4726 3732 4780 mihi
3747 4733 3781 4777 et

2235 4815 2604 4886 amplectenda
2634 4821 2716 4870 est
2736 4814 3023 4871 Frontonis
3045 4816 3296 4882 imitatio,
3321 4833 3487 4888 quem
3518 4828 3680 4875 tamen
3705 4821 3781 4872 Au-

2235 4907 2376 4981 guSti
2427 4908 2745 4980 magistrum
2795 4907 2876 4964 sic
2923 4910 3236 4965 consulatus
3279 4913 3532 4978 ornavit,
3579 4924 3634 4967 ut
3673 4926 3775 4982 pra-

2241 4999 2443 5056 fectura
2464 5014 2570 5055 non
2600 5000 2865 5069 cingeret.
2894 4998 3002 5055 Sed
3023 5000 3338 5057 consulatus
3390 5002 3484 5057 ille
3529 5002 3778 5073 cujusmodi

2240 5090 2523 5148 Ordinario
2548 5089 2829 5160 suffectus,
2866 5091 3113 5148 bimestri
3149 5094 3325 5164 spatio
3363 5092 3715 5166 interpositus.
3742 5096 3778 5146 in

2239 5193 2393 5242 sexta
2433 5185 2558 5242 anni
2591 5196 2746 5257 parte
2772 5194 3160 5256 consumptus,
3192 5188 3551 5258 quaerendum
3594 5197 3642 5243 ut
3685 5187 3776 5242 reli-

2238 5282 2418 5355 querit
2474 5290 2654 5338 tantus
2703 5291 2916 5347 orator,
2974 5279 3172 5350 quibus
3225 5281 3547 5338 consulibus
3597 5280 3776 5352 gesserit

2237 5375 2601 5432 consulatum.
2653 5373 2792 5429 Ecce
2837 5372 2983 5428 aliud
3031 5371 3176 5443 quod
3222 5373 3426 5444 aliquis
3473 5383 3711 5446 opponat,
3739 5371 3776 5424 In

2234 5468 2372 5525 tanti
2401 5483 2530 5540 ergo
2558 5477 2612 5524 te
2639 5466 2871 5523 oratoris
2895 5464 3179 5536 fastigium
3206 5475 3261 5522 te
3282 5467 3562 5537 gloriosus
3586 5461 3778 5519 attollis?

2233 5563 2320 5619 cui
2354 5562 2478 5617 talia
2514 5560 2811 5632 requirenti
2855 5557 3201 5642 respondebo
3251 5559 3541 5627 breviter,
3571 5558 3676 5615 Non
3706 5570 3778 5624 ego

2234 5671 2322 5713 me
2365 5655 2638 5712 contendo
2665 5653 2951 5722 Frontoni,
2985 5652 3082 5709 sed
3109 5652 3391 5709 Antonino
3424 5654 3646 5723 praefero
3680 5649 3778 5705 Gra-

2237 5750 2465 5818 tianum.
2486 5746 2778 5810 Celebrant
2794 5743 3014 5817 quidem
3041 5744 3320 5805 solemnes
3345 5746 3487 5806 istos
3505 5746 3618 5805 dies
3632 5751 3780 5804 omnes
