3908 6340
43 311 146 366 ῡΗ
1040 311 1134 366 AD
1173 301 1684 366 IMPERATOREM
1725 296 2136 361 GRATIARUM
2177 300 2401 360 ACTIO.
3259 299 3367 357 9η

43 426 273 498 ubique
308 429 494 495 urbes,
542 443 662 498 quae
695 429 794 484 sub
833 426 1042 499 legibus
1074 435 1272 498 agunt,
1318 436 1371 482 ct
1393 425 1566 480 Roma
1611 421 1680 477 de
1706 421 1756 482 A
1785 439 1851 479 an
1883 434 1943 480 ut
1967 425 2109 496 quod
2138 426 2190 482 in
2223 425 2506 496 procinctu
2535 421 2851 481 Ccnturiata
2892 418 3188 478 dicentur?
3216 433 3282 475 an
3315 429 3376 476 ut

46 534 245 588 more,
303 529 358 576 ct
385 519 890 591 Constantinopolis
927 519 996 574 de
1024 518 1350 587 imitatione,
1383 514 1676 573 Antiochia
1783 518 2054 589 quondam
2084 518 2414 590 pontificalia
2441 517 2780 575 vocabuntur
2823 517 2942 572 sine
2972 514 3204 570 arbitrio
3233 514 3376 569 mul-

52 629 165 684 pro
199 615 372 680 lusu,
407 626 460 672 et
491 616 763 685 Carthago
792 613 1078 684 discincta,
1110 621 1166 670 et
1191 613 1387 671 domus
1434 609 1680 666 fulminis
1787 615 2030 672 titudinis
2060 614 2404 672 sacerdotum
2447 625 2620 671 tracta
2651 615 2879 687 collegio
2903 615 2924 669 ?
2946 614 3038 670 Sic
3070 612 3268 684 potius,
3296 611 3376 668 sic

57 711 444 775 Alexandria,
478 711 571 766 sed
603 709 813 765 Treviri
849 708 1109 782 principis
1146 707 1437 774 beneﬁcio,
1472 715 1526 761 et
1556 719 1680 760 mox
1787 710 2557 780 vocentur,quactu,pontifex
2582 709 3001 776 maximns,Dco
3020 707 3377 778 participatus

52 816 190 856 cum
226 802 360 872 ῖΡεο
392 811 581 856 θυίοΓο
610 799 862 857 ὒθυεῧεῖί
896 801 1012 858 10εά
1043 798 1187 855 illi"
1214 814 1275 856 88
1308 799 1535 864 distant,
1563 804 1680 852 νοω
1791 803 2182 860 babuisti.Non
2201 803 2495 875 estingenii
2517 800 3377 874 mei,piissimeimperator,talia

54 899 461 954 consentiunt.
516 895 667 952 Unus
709 895 764 951 in
811 910 907 952 ore
955 893 1195 951 omnium
1243 894 1537 951 Gratianus
1586 906 1685 961 po-
1793 896 2154 953 comminisci.
2191 896 2368 952 Verba
2418 906 2545 952 sunt
2592 896 2893 952 litterarum
2923 905 3158 960 tuarum,
3189 893 3383 964 quibus

59 999 285 1046 testate
323 989 643 1060 imperator,
677 988 881 1044 virtute
926 988 1136 1055 victor,
1173 988 1450 1059 Augustus
1481 983 1688 1041 sancti-
1795 993 1937 1063 apud
1969 1008 2057 1048 me
2085 991 2464 1048 auctoritatem
2493 991 2688 1047 summi
2711 990 2970 1058 numinis,
2996 998 3049 1046 et
3073 998 3179 1044 [use
3198 989 3390 1044 νοιυιι.

61 1093 224 1152 tate,
264 1082 518 1154 pontifex
570 1081 873 1153 religione,
923 1081 1256 1152 indulgentia
1305 1089 1478 1152 pater,
1529 1086 1689 1133 actate
1797 1087 1925 1140 tatis
1971 1085 2290 1156 ampliﬁcas.
2323 1083 2413 1140 Sic
2452 1084 2594 1140 enim
2637 1083 2908 1155 loqueris:
2940 1082 3068 1138 Cum
3105 1082 3168 1136 de
3195 1098 3387 1137 consu-

62 1176 227 1231 filius
254 1218 271 1243 ,
330 1175 534 1246 pietate
585 1184 896 1246 utrumque.
954 1174 1073 1229 Non
1122 1188 1340 1243 possum
1376 1171 1497 1227 fidei
1529 1184 1692 1226 causa
1799 1177 1934 1232 libus
1969 1178 2023 1232 in
2063 1195 2256 1232 anizuui
2287 1177 2521 1232 creandis
2550 1178 2689 1232 solus
2718 1189 2917 1233 mecum
2973 1178 3252 1232 volutarem
3279 1218 3294 1242 ,
3339 1183 3395 1230 ut

62 1268 390 1326 ostendere
433 1267 701 1338 imagines
734 1267 1004 1338 majorum
1035 1281 1278 1321 meorum
1325 1265 1408 1337 (ut
1438 1264 1514 1318 ait
1550 1261 1694 1333 apud
1801 1286 1879 1327 nte
1909 1271 2063 1341 nosti,
2095 1279 2246 1341 atque
2275 1281 2330 1324 ut
2361 1270 2527 1339 facere
2554 1270 2725 1337 debui,
2757 1280 2811 1324 ut
2840 1271 2966 1325 velle
3019 1279 3066 1324 te
3093 1270 3242 1337 scivi,
3272 1284 3395 1323 con-

63 1362 414 1418 Sallustium
449 1360 672 1432 Marius)
702 1376 801 1417 nec
837 1359 1126 1416 deductum
1152 1359 1219 1416 ab
1242 1357 1502 1414 heroibus
1525 1370 1696 1428 genus
1802 1363 1978 1417 silium
2007 1381 2177 1416 meum
2201 1363 2270 1417 ad
2292 1362 2460 1417 Deum
2477 1363 2654 1429 retuli,
2683 1366 2794 1435 ejus
2815 1364 3112 1417 auctoritati
3136 1363 3404 1417 obsecutus

68 1455 141 1510 ad
173 1454 422 1510 deorum
455 1461 688 1510 stemma
731 1453 1019 1525 replicare,
1053 1468 1154 1509 nec
1200 1453 1412 1524 ignotas
1455 1464 1609 1521 opes,
1644 1457 1699 1505 et
1805 1467 1852 1512 te
1876 1458 2137 1512 consulem
2163 1458 2454 1530 designavi,
2484 1465 2530 1512 et
2556 1457 2838 1524 declaravi,
2869 1466 2916 1512 et
2944 1458 3167 1527 priorem
3201 1472 3404 1511 nuncu-

70 1544 428 1620 patrimonia
462 1563 654 1618 sparsa
684 1547 788 1604 sub
818 1548 1021 1620 regnis,
1050 1548 1145 1603 sed
1170 1562 1233 1603 ea
1260 1562 1380 1618 quae
1401 1556 1526 1602 nota
1551 1554 1698 1611 sunt,
1806 1552 1942 1624 pavi.
1995 1549 2164 1624 Cujus
2210 1553 2474 1608 orationis
2518 1552 2654 1608 ordo
2683 1551 2952 1608 lucidior?
2990 1568 3112 1624 qua:
3155 1551 3405 1608 doctrina

73 1644 283 1698 dicere
316 1643 518 1713 potius,
551 1657 711 1712 quam
741 1641 1063 1712 praedicare.
1095 1640 1332 1696 Patriam
1361 1654 1466 1695 non
1501 1638 1702 1694 obscu—
1809 1656 1917 1700 iam
1947 1644 2179 1715 diligens
2232 1644 2466 1715 propriis
2506 1644 2852 1701 comitiorum
2893 1643 3077 1701 verbis
3106 1644 3273 1715 loqui,
3304 1657 3407 1699 nec

77 1751 208 1790 ram
233 1780 250 1804 ,
292 1733 554 1789 familiam
594 1750 700 1789 non
737 1733 1107 1804 pmuitendam
1130 1776 1146 1802 ,
1180 1732 1403 1788 domum
1443 1731 1702 1787 innocen-
1809 1738 2090 1794 vocabulis
2118 1738 2286 1795 moris
2316 1737 2525 1806 antiqui
2557 1738 2776 1792 nomina
2801 1737 3084 1809 peregrina
3125 1736 3408 1792 miscere?

83 1839 227 1894 tem,
287 1829 660 1884 innocentiam
695 1843 800 1881 non
833 1836 1102 1897 coactam,
1134 1834 1390 1898 angustas
1436 1840 1590 1897 opes,
1619 1839 1710 1880 ve-
1738 1819 1787 1882 B
1821 1829 2007 1886 Valete
2031 1829 2194 1885 modo
2221 1830 2450 1896 classes,
2478 1827 2687 1900 populi,
2725 1836 2781 1884 et
2810 1829 3143 1884 urbanarum
3175 1828 3412 1884 tribuum

83 1931 420 1978 rnmtamen
469 1922 652 1990 libris,
698 1931 750 1977 et
783 1922 966 1978 liberis
1012 1921 1300 1991 dilatatas,
1343 1921 1710 1992 frugalitatem
1819 1926 2224 1995 praerogativae,
2277 1934 2332 1979 et
2359 1922 2623 1980 centuria:
2663 1922 2788 1993 jure
2817 1933 3110 1979 revocatas.
3149 1923 3281 1991 Qua:
3321 1938 3415 1980 co-

89 2022 224 2076 sine
280 2019 558 2089 sordibus,
608 2017 883 2089 ingenium
915 2017 1162 2085 liberale,
1195 2019 1436 2073 animum
1468 2031 1575 2072 non
1607 2015 1716 2072 illi-
1821 2006 1968 2072 mitia
2001 2016 2251 2088 pleniora
2280 2031 2536 2088 umquam
2569 2015 2812 2085 fuerunt,
2859 2032 3020 2089 quam
3048 2017 3245 2088 quibus
3273 2033 3417 2088 prte-

95 2115 387 2184 bcralem,
423 2114 646 2183 victum,
696 2113 984 2180 vestitum,
1014 2112 1436 2184 supellectilem,
1488 2110 1712 2178 munda,
1819 2112 1960 2167 stitit
1987 2111 2131 2168 Deus
2153 2111 2464 2180 consilium,
2495 2112 2792 2182 imperator
2809 2111 3166 2184 obsequium?
3189 2112 3257 2167 Et
3275 2127 3421 2169 nunc

97 2224 215 2266 non
251 2208 560 2279 Splendida.
593 2207 882 2264 Veteribus
906 2217 962 2261 ιιι
986 2205 1093 2262 illis
1117 2206 1440 2262 consulibus
1465 2204 1716 2277 (excepta
1822 2220 1946 2276 ego,
1974 2204 2213 2274 piissime
2238 2206 2552 2277 imperator,
2583 2220 2652 2262 ne
2674 2204 2949 2276 fastigium
2970 2205 3227 2262 auditorii
3253 2207 3420 2274 sacri,

95 2318 232 2373 qua:
258 2310 375 2358 tum
407 2311 523 2357 erat
548 2300 866 2357 bellicarum
897 2299 1189 2356 collatione
1216 2298 1502 2369 virtutum)
1529 2297 1573 2353 si
1598 2298 1718 2369 quis
1824 2300 2094 2357 dictorum
2127 2310 2340 2358 tuorttm
2380 2300 2601 2357 timidus
2643 2300 2915 2370 interpres
2961 2298 3253 2369 offendam,
3287 2300 3424 2355 divi-

100 2411 198 2452 me
233 2394 492 2452 conferre
525 2394 800 2465 dignetur,
832 2402 1062 2466 seponat
1089 2392 1449 2464 opulentiam,
1491 2406 1598 2446 non
1627 2391 1723 2448 de—
1827 2396 2010 2452 nitatis
2033 2404 2137 2452 tuae
2163 2411 2335 2467 prope
2357 2411 2479 2452 cum
2502 2395 2719 2466 piaculo
2739 2394 2904 2451 verba
2934 2405 3271 2452 transcurro.
3294 2395 3427 2452 Cum

106 2500 415 2560 rogaturus
443 2487 787 2543 industriam.
821 2486 1024 2541 Verum
1048 2485 1306 2554 quoniam
1335 2485 1525 2556 gratiis
1557 2499 1724 2556 agcn-
1829 2489 1891 2542 de
1939 2489 2235 2543 consulibus
2260 2532 2275 2557 ,
2312 2489 2525 2559 inquis,
2567 2488 2622 2542 in
2669 2503 2866 2542 annum
2909 2488 3145 2543 creandis
3169 2503 3189 2544 :
3219 2489 3433 2544 erudita

106 2585 198 2640 dis
223 2583 553 2655 jamdudum
585 2581 884 2636 succumbo
910 2582 1186 2648 materim,
1213 2590 1268 2633 tu
1300 2577 1533 2634 orationi
1565 2592 1722 2644 mere,
1829 2595 1956 2648 vox,
1987 2589 2044 2638 et
2064 2597 2198 2638 cura
2220 2581 2482 2638 solemnis
2509 2581 2522 2636 !
2549 2581 2680 2636 Cum
2709 2583 2851 2637 solus
2878 2599 3078 2637 mecum
3107 2583 3390 2639 volutarem
3410 2600 3431 2638 :

108 2676 407 2742 Gratiane,
441 2662 694 2729 succede.
729 2672 834 2738 Tu,
862 2669 1143 2738 Gratiane,
1172 2671 1262 2742 qui
1291 2670 1395 2726 hoc
1424 2684 1623 2726 nomen
1650 2670 1727 2724 sic
1828 2691 1866 2731 ο
1897 2674 2148 2744 profundi
2195 2676 2422 2732 altitudo
2463 2675 2700 2733 secreti!
2733 2676 2904 2733 babes
2949 2692 3079 2749 ergo
3116 2679 3435 2736 consiliato-

107 2787 214 2842 per
246 2771 528 2826 fortunam
556 2765 787 2838 adeptus
813 2782 896 2837 es,
927 2775 985 2821 ut
1011 2781 1174 2822 nemo
1217 2765 1403 2822 verius
1431 2764 1729 2820 ambitione
1835 2786 1973 2836 rem,
2013 2780 2070 2826 et
2100 2787 2206 2826 non
2259 2770 2456 2827 metuis
2489 2771 2846 2841 proditorem.
2883 2769 2950 2826 Ur
2981 2789 3056 2826 me
3095 2773 3268 2827 noui;
3301 2771 3434 2842 quid

115 2867 429 2940 quaesierit.
465 2865 655 2936 Neque
689 2863 832 2920 enim
861 2861 1059 2931 justius
1094 2860 1341 2917 Metellus
1368 2868 1730 2931 cognomento

113 2959 278 3025 Pius,
309 2946 464 3029 patre
482 2964 760 3019 revocato,
789 2955 1044 3024 quiesset
1067 2951 1265 3023 impius
1291 2952 1606 3008 exsulante:
1639 2959 1732 3005 aut

115 3051 312 3106 verius
343 3049 491 3121 Sylla
538 3045 689 3112 felix,
735 3061 898 3116 quam
945 3044 1195 3112 felicior,
1243 3054 1530 3115 antequam
1577 3057 1735 3099 voca-

115 3155 301 3212 retur,
355 3160 516 3215 quam
547 3152 636 3210 tu,
669 3140 958 3208 Gratiane,
987 3140 1071 3195 cui
1100 3147 1155 3196 et
1187 3139 1288 3195 hoc
1319 3153 1516 3194 nomen
1546 3145 1650 3206 est,
1680 3144 1737 3193 et

122 3240 219 3293 illa
249 3208 476 3303 Metelli,
502 3208 777 3307 Syllthue
807 3232 1156 3304 cognomina.
1189 3229 1291 3300 Tu,
1326 3231 1568 3302 inquam,
1601 3230 1736 3286 Gra-
1761 3208 1806 3272 (ἶ

123 3329 308 3397 lianc,
345 3328 438 3396 qui
489 3327 590 3382 ltoc
636 3341 745 3381 non
801 3323 1030 3395 singulis
1079 3323 1256 3393 factis,
1309 3321 1407 3379 sed
1473 3331 1735 3392 perpetua

123 3437 287 3496 grate
329 3422 524 3494 agendi
555 3421 888 3493 benignitate
918 3419 1204 3476 meruisti:
1240 3417 1355 3485 cui,
1391 3414 1494 3472 nisi
1525 3416 1594 3469 ab
1635 3429 1738 3470 avo

128 3516 430 3573 deductum
455 3524 621 3581 esset,
653 3514 723 3568 ab
744 3512 996 3568 omnibus
1025 3510 1336 3581 adderetur.
1354 3508 1437 3593 :i‘u
1467 3509 1586 3580 ipse
1617 3507 1735 3574 tibi,

130 3609 380 3680 inquam,
411 3623 512 3679 pro
544 3607 877 3679 me'gratiam
919 3605 1088 3674 refer,
1135 3613 1216 3673 tu,
1240 3613 1456 3674 tuaeque
1481 3602 1735 3659 virtutes.

129 3702 380 3771 Bonitas,
401 3716 505 3772 qua
538 3702 590 3756 in
621 3715 810 3757 omnes
841 3699 1084 3771 prolixus
1104 3712 1187 3769 es,
1226 3706 1521 3770 perpetuus
1547 3695 1602 3752 in
1630 3710 1738 3752 me.

134 3795 346 3863 Pietas,
375 3810 477 3867 qua
511 3795 694 3851 orbem
741 3805 891 3849 tuum
923 3803 1218 3864 temperas,
1264 3805 1536 3863 quamque
1568 3791 1619 3845 in
1655 3789 1742 3844 ul-

135 3887 400 3944 ciscendo
450 3897 647 3959 patruo
677 3887 900 3957 probas,
933 3885 1135 3942 tuendo
1168 3885 1222 3941 in
1275 3883 1441 3940 fratre
1470 3882 1742 3949 cumulas,

137 3981 389 4038 ornando
412 3982 463 4037 in
497 3989 834 4052 praeceptore
864 3980 1215 4051 multiplicas.
1241 3980 1380 4051 Agat
1407 3978 1614 4050 gratias
1637 3977 1746 4034 cle-

142 4076 372 4143 mentia,
405 4089 566 4146 quam
600 4074 838 4130 humano
866 4074 1050 4145 generi
1099 4073 1388 4144 impertis:
1422 4072 1742 4139 liberalitas,

143 4182 245 4238 qua
271 4167 414 4224 ditas
439 4182 627 4223 omnes
655 4183 669 4222 :
700 4166 985 4235 fortitudo,
1012 4166 1358 4237 qua;vincis:
1387 4175 1441 4222 et
1461 4180 1613 4222 mens
1645 4165 1749 4220 ista

149 4276 336 4330 aurea,
366 4278 528 4334 quam
550 4262 619 4318 de
643 4260 919 4318 communi
944 4261 1048 4318 deo
1078 4262 1222 4332 plus,
1252 4276 1413 4333 quam
1446 4277 1588 4318 unus
1617 4261 1752 4316 hau-

150 4357 289 4412 sisti.
315 4357 496 4427 Agant
524 4364 580 4414 et
614 4372 714 4428 pro
732 4373 820 4413 me
841 4357 1049 4428 gratias
1078 4371 1242 4413 voces
1271 4355 1516 4413 omnium
1546 4355 1751 4413 Gallia-

150 4465 294 4522 rum,
345 4467 572 4521 quarum
619 4451 880 4523 praefecto
926 4452 1065 4507 lianc
1096 4451 1565 4509 honorificentiam
1597 4450 1754 4507 detu—

153 4541 264 4600 listi
291 4562 305 4599 :
340 4546 478 4601 ultra
509 4545 861 4617 progredior,
897 4555 953 4601 et
982 4546 1085 4601 hoc
1112 4548 1241 4616 quia
1283 4545 1486 4602 debere
1518 4554 1571 4602 te
1592 4544 1751 4601 dicis.

1834 2863 2189 2921 familiarius?
2225 2864 2292 2920 Ut
2343 2869 2516 2936 facere
2552 2865 2751 2920 debui:
2781 2863 2907 2936 quid
2939 2865 3321 2922 constantius?
3366 2865 3438 2921 Ut

1835 2962 1964 3016 velle
1988 2969 2036 3015 te
2073 2961 2196 3016 sriri
2222 2975 2242 3020 ε
2273 2959 2400 3031 quid
2431 2960 2537 3016 dici
2592 2958 2843 3015 blandius
2887 2959 3115 3030 potest?
3148 2959 3438 3015 Consilium

1837 3071 2006 3110 meum
2037 3055 2107 3109 ad
2143 3055 2309 3110 Deum
2338 3055 2513 3110 retuli.
2541 3053 2611 3110 Et
2651 3053 3105 3125 quemadmodum
3135 3055 3306 3122 solus,
3353 3053 3442 3110 cui

1841 3155 2042 3218 praesto
2071 3157 2160 3203 est
2187 3158 2294 3202 tam
2335 3146 2539 3218 grande
2580 3146 2908 3202 consilium?
2937 3144 3020 3201 An
3060 3147 3274 3218 plenius
3315 3161 3441 3203 cum

1841 3251 2034 3298 senatu
2059 3283 2074 3308 ,
2124 3255 2247 3297 cum
2295 3240 2533 3314 equestri
2563 3239 2788 3310 ordine,
2823 3256 2944 3297 cum
2984 3241 3143 3312 plebe
3173 3242 3443 3311 Romana,

1841 3350 1964 3391 cum
2016 3335 2257 3391 exercitu
2310 3330 2440 3400 tuo,
2496 3343 2553 3391 et
2597 3334 2893 3405 provinciis
2943 3335 3195 3392 omnibus
3241 3336 3448 3392 delibe-

1841 3427 2063 3482 rasses?
2101 3425 2390 3482 Consilium
2436 3442 2608 3487 meum
2637 3427 2706 3481 ad
2737 3427 2905 3482 Deum
2947 3429 3130 3484 retuli.
3187 3427 3306 3484 Non
3353 3438 3478 3497 ut,t

1841 3519 2031 3588 credo,
2072 3536 2270 3577 novum
2295 3535 2571 3590 sumeres,
2596 3521 2696 3578 sed
2728 3530 2788 3578 ut
2816 3521 3059 3579 sanctius
3085 3522 3261 3592 fieret,
3297 3523 3442 3595 quod

1842 3614 2065 3672 volebas
2085 3615 2206 3686 ejus
2232 3615 2544 3672 auctoritati
2567 3615 2863 3672 obsecutus
2888 3615 3128 3684 Scilicet,
3159 3625 3218 3672 ut
3240 3617 3292 3672 in
3311 3632 3446 3673 con-

1844 3708 2112 3765 secrando
2154 3718 2333 3778 patre,
2367 3708 2420 3763 in
2443 3707 2762 3778 ulciscendo
2793 3717 3009 3779 patruo,
3055 3709 3110 3764 in
3141 3711 3447 3780 cooptando

1845 3803 2012 3860 fratre
2040 3804 2236 3860 fecisti.
2278 3803 2352 3858 Te
2386 3804 2651 3859 consulem
2681 3804 2970 3878 designavi,
3001 3813 3051 3860 et
3084 3805 3366 3876 declarari,
3398 3816 3448 3861 et

1847 3898 2073 3968 priorem
2103 3897 2414 3969 nuncupavi.
2456 3896 2587 3966 Quis
2615 3897 2733 3954 haec
2772 3897 2939 3954 verba
2991 3907 3044 3954 te
3087 3898 3314 3955 docuit?
3343 3914 3445 3969 ego

1851 4001 1957 4048 tam
1984 3994 2235 4064 propria,
2279 4003 2335 4049 et
2361 4000 2469 4048 tam
2496 3991 2684 4050 Latina
2712 3993 2932 4061 nescivi,
2963 3994 3250 4064 designavi,
3283 4004 3331 4050 et
3360 3995 3450 4047 dc-

1851 4080 2066 4154 claravi,
2096 4097 2144 4143 et
2174 4088 2486 4158 nuncupavi.
2513 4086 2633 4143 Non
2667 4089 2725 4143 fit
2755 4087 2857 4144 boc
2887 4096 3111 4157 temere,
3146 4076 3454 4172 habentne?-

1853 4193 1941 4234 ras
1968 4194 2094 4236 suas
2123 4179 2427 4251 dispartitis
2460 4179 2719 4252 gradibus
2764 4190 2870 4235 tam
2905 4189 3113 4236 matura
3155 4165 3446 4236 cuneta-tio.

1853 4270 1962 4328 Has
1999 4287 2102 4344 ego
2134 4273 2340 4331 litteras
2369 4281 2488 4330 tuas
2531 4273 2584 4329 in
2621 4273 2872 4330 omnibus
2900 4273 3050 4344 pilis,
3080 4282 3242 4344 atquc
3276 4274 3450 4344 porti-

1855 4366 2012 4422 cibus
2039 4365 2208 4439 (unde
2238 4365 2306 4422 de
2335 4367 2496 4438 plano
2526 4366 2629 4438 legi
2661 4366 2895 4437 possint)
2923 4365 3095 4421 instar
3125 4366 3287 4421 edicti
3317 4381 3451 4436 pcn—

1857 4459 1987 4518 dere
2014 4460 2368 4518 mandavero.
2401 4461 2592 4517 Nonne
2625 4470 2702 4516 tot
2733 4461 2925 4516 statuis
2968 4459 3299 4528 honorabor,
3324 4469 3456 4531 quot

1860 4555 2064 4611 fuerint
2103 4555 2314 4626 paginae
2354 4553 2708 4611 libellorum?
2737 4552 2833 4609 sed
2862 4552 2928 4609 ad
2955 4552 3205 4623 planiora
3230 4552 3451 4607 festino.

155 4637 289 4710 Agat
322 4654 442 4708 qua:
465 4639 669 4709 optime
691 4653 852 4710 agere
876 4647 1078 4709 potest,
1096 4653 1202 4694 vox
1224 4638 1350 4706 ista,
1377 4653 1540 4708 quam
1568 4636 1748 4693 docui.

1859 4647 1943 4704 Ab
1987 4615 2274 4705 bac-enim
2327 4648 2632 4704 litterarum
2680 4646 2746 4702 ad
2785 4661 2874 4702 me
2918 4645 3165 4702 datarum
3195 4654 3346 4715 parte
3375 4645 3458 4700 di-

159 4731 484 4788 Jamdudum
517 4741 700 4789 autem
743 4747 905 4804 quam
937 4733 1075 4804 grati
1123 4733 1309 4800 animi,
1347 4741 1454 4788 tam
1487 4732 1756 4790 sermonis

163 4826 342 4897 exigui
391 4826 473 4900 (ut
525 4841 689 4897 supra
742 4825 947 4882 dictum
999 4828 1105 4898 est)
1136 4826 1430 4883 succumbo
1474 4827 1755 4893 materiae,

163 4933 335 4990 neque
379 4919 556 4975 adhuc
601 4921 690 4976 illa
741 4922 1063 4992 perstrinxi,
1098 4937 1220 4993 quae
1252 4937 1320 4978 ne
1362 4921 1759 4978 infantissimus

165 5013 402 5084 quidem,
420 5014 524 5070 nisi
542 5013 683 5070 idem
709 5015 1083 5086 impiissimus,
1101 5016 1396 5074 eminentia
1415 5032 1513 5087 per
1534 5017 1754 5087 famam,

168 5112 219 5158 ct
246 5106 488 5162 omnium
516 5107 734 5178 gaudiis
771 5115 966 5164 testata
1006 5111 1388 5180 supprimeret.
1423 5111 1556 5177 Qua:
1602 5125 1764 5183 supra

171 5199 311 5257 vires
332 5201 550 5258 dicendi
581 5218 732 5260 meas
760 5203 935 5274 posita
979 5213 1207 5260 cunctor
1245 5206 1535 5276 attingere,
1565 5215 1655 5260 aut
1679 5206 1782 5262 ιιι-ι

171 5297 301 5363 grati
345 5296 574 5354 crimine
622 5298 961 5370 arguendus,
994 5307 1086 5353 aut
1125 5298 1398 5354 temerarii
1431 5298 1768 5370 professione

180 5391 492 5462 culpandus,
522 5402 703 5450 tamen
751 5393 983 5450 alterum
1015 5409 1138 5450 cum
1167 5394 1508 5451 subeundum
1553 5396 1642 5461 sit,
1677 5411 1772 5451 au-

185 5481 392 5541 daciam
435 5501 594 5558 quam
648 5488 1085 5544 malevolentiam
1118 5488 1262 5545 malo
1287 5481 1636 5560 reprehendi.
1668 5488 1772 5557 Tu,

190 5577 423 5652 Auguste
454 5582 804 5651 venerabilis,
840 5583 1125 5641 districtus
1154 5585 1392 5640 maximo
1415 5583 1778 5666 bellofassul—

185 5678 416 5734 tantibus
457 5686 541 5734 tot
583 5678 826 5734 millibus
880 5679 1268 5751 Barbarorum,
1311 5681 1507 5753 quibus
1548 5679 1780 5736 Danubii

186 5781 274 5826 ora
301 5771 629 5842 protexitur,
650 5771 872 5826 comitia
889 5773 1204 5830 consulatus
1227 5772 1334 5830 mei
1357 5781 1598 5830 armatus
1621 5786 1782 5830 exera

189 5870 291 5922 cos.
323 5861 630 5950 Tribunitia
659 5862 765 5924 ista
787 5863 932 5934 quod
971 5863 1028 5924 in
1063 5865 1202 5925 urbe
1233 5864 1452 5940 Syrmio
1487 5875 1779 5939 geruntur,

1859 4755 2105 4813 gressus,
2133 4755 2199 4798 eo
2224 4754 2440 4814 quoque
2473 4740 2836 4808 descendisti,
2863 4749 2926 4794 ut
2953 4753 3248 4818 quaereres,
3282 4738 3456 4809 qualis

1863 4833 1928 4888 ad
1960 4848 2050 4890 me
2077 4833 2262 4890 trabea
2284 4835 2616 4892 mitteretur.
2649 4835 2818 4889 Omne
2849 4831 3194 4903 largitionum
3238 4840 3451 4886 tuarum

1863 4925 2223 4982 ministerium
2271 4925 2634 4982 sollicitudine
2665 4923 2919 4994 fatigasu.
2952 4922 3070 4978 Non
3116 4937 3244 4992 ergo
3287 4936 3454 4991 supra

1864 5020 2207 5077 consulatum
2244 5019 2376 5076 mihi
2419 5029 2504 5077 est
2547 5017 2784 5074 adhibita
2826 5030 2922 5086 per
2952 5024 3005 5071 te
3035 5029 3162 5070 cura
3193 5023 3302 5068 tam
3332 5013 3458 5068 dili-

1869 5128 2024 5184 gens.
2080 5113 2186 5169 Pro
2233 5128 2321 5169 me
2358 5127 2491 5169 cura
2533 5121 2640 5168 tam
2677 5109 2842 5166 felix?
2882 5108 3099 5179 Illyrico
3135 5121 3285 5162 arma
3326 5122 3462 5177 qua-

1873 5207 2101 5262 tiuntur.
2133 5206 2213 5262 Tu
2241 5221 2358 5263 mea
2388 5220 2548 5262 causa
2572 5219 2667 5276 per
2703 5203 2907 5260 Gallias
2931 5200 3168 5257 civilium
3201 5201 3466 5258 decorum

1875 5301 2191 5359 indumenta
2215 5301 2520 5374 dispensas.
2545 5298 2828 5355 Loricatus
2849 5297 2916 5354 de
2945 5306 3065 5368 toga
3098 5311 3216 5351 mea
3240 5303 3465 5352 tractas.

1877 5397 1936 5454 In
1973 5396 2252 5470 procinctu
2283 5406 2336 5452 et
2365 5394 2600 5460 maxime
2635 5393 2987 5450 dimicaturus
3016 5391 3267 5463 palmata:
3299 5390 3470 5446 vestis

1862 5503 2018 5548 mea:
2057 5499 2376 5548 ornamenta
2413 5488 2659 5561 disponis
2700 5486 2966 5553 feliciter,
2999 5493 3054 5542 et
3078 5485 3224 5540 bono
3265 5484 3473 5539 omine.

1879 5583 2124 5654 Namque
2152 5583 2254 5640 iste
2295 5583 2515 5638 habitus
2541 5589 2601 5638 ut
2642 5580 2697 5636 in
2727 5593 2861 5652 pace
2887 5578 3129 5634 consulis
3160 5585 3262 5644 est,
3296 5576 3376 5632 sic
3413 5577 3472 5630 in

1882 5675 2111 5732 victoria
2153 5673 2558 5747 triumphantis.
2601 5673 2800 5730 Parum
2844 5680 2960 5739 est,
2991 5671 3036 5726 si
3067 5671 3245 5741 qualis
3270 5669 3339 5724 ad
3383 5683 3474 5725 me

1885 5770 2072 5827 trabea
2144 5771 2389 5828 mittatur
2423 5812 2441 5843 ,
2506 5767 2813 5840 interroges
2848 5806 2866 5833 ,
2930 5774 2987 5822 te
3050 5779 3236 5822 coram
3299 5760 3482 5832 promi

1883 5860 2061 5935 iubes.
2109 5860 2222 5928 Nec
2268 5863 2399 5927 satis
2447 5859 2620 5924 habes
2652 5899 2672 5938 ,
2727 5867 2789 5920 ut
2834 5857 3187 5930 largitionum
3245 5847 3484 5915 ministri
