3908 6326
540 244 647 305 953

533 456 786 528 elegeris,
825 469 1049 510 munera
1077 462 1163 507 tua
1198 452 1487 508 verborum
1519 449 1730 505 honore
1758 448 2133 519 prosequeris.

532 548 857 612 Palmatam,
888 547 1086 616 inquis,
1139 544 1231 600 tibi
1266 544 1406 623 misi,
1440 544 1496 596 in
1525 558 1629 611 qun
1656 530 1806 595 diuus
1843 539 2139 595 Constanti-

534 656 633 694 nus
660 654 845 708 parcns
876 646 1049 691 uoster
1077 635 1308 691 intextus
1344 643 1442 690 est.
1483 633 1564 689 Me
1594 633 1834 699 beatum,
1869 631 2025 701 cujus
2056 629 2139 685 in-

533 730 774 801 signibus
806 728 928 784 talis
972 742 1101 784 cura
1148 737 1465 798 praestetur.
1512 726 1639 782 Haec
1679 725 1860 798 plane,
1892 723 2009 780 haec
2052 732 2139 779 est

532 821 675 891 picta
701 818 787 890 (ut
825 818 1045 889 dicitur)
1074 819 1242 874 vestis
1286 833 1393 874 non
1433 817 1605 889 magis
1645 831 1778 873 auro
1806 830 1930 883 suo,
1972 828 2135 886 quam

534 914 640 969 tuis
672 912 875 967 verbis.
917 910 1024 968 Sed
1076 911 1246 967 multo
1286 910 1441 982 plura
1492 919 1620 967 sunt
1654 909 1872 979 inpejus
1915 916 2137 974 ornatu,

532 1019 653 1074 qua:
684 1018 780 1074 per
812 1013 864 1061 te
890 1004 1189 1061 instructus
1221 1004 1488 1076 intelligo.
1520 1003 1807 1061 Geminum
1840 1003 2044 1073 quippe
2065 1002 2134 1074 ,in

532 1112 640 1153 uno
671 1098 855 1155 habitu
903 1098 1083 1155 radiat
1121 1112 1319 1155 nomen
1350 1097 1602 1169 Augusti.
1649 1095 2043 1153 Constantinus
2082 1094 2135 1149 in

528 1203 846 1263 argumento
865 1193 1032 1249 vestis
1063 1191 1348 1258 intexitur,
1373 1191 1665 1249 Gratianus
1692 1192 1744 1246 in
1770 1191 2011 1246 muneris
2033 1190 2133 1246 ho-

530 1300 664 1340 nore
706 1285 963 1341 sentitur.
1009 1284 1259 1342 Accessit
1301 1294 1409 1339 tam
1452 1286 1700 1356 impenso
1742 1284 2011 1342 beneﬁcio
2043 1294 2136 1339 tuo

531 1378 745 1448 pondus
770 1375 1133 1449 quorumdam
1171 1378 1546 1435 sciscitatione
1570 1378 1925 1434 cumulatum.
1960 1376 2136 1433 Inter-

441 1528 447 1535 ,
530 1482 774 1543 rogatus,
819 1490 980 1543 quem
1020 1475 1257 1544 priorem
1291 1476 1621 1531 decernercs
1672 1474 1955 1530 consulem
1987 1490 2000 1527 :
2034 1486 2135 1528 nec

528 1565 885 1623 dubitandum
914 1580 1038 1622 esse
1061 1565 1246 1622 dixiSti
1280 1576 1360 1635 tu,
1392 1576 1448 1622 et
1478 1568 1568 1637 qui
1602 1575 1781 1623 tecum
1825 1566 1952 1623 boni
1980 1575 2129 1630 sunt,

528 1660 779 1716 dubitare
822 1674 927 1715 non
963 1666 1233 1730 poterant.
1287 1659 1396 1715 Sed
1442 1669 1621 1716 tamen
1669 1659 1736 1713 ad
1779 1658 1884 1714 hoc
1921 1657 2128 1713 dictum

522 1764 821 1810 erexerant
851 1754 1086 1821 animos,
1136 1754 1227 1824 qui
1273 1753 1509 1808 libenter
1537 1750 1906 1809 clarissimum
1952 1742 2129 1806 virum
2163 1739 2385 1812 Bcera,
2440 1753 2605 1823 Cujus
2651 1765 2832 1809 autem
2884 1770 3139 1825 umquam
3200 1768 3456 1825 egressus
3504 1753 3815 1822 auspicatius:

526 1848 790 1920 collegam
819 1862 1021 1916 meum,
1065 1861 1226 1918 quem
1268 1855 1594 1916 praesentem
1629 1844 1863 1901 habebat
1890 1844 2128 1910 occasio,

530 1942 815 2011 prmlatum
839 1940 1221 1997 credidissent.
1252 1940 1562 2011 Fatigantes
1593 1949 1771 1995 tamen
1801 1938 1946 2010 quod
1968 1938 2129 1993 intel—

531 2036 798 2102 lexerant,
840 2033 1215 2105 requirebant.
1248 2033 1345 2089 llic
1376 2042 1455 2099 tu,
1499 2034 1642 2088 sicut
1678 2032 1810 2088 mihi
1853 2032 2131 2087 renuntia-

532 2136 646 2181 tum
662 2127 783 2196 'est,
810 2137 939 2182 noto
973 2126 1066 2183 illo
1092 2127 1296 2197 pudore
1329 2134 1421 2181 tuo
1450 2126 1721 2196 paulisper
1750 2124 1957 2181 hrcsisli
1986 2144 1997 2177 :
2022 2139 2128 2178 non

530 2221 760 2277 rationis
790 2219 1098 2292 ambiguus,
1127 2220 1222 2277 sed
1253 2236 1443 2276 eorum
1474 2220 1870 2276 dubitationem
1897 2220 2049 2274 vultu
2078 2228 2133 2275 et

530 2314 732 2370 rubore
778 2313 1168 2384 condemnans,
1202 2313 1295 2385 qui
1320 2313 1560 2370 studium
1601 2327 1757 2368 suum
1803 2312 2131 2382 interpreta-

532 2405 699 2461 tionis
748 2420 937 2461 errorc
987 2404 1300 2477 palpabaut.
1356 2406 1562 2462 Deinde
1617 2404 1762 2461 illico
1814 2403 2127 2460 subtlidisti.

530 2498 671 2566 Quid
699 2497 767 2554 de
797 2497 1013 2553 duobus
1042 2498 1355 2555 consulibus
1382 2498 1679 2568 designatis
1708 2498 1986 2568 qumritis:
2014 2499 2134 2570 quis
2156 2528 2179 2545 κ

529 2592 667 2647 οτιιο
696 2591 770 2647 sit
793 2592 1246 2663 nuncupationis?
1277 2594 1435 2648 Anne
1456 2593 1597 2648 alius
1621 2606 1779 2661 quam
1810 2604 1969 2664 quem
1994 2608 2131 2663 prae-

532 2684 743 2741 fectura
773 2683 1098 2740 constituit?
1119 2684 1162 2740 Ο
1185 2685 1397 2741 felicem
1430 2687 1821 2742 verecundiam
1853 2696 2020 2752 tuam,
2047 2685 2136 2741 cui

534 2780 636 2836 ista
679 2776 958 2850 popularis
995 2779 1139 2835 ratio
1168 2787 1278 2835 tam
1324 2759 1623 2849 prudenter
1667 2781 1938 2837 occurrit!
1972 2780 2135 2837 Scisti

532 2874 706 2940 aliud,
736 2874 1015 2943 Gratiane,
1048 2873 1193 2944 quod
1222 2868 1471 2931 diceres:
1503 2873 1599 2930 sed
1627 2883 1850 2947 prapter
1874 2888 2136 2945 quorum-

531 2969 656 3025 alam
683 2968 1072 3026 verecundiam
1118 2969 1305 3025 dicere
1352 2968 1598 3025 noluiSti.
1645 2968 2012 3039 Scrupulosus
2045 2965 2135 3020 hic

533 3062 667 3118 mihi
706 3062 861 3118 locus
908 3068 997 3118 est
1027 3076 1042 3116 :
1071 3070 1127 3117 et
1164 3069 1390 3133 prepter
1445 3075 1589 3129 eam,
1626 3076 1788 3132 quam
1838 3078 2131 3134 numquam

532 3153 793 3227 appetivi,
825 3153 1060 3224 gloriam
1087 3152 1438 3209 recusandus.
1476 3151 1612 3208 Cum
1643 3153 1825 3223 priore
1858 3157 2135 3211 renuntia-

535 3257 623 3305 tus
652 3249 775 3313 sim,
809 3248 942 3304 satis
968 3258 1053 3305 est
1084 3258 1233 3303 tuum
1264 3257 1452 3304 tenere
1475 3246 1763 3318 judicium.
1807 3248 2137 3319 lnterpretes

536 3344 718 3399 valete
762 3343 1104 3400 meritorum.
1146 3342 1339 3414 Neque
1380 3352 1561 3399 autem
1613 3358 1736 3414 ego,
1769 3345 2140 3402 sacratissime

540 3438 862 3507 imperator,
894 3437 947 3491 in
970 3435 1119 3491 tenui
1147 3435 1416 3492 beneticio
1457 3435 1683 3507 gradum
1719 3438 2142 3508 nuncupationis

543 3530 864 3600 amplector.
914 3528 1054 3585 Num
1102 3539 1189 3584 est
1239 3528 1355 3583 lure
1402 3527 1577 3599 gloria
1627 3528 1809 3598 ignota
1855 3529 2145 3586 Ciceroni?

547 3623 835 3679 Prwtorem
862 3639 962 3692 me,
1002 3621 1202 3693 inqttit,
1233 3620 1372 3693 Pap.
1418 3622 1573 3677 Rom.
1598 3623 1827 3693 primunt
1852 3624 1975 3694 fecit
2022 3641 2145 3680 catt-

547 3716 709 3772 sulcm
736 3716 1000 3789 'prt‘orem.
1053 3714 1130 3769 Ex
1170 3713 1284 3787 ipsa
1332 3714 1452 3785 ejus
1490 3716 1756 3770 sententia
1801 3717 2142 3788 intelligitur,

549 3808 1038 3870 eommendabilius
1082 3807 1132 3862 ei
1175 3807 1348 3863 videri
1394 3808 1488 3863 uni
1529 3825 1690 3879 quam
1725 3811 1975 3881 pluribus
2022 3826 2146 3868 esse

548 3902 900 3974 prrepositum
936 3918 950 3955 :
980 3901 1129 3956 nulla
1157 3900 1301 3957 enim
1340 3911 1424 3957 est
1452 3901 1672 3973 quidem
1703 3905 2034 3959 contumelia
2060 3920 2149 3961 se-

547 3996 734 4063 cundi,
765 3995 859 4051 sed
889 4011 953 4052 ex
985 3993 1201 4051 duobus
1226 3993 1399 4066 gloria
1432 4010 1623 4066 magna
1660 3997 1887 4066 prmlati.
1912 3998 2150 4055 Alexan-

549 4091 635 4148 dri
665 4088 977 4145 Macedonis
998 4087 1104 4144 hoc
1129 4088 1320 4153 fertur,
1346 4101 1471 4144 cum
1496 4088 1719 4161 legisset
1748 4087 1872 4144 illos
1901 4090 2152 4147 Homeri.

553 4198 650 4240 eos
690 4196 908 4250 versus,
951 4180 1168 4252 quibus,
1216 4180 1451 4237 Hectore
1493 4190 1846 4253 provocante,
1882 4198 1913 4239 c
1952 4199 2148 4241 novem

558 4274 809 4342 ducibus,
840 4274 931 4344 qui
961 4288 1154 4329 omnes
1182 4288 1426 4344 pugnare
1453 4274 1769 4347 cupiebant,
1798 4290 1964 4332 unum
1988 4277 2152 4349 deligi

558 4370 805 4442 placeret
844 4351 1007 4425 sortis
1032 4378 1253 4439 eventu,
1286 4371 1496 4443 trepida
1537 4372 1629 4428 ubi
1667 4373 2030 4445 conceptione
2060 4388 2156 4429 vo-

560 4473 741 4520 torum
790 4462 981 4518 Jovcm
1030 4465 1298 4532 optimum
1355 4465 1647 4521 maximum
1702 4474 1849 4521 totus
1896 4476 2155 4537 precatur

561 4554 856 4622 exercitus,
888 4562 947 4608 ut
974 4553 1194 4623 Ajacem
1223 4555 1311 4610 vel
1340 4555 1513 4626 Tydei
1543 4556 1708 4611 filium
1736 4567 1830 4613 aut
1862 4558 2040 4628 ipsum
2068 4572 2156 4614 re-

562 4667 685 4724 gem
713 4650 907 4707 ditium
939 4648 1287 4720 Mycenarnm
1316 4649 1499 4703 sortiri
1531 4650 1767 4719 patiatur
1795 4652 2164 4723 Agamemno-

566 4759 692 4801 nem
727 4762 739 4797 :
770 4742 1091 4808 Occiderem,
1124 4741 1318 4813 inquit,
1351 4740 1501 4795 illum
1525 4742 1615 4812 qui
1642 4758 1721 4797 me
1749 4745 1957 4799 tertium
1986 4734 2159 4800 norni-

566 4847 761 4895 nasset.
790 4837 836 4893 0
866 4836 1368 4908 magnanimitatem
1404 4833 1690 4890 fortissimi
1722 4836 1843 4891 viri.
1880 4836 2164 4892 Nominari

565 4930 708 4987 inter
750 4943 949 4985 novem
995 4929 1192 4984 tertius
1233 4925 1544 4992 recusabat,
1593 4925 1681 4980 ubi
1730 4935 1882 4982 certe
1917 4925 2167 5001 pluribus

566 5022 944 5090 antecelleret,
977 5036 1140 5093 quam
1169 5020 1443 5076 subesset.
1468 5019 1681 5087 Quanta
1721 5018 1809 5073 hic
1836 5018 2164 5076 t'eremndia

566 5125 885 5188 gravaretur
916 5113 1190 5187 posterior
1230 5113 1299 5170 de
1336 5113 1587 5169 duobus?
1633 5112 1732 5168 Est
1769 5113 1915 5169 enim
1960 5114 2015 5169 in
2060 5114 2165 5169 hoc

567 5224 797 5267 numero
840 5208 1025 5265 arduae
1054 5207 1214 5280 plena
1260 5206 1591 5279 dignationis
1622 5205 1844 5274 electio,
1889 5221 2013 5263 cum
2044 5207 2167 5262 uni-

567 5306 747 5360 versis
778 5302 1102 5358 mortalibus
1131 5301 1241 5357 duo
1265 5301 1356 5371 qui
1385 5299 1537 5367 fiant,
1570 5300 1828 5356 consules
1856 5299 2164 5371 praeferun-

568 5406 678 5452 tur.
717 5395 819 5465 Qui
870 5394 1026 5463 alteri
1072 5395 1433 5466 prmponitur,‘
1477 5409 1582 5449 non
1615 5395 1729 5461 uni,
1776 5394 1872 5450 sed
1915 5395 2167 5451 omnibus

573 5489 902 5562 antefertur.
929 5488 1264 5558 Exspectare
1292 5501 1433 5543 nunc
1458 5502 1618 5544 aures
1646 5487 1998 5558 praesentium
2029 5489 2166 5555 scio,

573 5590 629 5638 et
651 5582 893 5638 eminere
919 5583 972 5636 in
1001 5580 1245 5636 omnium
1279 5582 1433 5636 vultu
1478 5580 1747 5652 intelligo,
1776 5581 1923 5653 quod
1951 5582 2171 5638 deside-

571 5674 659 5729 rio
680 5674 1017 5745 concipiatur
1039 5674 1366 5730 animorum.
1400 5672 1730 5730 Existimant
1758 5675 1930 5744 enim,
1959 5690 2080 5731 cum
2103 5690 2167 5732 ea

570 5782 697 5845 quae
726 5769 792 5825 ad
832 5777 1016 5843 grates
1053 5767 1295 5843 agendas
1335 5767 1710 5842 pertinebant,
1741 5769 2055 5852 summatim
2086 5779 2168 5829 te-

1838 6288 1925 6295 71—
1940 6288 2045 6293 iﬂ—j
2072 6288 2093 6291 κγ

1941 236 2124 298 DECII
2162 238 2388 301 AUSON
2397 241 2438 297 ll

534 379 602 421 ex
643 373 795 419 more
840 359 1148 432 fungantur.
1199 355 1364 429 Eligis
1393 355 1510 427 ipse
1547 356 1617 411 de
1655 352 1875 419 multis,
1919 362 1976 412 ct
2004 368 2129 409 cum
2160 356 2214 417 Α
2239 356 2428 412 nuiore
2474 352 2571 408 ﬁlo
2610 351 2694 426 (ut
2734 350 2962 423 dicitur)
3004 349 3232 406 deducta
3283 344 3582 402 libat‘crim
3608 387 3623 409 ,
3672 348 3819 419 aiiqa

2176 2968 2181 2977 “
2235 2972 2508 3039 mitteres,
2543 2978 2863 3038 aut-equum
2889 2965 3112 3036 segnius
3142 2972 3369 3019 euntem
3398 2962 3637 3018 verbere
3662 2962 3822 3017 conci-

3860 2453 3876 2886 l

3819 2898 3825 2999 ἶ
3868 2886 3876 3021 l

2241 464 2327 505 me
2356 447 2521 505 etiam
2566 446 2634 501 de
2681 446 2984 514 maiestatis
3027 455 3132 498 tuac
3176 441 3432 497 laudibus
3476 440 3682 496 debere
3720 457 3817 509 per.

2236 543 2523 614 stringere.
2550 541 2886 609 Quamquam
2919 554 3007 595 mc
3055 538 3214 592 istam
3240 535 3487 591 dixerint
3534 536 3815 605 seposuisse

2240 634 2545 704 materiam,
2578 642 2633 688 et
2659 632 2712 687 in
2756 641 2971 702 tempus
3001 630 3151 686 aliud
3196 644 3528 687 reservare:
3566 629 3819 684 nihilomi-

2238 743 2339 785 nus
2366 738 2545 783 tamen
2576 736 2636 783 ut
2666 741 2810 782 nunc
2845 726 3028 798 aliqua
3056 726 3394 797 contingam,
3429 736 3562 783 nutu
3593 735 3648 781 et
3678 743 3817 794 prope

2238 837 2520 880 murmure
2567 822 2945 877 cohortantur.
2996 820 3186 892 Itaque
3229 819 3453 887 faciam,
3491 819 3710 891 quando
3744 836 3817 875 ce-

2237 924 2369 987 gunt
2391 914 2664 970 valentem
2687 930 2700 967 :
2726 913 2822 969 sed
2845 912 3145 983 majoribus
3161 914 3430 984 separatis
3454 913 3705 967 tenuiora
3727 928 3817 965 tne-

2238 1008 2490 1073 moraho,
2524 1008 2675 1063 nulla
2708 1022 2806 1078 spe
2836 1006 2903 1062 ad
2932 1006 3154 1077 plenum
3181 1008 3549 1078 exsequendi,
3593 1007 3689 1061 scd
3720 1012 3815 1059 un?-

2239 1104 2381 1159 versi
2430 1111 2489 1158 ut
2526 1102 2839 1173 intelligant
2886 1117 3077 1157 eorum
3127 1116 3250 1173 qua:
3302 1101 3445 1157 intus
3493 1101 3817 1173 prmtlicau-la

2236 1203 2387 1260 sunt,
2418 1211 2446 1249 a
2478 1211 2562 1250 me
2592 1194 2919 1265 poscendam
2948 1209 3070 1250 esse
3097 1192 3373 1259 notitiam,
3403 1194 3473 1249 ab
3501 1193 3628 1246 aliis
3660 1191 3815 1260 digni.

2238 1299 2429 1345 tatem.
2485 1288 2594 1344 Nec
2632 1288 2986 1355 excellentia,
3039 1289 3137 1344 sed
3196 1286 3529 1358 quotidiana
3564 1286 3809 1340 tractabo.

2237 1380 2455 1459 Nullum
2488 1392 2542 1438 tu
2593 1398 2850 1452 umquam
2893 1381 3034 1436 diem
3072 1382 3141 1434 ah
3189 1380 3555 1435 adolescentia
3590 1388 3685 1432 tua
3731 1379 3813 1431 nisi

2234 1476 2466 1531 adorato
2496 1475 2583 1531 dei
2615 1476 2838 1530 numine
2879 1485 2930 1529 et
2963 1489 3090 1529 rcus
3122 1473 3233 1528 voti
3266 1481 3320 1527 ct
3360 1473 3511 1527 illico
3552 1470 3817 1525 absolutts

2235 1568 2418 1640 egisti.
2465 1568 2628 1623 lautis
2682 1568 2960 1635 manibus,
3013 1576 3196 1623 mente
3244 1582 3402 1637 pura,
3450 1566 3813 1622 immaculabili

2236 1662 2596 1728 conscientia,
2638 1672 2693 1718 ct
2721 1660 2864 1733 quod
2911 1662 2963 1716 in
2998 1664 3181 1731 paucis
3209 1670 3317 1725 est,
3349 1660 3686 1731 cogitatione
3728 1659 3819 1712 sia-

2237 1851 2378 1906 fnit?
2414 1860 2507 1904 aut
2546 1850 2796 1905 incessus
2836 1847 3170 1904 modestior?
3201 1856 3295 1902 aut
3324 1846 3591 1902 habitudo
3628 1844 3817 1902 cohibi-

2235 1944 2383 1999 tior?
2410 1952 2502 1997 aut
2547 1940 2837 1997 familiaris
2870 1941 3084 1996 habitus
3113 1938 3549 1996 condecentior?
3577 1947 3675 1993 aut
3703 1939 3813 1992 nili»

2234 2037 2365 2091 taris
2394 2034 2733 2091 accinctior?
2767 2034 2823 2088 ln
2854 2034 3167 2088 exercendo
3206 2046 3441 2102 corpore
3471 2030 3597 2101 quis
3620 2044 3814 2085 Clll‘ﬂitil

2236 2140 2341 2185 tam
2378 2128 2675 2200 perniciter
2702 2126 2983 2182 incitavit?
3009 2126 3143 2194 Quis
3179 2126 3490 2195 palaestram
3525 2132 3638 2177 tam
3670 2122 3815 2177 lubri~

2233 2238 2331 2278 cus
2360 2221 2673 2292 expedivit?
2702 2219 2832 2287 Quis
2861 2219 3061 2273 saltum
3085 2219 3139 2273 in
3171 2226 3280 2272 tam
3314 2216 3555 2272 sublime
3587 2214 3816 2283 collegit?

2232 2318 2401 2373 Nemo
2428 2316 2714 2372 abductius
2742 2315 2922 2385 jacula
2952 2313 3247 2378 contorsit,
3276 2325 3439 2367 nemo
3470 2308 3689 2380 Spicula
3726 2322 3817 2361 cre-

2234 2409 2384 2467 btius
2408 2409 2565 2480 jecit,
2598 2417 2692 2462 aut
2721 2407 2925 2463 certius
2967 2403 3239 2460 destinata
3268 2402 3565 2473 percussit.
3608 2400 3816 2455 Miraba-

2235 2520 2357 2559 mnr
2385 2511 2631 2573 poetam,
2663 2501 2753 2570 qui
2784 2499 3025 2556 infrenes
3055 2496 3276 2552 dixerat
3303 2495 3601 2562 Numidas;
3628 2504 3688 2550 et
3716 2493 3821 2546 alte-

2234 2613 2377 2663 rum,
2412 2598 2501 2668 qui
2529 2597 2603 2651 ita
2623 2594 2941 2666 collegerat,
2968 2600 3029 2647 ttt
3050 2591 3263 2647 diceret
3301 2591 3359 2645 in
3388 2587 3698 2660 equitando
3724 2602 3821 2643 vcr-

2236 2690 2391 2756 bera,
2424 2699 2480 2746 et
2506 2697 2778 2760 praecepta
2827 2701 2948 2743 esse
2992 2684 3157 2755 fugte,
3198 2691 3255 2738 et
3284 2692 3565 2753 praecepta
3594 2680 3819 2736 sistendi.

2234 2784 2539 2840 Obscurum
2571 2782 2675 2836 hoc
2696 2780 2854 2835 nobis
2882 2778 3195 2849 legentibus
3223 2785 3362 2832 erat.
3399 2774 3771 2831 Intelleximus
3787 2781 3824 2825 te

2233 2876 2483 2932 vitlentes
2506 2890 2628 2930 cum
2654 2873 2797 2930 idem
2826 2888 3013 2927 arcum
3042 2870 3383 2936 intenderes,
3417 2879 3476 2926 et
3498 2870 3742 2926 habenas
3762 2884 3825 2922 rc—

2239 3072 2407 3130 tares,
2430 3062 2517 3117 vel
2540 3060 2735 3117 eodem
2763 3060 2993 3115 verbere
3020 3057 3504 3129 intemperantiam
3527 3069 3816 3114 coci-ceres.

2238 3157 2339 3225 Qui
2389 3164 2442 3211 te
2490 3154 2585 3212 visi
2631 3159 2759 3209 sunt
2788 3152 2899 3231 hoc
2928 3152 3210 3217 docuisse,
3255 3165 3367 3208 non
3405 3148 3638 3206 faciunt.
3673 3149 3817 3204 Imma

2243 3248 2333 3320 qui
2367 3246 2474 3301 visi
2506 3254 2638 3301 sunt
2657 3245 2934 3316 docuisse,
2966 3259 3112 3301 nunc
3134 3244 3373 3299 discunt.
3406 3243 3466 3299 In
3501 3242 3645 3299 cibis
3671 3251 3823 3296 autem

2242 3340 2398 3409 cujus
2447 3339 2750 3395 sacerdotis
2796 3337 3161 3395 abstinentior
3202 3336 3571 3391 ceremonia?
3618 3334 3674 3390 In
3721 3335 3824 3387 vino

2245 3433 2402 3505 cujus
2434 3433 2590 3488 senis
2634 3442 2823 3487 mensa
2875 3429 3170 3501 frugalior?
3208 3428 3419 3499 Operto
3450 3425 3727 3483 conclavis
3767 3423 3825 3477 tui

2246 3545 2356 3585 non
2384 3528 2627 3586 sanctior
2656 3542 2751 3582 ara
2789 3525 3051 3589 Vestalis,
3087 3538 3201 3603 non
3232 3521 3517 3594 pontificis
3544 3520 3717 3576 cubile
3754 3534 3826 3572 ca-

2247 3624 2406 3692 stius,
2439 3638 2538 3679 nec
2564 3623 2815 3695 pulvinar
2844 3619 3081 3676 ﬂaminis
3108 3627 3223 3675 tam
3255 3618 3543 3690 pudicum.
3573 3616 3629 3671 lu
3659 3613 3825 3669 officiis

2248 3718 2552 3774 amicorum
2575 3730 2682 3772 non
2715 3716 2841 3771 dico
2867 3714 3017 3786 paria
3048 3712 3200 3769 reddi
3225 3728 3240 3766 :
3272 3712 3592 3768 antevenis.
3621 3708 3687 3764 Et
3712 3723 3821 3780 quo-

2249 3811 2355 3867 ties
2394 3811 2447 3866 itt
2496 3800 2851 3880 obsequendo
2896 3806 3278 3879 przecedimus,
3324 3805 3610 3862 erubescis
3648 3802 3822 3875 pudore

2250 3912 2360 3958 tam
2385 3902 2653 3970 obnoxio,
2687 3916 2849 3974 quam
2882 3903 2937 3957 in
2980 3901 3141 3987 nobis
3172 3914 3296 3955 esse
3326 3899 3564 3955 deberet
3588 3898 3657 3952 ab
3684 3897 3821 3966 impeo

2252 4007 2436 4054 ratore
2465 3997 2780 4067 prteventis.
2812 3988 2869 4051 in
2899 3995 2999 4050 ista
3033 4008 3167 4049 vero
3193 3991 3325 4051 sedc
3360 3992 3447 4062 (ut
3477 4006 3550 4048 ex
3596 4004 3737 4048 more
3762 3990 3820 4043 lo-

2255 4092 2492 4163 quimur,
2520 4090 2855 4159 consistorii,
2881 4098 2940 4144 ut
2965 4103 3065 4160 ego
3088 4088 3268 4143 sentio
3296 4087 3531 4142 sacrarii
3556 4086 3653 4157 tui)
3673 4083 3820 4141 nullus

2256 4200 2512 4255 umquam
2542 4185 2883 4255 superiorum
2929 4193 3021 4237 aut
3045 4180 3278 4237 dicenda
3314 4180 3545 4250 pensius
3571 4177 3817 4251 cogitavit,

2257 4287 2355 4333 aut
2383 4278 2687 4334 consultius
2728 4274 2961 4345 cogitata
2987 4273 3288 4344 disposuit,
3324 4280 3424 4327 aut
3447 4271 3707 4343 disposita
3733 4285 3821 4325 ma-

2260 4371 2434 4427 turius
2474 4369 2769 4440 expedivit.
2822 4368 2887 4423 Et
2931 4368 3110 4439 aliqua
3150 4368 3220 4424 de
3266 4368 3531 4423 oratoriis
3572 4364 3819 4422 virtutibus

2260 4464 2368 4520 tuis
2394 4462 2657 4530 dicerem,
2690 4461 2795 4517 nisi
2817 4473 3036 4517 vererer
3064 4460 3195 4515 mihi
3221 4461 3542 4532 gratiﬁcari.
3561 4458 3685 4535 Non
3703 4458 3814 4515 enim

2265 4554 2533 4626 Sulpitius
2556 4553 2736 4611 acrior
2760 4554 2811 4609 in
2841 4552 3267 4620 conditionibus,
3300 4567 3404 4609 nec
3436 4552 3661 4623 majoris
3684 4539 3816 4607 om.

2265 4646 2351 4705 chi
2399 4646 2885 4705 comntentlabilior
2936 4646 3203 4703 modestia
3244 4645 3369 4714 fuit,
3412 4660 3519 4703 nec
3567 4644 3725 4718 patris
3759 4640 3815 4695 tui

2267 4744 2483 4815 gravior
2528 4744 2846 4799 auctoritas.
2890 4741 2993 4810 Qui
3036 4751 3194 4798 tenor
3238 4741 3415 4806 vocis,
3466 4756 3597 4798 cum
3645 4739 3818 4796 incitata

2270 4835 2625 4907 pronuntias?
2654 4836 2786 4904 Qua:
2825 4833 3063 4902 innoxio,
3095 4834 3233 4889 cum'
3261 4834 3535 4889 remissa?
3564 4834 3687 4902 Qu:
3718 4841 3819 4887 tetu.

2270 4931 2503 5003 peratio,
2533 4946 2656 4987 cum
2688 4936 2912 5001 utraque
2940 4929 3261 4999 dispensas?
3285 4928 3418 4995 Quis
3436 4938 3712 4987 oratorum
3729 4925 3817 4981 lata

2264 5024 2580 5095 jucundius,
2614 5024 2841 5080 facunda
2872 5025 3092 5094 cultius,
3125 5024 3423 5095 pugnantia
3449 5006 3693 5090 densius,
3716 5021 3816 5078 den-

2271 5128 2388 5174 sata
2417 5117 2791 5189 glomeratius,
2824 5125 2915 5174 aut
2949 5116 3107 5185 dixit,
3156 5126 3271 5185 aut,
3300 5115 3446 5186 quod
3497 5126 3588 5174 est
3613 5114 3816 5173 liberum.

2272 5212 2567 5284 cogitavit?
2593 5212 2803 5269 Vellem
2839 5211 2907 5283 (si
2938 5227 3122 5269 rerum
3155 5220 3351 5268 natura
3383 5208 3707 5283 pateretur),
3738 5204 3815 5262 Xe-

2276 5307 2494 5376 nophon
2521 5306 2722 5375 Attice,
2756 5307 2808 5362 in
2838 5322 3012 5363 sevum
3044 5317 3293 5363 nostrum
3322 5305 3575 5377 venires,
3609 5301 3751 5373 tuqui
3771 5295 3817 5351 ad

2275 5397 2398 5469 Cyri
2438 5400 2669 5456 virtutes
2716 5398 3097 5471 exsequendas
3142 5408 3326 5455 votum
3356 5399 3547 5470 potius
3582 5410 3727 5468 quam
3756 5391 3815 5446 hi-

2270 5491 2497 5546 storiam
2518 5492 2904 5561 commodasti,
2929 5508 3053 5549 cum
3076 5490 3314 5554 diceres.
3346 5506 3457 5549 non
3489 5490 3671 5565 qualis
3692 5490 3816 5547 esset,

2272 5585 2367 5642 sed
2413 5586 2588 5655 qualis
2631 5602 2755 5644 esse
2801 5585 3042 5644 deberet.
3091 5587 3155 5644 Si
3184 5604 3334 5645 nunc
3374 5588 3429 5644 in
3476 5595 3711 5659 tempora
3744 5579 3815 5635 ista

2271 5679 2622 5748 procedercs,
2674 5680 2727 5736 in
2779 5690 2969 5737 nostro
3008 5681 3271 5739 Gratiano
3301 5696 3591 5750 cerneres,
3629 5671 3750 5753 qua
3777 5669 3815 5724 ίι

2270 5771 2416 5850 Cyro
2440 5781 2530 5830 tuo
2551 5788 2663 5831 non
2685 5773 2926 5849 videras,
2947 5775 3042 5835 sed
3070 5773 3322 5850 optabas.
3343 5774 3531 5851 Atque
3550 5774 3651 5834 ista
3670 5762 3808 5830 culi!
