3884 6334
95 247 192 303 0-ἱὸ

1059 241 1152 298 AD
1190 231 1692 296 IMPERATOREM
1728 228 2139 288 CRATIARUM
2177 229 2403 286 ACTIO.

3277 218 3385 281 946

95 365 234 436 quasi
276 366 496 436 punctis
538 365 858 435 quibusdam
892 335 1196 420 acuminata
1248 357 1477 429 signavi.
1513 354 1572 412 Si
1605 354 1683 409 fa-
1709 354 1757 414 Α
1789 358 1845 405 ct
1889 348 2193 418 legionibus
2222 346 2504 403 familiaris
2529 343 2856 401 humanitas.
2881 339 2988 397 Sed
3013 352 3113 410 ego
3138 338 3263 393 nolo
3288 336 3384 390 bc-

47 517 49 519 .
95 459 280 515 cundia
325 475 427 530 pro
475 461 754 514 voluntate
803 463 1139 526 suppeteret,
1187 464 1517 522 quamquam
1571 460 1681 501 non

93 554 342 623 copiosus
375 569 709 623 exsequerer
747 552 1050 606 ubertatem
1092 547 1237 619 stylo
1268 561 1451 601 rerum
1480 540 1687 610 magni-

96 648 273 703 tudine
321 656 687 717 suggerente:
721 645 815 700 sed
857 658 960 700 nec
1007 642 1165 712 hujus
1207 638 1335 703 diei,
1385 653 1486 694 nec
1522 633 1684 704 hujus

95 742 188 796 ista
220 741 485 795 materiae.
521 739 626 806 Qui
668 738 866 794 dicturi
896 737 1026 793 estis
1057 733 1248 792 laudes
1280 731 1539 804 principis
1587 741 1685 782 no-

93 836 207 900 stri,
242 833 459 888 habetis
488 833 637 887 velut
665 832 1041 896 seminarium,
1075 827 1218 884 unde
1247 826 1553 882 orationum
1586 836 1682 876 ve-

93 937 324 981 strarum
357 924 547 994 jugera
579 923 917 993 compleatis.
955 922 1069 992 Ego
1104 921 1210 975 ista
1243 918 1556 989 perstrinxi.
1592 914 1686 969 At-

91 1035 212 1089 que,
248 1028 308 1072 ut
338 1017 520 1072 sciunt
564 1031 778 1083 omnes,
813 1030 1033 1085 possum
1061 1013 1232 1069 videri
1263 1009 1549 1067 familiaris
1577 1022 1692 1063 no-

91 1113 219 1167 tiliae
260 1119 516 1168 secretus
543 1111 837 1180 interpres,
873 1108 1176 1164 domestica
1206 1105 1399 1162 isthaec
1433 1119 1538 1158 non
1573 1111 1680 1156 tam

93 1204 408 1272 praedicare,
440 1219 602 1273 quam
636 1203 888 1273 prodere.
915 1205 1093 1274 Atque
1123 1210 1182 1255 ut
1211 1201 1310 1255 ista
1337 1198 1450 1253 dixi
1479 1198 1548 1253 de
1590 1211 1685 1252 eo-

90 1299 248 1368 gnitis
277 1298 415 1353 mihi
449 1307 612 1369 atque
644 1298 792 1352 intra
825 1297 1007 1352 aulam
1048 1294 1429 1360 familiaribus,
1465 1307 1682 1362 possem

91 1404 142 1448 et
168 1392 301 1447 foris
340 1392 614 1448 celebrata
657 1405 990 1456 memorare,
1033 1389 1140 1444 nisi
1172 1387 1353 1442 omnia
1403 1400 1592 1440 omnes
1628 1392 1685 1439 et

89 1489 386 1559 separatim
428 1489 532 1544 sibi
581 1488 812 1558 quisque
845 1487 1108 1542 novisset.
1141 1483 1362 1549 Possem
1407 1481 1523 1551 pari
1558 1479 1681 1534 bre-

90 1583 249 1637 vitate
316 1582 502 1637 dicere
563 1581 869 1650 Superiora.
930 1573 1372 1634 Emendatissimi
1431 1571 1534 1625 viri
1601 1580 1684 1625 est

89 1673 320 1745 pigenda
377 1690 483 1728 non
543 1674 740 1730 facere.
799 1673 868 1727 At
915 1679 971 1725 tu
1021 1681 1320 1734 numquam
1369 1661 1680 1735 paenitenda

1790 442 2156 499 nevolentiam
2210 453 2357 496 tuam
2415 442 2639 497 aliorum
2690 437 2985 496 collatione
3035 431 3374 504 prrcecllere.

1788 533 2077 590 Abundant
2100 532 2152 588 in
2189 543 2242 588 te
2269 549 2330 586 ea
2364 532 2618 588 bonitatis
2650 541 2704 588 et
2722 529 2942 585 virtutis
2967 524 3238 594 exempla,
3259 538 3380 591 qua:

1786 629 1939 699 sequi
1972 627 2154 697 cupiat
2182 633 2409 682 ventura
2443 625 2733 696 posteritas
2756 665 2785 689 ,.
2811 630 2865 676 et
2893 621 2938 675 si
2975 632 3156 674 rerum
3191 623 3381 670 natura

1787 731 2088 793 pateretur,
2112 719 2310 774 ascribi
2340 718 2442 773 sibi
2476 718 2739 774 voluisset
2781 714 3094 786 antiquitas.
3141 710 3382 767 Necesse

1785 825 1868 872 est
1897 826 2075 871 tamen
2105 814 2307 885 aliquid
2339 812 2668 885 comparari,
2694 798 2956 882 ut'possit
2980 807 3210 877 intelligi
3239 807 3382 862 bona

1787 919 1975 965 nostra
2019 923 2128 979 quo
2175 914 2457 978 praestent.
2487 903 2837 974 [Egrotantes
2873 902 3080 958 amicos
3109 898 3383 966 Trajanus

1786 1005 1965 1060 visere
1992 1002 2226 1068 solebat,
2277 1001 2541 1056 hactenus
2566 998 2621 1052 in
2648 1011 2713 1053 eo
2754 997 2987 1051 comitas
3028 989 3374 1064 praedicanda

1785 1108 1890 1154 est.
1923 1097 2001 1152 Tu
2029 1104 2084 1152 et
2113 1097 2292 1151 visere
2319 1085 2512 1150 solitus
2535 1132 2550 1158 ,
2577 1100 2632 1146 et
2671 1090 2875 1145 mederi
2909 1107 2920 1142 :
2964 1088 3177 1159 prmbes
3222 1087 3381 1141 mini-

1785 1201 1950 1255 stros,
1984 1189 2207 1245 instruis
2238 1188 2413 1255 cibos,
2445 1187 2684 1241 fomenta
2730 1182 3014 1253 dispensas
3036 1223 3051 1248 ,
3102 1189 3410 1249 sumptum.

1786 1285 1976 1358 adjicis
2006 1283 2366 1347 medelarum,
2398 1278 2697 1336 consolaris
2730 1276 2955 1332 affectos
2981 1319 2993 1341 ,
3036 1273 3381 1329 revalescen-

1787 1379 1930 1434 tibus
1961 1376 2272 1447 gratularis.
2301 1373 2356 1427 In
2386 1380 2516 1443 quot
2548 1371 2664 1424 vias
2695 1368 2763 1425 de
2785 1381 2888 1423 una
2907 1366 3025 1436 ejus
3044 1362 3383 1418 humanitate

1785 1470 2173 1545 progrederis?
2201 1465 2528 1538 Legionihus
2555 1461 2830 1519 universis
2855 1501 2872 1529 ,
2920 1468 2978 1515 ut
3023 1459 3076 1514 in
3108 1455 3384 1511 communi

1785 1567 1955 1622 Marte
1982 1563 2184 1628 evenit,
2219 1562 2264 1616 si
2297 1559 2424 1632 quid
2451 1558 2666 1614 adversi
2697 1555 3012 1619 acciderat,
3057 1550 3168 1605 vidi
3194 1559 3244 1604 te
3274 1549 3380 1603 cir-

1781 1657 1986 1721 cumire
2016 1655 2250 1713 tentoria
2271 1698 2283 1721 ,
2314 1652 2629 1707 satin’salve
2659 1663 2908 1720 qumrere
2934 1689 2948 1711 ,
2994 1653 3232 1701 tractare
3259 1640 3378 1696 vul-

87 1767 253 1823 fecisti
280 1813 295 1837 ,
345 1778 401 1823 et
439 1781 655 1836 semper
710 1765 923 1820 veniam
976 1760 1362 1833 pmniteutibus
1412 1757 1675 1812 obtulisti.
1712 1743 1756 1803 Β
1786 1764 1912 1804 nera
1946 1748 2279 1812 sauciorum,
2306 1756 2358 1800 et
2391 1753 2449 1800 ut
2472 1743 2773 1799 salutifera:
2822 1746 3226 1811 apponerentur
3265 1748 3380 1789 tne-

88 1852 377 1915 f’ulchrum
429 1868 512 1914 est
561 1858 845 1929 indulgere
895 1855 1232 1911 timentibus.
1295 1851 1401 1908 Sed
1451 1861 1503 1906 tu
1555 1866 1682 1921 per-

86 1962 255 2021 petua:
327 1951 587 2006 bonitatis
648 1949 841 2005 edictis
902 1947 1182 2004 occurristi
1245 1944 1537 2008 omnibus,
1609 1958 1677 1999 ue

89 2044 359 2100 timerent.
417 2043 757 2114 Magnificum
816 2039 999 2111 largiri
1052 2039 1309 2094 honores.
1361 2037 1443 2092 Tu
1508 2037 1674 2092 hono-

86 2143 227 2190 ratos
281 2145 336 2190 et
391 2135 714 2190 liberalitate
763 2132 972 2188 ditasti.
1029 2129 1319 2186 Laudabile
1370 2137 1455 2183 est
1506 2130 1676 2196 impe-

87 2238 318 2282 ratorem
378 2227 566 2283 faciles
623 2223 1100 2295 interpellantibus
1150 2222 1398 2292 praebere
1451 2221 1672 2289 aditus,

86 2336 178 2376 nec
223 2319 297 2376 de
349 2320 709 2390 occupatione
761 2318 999 2374 causari.
1047 2320 1128 2375 Tu
1180 2319 1474 2375 confirmas
1527 2314 1677 2370 adire

81 2421 420 2480 cunctantes,
471 2414 634 2469 etiam
685 2413 1042 2484 querimoniis
1089 2413 1393 2483 explicatis,
1447 2427 1513 2466 ne
1547 2409 1675 2481 quid

81 2503 254 2559 adhuc
304 2505 567 2570 sileatur,
617 2506 941 2575 interrogas.
995 2505 1229 2562 Celebre
1271 2505 1375 2559 fuit
1418 2504 1524 2558 Titi
1561 2505 1679 2558 tlte-

81 2599 215 2654 saris
247 2598 478 2664 dictum,
517 2599 821 2664 perdidisse
845 2599 1109 2664 sedietn,
1137 2613 1245 2666 quo
1276 2597 1407 2653 nihil
1441 2598 1567 2653 boni
1601 2598 1678 2653 fc-

81 2698 245 2744 cerat.
297 2690 406 2746 Sed
449 2691 667 2748 celebre
724 2692 841 2759 fuit,
875 2691 1001 2762 quia
1035 2690 1356 2760 VeSpasiani
1389 2705 1678 2746 successor

81 2781 311 2850 dixerat,
367 2783 522 2853 cujus
554 2783 716 2838 nimia
767 2784 1134 2854 parcimonia,
1179 2793 1236 2839 et
1265 2787 1556 2839 austeritas
1586 2785 1674 2838 vix

81 2871 303 2929 ferenda
340 2876 530 2930 miram
580 2875 784 2930 fecerat
824 2877 918 2930 filii
969 2876 1271 2931 lenitatem.
1319 2878 1398 2932 Tu
1431 2877 1674 2932 Valenti-

81 2967 236 3022 niano
262 2969 504 3037 genitus,
540 2967 696 3036 cujus
725 2968 832 3022 alta
866 2969 1102 3033 bonitas,
1147 2971 1669 3040 prrcsens'comitas,

83 3067 378 3129 temperata
403 3060 668 3116 severitas
699 3060 819 3123 fuit,
849 3070 1003 3131 parto
1021 3071 1075 3118 et
1101 3063 1323 3118 condito
1346 3065 1548 3134 optime
1573 3065 1675 3120 rei-

1781 1841 1941 1908 dela',
1972 1851 2134 1912 atque
2161 1849 2223 1896 ut
2255 1855 2359 1916 no_n
2392 1843 2722 1902 cessaretur,
2755 1834 2980 1888 inatare.
3033 1828 3158 1884 Vidi
3205 1839 3379 1897 quos-

1780 1932 1902 1987 dam
1925 1931 2285 1999 fastidieutes,
2304 1930 2508 1993 cibum,
2530 1935 2583 1982 te
2598 1924 3035 1991 commendante,
3055 1918 3377 1987 sumpsisse.

1780 2025 1974 2082 Audivi
2007 2024 2385 2080 confirmantia
2410 2021 2474 2076 ad
2490 2021 2721 2076 salutem
2753 2016 2918 2073 verba
2940 2013 3171 2086 profari;
3191 2026 3382 2067 occur-

1781 2117 1902 2172 rer’e
1920 2117 2208 2173 desideriis
2233 2116 2594 2186 singulorum;
2615 2112 2774 2181 hujus
2797 2109 3038 2165 sarcinas
3064 2107 3224 2161 mulis
3245 2104 3382 2159 auli-

1778 2211 1857 2266 cis
1870 2212 2088 2277 vehere;
2106 2211 2189 2265 bis
2202 2211 2461 2280 specialia
2477 2209 2722 2279 jumenta
2737 2203 3122 2276 praeberezillis
3136 2201 3381 2254 ministe-

1779 2305 1857 2359 ria
1908 2304 2248 2373 perditorum
2297 2304 2608 2358 instaurare
2655 2301 2928 2362 lixarum;
2977 2297 3210 2351 aliorum
3252 2307 3380 2363 ege-

1777 2407 1972 2453 statem
2015 2398 2251 2454 tolerare
2293 2407 2544 2466 sumptu;
2599 2397 2792 2450 borum
2848 2393 3152 2447 nuditatem
3194 2389 3382 2444 velare

1779 2492 2011 2556 vestitu;
2057 2491 2239 2546 omnia
2288 2505 2454 2560 agere
2485 2487 2756 2544 indefesse
2798 2496 2851 2541 et
2885 2484 3143 2554 benigne,
3176 2482 3379 2551 pietate

1779 2585 2039 2652 maxima,
2074 2584 2446 2640 ostentatione
2477 2583 2655 2647 nulla;
2691 2580 2872 2636 omnia
2912 2578 3157 2646 prmherc
3186 2576 3374 2644 a-gris,

1779 2676 1911 2732 nihil
1946 2676 2281 2747 exprobrare
2309 2674 2534 2730 sanatis.
2573 2672 2703 2728 inde
2735 2671 2947 2726 cunctis
2976 2669 3152 2722 salute
3191 2674 3377 2720 nostra

1777 2773 1994 2830 charior
2011 2773 2182 2828 factus
2207 2771 2472 2836 meruisti,
2504 2778 2563 2824 ut
2584 2770 2813 2823 haberes
2842 2765 3050 2820 amicos
3077 2762 3375 2826 obnoxios,

1777 2878 2094 2938 promptos,
2129 2868 2356 2922 devotos
2379 2907 2396 2933 ,
2431 2863 2622 2919 fideles
2649 2863 2701 2917 in
2735 2875 2914 2916 tevum
2954 2873 3114 2912 omne
3158 2872 3378 2911 mansu-

1775 2978 1863 3020 ros
1897 2981 1910 3017 :
1945 2962 2131 3031 quales
2162 2959 2405 3016 cbaritas
2436 2957 2616 3028 potius
2651 2969 2811 3025 quam
2841 2951 3060 3007 fortuna
3093 2950 3369 3004 conciliat.

1773 3054 2105 3111 Concludam
2139 3054 2394 3121 deinceps
2417 3049 2724 3106 orationem
2748 3061 2949 3111 meam,
2980 3044 3222 3114 piissime
3249 3041 3376 3094 Au-

81 3151 309 3219 publica:
338 3160 504 3220 statu,
562 3151 824 3224 intelligis
854 3169 1013 3224 posse
1043 3164 1098 3209 te
1139 3169 1262 3210 esse
1306 3156 1669 3221 lenissimum,
1703 3131 1748 3193 (ἶ
1778 3160 1972 3222 guste,
2012 3147 2284 3204 sermonis
2334 3145 2504 3216 magis
2547 3145 2652 3198 fine
2689 3156 2850 3212 quam
2889 3139 3096 3211 gratim.
3134 3136 3378 3205 Namque

82 3241 194 3297 sine
218 3242 509 3314 dispendio
533 3243 862 3314 disciplinae.
891 3245 1077 3316 Neque
1107 3262 1239 3302 vero
1265 3263 1427 3302 unum
1452 3246 1670 3317 aliquod

83 3333 276 3388 bonum
309 3350 418 3390 uno
462 3336 554 3392 die
583 3347 833 3406 pratstas,
865 3338 961 3393 sed
991 3337 1354 3408 indulgentias
1382 3339 1671 3395 saeculares

84 3441 173 3496 per
204 3428 416 3498 singula
448 3431 704 3484 horarum
732 3439 1006 3486 momenta
1039 3432 1507 3498 multiplices.Ve|
1542 3432 1670 3486 illud

85 3534 241 3574 unum
270 3520 576 3590 cujusmodi
605 3532 710 3590 est,
744 3523 811 3578 de
837 3523 1162 3580 condonatis
1191 3525 1420 3581 residuis
1445 3514 1672 3580 tributo-

84 3627 194 3665 rum
225 3613 248 3665 ?
276 3613 434 3679 Quod
465 3623 520 3668 tu
549 3629 710 3694 quam
743 3616 1014 3670 cumulata
1045 3616 1285 3672 bonitate
1305 3616 1513 3671 fecisti?
1539 3617 1672 3683 Quis

84 3720 332 3774 umquam
364 3706 757 3776 imperatorum
805 3710 908 3764 hoc
940 3710 1231 3777 provinciis
1261 3711 1372 3766 suis
1419 3719 1511 3764 aut
1540 3711 1672 3764 ube-

84 3798 221 3851 riore
247 3797 580 3867 indulgentia
609 3801 778 3867 dedit,
814 3812 908 3856 aut
935 3786 1171 3858 certiore
1215 3804 1510 3857 securitate
1543 3817 1669 3872 pro-

84 3889 276 3954 spexit,
323 3895 421 3943 aut
450 3889 730 3958 prudentia
765 3891 1106 3947 eonsultiore
1151 3894 1411 3948 munivit?
1446 3893 1671 3948 Fecerat

84 3989 134 4032 et
160 3979 430 4048 Traianus
457 3983 606 4046 olim,
635 3984 729 4037 sed
755 3985 1004 4053 partibus
1028 3987 1278 4057 retentis,
1309 4003 1415 4040 non
1439 3987 1670 4040 habebat

84 4081 280 4130 tantam
311 4076 732 4132 oblectationem
763 4082 1009 4134 concessi
1042 4080 1207 4134 debiti
1242 4082 1439 4149 portio,
1468 4091 1669 4149 quanta

83 4168 294 4223 suberat
320 4170 628 4226 amaritudo
669 4172 892 4227 servati.
932 4174 998 4226 Et
1047 4173 1314 4228 Antonius
1346 4174 1665 4241 indulserat,

83 4259 171 4313 sed
205 4261 437 4331 imperii,
472 4277 578 4317 non
626 4263 877 4319 beneficii
905 4279 1191 4320 successor
1225 4265 1451 4330 invidit,
1485 4264 1573 4335 qui
1602 4280 1668 4320 ex

83 4350 419 4407 documentis
466 4353 775 4425 tabulisque
819 4355 1006 4425 populi
1055 4355 1361 4410 condonata
1396 4356 1664 4426 repetivit.

83 4442 158 4497 Tu
187 4457 504 4515 argumenta
531 4451 711 4502 omnia
733 4448 1001 4520 flagitandi
1031 4449 1318 4518 publicitus
1347 4451 1670 4519 arderejus-

85 4536 214 4590 sisti.
268 4537 470 4593 Videre
519 4540 571 4593 in
621 4541 733 4594 suis
762 4555 992 4610 qumque
1040 4538 1170 4593 furis
1198 4555 1395 4594 omnes
1422 4540 1668 4594 civitates

85 4630 562 4702 conflagrationem
591 4632 829 4688 salubris
854 4633 1109 4689 incendii.
1153 4632 1431 4687 Ardebant
1470 4633 1669 4703 stirpes

86 4722 323 4777 fraudum
361 4732 602 4777 veterum
641 4743 652 4776 :
704 4723 968 4780 ardebant
997 4725 1290 4780 seminaria
1343 4724 1666 4778 futurarum.

84 4817 192 4869 Jant
226 4833 284 4872 se
309 4833 432 4871 cum
468 4818 690 4888 pulvere
723 4817 900 4874 favilla
935 4818 1246 4875 miscuerat.
1285 4819 1404 4874 Jam
1437 4817 1672 4873 nubibus

89 4909 261 4964 fumus
314 4911 642 4990 involverat,
676 4920 733 4966 et
761 4911 939 4966 adhuc
969 4899 1190 4967 obnoxii
1221 4912 1276 4966 in
1305 4911 1516 4982 paginis
1543 4925 1674 4966 con-

83 5003 334 5058 crematis
365 5004 561 5060 ductus
591 5004 804 5073 apicum
835 5015 892 5060 et
931 5005 1305 5061 sestertiorum
1355 5014 1508 5060 notas
1545 5017 1667 5060 cum

84 5094 318 5162 juvantia
343 5095 412 5151 de
443 5097 653 5152 ratione
680 5097 998 5162 cernebant,
1030 5097 1174 5166 quod
1208 5097 1569 5151 meminerant
1593 5097 1672 5151 lc-

84 5200 220 5244 ctum
255 5191 360 5260 legi
391 5204 552 5261 posse
579 5199 635 5244 et
661 5201 932 5246 verentes.
958 5191 1097 5258 Quid
1124 5200 1196 5259 te,
1231 5192 1530 5259 imperator
1559 5191 1669 5244 Au-

83 5295 249 5352 guste,
289 5283 702 5355 indulgentius?
733 5283 871 5352 Quid
919 5294 1097 5354 potest
1148 5297 1271 5338 esse
1324 5282 1668 5337 consultius?

84 5376 214 5442 Qum
243 5377 382 5430 bona
409 5385 658 5446 prmstas,
691 5376 880 5444 efficis,
915 5391 982 5431 ne
1006 5375 1208 5431 caduca
1237 5374 1367 5428 sint.
1402 5373 1534 5441 Qua:
1555 5389 1669 5429 ma-

87 5470 131 5523 la
158 5470 371 5537 adimis,
405 5470 670 5540 prospicis
700 5485 767 5524 ne
806 5469 1016 5538 possint
1063 5483 1186 5524 esse
1232 5467 1492 5522 recidiva.
1542 5467 1672 5522 llaec

87 5564 505 5632 provincialibus
555 5564 902 5634 indulgentiae
949 5565 1106 5617 bona.
1162 5563 1298 5630 Quid
1346 5563 1436 5616 illa
1480 5570 1668 5616 nostro

82 5650 288 5712 ordini?
340 5657 500 5724 Quid,
532 5656 620 5709 illa
677 5656 937 5710 militibus
982 5654 1381 5709 Antoniuorutn
1438 5653 1668 5708 comitas

89 5750 224 5808 fuit?
256 5753 320 5809 Et
347 5752 458 5824 jam
491 5747 612 5807 inde
634 5748 1084 5808 Germanicorum
1115 5749 1337 5804 cohorte
1367 5746 1664 5802 amicorum

1693 4508 1746 4568 D

1773 3243 1865 3298 illa
1891 3251 2152 3312 perpetua
2180 3249 2285 3305 est,
2320 3247 2376 3294 et
2413 3235 2593 3306 spatio
2622 3248 2728 3289 non
2762 3229 3155 3297 transmeabili,
3190 3226 3376 3282 termi-

1775 3351 1902 3390 num
1929 3335 2095 3390 caleis
2127 3335 2361 3402 ignorat.
2389 3329 2558 3384 Flcxu
2592 3338 2773 3380 tamen
2803 3337 2974 3394 parvo
3001 3336 3100 3376 nec
3120 3335 3150 3374 a
3177 3330 3228 3375 te
3253 3334 3378 3386 pro-

1773 3427 1863 3484 cul
1895 3435 2181 3482 convertar
2222 3423 2287 3478 ad
2321 3423 2529 3477 Deum:
2564 3419 2793 3474 Aﬂterne
2837 3415 3079 3470 omnium
3126 3411 3339 3481 genitor
3362 3451 3379 3476 ,

1775 3520 1894 3589 ipse
1925 3533 2033 3573 non
2066 3517 2254 3587 genite
2296 3514 2503 3584 opifex,
2542 3521 2596 3566 et
2625 3523 2788 3565 causa
2827 3505 3056 3571 mundi,
3110 3502 3379 3573 principio

1774 3610 2047 3678 antiquior
2070 3649 2084 3674 ,
2125 3608 2232 3662 ﬁne
2264 3605 2604 3670 diuturnior,
2641 3600 2733 3670 qui
2766 3598 2966 3668 templa
3016 3596 3115 3650 tibi
3157 3605 3214 3650 et
3250 3608 3376 3648 aras

1773 3706 2148 3779 penetralibus
2205 3704 2538 3758 initiatorum
2599 3698 2878 3754 mentibus
2931 3693 3263 3757 condidisti,
3320 3703 3376 3745 tu

1773 3801 2030 3858 Gratiano
2072 3801 2426 3853 humanarum
2462 3807 2641 3849 rerum
2676 3791 2936 3854 domino,
2975 3785 3242 3855 ejusmodi
3282 3799 3374 3838 se-

1773 3897 1919 3951 mina
1977 3894 2146 3949 nostri
2191 3891 2398 3946 amoris
2452 3886 2692 3951 inolesti,
2753 3892 2813 3938 ut
2857 3881 2995 3937 nihil
3038 3879 3090 3933 in
3121 3880 3373 3949 digressu

1773 3988 1991 4059 segnior
2020 3986 2229 4050 factus,
2259 3981 2597 4037 meminisset
2621 3988 2674 4032 et
2697 3976 2870 4032 relicti
2897 4017 2912 4042 ,
2944 3974 3243 4028 illustraret
3273 3972 3342 4023 ab

1771 4089 2007 4144 sentem,
2043 4076 2398 4147 prmscntibus
2427 4071 2746 4127 anteferret.
2784 4068 2920 4122 Dein
2946 4066 3071 4137 quia
3103 4067 3377 4120 interesse

1771 4169 2088 4242 primordiis
2110 4165 2388 4236 dignitatis
2417 4179 2512 4233 per
2547 4162 2790 4216 iocorum
2823 4157 3109 4213 intervalla
3143 4171 3249 4210 non
3275 4168 3372 4224 po-
3440 4200 3444 4204 .

1771 4274 1934 4328 terat,
1964 4263 2030 4318 ad
2065 4261 2461 4317 solemnitatem
2482 4254 2751 4310 condendi
2782 4252 3007 4307 honoris
3029 4256 3369 4309 occurreret,

1771 4357 2054 4412 beneficiis
2093 4369 2160 4406 ne
2194 4351 2412 4406 deesset
2450 4347 2710 4402 officium.
2739 4345 2872 4410 Qua:
2901 4343 3046 4397 enim
3081 4338 3369 4404 memoria,

1772 4449 2051 4514 memoria,
2080 4448 2320 4516 inquam,
2341 4453 2714 4497 transcursum
2739 4447 2903 4492 tanta:
2925 4433 3254 4498 celeritatis,
3287 4431 3371 4485 vel

1773 4542 1824 4598 in
1851 4539 2146 4595 audacibus
2175 4537 2488 4591 Grmcorum
2538 4530 2732 4586 fabulis
2769 4535 3076 4583 commenta
3116 4525 3238 4578 est?
3271 4523 3372 4577 Pe-

1773 4648 1934 4705 gasus
1956 4631 2187 4684 .voluccr
2225 4635 2378 4680 actus
2409 4640 2437 4677 a
2463 4623 2629 4694 Lycia
2660 4635 2768 4676 non
2798 4619 2938 4674 ultra
2968 4616 3211 4672 Ciliciam
3243 4628 3371 4682 per-

1775 4725 1992 4781 meavit.
2031 4721 2282 4792 Cyllarus
2311 4726 2474 4787 atque
2505 4716 2671 4770 Arion
2704 4713 2846 4767 inter
2875 4710 3050 4778 Argus
3089 4706 3374 4762 Nemeam-

1773 4834 1878 4891 que
1912 4824 2230 4874 senuerunt.
2279 4811 2387 4882 lpsi
2428 4810 2713 4865 Castorum
2744 4805 2890 4873 equi,
2941 4800 3083 4887 quod
3121 4798 3372 4868 longissi-

1776 4928 1922 4969 tnum
1955 4913 2057 4966 iter
2082 4920 2185 4975 est,
2217 4923 2325 4962 non
2358 4904 2460 4959 nisi
2491 4909 2697 4958 mutato
2727 4876 3368 4952 vectoretranscurrunt.

1773 5006 1876 5072 Tu,
1897 5004 2174 5070 Gratiane,
2204 5009 2279 5055 tot
2300 4995 2530 5052 Romani
2557 4991 2769 5060 imperii
2800 4989 3019 5050 limites,
3046 4994 3124 5039 tot
3147 4983 3372 5036 flumina

1773 5109 1827 5153 et
1856 5099 2028 5162 lacus,
2065 5102 2146 5149 tot
2185 5100 2428 5146 veterum
2461 5086 2755 5150 intersepta
2795 5091 3090 5148 regnorum
3121 5074 3370 5140 abusque

1772 5161 2133 5255 Thraciaper
2160 5193 2328 5236 totunt
2355 5180 2537 5250 (quant
2563 5173 2756 5241 longus
2785 5172 2892 5238 est)
2923 5168 3098 5221 locum
3142 5161 3366 5233 lilyrici,

1774 5280 2077 5342 Venetiam,
2112 5274 2522 5344 Liguriamqne,
2559 5277 2612 5321 et
2645 5263 2879 5320 Galliam
2906 5268 3167 5322 veterem,
3210 5257 3366 5309 insu-

1772 5370 2029 5446 perabilia
2064 5366 2302 5430 Rhetim,
2355 5360 2526 5416 llheni
2575 5356 2834 5420 accolas,
2868 5352 3248 5421 Sequanorum
3280 5347 3369 5402 in-

1773 5468 1878 5528 via,
1908 5473 2150 5534 porreeta
2176 5456 2502 5520 Germaniae,
2529 5449 2792 5507 celeriore
2823 5454 3141 5500 transcursu
3168 5481 3182 5507 ,
3206 5452 3369 5508 quam

1775 5565 1858 5612 est
1886 5551 2193 5624 properatio
2219 5548 2387 5603 nostri
2420 5543 2712 5607 sermonis,
2751 5536 2980 5603 evolvis,
3003 5533 3149 5589 nulla
3179 5528 3369 5601 requie

1775 5651 1894 5715 otii,
1927 5662 1992 5702 ne
2023 5643 2202 5699 somni
2228 5639 2448 5712 quidem
2479 5646 2574 5692 aut
2599 5634 2701 5690 cibi
2721 5674 2737 5703 ,
2767 5644 2992 5688 munere
3015 5625 3253 5692 liberali,
3284 5635 3366 5693 ut,

1775 5742 1978 5802 Gallias
2011 5748 2126 5798 tuas
2154 5734 2459 5808 inopinatus
2490 5732 2726 5794 illustres
2747 5773 2762 5801 ,
2802 5735 2858 5785 ut
2887 5722 3165 5785 consulem
3194 5729 3370 5790 tuum,
