3884 6386
391 224 498 281 9η
1796 210 1978 268 DECII
2015 207 2292 268 AUSONll
3590 213 3629 268 9
3645 211 3705 268 l8

398 335 644 410 quamvis
675 333 1034 398 desideratus,
1062 328 1350 399 anticipes,
1373 334 1431 382 ut
1460 325 1608 382 illam
1639 324 1812 396 ipsam
1829 366 1844 392 ,
1872 341 1992 397 quae
2017 327 2075 389 Α
2097 323 2364 381 sermonis
2389 320 2622 393 dignitas
2653 320 2982 390 bonestavit,
3011 321 3157 393 apud
3176 321 3380 378 Gallias
3402 322 3704 380 illustriora

400 447 562 488 auras
586 429 899 502 praicedere
927 425 1084 493 solet,
1117 423 1312 478 famam
1340 420 1505 476 facias
1535 418 1850 476 tardiorem.
1881 419 1997 475 lloc
2103 426 2433 498 praestares‘,
2471 432 2797 494 quaestorem
2830 430 2886 478 ut
2929 431 3082 479 tuum
3121 421 3476 493 praefectum,
3508 433 3564 477 ut
3611 433 3706 479 tuo

399 523 669 581 senectuti
694 535 848 585 meai,
875 517 978 572 hoc
1009 515 1330 570 honoriate
1351 511 1559 580 datum,
1590 525 1878 582 supremus
1905 511 1999 567 ille
2103 518 2357 592 prmiorio
2404 515 2687 572 consulem
2737 526 2919 582 tuum,
2967 524 3023 571 et
3076 515 3220 585 quod
3272 511 3450 568 adhuc
3489 516 3707 571 cunctis

406 613 620 688 imperii
651 621 704 668 et
729 609 1079 667 consiliorum
1109 616 1323 664 tuorum
1341 605 1477 662 deus
1507 605 1786 671 conscius,
1827 614 1883 661 et
1910 621 1999 660 ar-
2103 612 2242 668 meis
2288 609 2598 666 nominibus
2651 609 2944 679 anteponis
2969 652 2985 680 ,
3045 617 3442 680 praeceptorem
3511 616 3703 677 tuum,

404 712 546 766 biter
571 716 626 762 et
656 702 861 760 auctori
887 700 1112 769 ndulsit,
1131 707 1192 771 ut
1217 701 1407 758 sellam
1436 699 1701 768 curulem,
1728 698 1885 768 cujus
1914 713 2001 756 se-
2103 719 2263 777 quem
2296 705 2381 774 pia
2409 717 2542 758 voce
2583 702 2980 772 declaraveras,
3015 702 3160 774 justa
3196 703 3409 758 ratione
3443 704 3702 772 praetule-

403 804 527 858 dem
559 800 872 871 frequenter
911 784 1162 866 ornabis,
1212 803 1272 853 ut
1309 803 1626 868 praetextam
1662 809 1838 850 meam
1871 810 1999 867 pur-
2106 814 2216 868 ras,
2242 797 2456 855 liberali
2483 798 2732 870 largitate
2765 797 3060 868 ditaveras,
3090 801 3350 871 Augusta:
3375 797 3703 869 dignationis

405 909 554 968 pura:
578 901 680 952 tua-
719 892 841 947 luce
867 890 1098 946 fucatam
1119 931 1137 958 ,
1177 898 1237 945 ut
1263 889 1504 946 trabeam
1531 902 1639 944 non
1669 888 1841 958 magis
1868 902 2002 945 auro
2107 892 2302 951 officiis
2329 908 2705 950 consecrares.

405 1002 506 1043 suo
532 1001 694 1057 quam
733 999 964 1044 munere
995 992 1085 1041 tuo
1128 983 1505 1057 splendidam,
1532 998 1652 1058 quae
1682 982 1752 1039 ab
1786 984 2002 1056 Illyrico
2208 991 2212 994 ‘
2487 987 2644 1059 Apud
2669 987 2980 1044 Gratianum
3009 989 3326 1062 Augustum.

401 1111 3701 1144 nI—I—I——-—————_————————u—_———_———

626 1211 1302 1305 .PERIOCHfE
1375 1214 1499 1299 IN
1569 1212 2049 1300 HOMERI
2119 1214 2533 1304 ILIADA,
2587 1217 2737 1302 ET
2815 1218 3470 1332 QDYSSEAM.

487 1446 546 1503 Si
578 1442 907 1512 llomerum,
945 1441 1272 1515 scriptorem
1302 1441 1482 1499 Troici
1520 1442 1688 1510 belli,
1737 1453 1966 1501 eatenus
1987 1487 2006 1514 ,
2118 1447 2366 1504 ultimum
2391 1448 2628 1506 furorem
2660 1451 2910 1522 progredi
2937 1451 3177 1508 Minerva
3211 1453 3497 1510 vetuisset.
3532 1456 3572 1509 A
3603 1472 3707 1526 quo

420 1556 527 1612 qua
553 1539 779 1594 Iliadem
811 1552 964 1592 suam
999 1538 1208 1608 incipit,
1239 1553 1456 1608 quaque
1485 1538 1605 1594 finit
1628 1580 1645 1607 ,
1688 1554 2012 1610 percensea-

420 1647 581 1702 mus,
626 1646 811 1688 orsum
856 1630 924 1686 ah
969 1631 1254 1686 iracundia
1299 1631 1530 1688 Achillis
1560 1632 1629 1688 ad
1677 1634 2012 1703 sepulturam

2116 1539 2324 1599 Briseis
2353 1543 2658 1600 concubina
2691 1543 2743 1598 in
2772 1544 2950 1600 locum
2990 1545 3314 1617 Cliryseidis
3336 1590 3351 1615 ,
3407 1563 3527 1617 quae
3567 1550 3704 1618 patri

2120 1633 2473 1703 reddebatur,
2517 1635 2752 1692 abducta
2793 1645 2897 1693 est.
2928 1637 3059 1693 Inde
3091 1637 3280 1693 Thetis
3313 1647 3486 1694 mater
3510 1640 3576 1694 ad
3603 1655 3709 1697 cm-

418 1726 694 1793 liectoris,
726 1733 958 1797 quatuor
985 1733 1042 1782 et
1068 1724 1256 1797 viginti
1289 1725 1459 1782 libros
1484 1728 1834 1786 contexuisse
1858 1745 2015 1787 mon-
2045 1754 2095 1816 Β
2123 1729 2230 1784 lum
2257 1769 2272 1795 ,
2316 1728 2586 1799 lacrymas
2624 1737 2681 1785 et
2713 1731 3098 1786 contumeliam
3133 1731 3235 1785 filii
3269 1731 3529 1787 miserata
3556 1732 3710 1802 profi-

420 1820 735 1876 strabimus.
763 1818 890 1874 litec
912 1818 1029 1889 ejus
1054 1818 1268 1889 species
1292 1827 1518 1889 apparet
1544 1831 1812 1876 summam
1834 1830 2018 1878 cutem

424 1914 588 1986 primi
618 1912 798 1984 operis
828 1913 1084 1968 intuenti.
1139 1912 1338 1970 Verum
1378 1913 1484 1970 hoc
1523 1914 1812 1987 scriptura:
1852 1916 2020 1988 ipsius

428 2019 644 2080 tempus
673 2008 912 2079 Trojano
944 2007 1088 2064 bello
1111 2022 1223 2064 non
1246 2018 1440 2078 totum,
1475 2008 1570 2066 sed
1601 2023 1742 2081 pene
1766 2011 2018 2067 ultimum

426 2102 548 2159 fuit.
581 2101 714 2158 Nam
740 2103 784 2158 si
813 2102 956 2157 ratio
989 2102 1230 2172 putanda
1256 2111 1342 2158 est
1371 2104 1794 2174 oppugnationis
1822 2104 2023 2162 decen-

424 2195 536 2263 nis,
565 2209 744 2250 nonus
765 2193 881 2250 fere
906 2208 1082 2249 annus
1109 2235 1123 2260 ,
1167 2193 1419 2265 idemque
1447 2209 1621 2266 prope
1648 2196 1813 2252 ﬁnem
1843 2198 1928 2254 sui
1957 2213 2021 2254 ea

2121 1823 2366 1878 eiscitur.
2400 1822 2533 1891 Qum
2565 1822 2763 1879 fiducia
2790 1823 2996 1880 defensi
3025 1823 3297 1894 quondam
3329 1839 3451 1879 cum
3476 1824 3709 1893 Egeone

2121 1915 2274 1971 Jovis
2301 1915 2474 1971 ultum
2507 1916 2573 1971 iri
2602 1915 2877 1972 affectanti
2908 1916 3157 1987 injuriam
3181 1959 3198 1986 ,
3231 1917 3540 1972 obtestatur
3567 1933 3706 1972 sum-

2122 2025 2272 2065 mum
2301 2009 2554 2079 deorum,
2588 2019 2647 2065 ut
2673 2009 2940 2080 Trojanos
2971 2009 3028 2066 in
3061 2010 3225 2065 rebus
3254 2009 3385 2065 belli
3413 2011 3706 2080 superiores

2124 2115 2246 2157 esse
2277 2102 2534 2171 patiatur.
2567 2101 2777 2170 Quibus
2817 2103 2962 2158 Juno
3005 2103 3302 2170 compertis
3341 2101 3594 2156 iracunde
3621 2101 3707 2156 ad-

2126 2209 2342 2250 versum
2367 2195 2655 2265 conjugem
2679 2203 3075 2250 commovetur.
3098 2193 3204 2248 Sed
3226 2194 3465 2264 gliscens
3486 2193 3704 2263 jurgiuin

428 2288 651 2358 negotia
678 2285 997 2356 continebit,
1031 2303 1151 2359 quae
1179 2287 1248 2343 ab
1277 2287 1477 2358 injuria
1504 2291 1930 2360 Agamemnonis
1959 2307 2023 2348 ac

428 2379 696 2436 Briseidis
724 2379 1079 2465 usurpatione
1103 2394 1272 2451 usque
1299 2381 1367 2436 ad
1395 2381 1557 2438 funus
1587 2382 1839 2440 Hectoris
1861 2385 2024 2455 digna

432 2480 737 2526 memoratu
764 2478 946 2526 erunt.
975 2470 1072 2526 Illa
1103 2480 1405 2543 temporum
1429 2473 1623 2543 series,
1647 2490 1772 2546 qua:
1792 2476 1859 2532 ab
1881 2477 2028 2547 ejus-

2128 2287 2611 2359 perderidiculum,
2649 2288 2992 2343 miniStrantc
3015 2286 3278 2355 Vulcano,
3318 2287 3481 2344 simul
3507 2286 3705 2343 consilii

2127 2381 2313 2453 specie
2339 2379 2717 2438 intercedente
2748 2380 2969 2437 lenitur.
3557 2376 3569 2385 °

434 2511 738 2572 """"‘”"“‘.
765 2511 946 2573 “”““ἶ’
976 2511 1072 2526 ’⁵⁸⁸³
1103 2511 1405 2574 “⁹“”¹’“’.““ἷ“⁸¹
1429 2511 1623 2576 ⁹⁸⁴¹¹⁹⁰3
1647 2511 1771 2546 “¹“⁴⁵’
1792 2511 1859 2532 ⁶¹¹¹
1881 2511 2028 2578 ⁹³¹¹ῗ”
2562 2513 2820 2570 Periocha
2848 2515 2964 2570 libri
2995 2530 3034 2571 ιι
3065 2511 3288 2570 Iliados.

434 2563 562 2618 dem
607 2561 740 2617 belli
777 2576 960 2617 cauSis
1009 2569 1173 2634 atque
1213 2577 1425 2634 origine
1472 2573 1727 2636 pertinet
1757 2568 1826 2622 ad
1875 2566 2028 2624 urbis
2269 2633 2289 2636 ᾲ
2346 2633 2355 2636 ,
2538 2631 2551 2636 ,
2658 2634 2666 2636 ,
3281 2631 3288 2636 .

435 2651 728 2708 excidium.
755 2652 933 2722 Atque
962 2667 1030 2708 ex
1055 2668 1122 2709 eo
1152 2654 1389 2722 eveniet,
1422 2665 1483 2709 ut
1512 2655 1715 2726 ignaris
1751 2657 2028 2728 judicandi

437 2753 494 2798 et
521 2744 839 2800 oeconomiae
870 2743 1205 2814 expertibus,
1257 2745 1428 2801 multa
1458 2747 1674 2802 nobilia
1704 2749 1771 2804 ab
1801 2750 2029 2806 exordio

439 2837 570 2892 belli
618 2852 787 2919 usque
833 2837 900 2893 ad
942 2837 1171 2896 Achillis
1206 2840 1446 2911 jurgium
1476 2842 1679 2897 omissa
1723 2844 2028 2900 videantur.

440 2927 550 2984 Nec
596 2929 776 2985 minus
807 2930 970 2985 multa
1002 2931 1069 2986 ab
1097 2931 1346 2988 Hectoris
1387 2933 1574 2989 funere
1607 2933 1848 3007 adusque
1876 2935 2030 2992 dele-

441 3031 554 3078 tum
581 3022 1009 3090 llium.Quorum
1038 3022 1258 3095 quidem
1291 3026 1525 3080 maxima
1546 3028 1884 3096 exspectatio
1913 3035 2032 3083 erat

2205 3009 2416 3079 Jupiter
2431 3010 2889 3080 Agamemnonem
2911 3022 3103 3062 somno
3119 3017 3301 3062 inonct
3315 3008 3483 3079 pralii
3497 3007 3707 3063 faciendi

440 3125 666 3188 propter
698 3126 804 3172 tam
833 3115 981 3187 longi
1008 3117 1324 3173 certaminis
1352 3120 1898 3176 consummationem.
1925 3120 2031 3176 Sed
2062 3145 2108 3208 ρ
2140 3111 2353 3171 “imitus
2377 3102 2571 3157 adesse
2598 3146 2612 3170 ν
2661 3115 2728 3208 {te
2752 3100 3344 3208 ευηξτίθῑυτέίιηίοπξο
3376 3101 3518 3208 Tum.
3545 3102 3629 3203 ius
3659 3103 3703 3154 ίῖι

2258 2633 2516 2693 C(elestes,
2538 2631 2888 2693 hominumque
2915 2643 3075 2694 genus
3097 2631 3384 2693 superabile
3409 2631 3540 2680 curis

2256 2696 2540 2758 Tranquilla
2567 2695 2762 2758 obscuri
2787 2699 3055 2756 carpebant
3072 2706 3278 2758 munera
3300 2696 3475 2743 somni.

2259 2761 2323 2820 At
2345 2756 2439 2805 non
2465 2756 2756 2820 pervigilem
2778 2770 2872 2820 nox
2899 2757 3166 2816 irrequieta
3183 2764 3439 2820 tonantem

2258 2819 2442 2880 Leniit,
2466 2817 2749 2868 immodicos
2768 2817 3047 2880 volventem
3078 2819 3230 2867 corde
3259 2825 3478 2880 paratus,

2260 2879 2483 2932 Caedibus
2502 2888 2554 2930 ut
2574 2880 2770 2930 Graium
2793 2879 2962 2929 laesum
2981 2879 3240 2929 ulciscatur
3265 2879 3524 2930 Achillem.

446 3219 507 3265 ut
528 3210 771 3265 divinum
807 3221 1046 3280 poetam,
1080 3210 1214 3265 nihil
1242 3211 1385 3280 quod
1416 3211 1632 3267 illustre
1663 3213 1844 3283 fuerit,
1895 3217 2034 3271 omi-

447 3288 589 3360 sisse
626 3315 926 3374 appareat,
970 3311 1132 3374 atque
1168 3304 1353 3358 omnia
1394 3319 1514 3374 qua:
1560 3305 1706 3359 finiri
1752 3309 2037 3376 oportuit,

447 3397 745 3468 contigisse
765 3439 781 3464 ,
815 3397 1084 3462 breviter,
1116 3407 1169 3452 et
1200 3398 1254 3452 iu
1283 3398 1546 3467 Epitomae
1583 3399 1821 3469 speciem
1847 3441 1864 3466 .
1911 3401 2038 3457 belli

450 3487 635 3543 Troici
665 3503 882 3543 causam
911 3489 1154 3560 originis,
1185 3497 1583 3560 apparatusque
1611 3505 1731 3561 quin
1761 3493 1920 3548 annis
1951 3509 2041 3550 su-

450 3580 757 3650 perioribus
789 3580 1139 3648 acciderunt,
1171 3583 1528 3638 retexuimus.
1561 3568 1763 3640 Horum
1796 3587 2038 3643 omnium

449 3674 624 3742 prima
648 3674 802 3743 origo
829 3667 914 3729 est
941 3673 1152 3730 Paridis
1171 3675 1433 3744 judicium
1461 3675 1603 3732 inter
1628 3677 1778 3746 dcas,
1810 3679 2040 3749 denique

452 3764 642 3820 classis
670 3767 977 3836 coiitextio,
1011 3781 1120 3837 qua
1149 3765 1290 3822 idem
1317 3767 1470 3824 Paris
1501 3769 1554 3823 in
1583 3770 1854 3841 Europam
1887 3775 2038 3826 navi—

449 3859 618 3928 gavit.
647 3857 782 3913 Tum
815 3860 989 3930 raptio
1014 3859 1234 3916 Helena:
1258 3901 1274 3928 ,
1324 3875 1444 3930 quae
1495 3861 1752 3932 opinione
1793 3873 2039 3920 veterum

453 3953 708 4024 bipartita
737 3963 842 4023 est,
871 3955 1015 4025 quod
1043 3956 1287 4026 plerique
1315 3955 1578 4012 Helenam
1602 3957 1752 4028 juxta
1795 3958 2042 4016 llomeri-

454 4061 578 4102 cum
603 4047 814 4118 plasma
843 4046 908 4101 ad
940 4046 1160 4116 Trojam
1195 4046 1533 4118 deportatam
1567 4047 1736 4104 fuisse
1766 4048 2045 4105 existima-

454 4147 682 4206 verunt,
714 4138 962 4196 nonnulli
987 4148 1172 4195 autem
1193 4140 1396 4211 opinati
1422 4150 1571 4208 sunt,
1598 4141 2045 4199 cumAlexandcr

457 4248 620 4290 cursu
649 4233 955 4289 deerrasset
974 4274 990 4302 ,
1031 4231 1353 4304 delatusque
1383 4232 1450 4289 ad
1477 4232 1771 4306 Egyptuin
1811 4234 2042 4305 fuisset,

461 4329 676 4398 cognita
726 4327 1008 4398 hospitalis
1055 4326 1278 4384 foederis
1322 4328 1515 4399 injuria
1541 4371 1557 4396 ,
1605 4344 1701 4399 per
1730 4329 2043 4402 [Egyptium

460 4438 645 4496 regem
673 4463 688 4488 ,
719 4420 1183 4476 servaiitissimum
1211 4421 1345 4492 justi
1372 4424 1547 4478 virum
1575 4463 1591 4488 ,
1631 4423 1891 4479 Helenam
1923 4440 2044 4480 cum

456 4518 549 4585 iis,
578 4531 702 4588 qua:
728 4530 836 4570 una
859 4529 982 4570 cum
1012 4513 1204 4570 eadem
1231 4516 1441 4572 fuerant
1461 4559 1477 4585 ,
1504 4518 1809 4589 abreptam,
1840 4518 2047 4576 Paridi—
2077 4534 2125 4592 ι)

461 4627 569 4682 que
597 4608 888 4678 sublatam,
938 4614 1245 4679 expugnato
1278 4607 1497 4666 demum
1532 4609 1650 4678 llio,
1686 4611 1932 4668 Menelifo
1961 4628 2049 4669 re-

456 4705 724 4762 stitutam.

838 4792 1095 4850 Periocha
1121 4792 1241 4849 libri
1269 4793 1424 4864 primi
1450 4791 1669 4850 Iliados.

588 4913 735 4970 Iram,
765 4911 896 4973 diva,
928 4908 1067 4959 refer
1089 4909 1194 4973 nati
1217 4906 1400 4973 Peleos
1422 4909 1630 4958 Achillei

586 4970 901 5037 Pestiferam,
928 4986 1039 5036 qua:
1058 4971 1194 5022 mille
1217 4970 1355 5022 dedit
1379 4973 1658 5022 discrimina
1681 4970 1894 5022 Achivis.

534 5083 774 5155 Cliryses
803 5080 1070 5152 Apollinis
1093 5079 1355 5136 sacerdos
1380 5081 1449 5136 ob
1478 5080 1849 5137 redimendam
1880 5078 2047 5135 filiani

462 5193 586 5235 cum
600 5175 995 5248 Agamemnoni
1022 5173 1382 5244 supplicasset
1400 5183 1452 5229 et
1467 5173 1852 5230 contumeliose
1869 5173 2048 5243 repulo

461 5282 558 5324 sus
572 5268 744 5340 [ειιρρ.
760 5265 948 5337 esset],
965 5266 1129 5321 deum
1144 5274 1395 5334 precatur
1409 5266 1655 5322 ultorem:
1674 5265 1916 5322 insecuta
1930 5265 2050 5320 sub-

461 5359 589 5415 inde
600 5358 751 5428 gravi
762 5358 1089 5427 pestilentia,
1107 5372 1228 5412 cum
1242 5357 1554 5413 Graecorum
1568 5358 1841 5414 exercitus
1858 5358 2050 5413 interi-

459 5458 568 5517 ret,
590 5449 737 5520 cogit
755 5449 993 5505 Achilles
1016 5449 1330 5518 concilium,
1351 5459 1406 5506 et
1422 5451 1489 5506 ab
1502 5451 1692 5507 eodem
1707 5449 1909 5506 invitus
1929 5449 2050 5505 Cal-

460 5540 594 5596 chas
615 5539 791 5596 morbi
812 5555 1030 5597 causam
1051 5543 1395 5613 compellitur
1417 5542 1685 5599 indicare:
1706 5559 1809 5615 qua
1832 5543 2050 5613 cognita

461 5635 838 5704 Agamemnon
875 5636 1178 5692 concitatur
1222 5636 1278 5691 in
1307 5636 1593 5692 Achillem.
1654 5636 1757 5704 Qui
1805 5635 2048 5707 percitus

460 5723 740 5789 iracundia
769 5729 937 5792 etiam
963 5728 1164 5792 ςωιιθιιι
1197 5728 1342 5802 regis
1382 5728 1611 5786 audebat
1639 5769 1654 5799 ,
1697 5728 1802 5786 nisi
1835 5741 1958 5784 cum
1990 5726 2045 5782 in

2141 3195 2430 3251 consilium
2465 3193 2782 3265 proceribus
2809 3193 3110 3259 advocatis,
3148 3192 3465 3248 mandatum
3496 3193 3637 3247 Jovis
3663 3203 3707 3248 et

2140 3288 2381 3358 speciem
2411 3295 2686 3341 nocturnae
2718 3285 2915 3355 quietis
2944 3285 3220 3355 exnlanat.
3247 3284 3366 3338 Mox
3392 3285 3446 3339 in
3465 3286 3705 3340 concione

2143 3379 2494 3436 multitudine
2523 3387 2875 3450 congregata,
2906 3389 3176 3450 pertentat
3207 3379 3445 3432 militum
3477 3377 3705 3432 volunta-

2143 3484 2254 3531 tem
2276 3516 2291 3540 ,
2334 3483 2498 3544 utque
2546 3471 2795 3542 deposito
2838 3472 2982 3527 bello
3011 3473 3078 3527 ad
3113 3487 3208 3527 sua
3237 3472 3440 3543 quique
3467 3472 3704 3535 redeant,

2142 3567 2485 3623 cohortatur.
2519 3563 2746 3635 Jamque
2785 3565 3038 3619 omnibus
3087 3565 3490 3634 navigationem
3531 3564 3706 3618 adhor-

2143 3659 2403 3720 tantibus.
2421 3656 2563 3713 fmda
2588 3656 2855 3712 discessio
2884 3657 2953 3712 ab
2979 3657 3174 3727 Ulysse
3199 3657 3512 3712 cohibetur.
3547 3656 3591 3711 A
3615 3672 3706 3726 quo

2143 3751 2305 3806 etiam
2334 3749 2612 3805 Thersites
2639 3748 2899 3803 deformis
2931 3757 2986 3803 et
3015 3749 3213 3819 loquax
3241 3793 3254 3817 ,
3300 3757 3357 3803 et
3398 3750 3452 3803 in
3493 3749 3704 3803 lleroum

2143 3842 2500 3898 contunielias
2528 3833 2817 3896 verborum
2840 3840 3062 3895 licentia
3091 3851 3372 3909 promptus
3393 3857 3514 3896 cum
3538 3843 3704 3896 acerba

2144 3923 2527 4005 obﬁirgatione
2553 3933 2816 4004 pulsatur.
2844 3932 2964 4001 ipse
2993 3932 3247 3988 Minervae
3278 3934 3485 3991 monitu
3513 3944 3705 3989 cunctos

2144 4044 2173 4084 a
2202 4028 2537 4099 profectione
2560 4029 2819 4084 deterret.
2870 4028 3098 4099 Sumpto
3121 4029 3320 4085 deinde
3343 4030 3473 4085 cibo
3495 4039 3706 4084 armatur

2146 4119 2443 4176 exercitus.
2490 4119 2677 4189 Neque
2716 4121 2896 4174 secius
2922 4135 2950 4171 a
2980 4119 3232 4189 Trojaiiis
3281 4121 3543 4175 instructa
3587 4119 3705 4172 acies

2146 4211 2287 4267 Iride
2323 4212 2395 4266 ita
2423 4218 2681 4265 monente
2725 4210 3063 4280 producitur.
3109 4210 3366 4281 Sequitur
3404 4211 3706 4266 enumeratio

2148 4303 2429 4370 c0piarum
2460 4301 2661 4356 viritim
2684 4347 2697 4370 ,
2744 4309 2800 4355 ut
2842 4317 2936 4371 per
2964 4302 3201 4373 eatalogi
3238 4302 3438 4359 seriem
3489 4303 3702 4371 milites,

2151 4410 2338 4466 nares,
2372 4395 2558 4462 duces,
2593 4393 2782 4466 patria:
2805 4396 3130 4451 refcrantur.

2578 4531 2833 4587 Periocha
2859 4533 2977 4587 libri
3001 4549 3057 4588 ιιι
3086 4533 3309 4590 Iliados.

2273 4649 2479 4710 Argivos
2497 4657 2580 4695 sua
2604 4659 2828 4707 quosque
2853 4648 2984 4695 acies
3006 4648 3054 4695 in
3081 4648 3209 4696 bella
3234 4659 3533 4710 sequuntur,

2273 4709 2503 4772 Dispositi
2521 4710 2566 4772 in
2583 4714 2766 4756 turmas
2782 4711 3001 4772 equitum
3017 4709 3602 4772 cuiicosmie’pmicstrcs.

2271 4769 2491 4821 Turbida
2521 4770 2811 4832 clangentes
2833 4769 3130 4820 confundunt
3153 4769 3348 4834 agmina
3373 4773 3548 4824 Troes.

2222 4894 2551 4950 lnstructum
2580 4893 2768 4963 priclio
2797 4894 3092 4948 exercitum
3123 4934 3138 4959 ,
3195 4895 3514 4965 priusquam
3553 4897 3701 4950 feriret

2153 4987 2319 5056 acies,
2347 4985 2594 5040 Priamus
2617 4991 2879 5054 spectate
2899 4987 3088 5051 muris,
3118 4994 3174 5039 et
3197 4981 3502 5043 monstratu
3525 4989 3701 5044 Helena:

2152 5080 2220 5134 de
2251 5077 2379 5133 viris
2414 5076 2713 5147 insignibus
2754 5075 3031 5132 educetur.
3090 5078 3298 5134 Dehinc
3346 5079 3615 5136 Menelaus
3648 5081 3698 5135 ad

2151 5170 2424 5240 singulare
2471 5177 2744 5223 certamen
2786 5169 2853 5222 ab
2880 5169 3189 5224 Alexandro
3239 5182 3564 5240 provocatur
3593 5193 3603 5225 :
3631 5173 3699 5241 qni

2153 5262 2350 5317 frustra
2379 5263 2788 5332 Agamemnone
2814 5260 3158 5326 deliortante,
3189 5264 3569 5332 congreditur:
3595 5265 3701 5318 facta

2151 5357 2291 5410 inter
2321 5363 2579 5424 utrosque
2605 5353 2830 5424 populos
2857 5353 3174 5422 sponsione,
3209 5363 3266 5409 et
3295 5353 3504 5411 fcedere
3528 5373 3614 5425 per
3634 5371 3700 5409 sa-

2155 5462 2245 5503 cra
2272 5446 2486 5502 firmato
2508 5489 2522 5514 ,
2555 5445 2656 5500 sub
2686 5460 2748 5500 ea
2779 5444 3117 5510 conditione,
3152 5455 3210 5500 ut
3241 5447 3508 5503 victorem
3540 5448 3699 5503 llelena

2156 5554 2279 5594 cum
2307 5538 2434 5594 dote
2458 5544 2796 5608 sequeretur.
2831 5537 2938 5594 Sed
2972 5548 3259 5608 superatus
3286 5538 3441 5595 Paris
3467 5582 3481 5607 ,
3531 5552 3702 5611 regres-

2157 5645 2354 5700 susque
2391 5630 2458 5684 ad
2502 5629 2692 5686 urbem
2717 5629 2898 5700 jurgio
2941 5629 3127 5686 uxoris
3163 5630 3466 5704 excipitur,
3506 5633 3572 5689 ab
3600 5636 3702 5700 Aga-

2156 5737 2443 5783 memnone
2470 5722 2690 5782 foederis
2717 5731 2873 5793 pacta
2899 5730 3240 5795 repetuntur.
3279 5754 3286 5792 ε
