3908 6334
17 286 151 344 949

515 407 773 464 Periocha
810 406 879 462 lib
916 419 970 463 tv
1007 404 1227 464 Iliados.

188 531 438 594 Juppiter
466 533 655 580 interea
681 543 789 579 cum
811 531 907 580 diis
928 528 1225 594 genitalibus
1243 542 1337 594 una

185 592 473 644 Conditum
499 595 632 655 cogit
655 605 888 655 superum
912 592 976 642 de
999 593 1151 642 rebus
1174 592 1384 642 Achivis.

109 695 262 752 Jovi
297 699 482 769 placet
511 698 696 754 delere
719 697 960 767 Trojam,
992 696 1058 752 ad
1083 697 1222 768 quod
1251 696 1545 767 pertinacia
1575 697 1670 754 Ju-

21 790 225 844 nonis
256 799 501 862 urgetur.
537 789 779 860 Cumque
815 790 866 845 id
897 789 1015 845 fieri
1046 789 1287 846 Minerva
1324 800 1665 861 properaret,

22 880 357 937 dissidium
396 881 618 938 foederis
647 879 1094 949 comminiscitur,
1129 889 1184 936 et
1220 881 1526 937 Pandarum
1575 897 1663 937 sa-

21 975 298 1043 gittandi
333 977 563 1047 peritum
593 986 712 1030 astu
738 973 1014 1031 suadentis
1036 975 1364 1048 aggreditur,
1403 984 1462 1030 ut
1493 976 1662 1044 clam,

22 1065 356 1121 vulnerato
379 1066 646 1132 Menelao,
678 1064 807 1120 belli
837 1080 998 1122 causa
1021 1067 1325 1122 crudescat.
1351 1066 1468 1133 Quo
1497 1066 1661 1137 facto,

19 1172 54 1210 ει
93 1157 337 1214 Graecis
367 1159 609 1229 praelium
647 1159 1000 1227 instauratur,
1046 1159 1464 1232 congress-isque
1508 1176 1664 1217 exer-

24 1248 271 1307 citibus
300 1260 483 1307 mutua
510 1251 662 1307 clade
692 1250 1024 1308 decernitur.

510 1386 770 1442 Periocha
807 1388 896 1441 lib.
928 1402 963 1442 v
1001 1386 1227 1445 Iliados.

183 1499 286 1550 Hic
310 1506 362 1549 et
385 1499 620 1562 Tydidem
640 1495 875 1548 nfonitum
896 1498 1114 1549 Tritonia
1140 1499 1297 1549 Pallas

177 1563 379 1611 Audaci
401 1568 582 1612 virtute
607 1562 788 1623 replet,
815 1564 964 1611 vomit
989 1575 1140 1623 aurea
1164 1563 1380 1611 ﬂammas

177 1625 369 1686 (lassis,
396 1633 447 1673 et
473 1622 736 1686 undantem
759 1623 959 1686 clypeus
981 1622 1264 1684 deiulgurat
1281 1625 1469 1685 ignem.

171 1685 196 1733 ι
207 1699 304 1748 pse
327 1685 595 1736 autumnali
611 1685 795 1735 clarum
808 1685 961 1735 micat
975 1686 1179 1734 aemulus
1194 1691 1345 1736 astro.

108 1791 430 1848 Diomedes
458 1792 663 1847 auxilio
690 1791 944 1848 Minervae
973 1800 1194 1849 strenue
1223 1793 1517 1863 proeliatur.
1555 1794 1658 1850 γε.
1688 1797 1733 1858 Β

20 1901 148 1941 nus
199 1899 423 1957 quoque
459 1886 569 1941 filio
619 1887 908 1942 subvenire
945 1895 1159 1953 conata,
1205 1888 1428 1944 vulnere
1467 1887 1660 1945 atfecta

22 1978 385 2048 digreditur.
427 1978 568 2034 Mars
600 1980 763 2034 etiam
793 1979 854 2034 fit
882 1981 1099 2035 saucius
1141 1979 1462 2052 exceditque
1490 1982 1658 2040 bello.

20 2069 323 2139 Sequitur
361 2069 699 2139 Tlepolemi,
740 2069 1183 2141 Sarpedonisque
1220 2073 1556 2142 congressio.
1593 2074 1659 2130 Et

20 2161 413 2232 Tlepolemus
460 2162 711 2219 Ilerculis
760 2161 908 2218 filius
956 2164 1256 2222 certamine
1301 2165 1476 2224 victus
1514 2166 1654 2224 occi-

22 2256 222 2312 ditur.

523 2328 780 2384 Periocha
818 2327 907 2385 lib.
934 2344 987 2391 vt
1024 2329 1250 2385 Iliados.

170 2440 313 2507 Splae
335 2441 594 2507 decertant
613 2443 765 2503 acies,
790 2445 902 2507 sine
925 2445 1125 2493 numine
1154 2445 1336 2507 divum,

173 2503 421 2567 grassante
445 2503 628 2567 auxilio
653 2520 664 2554 :
691 2506 928 2567 vacuique
954 2519 1132 2556 exorsa
1160 2503 1394 2566 laborem,

172 2565 578 2628 Fortunamque;
606 2566 772 2616 ferunt
796 2565 974 2628 proprii
993 2567 1272 2618 discrimine
1297 2568 1398 2618 fati.

102 2670 378 2739 Trojanis
417 2672 639 2727 fortuna
689 2672 1032 2730 inclinatiore
1073 2677 1464 2747 pugnantibus,
1496 2688 1646 2737 vates

25 2763 296 2818 llelenus
321 2763 535 2828 suadet,
570 2772 628 2819 ut
669 2764 906 2820 Minerva
936 2766 1197 2835 placetur.
1228 2768 1397 2839 Igitur
1427 2769 1643 2827 Hecuba

20 2856 98 2908 ab
133 2854 384 2910 IIcctore
411 2858 642 2923 monita,
663 2865 722 2910 ut
753 2858 967 2927 peplum
991 2857 1044 2913 in
1067 2873 1247 2915 arcem
1279 2861 1494 2929 inierat,
1520 2878 1641 2932 per-

25 2947 150 3016 agit
185 2955 317 3001 vota
339 2962 462 3002 cum
493 2948 777 3004 matribus.
805 2949 1114 3008 Alexander
1134 2953 1449 3024 objurgatus
1476 2971 1507 3010 a
1531 2955 1640 3011 fra-

25 3047 116 3092 tre
157 3039 344 3109 pergit
378 3040 431 3094 in
462 3039 730 3108 praelium.
770 3040 1006 3097 Glaucus
1049 3043 1269 3115 Lycius,
1315 3045 1638 3119 Etolusque

29 3129 349 3186 Diomedes
388 3135 668 3203 congressi
700 3147 757 3189 ut
787 3134 1130 3205 dimicarent,
1168 3154 1290 3194 cum
1316 3141 1427 3210 jam
1460 3155 1637 3198 certa-

25 3236 166 3275 men
211 3221 478 3289 oriretur,
523 3235 745 3294 paterna
779 3227 920 3282 inter
948 3242 1008 3284 se
1057 3228 1290 3300 hospitia
1344 3234 1635 3306 recordati,

27 3313 184 3370 facta
213 3329 489 3372 armorum
521 3321 920 3388 permutatione
948 3320 1254 3378 discedunt.

449 3454 458 3510 1;
487 3448 742 3507 Periocha
772 3453 860 3507 lib.
894 3470 966 3510 vn
1004 3453 1227 3511 Iliados.

168 3562 294 3614 Haec
320 3564 404 3614 ubi
428 3565 551 3616 dicta
573 3567 728 3631 dedit,
749 3570 902 3631 portis
923 3581 1038 3620 sese
1057 3572 1234 3623 extulit
1249 3572 1458 3625 Hector.

102 3673 395 3745 Minervae,
428 3676 801 3749 Apollinisque
822 3695 1090 3738 consensu
1116 3683 1444 3741 fortissimus
1485 3687 1635 3745 Grae-

25 3783 231 3835 corum
285 3769 354 3824 ab
403 3770 637 3827 Ilectore
670 3783 1016 3843 provocatur.
1062 3774 1266 3832 Novem
1308 3777 1534 3836 ducibus
1562 3782 1634 3838 ad

27 3858 411 3935 dimicandum
442 3859 661 3930 paratis,
691 3875 1048 3934 pugnaturum
1077 3860 1236 3937 deligi
1262 3868 1440 3938 placet
1464 3873 1633 3928 sortis

26 3961 262 4008 eventu.
296 3952 379 4008 Ab
403 3954 567 4024 Aiace
589 3955 904 4013 Telamonio
926 3960 1170 4029 praelium
1201 3961 1477 4032 singulare
1503 3980 1633 4019 con-

25 4045 263 4111 seritur,
289 4045 342 4100 in
375 4061 481 4115 quo
497 4046 710 4102 Hector
739 4049 916 4118 lapide
954 4052 1091 4106 ictus
1118 4053 1173 4106 in
1204 4068 1426 4109 suorum
1459 4071 1520 4110 se
1545 4073 1631 4112 re—

26 4137 165 4205 cipit
183 4136 605 4192 multitudinem.
631 4137 1017 4197 Perseverante
1033 4145 1331 4200 certamine
1359 4147 1628 4203 caducea-

27 4237 113 4282 tor
144 4229 326 4285 Idceus
347 4231 654 4287 intervenit.
684 4231 822 4287 Tum
852 4235 1080 4291 invicem
1107 4236 1288 4293 missis
1315 4242 1628 4296 muneribus

27 4336 213 4391 pugna
269 4322 514 4376 sedatur.
557 4323 757 4384 llector
801 4326 1024 4396 Ajacem
1063 4328 1262 4398 gladio,
1310 4332 1450 4402 Ajax
1491 4318 1627 4389 Ilec-

24 4424 211 4469 torem
253 4413 432 4470 balteo
474 4427 808 4473 muneratur.
850 4420 1152 4476 lntercessu
1203 4426 1378 4480 noctis
1410 4429 1622 4483 exerci-

31 4517 116 4564 tus
162 4509 368 4579 quique
411 4511 464 4565 in
495 4525 588 4566 sua
621 4512 924 4568 discedunt.
955 4515 1053 4571 Die
1095 4518 1268 4572 altero
1313 4520 1622 4576 interiecto-

28 4618 149 4657 rnm
198 4602 444 4657 humatio
475 4615 817 4673 procuratur.
852 4608 1160 4663 Grzecorum
1205 4611 1368 4666 etiam
1407 4611 1618 4669 navalia

27 4693 175 4750 fossa
207 4709 273 4750 ac
300 4696 444 4750 vallo
471 4696 801 4753 circumdata
823 4701 1161 4765 muniuntur.

438 4836 694 4892 Periocha
732 4838 822 4892 lib.
862 4855 954 4895 vui
995 4839 1215 4897 Iliados.

152 4954 418 5026 Aurorain
441 4955 629 5003 croceis
649 4952 869 5015 fulgebat
894 4954 1028 5004 lutea
1047 4955 1191 5016 bigis.

97 5061 244 5113 Acto
284 5056 506 5112 deorum
529 5057 793 5123 concilio,
822 5056 1033 5127 Jupiter
1060 5075 1158 5129 pro
1188 5069 1340 5130 parte
1388 5077 1620 5133 pronun-

31 5151 144 5217 tiat,
196 5163 294 5202 sua
337 5149 564 5218 quisque
605 5149 877 5203 exercitus
917 5159 1066 5205 sorte
1103 5151 1382 5217 decernat,
1442 5155 1618 5210 nullus

29 5249 258 5303 deorum
282 5246 407 5300 odio
437 5247 491 5301 in
523 5247 747 5301 alterius
787 5246 1025 5302 favorem
1059 5250 1337 5317 procedat.
1386 5252 1442 5306 In
1470 5253 1615 5309 Idam

30 5325 274 5395 montem
301 5341 415 5408 ipse
432 5339 734 5408 digressus,
761 5340 900 5394 unde
928 5341 1098 5395 Graeci
1131 5342 1375 5397 immisso
1405 5353 1614 5400 terrore

29 5428 336 5494 conterriti,
370 5429 508 5497 turpi
541 5428 662 5496 fuga
686 5427 751 5480 ad
781 5430 1114 5484 munimenta
1146 5435 1435 5502 compulsi,
1467 5434 1610 5490 fossa

32 5531 81 5573 ct
108 5519 396 5590 aggeribus
441 5532 563 5572 sese
607 5527 846 5572 tuentur.
896 5519 1160 5575 Jnnonem
1203 5538 1266 5576 ac
1321 5524 1612 5580 Minervam

31 5611 234 5664 Crmcis
264 5607 513 5661 auxiliari
541 5608 781 5662 volentes
808 5611 1026 5664 monitis
1051 5610 1200 5667 Jovis
1232 5613 1329 5667 Iris
1352 5624 1608 5671 exterret.

35 5703 415 5770 liiremptoque
446 5699 515 5755 ob
545 5708 758 5755 noctem
782 5702 1102 5768 certamine,
1133 5703 1611 5775 victorcs'l‘rojani

35 5795 80 5848 in
121 5797 242 5865 ipso
272 5795 448 5864 prailii
492 5795 612 5850 loco
653 5793 909 5849 excubias
961 5795 1260 5852 obsidionis
1289 5799 1606 5872 inStituunt,

1188 286 1559 348 PERIOCHE
1600 284 1667 346 IN
1705 279 1967 344 IIOMERI
2005 283 2254 345 ILIADA.

1697 407 1749 468 Α
1777 403 2070 475 multisque
2107 403 2325 475 ignibus
2373 405 2529 464 factis
2565 420 2666 479 per
2697 412 2866 466 lotam
2898 412 3116 466 noctem
3159 405 3227 464 de
3251 404 3383 468 belli

3275 283 3386 345 950

1771 505 1984 560 ratione
2006 504 2343 575 consultant.

2194 597 2450 656 Periocha
2489 602 2580 656 lib.
2623 617 2681 657 rx
2722 602 2946 660 Iliados.

1891 714 2091 766 Interea
2115 715 2314 779 vigilum
2333 717 2557 768 excubiis
2580 719 2877 768 cohibentur
2901 720 3091 771 Achivi.

1838 823 2048 880 Graacis
2095 833 2152 880 et
2184 824 2459 894 prazterita
2491 825 2846 882 dimicatione
2873 825 3160 896 perculsis,
3195 834 3249 883 et
3281 827 3366 883 in-

1766 924 1946 973 stante
1994 917 2342 989 conterritis,
2397 933 2655 990 proceres
2699 920 2767 975 ab
2798 919 3207 989 Agamemnone
3235 937 3368 976 con-

1765 1019 2054 1067 vocantur.
2103 1011 2310 1080 Quibus
2355 1027 2453 1068 rex
2503 1011 2644 1084 fugae
2694 1012 2920 1067 consilia
2961 1021 3016 1066 et
3043 1019 3368 1081 apparatum

1769 1108 2085 1164 ordinandas
2103 1124 2201 1179 per
2226 1117 2444 1165 noctem
2466 1108 2825 1179 navigationis
2857 1107 3072 1175 indicit,
3105 1106 3368 1161 Diomede

1763 1211 1821 1258 et
1866 1201 2100 1256 Nestore
2143 1200 2579 1258 dehortantibus.
2611 1199 2885 1256 Suadente
2915 1207 3098 1255 autem
3130 1197 3363 1254 Nestore

1763 1295 1901 1363 Ajax
1931 1302 1988 1350 et
2025 1293 2246 1365 Ulysses
2273 1294 2523 1364 legantur
2563 1294 2630 1348 ad
2661 1293 2928 1348 Achillem
2951 1292 3092 1347 dona
3124 1291 3370 1362 ingentia

1764 1385 2112 1457 pollicentes,
2137 1386 2181 1440 si
2208 1385 2440 1442 desistat
2471 1386 2653 1454 irasci,
2684 1395 2738 1442 et
2761 1399 2820 1441 se
2843 1385 3222 1440 auxiliatorcm
3256 1385 3365 1440 fes—

1762 1481 1839 1535 sis
1872 1479 2038 1535 rebus
2059 1479 2458 1536 accommodet.
2485 1479 2590 1535 Sed
2615 1478 2827 1534 Achille
2857 1476 3202 1534 iniracundia
3231 1491 3360 1546 pcr-

1762 1570 2011 1626 tinaciter
2045 1581 2429 1647 permanente,
2457 1569 2622 1642 legati
2646 1570 3001 1640 Achivorum,
3033 1584 3090 1627 re
3120 1583 3229 1626 non
3257 1567 3358 1625 im—

1761 1671 1993 1734 petrata,
2024 1663 2162 1720 irriti
2185 1673 2554 1720 revertuntur.
2787 1677 2793 1683 '

2193 1783 2451 1839 Periocha
2491 1747 2662 1840 1;be
2702 1784 2930 1840 Iliados.

1890 1897 2083 1948 Caetera
2108 1911 2197 1961 per
2215 1910 2364 1961 naves
2388 1910 2557 1947 somno
2580 1899 2738 1961 sopita
2761 1899 2992 1961 manebat

1885 1961 2050 2010 Turba
2071 1957 2267 2022 ducum,
2289 1960 2446 2011 solum
2464 1972 2582 2010 cura
2604 1957 2750 2010 anxia
2776 1965 2928 2010 vexat
2946 1957 3190 2012 Atridem.

1831 2065 2056 2138 Ulysses
2083 2076 2136 2123 et
2174 2065 2463 2122 Diomedes
2500 2065 2841 2136 speculatum
2881 2075 3043 2120 nocte
3074 2063 3355 2135 progressi

1757 2160 2022 2216 Dolonem
2046 2161 2460 2230 conSpicantur,
2486 2160 2579 2230 qui
2610 2167 2665 2214 et
2693 2159 2811 2229 ipse
2841 2158 3127 2228 promissis
3153 2157 3358 2214 Ilecto-

1754 2253 1831 2308 ris
1861 2253 2138 2319 incitatus,
2171 2252 2486 2309 Grtrcorum
2517 2250 2742 2308 consilia
2770 2250 3112 2320 exploratum
3135 2249 3360 2320 prodie-

1755 2353 1860 2400 rat.
1907 2345 1977 2400 Et
2014 2345 2169 2401 fateri
2195 2344 2461 2416 universa
2504 2343 2846 2413 compulsum
2890 2341 3084 2397 eodem
3126 2341 3247 2395 loco
3278 2342 3363 2397 in-

1762 2439 2053 2494 terficiunt.
2103 2441 2145 2492 A
2179 2453 2284 2508 quo
2313 2437 2381 2493 de
2419 2436 2654 2492 adventu
2684 2434 2876 2490 Rhmsi
2908 2432 3178 2494 Timaeum
3210 2431 3355 2503 regis

1753 2529 1953 2595 edocti,
1989 2530 2169 2600 ipsum
2203 2530 2366 2584 etiam
2397 2542 2522 2583 cum
2567 2542 2634 2583 eo
2671 2526 3024 2591 obtruncant,
3072 2539 3354 2595 equosque

1751 2623 1866 2693 ejus
1894 2623 2175 2694 praemium
2205 2623 2374 2679 simul
2397 2631 2454 2679 et
2477 2621 2841 2679 testimonium
2868 2618 3227 2692 grassationis
3249 2619 3351 2673 ad-

1748 2719 1951 2773 ducunt
1981 2717 2220 2788 insignes
2260 2716 2502 2773 candore
2533 2724 2586 2772 et
2616 2714 2917 2783 celeritate,
2952 2719 3011 2768 ut
3047 2719 3102 2768 et
3127 2710 3343 2769 nivibus

1746 2822 1800 2867 et
1831 2811 2008 2867 ventis
2033 2811 2446 2867 antecedercnt.
3105 2831 3146 2877 ελ

2159 2926 2417 2982 Periocha
2454 2926 2544 2981 lib.
2588 2942 2642 2982 x1
2682 2925 2906 2998 Iliados.

1867 3039 2067 3089 Tithoni
2090 3051 2319 3088 croceum
2343 3037 2578 3089 linquens
2601 3037 2788 3086 Aurora
2812 3035 2977 3086 cubile

1864 3101 2140 3164 Spargebat.
2163 3109 2339 3164 terras,
2364 3097 2598 3150 referens
2619 3111 2771 3162 Opera
2795 3107 2945 3161 atque
2969 3097 3187 3149 labores.

1816 3207 1900 3264 Ab
1925 3206 2183 3262 omnibus
2225 3206 2428 3263 Graecis
2455 3206 2670 3278 egregie
2700 3205 2945 3277 quidem,
2980 3203 3079 3275 se'd
3109 3205 3341 3276 impros-

1749 3317 1880 3372 pere
1903 3299 2211 3356 dimicatur.
2236 3300 2476 3368 Quorum
2509 3298 2832 3370 proceribus
2867 3297 3166 3354 vulneratis
3190 3297 3345 3353 inco-

1741 3394 1905 3465 gnitae
1955 3392 2289 3448 multitudini
2329 3406 2506 3462 pugna
2561 3390 2944 3446 comtuittitur.
3006 3390 3123 3457 Qua
3167 3389 3341 3444 afﬂic-

1743 3488 1890 3542 tione
1918 3485 2414 3554 fortunmgAchilles
2446 3485 2723 3555 paulisper
2755 3483 2988 3541 inﬂexus
3025 3483 3340 3540 Patroclum

1740 3578 1904 3634 mittit
1940 3568 2232 3648 praesentia
2262 3578 2632 3648 cogniturum.
2676 3576 2777 3643 Qui
2814 3590 2938 3632 cum
2971 3575 3195 3632 adversi
3226 3585 3340 3632 sta-

1741 3682 1827 3728 tus
1866 3672 2092 3727 nuntius
2135 3678 2527 3738 reverteretur,
2571 3670 2890 3740 Euripylum
2929 3671 3336 3740 contemplatur

1737 3781 1942 3836 aegrum
1983 3780 2051 3821 ex
2091 3764 2354 3820 vulnere:
2401 3762 2765 3838 fomentisque
2806 3761 3030 3820 medicae
3072 3762 3206 3822 artis
3240 3766 3331 3822 ad-

1737 3860 1897 3918 motis
1924 3859 2263 3930 rcdintegrat
2287 3856 2526 3913 sanitati.
2954 3876 2956 3879 ·

2143 3991 2398 4047 Periocha
2438 3991 2529 4046 lib.
2564 4006 2639 4045 xu
2681 3989 2907 4046 Iliados.

1858 4106 2115 4157 Actorides
2135 4103 2267 4157 fovet
2284 4103 2570 4168 Euripylum
2595 4102 2708 4152 dum
2733 4102 2940 4154 vulnere
2967 4102 3168 4156 fessum.

1805 4213 1995 4268 Partes
2041 4211 2221 4266 dubia:
2265 4209 2406 4281 apud
2461 4209 2687 4266 Grtecos
2728 4209 2816 4265 vel
2864 4210 3043 4280 potius
3084 4207 3328 4281 afﬂicta),

1729 4303 1936 4358 ultima:
1962 4303 2192 4358 fortuna:
2232 4311 2373 4356 statu
2413 4310 2673 4373 aguntur,
2709 4301 3099 4370 prmstantibus
3127 4318 3328 4372 proce-

1727 4412 1847 4450 rum
1887 4395 2206 4462 vulneratis,
2252 4403 2452 4449 caetero
2497 4392 2742 4449 exercitu
2781 4392 2966 4463 fugato
3013 4402 3106 4448 aut
3136 4394 3331 4448 formi-

1725 4489 1854 4543 dine
1893 4488 2163 4558 perculso.
2190 4487 2411 4554 Trojani
2443 4484 2716 4539 navalium
2740 4484 3075 4540 munimenta
3113 4487 3326 4540 rescin-

1646 4578 1892 4648 Ddunt,
1932 4581 2245 4650 vallumque
2291 4577 2617 4648 transgressi
2666 4579 2905 4648 auguriis
2947 4580 3205 4647 juvantur
3245 4599 3317 4637 ex

1723 4684 1922 4727 eventu
1949 4671 2234 4741 ambiguis.
2268 4669 2455 4738 Itaque
2482 4682 2538 4726 et
2568 4687 2694 4742 pars
2723 4674 2860 4728 muri
2890 4673 2960 4728 ab
3002 4675 3322 4744 Sarpedone

1724 4765 2078 4831 convellitur,
2105 4773 2158 4818 et
2188 4764 2255 4819 ab
2283 4764 2514 4820 [lectore
2541 4766 2650 4821 ictu
2689 4767 2886 4838 lapidis
2913 4777 3070 4838 porta
3098 4770 3324 4827 discuti-

1726 4869 1831 4925 tur,
1865 4867 1921 4913 et
1952 4857 2004 4912 in
2035 4855 2166 4926 ipsis
2194 4857 2477 4912 navalibus
2508 4873 2686 4929 pugna
2714 4861 3044 4919 conseritur.

2125 5013 2381 5068 Periocha
2421 5016 2509 5069 lib.
2554 5032 2649 5071 xm
2690 5017 2908 5073 Iliadas.

1843 5126 2070 5188 Iuppiter
2086 5127 2296 5175 admovit
2335 5127 2480 5177 I‘roas
2506 5135 2655 5192 atque
2679 5129 2894 5182 IIcctora
2921 5132 3080 5184 classi.

1790 5252 2069 5321 Neptunus
2090 5254 2442 5310 miseratione
2473 5266 2777 5312 commotus
2799 5258 3122 5329 Argivorum
3147 5272 3274 5321 tuen

1714 5344 1798 5399 dis
1830 5344 2059 5398 navibus
2087 5347 2374 5400 auxiliator
2399 5347 2628 5414 accedit,
2652 5359 2706 5402 et
2733 5362 2990 5420 usurpata
3018 5357 3159 5412 vatis
3186 5357 3307 5412 effi—

1717 5437 1824 5507 gie,
1859 5437 2051 5505 Ajaces
2080 5437 2216 5490 duos
2246 5436 2297 5490 in
2323 5439 2568 5507 prtelium
2604 5440 2943 5507 cohortatur,
2978 5461 3080 5501 nec
3128 5450 3310 5504 minus

1713 5539 1962 5585 caeteram
1982 5529 2381 5585 multitudinem
2415 5532 2705 5599 pra-sentia
2739 5533 3042 5602 majestatis
3065 5539 3306 5608 instigat.

1715 5622 2033 5676 Idomeneus
2070 5623 2289 5692 egregio
2329 5624 2630 5678 certamine
2671 5626 2898 5681 eminet.
2941 5629 3160 5698 Trojani
3193 5631 3307 5698 jam

1716 5715 2017 5768 referentes
2067 5715 2322 5782 gradum,
2361 5715 2555 5768 lirmati
2608 5730 2823 5772 rursum
2875 5735 2971 5789 per
3012 5722 3304 5777 [lectorem

1717 5805 2130 5873 contrahuntur,
2155 5814 2210 5864 et
2243 5805 2443 5875 ingenti
2479 5805 2717 5863 clamore
2750 5810 3002 5879 utrinque
3041 5821 3302 5872 certatur.
