3908 6320
420 194 523 257 951
1833 192 2021 252 DECII

2159 192 2338 252 SONll
3648 207 3743 269 953

851 310 1115 367 Periocha
1154 310 1247 365 lib.
1278 324 1368 365 xw
1392 308 1617 365 Iliados.

549 425 807 477 Concussit
829 426 1052 488 quamvis
1076 429 1325 488 potantem
1352 421 1564 488 Nestora
1583 420 1786 488 clamor,

562 484 908 551 Attonitasque
928 484 1287 549 aures‘pepulit
1310 486 1557 548 gravitate
1578 484 1831 535 tumultus.

500 595 647 669 Juno
665 578 1183 663 vinculuancnci-is
1214 592 1324 665 (cui
1357 601 1511 649 eesto
1545 607 1746 649 nomen
1778 591 1885 664 est)
1923 608 2042 648 tnu-

430 672 607 758 tuata,
620 688 685 742 ad
699 687 888 742 Jovem
914 687 1094 758 pergit
1112 687 1165 741 in
1186 700 1469 742 secessum
1487 686 1690 742 montis
1703 685 1830 755 Idae,
1846 686 2046 742 exhor-

428 789 651 852 tatoque
678 780 909 847 Somno,
942 790 1001 837 ut
1028 796 1152 837 eum
1187 782 1560 837 committeret
1582 781 1637 836 in
1668 795 1947 851 soporem,
1981 797 2045 838 ac

427 874 633 930 dehinc
693 874 905 945 vigilias
977 876 1098 946 ejus
1155 875 1346 931 uxoris
1404 875 1697 931 labefactat
1748 875 2040 933 illecebris.

425 966 596 1037 Cujus
650 965 1000 1037 ignoratione
1053 967 1343 1039 Neptunus
1370 968 1635 1034 abutitur,
1661 967 2047 1041 fortunamque

423 1056 743 1114 Grmcornm
800 1060 1104 1130 promptius
1165 1060 1482 1117 auxiliando
1541 1058 1821 1130 restituit,
1876 1062 2045 1132 Ajace

422 1149 600 1208 Locro
621 1152 765 1209 ultra
792 1162 1025 1209 caeteros
1058 1153 1361 1224 prmliante.

860 1288 1122 1346 Periocha
1142 1291 1236 1345 lib.
1272 1307 1337 1346 xv
1365 1289 1590 1347 Iliados.

553 1412 663 1460 Jam
690 1408 891 1470 vallum,
910 1408 1189 1472 fossamque
1214 1421 1364 1472 super
1383 1408 1593 1469 Trojano
1612 1407 1853 1471 juventus

550 1475 829 1535 lustiterat,
856 1482 1012 1534 capta:
1037 1474 1272 1523 minitans
1296 1473 1524 1521 incendia
1547 1472 1735 1522 classis.

496 1580 713 1650 Jupiter
742 1586 939 1634 sumuo
966 1579 1302 1649 expergitus,
1321 1578 1467 1634 videt
1496 1588 1697 1633 Statum
1722 1581 2041 1635 certaminis

2061 307 2114 369 Α
2143 309 2516 382 ηοοῑαᾳιιιδιη
2548 310 2707 404 longa
2730 313 2836 387 est)
2866 314 3112 373 cmlcstia
3137 315 3190 374 in
3218 318 3461 392 gratiam
3496 319 3741 394 Nymphzc

2149 417 2301 460 arma
2324 404 2569 463 molitur.

2566 499 2825 560 Periocha
2854 503 2948 561 lib.
2983 521 3071 562 xu
3104 503 3332 561 Iliados.

2274 617 2525 670 Oceanum
2548 617 2743 670 interea
2766 633 2983 684 surgens
3006 620 3191 672 Aurora
3211 620 3435 686 reliquit.

2220 721 2460 779 Achilles
2486 721 2652 777 armis
2671 722 2987 779 caelestibus
3016 740 3124 795 ope
3165 725 3393 783 Vulcani
3435 736 3487 783 et
3526 742 3737 784 munere

2150 816 2338 873 matris
2391 814 2700 871 instruitur.
2761 815 2893 872 Dein
2945 816 3265 875 Graecorum
3317 821 3646 891 primoribus
3697 824 3741 879 in

2147 910 2439 968 concilium
2472 910 2705 975 vocatis,
2739 909 3077 967 iracundiam
3127 913 3230 969 sub
3257 915 3559 972 abolitione
3584 918 3738 989 depo-

2149 1006 2249 1075 nit,
2278 1014 2333 1060 ct
2357 1002 2642 1074 promissis
2671 1004 2739 1060 ab
2761 1020 2889 1076 rege
2919 1005 3238 1063 muneribus
3268 1023 3457 1063 coram
3488 1010 3739 1066 concione

2147 1100 2372 1156 ditatur.
2412 1098 2549 1153 Tum
2604 1097 2869 1153 militibus
2919 1099 3099 1154 cibum
3156 1115 3356 1172 capere
3395 1102 3585 1171 jussis,
3636 1103 3740 1175 ipse

2147 1192 2403 1248 abstinet.
2437 1190 2640 1247 Inlesto
2661 1192 2859 1252 deinde
2910 1202 3073 1264 atque
3100 1195 3313 1251 intento
3340 1196 3583 1253 exercitu
3628 1214 3740 1270 per-

2147 1286 2223 1357 git
2251 1286 2306 1342 in
2337 1285 2607 1358 prmlium.

2578 1377 2839 1434 Periocha
2861 1379 2951 1435 lib.
2988 1396 3054 1435 xx
3075 1379 3301 1439 Iliados.

2269 1494 2480 1561 Jamque
2507 1492 2632 1542 adeo
2662 1492 2811 1544 celsis
2834 1497 3006 1545 armati
3034 1508 3065 1545 e
3084 1497 3475 1561 navibusibant,

2274 1556 2424 1607 lilillia
2450 1567 2572 1620 quot
2593 1560 2788 1618 magnis
2808 1571 3039 1621 umquam
3061 1572 3252 1609 venere
3272 1556 3507 1624 Mycenis.

424 1675 766 1737 innovatum,
801 1671 1322 1742 pellique'l'rojauos
1353 1689 1367 1726 :
1399 1671 1609 1727 Graecis
1640 1687 1797 1742 opem
1832 1672 2043 1729 ferente
2076 1712 2119 1772 Β
2219 1668 2286 1721 At
2312 1666 2540 1737 integris
2584 1666 2868 1720 amlmrttm
2900 1667 3072 1738 copiis
3106 1668 3249 1724 inter
3274 1680 3535 1741 utrosque
3550 1672 3742 1727 exerci-

424 1772 695 1841 Neptuno.
732 1770 917 1840 Itaque
940 1784 1136 1841 aspere
1165 1769 1381 1825 Juuonc
1413 1769 1715 1839 increpata,
1770 1779 1825 1823 et
1870 1770 2041 1824 mina-

422 1868 564 1923 citer
584 1880 682 1937 per
708 1864 903 1920 iridcm
935 1864 1261 1927 conterrita,
1291 1863 1519 1919 fratrem
1563 1863 1722 1933 jubet
1753 1862 2043 1917 auxiliato-

423 1976 543 2018 retn
588 1959 880 2017 desistere.
931 1957 1052 2029 Ipse
1108 1957 1424 2029 Apollinem
1494 1955 1804 2012 recreando
1844 1954 2044 2027 allegat

422 2054 671 2119 llectori,
700 2062 995 2125 monetque
1050 2067 1150 2123 pro
1202 2050 1514 2123 Phrygibus
1560 2049 1686 2106 belli
1734 2048 2041 2104 inStaurare

420 2148 721 2203 fortunam.
751 2147 887 2203 Tum
921 2157 975 2202 et
1005 2147 1137 2217 Ajax
1166 2144 1523 2201 Telamonius
1564 2150 1788 2197 strenue
1828 2141 2044 2212 prteIia-

422 2255 536 2314 tur,
557 2255 613 2298 et
657 2244 726 2298 ab
753 2243 947 2299 eodem
981 2242 1231 2313 plurimis
1252 2239 1494 2295 hostium
1551 2236 1881 2304 interfectis,
1913 2250 2044 2291 eon-

421 2338 670 2412 ﬂagralio
700 2339 890 2395 classis
917 2348 1151 2393 arcetur.

844 2477 1103 2534 Periocha
1144 2476 1239 2531 lib.
1275 2489 1366 2530 xvr
1393 2470 1620 2529 Iliados.

548 2595 675 2643 Dum
702 2594 828 2653 face,
850 2592 965 2640 dum
986 2591 1119 2639 ferro
1141 2589 1332 2653 celsam,
1351 2598 1642 2653 oppugnare
1662 2587 1882 2636 carinam

545 2658 725 2717 Troes,
748 2664 799 2706 et
820 2654 1038 2719 Argolici
1066 2659 1283 2717 pergunt
1306 2652 1585 2700 defendere
1612 2661 1767 2712 reges
1793 2661 1806 2698 :

495 2765 737 2820 Achilles
780 2761 1098 2818 Graecorum
1129 2755 1461 2827 statumjam
1493 2754 1596 2811 sub
1620 2762 1869 2808 extrema
1898 2759 2049 2807 sorte

424 2864 741 2925 miseratur,
790 2856 957 2913 armis
1003 2856 1119 2910 suis
1167 2851 1479 2910 Patroclum
1524 2847 2042 2921 permittitarmari.

421 2958 681 3024 Quicum
713 2953 1114 3026 Myrmidonum
1149 2947 1498 3021 produxisset
1539 2943 1869 3011 exercitum,
1910 2957 2046 2997 con-

422 3059 808 3119 steruatOSquc
857 3045 1134 3115 'I‘rojanos
1181 3042 1411 3098 Achillis
1473 3039 1660 3110 specie
1714 3036 2041 3105 fefellisset,

2151 1769 2239 1814 tus
2273 1775 2448 1829 pugna
2477 1758 2805 1814 conseritur.
2841 1759 2973 1815 Dein
3013 1764 3282 1832 permissu
3307 1762 3462 1819 Jovis
3493 1766 3545 1819 in
3577 1777 3743 1836 partes

2154 1854 2384 1910 deorum
2433 1849 2608 1908 studia
2640 1853 2979 1909 dividuntur.
3023 1854 3157 1909 Cum
3200 1872 3298 1927 pro
3341 1856 3545 1913 Grmcis
3578 1858 3730 1923 Juno,

2146 1958 2203 2003 et
2231 1949 2469 2003 Minerva
2504 1947 2891 2015 decertarent,
2942 1964 3123 2019 neque
3153 1950 3339 2005 secius
3355 1965 3452 2006 eos
3483 1952 3744 2022 Neptunus

2149 2050 2205 2096 et
2254 2042 2579 2105 Mercurius,
2613 2049 2670 2096 et
2703 2041 2972 2097 Vulcanus
3009 2052 3359 2111 asscrerent,
3390 2045 3655 2114 Trojanos
3680 2048 3741 2101 A—

2148 2136 2295 2207 pollo
2322 2152 2445 2191 cum
2472 2135 2707 2202 Venere,
2739 2146 2794 2192 et
2818 2136 2985 2190 Diana
3008 2152 3131 2191 eum
3162 2147 3359 2203 matre,
3413 2140 3555 2193 Mars
3584 2139 3731 2193 etiam

2148 2239 2203 2284 et
2233 2243 2355 2282 cum
2381 2228 2465 2282 cis
2486 2226 2823 2283 Scamander
2844 2228 3189 2297 adjuvarent.
3218 2229 3356 2283 Tum
3381 2229 3606 2285 fEueam
3625 2231 3738 2296 diis,

2148 2333 2206 2378 et
2230 2321 2437 2376 viribus
2465 2320 2667 2390 iniquis
2712 2336 2837 2376 cum
2870 2321 3084 2377 Achille
3127 2337 3508 2393 congressum,
3556 2341 3733 2396 quant-

2148 2431 2309 2487 quaut
2334 2414 2557 2470 studens
2587 2414 2816 2483 Grazeis,
2857 2414 2998 2471 nube
3029 2414 3437 2474 circumdatum
3466 2416 3745 2490 Neptunus

2149 2512 2371 2583 eripuit.

2590 2605 2849 2663 Periocha
2882 2607 2973 2665 lib.
3007 2623 3038 2662 x
3052 2624 3101 2663 Si
3127 2608 3356 2664 Iliados.

2280 2702 2522 2775 Intulerat
2539 2723 2691 2773 fluvio
2723 2723 2945 2787 trepidas
2964 2723 3079 2787 fuga
3097 2720 3225 2772 fmda
3250 2730 3495 2775 catervas.

2221 2828 2472 2899 Trojanis
2490 2844 2660 2900 usque
2684 2828 2751 2883 ad
2775 2827 3096 2884 Scamandri
3119 2827 3362 2885 flaminis
3384 2829 3599 2885 alveum
3627 2828 3743 2901 fuga

2150 2931 2204 2977 et
2234 2931 2443 2977 terrore
2469 2923 2789 2992 compulsis,
2819 2936 2941 2977 cum
2964 2920 3076 2991 jam
3115 2921 3333 2992 longius
3361 2922 3599 2979 abeundi
3628 2939 3741 2994 spa-

2151 3015 2282 3069 tiunt
2313 3031 2421 3070 non
2446 3025 2674 3086 pateret,
2700 3017 2750 3070 in
2773 3016 2890 3085 ipso
2912 3030 3092 3081 amne,
3116 3030 3239 3069 cum
3266 3016 3470 3072 nomen
3495 3019 3740 3084 exundat,

423 3152 650 3201 ruentes
691 3106 855 3210 supra
912 3106 1113 3193 vallum
1145 3145 1200 3191 ct
1249 3126 1484 3190 invicem
1508 3106 1840 3203 velTugientes
1888 3144 2036 3185 eteco
2063 3112 2108 3174 (ἶ
2142 3106 2221 3163 ibi
2269 3109 2338 3164 ab
2380 3111 2595 3165 ΑεΜηθ
2619 3109 2910 3165 (Ῐυυίίηθίιη
2956 3108 3318 3178 Troianorum
3368 3111 3604 3183 iuvenes
3629 3111 3741 3167 V5“-

420 3254 627 3311 pavorc
680 3252 853 3308 usque
902 3234 971 3290 ad
1028 3233 1204 3301 campi
1238 3238 1429 3301 aperta
1482 3226 1787 3297 compellit.
1830 3224 2039 3279 Deinde

423 3348 759 3404 congressus
780 3330 1158 3401 Sarpedonem
1194 3326 1434 3397 perimit,
1460 3324 1756 3394 multisque
1801 3322 2038 3378 hostium

428 3427 609 3496 caesis,
626 3428 745 3497 ipse
766 3426 834 3482 ab
859 3424 1095 3481 llectorc
1117 3419 1469 3486 interficitur,
1491 3416 1641 3489 prius
1655 3416 1722 3473 ab
1739 3414 2039 3488 Euphorbo

422 3522 768 3580 vulneratus.

838 3635 1096 3692 Periocha
1126 3634 1220 3690 lib.
1246 3648 1360 3689 xvrt
1392 3629 1617 3687 Iliados.

550 3755 835 3809 Actoridem
852 3764 1033 3804 caesum
1057 3756 1242 3811 necte,
1265 3746 1515 3809 Menelae,
1544 3724 1742 3797 fefellit.
1780 3742 1787 3752 ’

495 3890 652 3946 Circa
697 3888 1084 3955 interemptum
1119 3879 1434 3937 Patroclum
1468 3892 1644 3948 pugna
1672 3874 2038 3957 contrahitur.

422 3985 560 4039 Cum
591 3980 793 4038 diversi
825 3977 1098 4033 exercitus
1127 3972 1550 4039 contenderent,
1581 3969 1783 4035 Crmei,
1828 3977 1883 4022 ut
1912 3982 2035 4021 cor-

424 4091 526 4143 pus
547 4071 929 4134 defenderent,
969 4067 1219 4137 Trojani,
1253 4073 1313 4121 ttt
1341 4063 1409 4119 ad
1455 4062 1750 4119 ludibrium
1805 4058 2039 4114 cadaver

424 4171 725 4239 eriperent,
773 4181 804 4220 a
855 4162 1104 4219 Menelao
1154 4158 1488 4233 Euphorbus
1519 4156 1810 4220 occiditur,
1869 4161 1923 4209 et
1969 4152 2035 4206 ad

428 4263 851 4318 ostentationem
879 4257 1107 4330 gloriosi
1138 4254 1399 4311 facinoris
1418 4252 1650 4309 Achillis
1672 4249 1880 4306 exuviis
1902 4248 2042 4303 llee-

431 4372 517 4413 tor
542 4368 804 4412 armatur.
837 4353 1158 4411 Antilochus
1185 4353 1253 4408 ad
1297 4352 1565 4407 Achillem
1616 4347 1839 4403 nuntius
1866 4345 2039 4401 cladis

430 4458 691 4520 aceeptw,
725 4449 967 4503 ltlcnclao
987 4448 1245 4511 instante,
1278 4444 1521 4501 festinat.
1551 4444 1650 4511 Qui
1681 4452 1735 4498 et
1764 4443 1881 4512 ipse
1912 4453 2034 4507 pos-

2143 3214 2365 3273 cuntur,
2398 3207 2487 3275 qui
2512 3207 2745 3262 Patrocli
2776 3208 2991 3264 inleriis
3017 3210 3461 3266 immolarentur.
3488 3210 3606 3281 Ipse
3627 3211 3740 3265 Vul-

2142 3312 2314 3353 canus
2336 3300 2626 3354 ardoribus
2650 3301 2764 3355 suis
2793 3301 2901 3356 vim
2937 3304 3198 3358 torrentis
3238 3306 3446 3359 exurit.
3504 3303 3636 3358 Tum
3688 3304 3735 3358 in

2142 3403 2392 3461 campum
2436 3390 2647 3448 Achille
2686 3409 2998 3465 progresso,
3057 3398 3262 3466 passim
3296 3396 3487 3452 studia
3522 3398 3734 3451 deorum

2144 3498 2244 3554 pro
2274 3500 2368 3540 sua
2389 3484 2649 3554 singulari
2677 3498 2828 3558 parte
2850 3488 3185 3560 depugnant.
3204 3489 3571 3558 Trojanornm
3593 3504 3741 3545 exer-

2144 3578 2310 3644 citus,
2352 3577 2596 3635 instante
2625 3580 2859 3649 victore,
2895 3583 2949 3638 itt
2977 3581 3179 3639 muenia
3219 3582 3376 3639 urbis
3411 3582 3737 3655 impingitur.

2567 3720 2825 3777 Periocha
2852 3721 2946 3777 lib.
2980 3737 3091 3777 xxn
3118 3719 3353 3777 Iliados.

2270 3839 2419 3889 Pulsa
2444 3845 2583 3888 metu
2607 3837 2847 3903 Phrygios
2871 3838 3145 3890 lustrabant
3162 3840 3361 3901 agmina
3384 3834 3569 3888 murus.

2218 3968 2416 4022 llector
2437 3968 2700 4037 singulari
2732 3968 3031 4023 certamine
3050 3982 3174 4022 cum
3208 3966 3428 4023 Achille
3466 3962 3737 4026 congredi-

2143 4068 2250 4126 tttr,
2277 4060 2513 4127 l‘riamo,
2542 4070 2701 4128 atque
2732 4060 2970 4121 Ilecuba.
3002 4075 3069 4115 ne
3113 4070 3411 4131 pugnaret,
3441 4060 3736 4123 orantibus,

2140 4151 2375 4206 Minerva
2416 4151 2723 4207 ceontrario
2757 4154 2940 4220 specie
2971 4151 3263 4222 Deiphobi,
3300 4165 3360 4206 ut
3388 4152 3612 4206 dimicet
3641 4149 3731 4203 ad-

2142 4244 2415 4299 hortante.
2452 4244 2653 4299 lleetor
2682 4243 2998 4299 interfectus
3019 4257 3075 4299 et
3101 4246 3368 4314 religatus
3402 4244 3469 4297 ad
3498 4258 3732 4309 currum,

2143 4350 2225 4393 ter
2253 4339 2457 4393 circum
2481 4337 2683 4393 inmitia
2705 4337 2939 4407 'I‘rojana
2964 4347 3228 4407 raptatur.
3267 4337 3478 4393 Deinde
3506 4337 3735 4391 lacerum

2142 4449 2341 4504 corpus
2365 4434 2609 4491 defertur
2638 4434 2704 4490 ad
2733 4449 2899 4490 naves
2927 4434 3120 4491 ultioni
3152 4434 3416 4503 Patrocli,
3450 4444 3509 4490 et
3529 4434 3737 4490 victoris

427 4555 512 4599 tea
539 4559 662 4597 cum
693 4541 934 4597 Met-ioue
956 4542 1096 4596 intra
1126 4540 1399 4595 navalium
1441 4538 1777 4593 munimenta
1810 4551 1871 4591 se
1900 4535 2035 4591 ret-i-
2070 4505 2114 4564 [³
2144 4528 2439 4585 iracundia:
2468 4529 2536 4585 ad
2562 4529 2821 4587 ulteriora
2851 4530 3118 4601 supplicia
3142 4530 3562 4586 reservandum.

428 4636 529 4707 pit,
558 4650 681 4691 cum
717 4642 827 4689 tota
860 4633 1033 4688 moles
1064 4631 1193 4688 belli
1221 4630 1482 4702 Ajacibus
1506 4630 1818 4701 ingruisSet.

824 4790 1085 4846 Periocha
1117 4791 1208 4844 lib.
1243 4805 1369 4844 xvttt
1404 4786 1627 4842 Iliados.

550 4911 677 4961 Dum
702 4908 819 4960 furit
846 4909 894 4959 in
916 4905 1080 4958 medio
1102 4905 1224 4956 belli
1252 4906 1327 4955 vis
1348 4906 1496 4963 ignea
1517 4903 1685 4954 Martis
1708 4916 1719 4952 :

500 5040 747 5095 Achilles
775 5036 829 5094 in
843 5036 1211 5093 miserabilem
1242 5033 1463 5091 modum
1488 5031 1729 5087 Patrocli
1760 5030 1805 5083 ιι.
1832 5029 1918 5083 ll.:t
1956 5031 2037 5084 iu-

430 5136 674 5199 teritum,
716 5148 878 5202 quem
930 5130 983 5185 vi
1015 5129 1223 5185 doloris
1246 5136 1427 5182 actum
1471 5124 1885 5181 consolantibus
1922 5139 2043 5177 ver-

426 5228 511 5283 bis
535 5235 710 5282 muter
737 5226 1033 5296 alloquitur
1065 5240 1079 5278 ε
1115 5238 1217 5279 nec
1245 5222 1477 5277 inultum
1512 5220 1750 5276 amicum
1780 5220 1894 5275 fore
1923 5220 2040 5289 pol-

428 5324 630 5390 Iicens,
691 5323 1028 5394 per-laturam
1085 5335 1206 5376 sese
1261 5318 1488 5373 Vulcani
1539 5333 1693 5374 arma
1748 5318 2036 5390 promittit.

428 5416 646 5471 Interea
662 5424 728 5471 ‘et
757 5415 858 5470 Iris
880 5413 948 5469 ab
974 5411 1188 5468 Junone
1212 5410 1543 5477 demittitur,
1592 5412 1748 5480 cujus
1782 5410 2041 5466 instantia

430 5512 673 5566 Achilles
693 5520 846 5565 extra
875 5510 1441 5579 vallum,quamquam
1476 5507 2040 5577 incrmis,egreditur,

2543 4670 2803 4727 Periocha
2830 4673 2923 4727 lib.
2954 4687 3089 4728 xxm
3120 4670 3350 4727 Iliados.

2271 4785 2415 4849 'I‘roja
2440 4792 2577 4836 vacat
2598 4784 2843 4851 laerymis,
2872 4785 3001 4835 ludis
3023 4787 3202 4850 Argiva
3220 4786 3485 4849 juventus.

2219 4891 2498 4945 Funebres
2528 4892 2637 4945 ludi
2670 4892 2722 4944 in
2745 4892 3005 4945 honorem
3033 4890 3273 4945 Patrocli
3299 4892 3723 4963 frequentantur.

2146 4983 2340 5051 quibus
2370 4981 2658 5039 Diomedes
2682 4984 2836 5052 equis
2860 4976 3101 5051 superat,
3126 4982 3271 5037 lucta
3301 4992 3360 5037 et
3388 4997 3558 5038 cursu
3584 4983 3729 5053 Ulys-

2149 5089 2256 5143 scs,
2284 5076 2527 5147 alioSque
2555 5076 2642 5130 alii
2666 5091 2865 5147 genere
2893 5078 3208 5133 certationis
3230 5087 3535 5135 antestant.

2552 5241 2812 5298 Periocha
2845 5243 2934 5298 lib.
2955 5259 3086 5299 μιν
3120 5243 3354 5301 Iliados.

2270 5378 2492 5443 Quisque
2520 5392 2632 5430 suas
2657 5387 2893 5443 repetunt
2916 5382 3063 5432 misso
3086 5386 3361 5435 certamine
3388 5398 3558 5438 naves.

2218 5505 2430 5577 Jupiter
2454 5508 2742 5565 Thetidem
2772 5511 2940 5567 mittit.
2972 5511 3040 5567 ad
3091 5513 3263 5570 lilium
3316 5530 3442 5572 cum
3482 5516 3731 5573 mandatis

427 5603 847 5672 conterritis-pte
877 5601 1131 5669 'I‘rojanis
1186 5617 1351 5671 super
1373 5601 1511 5657 alios
1536 5601 1661 5657 aliis
1688 5602 2038 5673 principitan-

433 5695 575 5750 tinus
609 5698 712 5751 laie
735 5697 879 5765 fuga,
909 5708 961 5752 et
985 5696 1144 5751 latius
1167 5696 1405 5752 formido
1434 5696 1748 5767 porrigitur.
1800 5697 2038 5752 Eodem-

428 5804 533 5859 que
566 5800 803 5860 tempore
833 5798 887 5845 t‘l.
918 5789 1191 5847 Vulcanus
1226 5788 1548 5847 exhortatus
1574 5803 1606 5845 a
1650 5788 1883 5847 Thetide
1914 5798 2026 5845 tota

2144 5599 2432 5669 ejusmodi,
2458 5611 2515 5660 ut
2536 5603 2588 5659 in
2617 5604 2934 5660 defunctum
2990 5605 3187 5663 saevire
3227 5608 3483 5680 desistat,
3528 5611 3729 5679 famaue

2146 5693 2422 5749 hominum
2449 5696 2501 5751 in
2526 5698 2779 5751 exanimo
2819 5700 2977 5754 Imstc
3020 5712 3329 5770 vercratur,
3374 5704 3444 5758 ad
3494 5703 3725 5779 sepultn~

2143 5804 2258 5846 ram
2287 5805 2511 5863 corpore
2535 5794 2808 5851 restituto.
2850 5794 3105 5866 Ejusdem
3138 5797 3293 5866 jussu
3330 5808 3384 5853 et
3420 5796 3521 5854 Iris
3543 5799 3723 5855 Cohor-
