  <div class='ocr_page' id='page_1' title='image "/cluster/home/n/w/nwhite01/storage/ocr_20150623/18-19/uva.x000826554/1268.png"; bbox 0 0 3908 6340; ppageno 0'>
   <div class='ocr_carea' id='block_1_1' title="bbox 227 264 339 327">
    <p class='ocr_par' dir='ltr' id='par_1_1' title="bbox 227 264 339 327">
     <span class='ocr_line' id='line_1_1' title="bbox 227 264 339 327; baseline 0.027 -5"><span class='ocrx_word' id='word_1_1' title='bbox 227 264 339 327; x_wconf 76' lang='lat'><strong>953</strong></span> 
     </span>
    </p>
   </div>
   <div class='ocr_carea' id='block_1_2' title="bbox 225 468 1842 551">
    <p class='ocr_par' dir='ltr' id='par_1_2' title="bbox 225 468 1842 551">
     <span class='ocr_line' id='line_1_2' title="bbox 225 468 1842 551; baseline 0.004 -20"><span class='ocrx_word' id='word_1_2' title='bbox 225 479 328 547; x_wconf 84' lang='lat' dir='ltr'><strong>Qui</strong></span> <span class='ocrx_word' id='word_1_3' title='bbox 355 479 622 536; x_wconf 83' lang='lat' dir='ltr'><strong>Mercurio</strong></span> <span class='ocrx_word' id='word_1_4' title='bbox 652 480 790 537; x_wconf 88' lang='lat' dir='ltr'><strong>duce</strong></span> <span class='ocrx_word' id='word_1_5' title='bbox 812 481 954 535; x_wconf 92' lang='lat' dir='ltr'><strong>inter</strong></span> <span class='ocrx_word' id='word_1_6' title='bbox 976 487 1272 535; x_wconf 86' lang='lat' dir='ltr'><strong>nocturnas</strong></span> <span class='ocrx_word' id='word_1_7' title='bbox 1305 479 1540 537; x_wconf 90' lang='lat' dir='ltr'><strong>hostium</strong></span> <span class='ocrx_word' id='word_1_8' title='bbox 1563 468 1842 551; x_wconf 87' lang='lat' dir='ltr'><strong>profectus</strong></span> 
     </span>
    </p>
   </div>
   <div class='ocr_carea' id='block_1_3' title="bbox 224 571 1841 647">
    <p class='ocr_par' dir='ltr' id='par_1_3' title="bbox 224 571 1841 647">
     <span class='ocr_line' id='line_1_3' title="bbox 224 571 1841 647; baseline 0.002 -20"><span class='ocrx_word' id='word_1_9' title='bbox 224 573 510 640; x_wconf 89' lang='lat' dir='ltr'><strong>excubias,</strong></span> <span class='ocrx_word' id='word_1_10' title='bbox 541 572 991 644; x_wconf 79' lang='lat' dir='ltr'><strong>Achillisupplex</strong></span> <span class='ocrx_word' id='word_1_11' title='bbox 1026 571 1353 640; x_wconf 77' lang='lat' dir='ltr'><strong>advolvitur,</strong></span> <span class='ocrx_word' id='word_1_12' title='bbox 1387 573 1841 647; x_wconf 88' lang='lat' dir='ltr'><strong>redemptumque</strong></span> 
     </span>
    </p>
   </div>
   <div class='ocr_carea' id='block_1_4' title="bbox 226 665 1518 740">
    <p class='ocr_par' dir='ltr' id='par_1_4' title="bbox 226 665 1518 740">
     <span class='ocr_line' id='line_1_4' title="bbox 226 665 1518 740; baseline 0.002 -19"><span class='ocrx_word' id='word_1_13' title='bbox 226 667 397 724; x_wconf 91' lang='lat' dir='ltr'><strong>lilium</strong></span> <span class='ocrx_word' id='word_1_14' title='bbox 427 668 642 740; x_wconf 85' lang='lat' dir='ltr'><strong>justitio</strong></span> <span class='ocrx_word' id='word_1_15' title='bbox 672 667 894 740; x_wconf 87' lang='lat' dir='ltr'><strong>publico</strong></span> <span class='ocrx_word' id='word_1_16' title='bbox 923 676 978 723; x_wconf 92' lang='lat' dir='ltr'><strong>et</strong></span> <span class='ocrx_word' id='word_1_17' title='bbox 1007 665 1191 734; x_wconf 83' lang='lat' dir='ltr'><strong>deﬂet,</strong></span> <span class='ocrx_word' id='word_1_18' title='bbox 1230 677 1284 723; x_wconf 90' lang='lat' dir='ltr'><strong>et</strong></span> <span class='ocrx_word' id='word_1_19' title='bbox 1307 669 1518 740; x_wconf 86' lang='lat' dir='ltr'><strong>sepelit.</strong></span> 
     </span>
    </p>
   </div>
   <div class='ocr_carea' id='block_1_5' title="bbox 591 830 1471 904">
    <p class='ocr_par' dir='ltr' id='par_1_5' title="bbox 591 830 1471 904">
     <span class='ocr_line' id='line_1_5' title="bbox 591 830 1471 904; baseline 0.005 -20"><span class='ocrx_word' id='word_1_20' title='bbox 591 830 847 886; x_wconf 79' lang='lat' dir='ltr'><strong>Periocha</strong></span> <span class='ocrx_word' id='word_1_21' title='bbox 873 830 1028 904; x_wconf 82' lang='lat' dir='ltr'><strong>primi</strong></span> <span class='ocrx_word' id='word_1_22' title='bbox 1051 831 1174 885; x_wconf 88' lang='lat' dir='ltr'><strong>libri</strong></span> <span class='ocrx_word' id='word_1_23' title='bbox 1204 830 1471 902; x_wconf 74' lang='lat' dir='ltr'><strong>Odyssew.</strong></span> 
     </span>
    </p>
   </div>
   <div class='ocr_carea' id='block_1_6' title="bbox 356 945 1698 1009">
    <p class='ocr_par' dir='ltr' id='par_1_6' title="bbox 356 945 1698 1009">
     <span class='ocr_line' id='line_1_6' title="bbox 356 945 1698 1009; baseline 0.001 -14"><span class='ocrx_word' id='word_1_24' title='bbox 356 946 447 995; x_wconf 80' lang='lat' dir='ltr'><strong>Die</strong></span> <span class='ocrx_word' id='word_1_25' title='bbox 471 945 610 1006; x_wconf 91' lang='lat' dir='ltr'><strong>mihi,</strong></span> <span class='ocrx_word' id='word_1_26' title='bbox 633 945 788 1009; x_wconf 83' lang='lat' dir='ltr'><strong>Musa,</strong></span> <span class='ocrx_word' id='word_1_27' title='bbox 814 946 974 995; x_wconf 90' lang='lat' dir='ltr'><strong>virum</strong></span> <span class='ocrx_word' id='word_1_28' title='bbox 995 954 1152 1008; x_wconf 70' lang='lat' dir='ltr'><strong>captaa</strong></span> <span class='ocrx_word' id='word_1_29' title='bbox 1177 953 1285 1008; x_wconf 83' lang='lat' dir='ltr'><strong>post</strong></span> <span class='ocrx_word' id='word_1_30' title='bbox 1311 949 1490 996; x_wconf 82' lang='lat' dir='ltr'><strong>mmnia</strong></span> <span class='ocrx_word' id='word_1_31' title='bbox 1515 945 1698 1009; x_wconf 71' lang='lat' dir='ltr'><strong>Trojte,</strong></span> 
     </span>
    </p>
   </div>
   <div class='ocr_carea' id='block_1_7' title="bbox 352 1008 1611 1068">
    <p class='ocr_par' dir='ltr' id='par_1_7' title="bbox 352 1008 1611 1068">
     <span class='ocr_line' id='line_1_7' title="bbox 352 1008 1611 1068; baseline 0.002 -10"><span class='ocrx_word' id='word_1_32' title='bbox 352 1011 446 1068; x_wconf 76' lang='lat' dir='ltr'><strong>Qui</strong></span> <span class='ocrx_word' id='word_1_33' title='bbox 472 1022 640 1058; x_wconf 89' lang='lat' dir='ltr'><strong>mores</strong></span> <span class='ocrx_word' id='word_1_34' title='bbox 658 1008 906 1058; x_wconf 81' lang='lat' dir='ltr'><strong>hominum</strong></span> <span class='ocrx_word' id='word_1_35' title='bbox 926 1009 1189 1059; x_wconf 87' lang='lat' dir='ltr'><strong>multorum</strong></span> <span class='ocrx_word' id='word_1_36' title='bbox 1217 1010 1338 1061; x_wconf 89' lang='lat' dir='ltr'><strong>vidit</strong></span> <span class='ocrx_word' id='word_1_37' title='bbox 1364 1018 1416 1060; x_wconf 91' lang='lat' dir='ltr'><strong>ct</strong></span> <span class='ocrx_word' id='word_1_38' title='bbox 1441 1010 1611 1060; x_wconf 82' lang='lat' dir='ltr'><strong>urbes.</strong></span> 
     </span>
    </p>
   </div>
   <div class='ocr_carea' id='block_1_8' title="bbox 295 1139 1833 1210">
    <p class='ocr_par' dir='ltr' id='par_1_8' title="bbox 295 1139 1833 1210">
     <span class='ocr_line' id='line_1_8' title="bbox 295 1139 1833 1210; baseline 0.003 -16"><span class='ocrx_word' id='word_1_39' title='bbox 295 1140 542 1196; x_wconf 79' lang='lat' dir='ltr'><strong>Minerva</strong></span> <span class='ocrx_word' id='word_1_40' title='bbox 571 1141 622 1195; x_wconf 91' lang='lat' dir='ltr'><strong>in</strong></span> <span class='ocrx_word' id='word_1_41' title='bbox 661 1139 923 1207; x_wconf 75' lang='lat' dir='ltr'><strong>Ithacam,</strong></span> <span class='ocrx_word' id='word_1_42' title='bbox 957 1139 1091 1195; x_wconf 84' lang='lat' dir='ltr'><strong>Jove</strong></span> <span class='ocrx_word' id='word_1_43' title='bbox 1137 1141 1209 1194; x_wconf 90' lang='lat' dir='ltr'><strong>ita</strong></span> <span class='ocrx_word' id='word_1_44' title='bbox 1249 1140 1490 1210; x_wconf 86' lang='lat' dir='ltr'><strong>volente,</strong></span> <span class='ocrx_word' id='word_1_45' title='bbox 1524 1141 1833 1210; x_wconf 77' lang='lat' dir='ltr'><strong>descendit,</strong></span> 
     </span>
    </p>
   </div>
   <div class='ocr_carea' id='block_1_9' title="bbox 221 1230 1834 1306">
    <p class='ocr_par' dir='ltr' id='par_1_9' title="bbox 221 1230 1834 1306">
     <span class='ocr_line' id='line_1_9' title="bbox 221 1230 1834 1306; baseline 0.002 -19"><span class='ocrx_word' id='word_1_46' title='bbox 221 1230 604 1302; x_wconf 78' lang='lat' dir='ltr'><strong>Mentorisque</strong></span> <span class='ocrx_word' id='word_1_47' title='bbox 631 1233 966 1302; x_wconf 89' lang='lat' dir='ltr'><strong>Taphiorum</strong></span> <span class='ocrx_word' id='word_1_48' title='bbox 993 1233 1136 1303; x_wconf 87' lang='lat' dir='ltr'><strong>regis</strong></span> <span class='ocrx_word' id='word_1_49' title='bbox 1175 1233 1328 1288; x_wconf 90' lang='lat' dir='ltr'><strong>ducis</strong></span> <span class='ocrx_word' id='word_1_50' title='bbox 1375 1236 1543 1289; x_wconf 91' lang='lat' dir='ltr'><strong>sumit</strong></span> <span class='ocrx_word' id='word_1_51' title='bbox 1573 1235 1834 1306; x_wconf 87' lang='lat' dir='ltr'><strong>effigiem,</strong></span> 
     </span>
    </p>
   </div>
   <div class='ocr_carea' id='block_1_10' title="bbox 217 1325 1835 1398">
    <p class='ocr_par' dir='ltr' id='par_1_10' title="bbox 217 1325 1835 1398">
     <span class='ocr_line' id='line_1_10' title="bbox 217 1325 1835 1398; baseline 0.002 -17"><span class='ocrx_word' id='word_1_52' title='bbox 217 1342 459 1381; x_wconf 90' lang='lat' dir='ltr'><strong>suasura</strong></span> <span class='ocrx_word' id='word_1_53' title='bbox 490 1326 843 1394; x_wconf 79' lang='lat' dir='ltr'><strong>Telemacho,</strong></span> <span class='ocrx_word' id='word_1_54' title='bbox 877 1335 935 1381; x_wconf 93' lang='lat' dir='ltr'><strong>ut</strong></span> <span class='ocrx_word' id='word_1_55' title='bbox 961 1325 1028 1381; x_wconf 88' lang='lat' dir='ltr'><strong>ad</strong></span> <span class='ocrx_word' id='word_1_56' title='bbox 1051 1327 1366 1395; x_wconf 89' lang='lat' dir='ltr'><strong>Nestorem,</strong></span> <span class='ocrx_word' id='word_1_57' title='bbox 1413 1328 1835 1398; x_wconf 84' lang='lat' dir='ltr'><strong>Menelanmqne</strong></span> 
     </span>
    </p>
   </div>
   <div class='ocr_carea' id='block_1_11' title="bbox 213 1419 1828 1492">
    <p class='ocr_par' dir='ltr' id='par_1_11' title="bbox 213 1419 1828 1492">
     <span class='ocr_line' id='line_1_11' title="bbox 213 1419 1828 1492; baseline 0.002 -18"><span class='ocrx_word' id='word_1_58' title='bbox 213 1419 467 1486; x_wconf 81' lang='lat' dir='ltr'><strong>festinet,</strong></span> <span class='ocrx_word' id='word_1_59' title='bbox 497 1422 585 1491; x_wconf 88' lang='lat' dir='ltr'><strong>qui</strong></span> <span class='ocrx_word' id='word_1_60' title='bbox 618 1437 809 1476; x_wconf 83' lang='lat' dir='ltr'><strong>recens</strong></span> <span class='ocrx_word' id='word_1_61' title='bbox 837 1421 1057 1475; x_wconf 90' lang='lat' dir='ltr'><strong>domum</strong></span> <span class='ocrx_word' id='word_1_62' title='bbox 1092 1422 1326 1491; x_wconf 76' lang='lat' dir='ltr'><strong>regressi</strong></span> <span class='ocrx_word' id='word_1_63' title='bbox 1361 1421 1500 1476; x_wconf 88' lang='lat' dir='ltr'><strong>certi</strong></span> <span class='ocrx_word' id='word_1_64' title='bbox 1533 1421 1736 1492; x_wconf 90' lang='lat' dir='ltr'><strong>aliquid</strong></span> <span class='ocrx_word' id='word_1_65' title='bbox 1761 1422 1828 1478; x_wconf 88' lang='lat' dir='ltr'><strong>de</strong></span> 
     </span>
    </p>
   </div>
   <div class='ocr_carea' id='block_1_12' title="bbox 212 1515 1832 1586">
    <p class='ocr_par' dir='ltr' id='par_1_12' title="bbox 212 1515 1832 1586">
     <span class='ocr_line' id='line_1_12' title="bbox 212 1515 1832 1586; baseline 0.001 -16"><span class='ocrx_word' id='word_1_66' title='bbox 212 1515 414 1586; x_wconf 87' lang='lat' dir='ltr'><strong>Ulysse</strong></span> <span class='ocrx_word' id='word_1_67' title='bbox 443 1516 739 1571; x_wconf 79' lang='lat' dir='ltr'><strong>novissent.</strong></span> <span class='ocrx_word' id='word_1_68' title='bbox 765 1515 915 1570; x_wconf 89' lang='lat' dir='ltr'><strong>Tune</strong></span> <span class='ocrx_word' id='word_1_69' title='bbox 947 1515 1202 1570; x_wconf 86' lang='lat' dir='ltr'><strong>Phemius</strong></span> <span class='ocrx_word' id='word_1_70' title='bbox 1225 1516 1524 1571; x_wconf 90' lang='lat' dir='ltr'><strong>citharista-</strong></span> <span class='ocrx_word' id='word_1_71' title='bbox 1555 1516 1832 1572; x_wconf 81' lang='lat' dir='ltr'><strong>adhibitus</strong></span> 
     </span>
    </p>
   </div>
   <div class='ocr_carea' id='block_1_13' title="bbox 209 1609 1832 1679">
    <p class='ocr_par' dir='ltr' id='par_1_13' title="bbox 209 1609 1832 1679">
     <span class='ocr_line' id='line_1_13' title="bbox 209 1609 1832 1679; baseline 0.001 -17"><span class='ocrx_word' id='word_1_72' title='bbox 209 1610 469 1664; x_wconf 89' lang='lat' dir='ltr'><strong>convivio</strong></span> <span class='ocrx_word' id='word_1_73' title='bbox 502 1624 791 1679; x_wconf 87' lang='lat' dir='ltr'><strong>procorum</strong></span> <span class='ocrx_word' id='word_1_74' title='bbox 823 1610 1044 1664; x_wconf 83' lang='lat' dir='ltr'><strong>inchoat</strong></span> <span class='ocrx_word' id='word_1_75' title='bbox 1075 1609 1313 1664; x_wconf 87' lang='lat' dir='ltr'><strong>flebilem</strong></span> <span class='ocrx_word' id='word_1_76' title='bbox 1363 1610 1695 1665; x_wconf 87' lang='lat' dir='ltr'><strong>cantilenam</strong></span> <span class='ocrx_word' id='word_1_77' title='bbox 1736 1628 1832 1665; x_wconf 90' lang='lat' dir='ltr'><strong>na-</strong></span> 
     </span>
    </p>
   </div>
   <div class='ocr_carea' id='block_1_14' title="bbox 215 1701 1831 1774">
    <p class='ocr_par' dir='ltr' id='par_1_14' title="bbox 215 1701 1831 1774">
     <span class='ocr_line' id='line_1_14' title="bbox 215 1701 1831 1774; baseline 0.004 -20"><span class='ocrx_word' id='word_1_78' title='bbox 215 1701 512 1770; x_wconf 75' lang='lat' dir='ltr'><strong>vigationis</strong></span> <span class='ocrx_word' id='word_1_79' title='bbox 536 1703 918 1774; x_wconf 66' lang='lat' dir='ltr'><strong>improspera),</strong></span> <span class='ocrx_word' id='word_1_80' title='bbox 968 1720 1088 1773; x_wconf 79' lang='lat' dir='ltr'><strong>quae</strong></span> <span class='ocrx_word' id='word_1_81' title='bbox 1135 1704 1416 1773; x_wconf 79' lang='lat' dir='ltr'><strong>profeCtos</strong></span> <span class='ocrx_word' id='word_1_82' title='bbox 1453 1707 1521 1758; x_wconf 89' lang='lat' dir='ltr'><strong>ab</strong></span> <span class='ocrx_word' id='word_1_83' title='bbox 1555 1707 1651 1760; x_wconf 89' lang='lat' dir='ltr'><strong>Ilio</strong></span> <span class='ocrx_word' id='word_1_84' title='bbox 1683 1705 1831 1761; x_wconf 59' lang='lat' dir='ltr'><strong>Grac-</strong></span> 
     </span>
    </p>
   </div>
   <div class='ocr_carea' id='block_1_15' title="bbox 1330 267 2542 336">
    <p class='ocr_par' dir='ltr' id='par_1_15' title="bbox 1330 267 2542 336">
     <span class='ocr_line' id='line_1_15' title="bbox 1330 267 2542 336; baseline 0.007 -13"><span class='ocrx_word' id='word_1_85' title='bbox 1330 267 1695 326; x_wconf 64' lang='lat' dir='ltr'><strong>PERIOCIIIE</strong></span> <span class='ocrx_word' id='word_1_86' title='bbox 1733 268 1801 326; x_wconf 86' lang='lat' dir='ltr'><strong>IN</strong></span> <span class='ocrx_word' id='word_1_87' title='bbox 1843 267 2108 331; x_wconf 72' lang='lat' dir='ltr'><strong>&quot;Oli-[ER]</strong></span> <span class='ocrx_word' id='word_1_88' title='bbox 2145 276 2542 336; x_wconf 81' lang='lat' dir='ltr'><strong>ODYSSEAM.</strong></span> 
     </span>
    </p>
   </div>
   <div class='ocr_carea' id='block_1_16' title="bbox 229 381 1922 455">
    <p class='ocr_par' dir='ltr' id='par_1_16' title="bbox 229 381 1922 455">
     <span class='ocr_line' id='line_1_16' title="bbox 229 381 1922 455; baseline 0.001 -17"><span class='ocrx_word' id='word_1_89' title='bbox 229 391 376 440; x_wconf 87' lang='lat' dir='ltr'><strong>tatur</strong></span> <span class='ocrx_word' id='word_1_90' title='bbox 404 381 702 455; x_wconf 84' lang='lat' dir='ltr'><strong>Priamum,</strong></span> <span class='ocrx_word' id='word_1_91' title='bbox 738 384 805 440; x_wconf 84' lang='grc' dir='ltr'><strong>ἰιι</strong></span> <span class='ocrx_word' id='word_1_92' title='bbox 832 398 966 440; x_wconf 87' lang='lat' dir='ltr'><strong>auro</strong></span> <span class='ocrx_word' id='word_1_93' title='bbox 999 382 1167 438; x_wconf 88' lang='lat' dir='ltr'><strong>filium</strong></span> <span class='ocrx_word' id='word_1_94' title='bbox 1198 385 1465 453; x_wconf 84' lang='lat' dir='ltr'><strong>rependat</strong></span> <span class='ocrx_word' id='word_1_95' title='bbox 1495 386 1832 441; x_wconf 86' lang='lat' dir='ltr'><strong>exanimum.</strong></span> <span class='ocrx_word' id='word_1_96' title='bbox 1865 391 1922 450; x_wconf 78' lang='grc' dir='ltr'><strong>Α</strong></span> 
     </span>
    </p>
   </div>
   <div class='ocr_carea' id='block_1_17' title="bbox 3441 286 3544 341">
    <p class='ocr_par' dir='ltr' id='par_1_17' title="bbox 3441 286 3544 341">
     <span class='ocr_line' id='line_1_17' title="bbox 3441 286 3544 341; baseline 0.019 -2"><span class='ocrx_word' id='word_1_97' title='bbox 3441 286 3544 341; x_wconf 68' lang='grc'><strong>954</strong></span> 
     </span>
    </p>
   </div>
   <div class='ocr_carea' id='block_1_18' title="bbox 2379 394 3112 473">
    <p class='ocr_par' dir='ltr' id='par_1_18' title="bbox 2379 394 3112 473">
     <span class='ocr_line' id='line_1_18' title="bbox 2379 394 3112 473; baseline 0.007 -23"><span class='ocrx_word' id='word_1_98' title='bbox 2379 394 2640 451; x_wconf 82' lang='lat' dir='ltr'><strong>Periocha</strong></span> <span class='ocrx_word' id='word_1_99' title='bbox 2665 397 2755 456; x_wconf 85' lang='lat' dir='ltr'><strong>lib.</strong></span> <span class='ocrx_word' id='word_1_100' title='bbox 2781 415 2813 456; x_wconf 89' lang='lat' dir='ltr'><strong>v</strong></span> <span class='ocrx_word' id='word_1_101' title='bbox 2847 398 3112 473; x_wconf 66' lang='lat' dir='ltr'><strong>Odyssea).</strong></span> 
     </span>
    </p>
   </div>
   <div class='ocr_carea' id='block_1_19' title="bbox 2072 504 3282 572">
    <p class='ocr_par' dir='ltr' id='par_1_19' title="bbox 2072 504 3282 572">
     <span class='ocr_line' id='line_1_19' title="bbox 2072 504 3282 572; baseline 0.01 -17"><span class='ocrx_word' id='word_1_102' title='bbox 2072 504 2305 570; x_wconf 83' lang='lat' dir='ltr'><strong>Liquerat</strong></span> <span class='ocrx_word' id='word_1_103' title='bbox 2326 511 2373 559; x_wconf 91' lang='lat' dir='ltr'><strong>in</strong></span> <span class='ocrx_word' id='word_1_104' title='bbox 2404 508 2570 572; x_wconf 86' lang='lat' dir='ltr'><strong>tepido</strong></span> <span class='ocrx_word' id='word_1_105' title='bbox 2585 510 2848 563; x_wconf 86' lang='lat' dir='ltr'><strong>Tithonum</strong></span> <span class='ocrx_word' id='word_1_106' title='bbox 2875 515 3064 565; x_wconf 78' lang='lat' dir='ltr'><strong>Aurora</strong></span> <span class='ocrx_word' id='word_1_107' title='bbox 3087 515 3240 567; x_wconf 87' lang='lat' dir='ltr'><strong>cubili</strong></span> <span class='ocrx_word' id='word_1_108' title='bbox 3270 531 3282 567; x_wconf 93' lang='lat'><strong>:</strong></span> 
     </span>
    </p>
   </div>
   <div class='ocr_carea' id='block_1_20' title="bbox 2019 613 3558 689">
    <p class='ocr_par' dir='ltr' id='par_1_20' title="bbox 2019 613 3558 689">
     <span class='ocr_line' id='line_1_20' title="bbox 2019 613 3558 689; baseline 0.009 -21"><span class='ocrx_word' id='word_1_109' title='bbox 2019 613 2316 670; x_wconf 82' lang='lat' dir='ltr'><strong>Mercurius</strong></span> <span class='ocrx_word' id='word_1_110' title='bbox 2362 616 2415 670; x_wconf 92' lang='lat' dir='ltr'><strong>in</strong></span> <span class='ocrx_word' id='word_1_111' title='bbox 2458 614 2718 688; x_wconf 81' lang='lat' dir='ltr'><strong>Ogygiam</strong></span> <span class='ocrx_word' id='word_1_112' title='bbox 2753 619 2985 675; x_wconf 87' lang='lat' dir='ltr'><strong>insulam</strong></span> <span class='ocrx_word' id='word_1_113' title='bbox 3037 621 3290 689; x_wconf 91' lang='lat' dir='ltr'><strong>devolat,</strong></span> <span class='ocrx_word' id='word_1_114' title='bbox 3326 635 3383 680; x_wconf 91' lang='lat' dir='ltr'><strong>ut</strong></span> <span class='ocrx_word' id='word_1_115' title='bbox 3409 624 3558 682; x_wconf 85' lang='lat' dir='ltr'><strong>Jovis</strong></span> 
     </span>
    </p>
   </div>
   <div class='ocr_carea' id='block_1_21' title="bbox 1947 707 3560 787">
    <p class='ocr_par' dir='ltr' id='par_1_21' title="bbox 1947 707 3560 787">
     <span class='ocr_line' id='line_1_21' title="bbox 1947 707 3560 787; baseline 0.007 -25"><span class='ocrx_word' id='word_1_116' title='bbox 1947 707 2173 764; x_wconf 86' lang='lat' dir='ltr'><strong>monitis</strong></span> <span class='ocrx_word' id='word_1_117' title='bbox 2204 709 2441 782; x_wconf 78' lang='lat' dir='ltr'><strong>Calypso</strong></span> <span class='ocrx_word' id='word_1_118' title='bbox 2480 713 2776 767; x_wconf 91' lang='lat' dir='ltr'><strong>conterrita</strong></span> <span class='ocrx_word' id='word_1_119' title='bbox 2810 713 3057 786; x_wconf 89' lang='lat' dir='ltr'><strong>Ulyssem</strong></span> <span class='ocrx_word' id='word_1_120' title='bbox 3101 717 3340 787; x_wconf 88' lang='lat' dir='ltr'><strong>patiatur</strong></span> <span class='ocrx_word' id='word_1_121' title='bbox 3380 717 3560 774; x_wconf 87' lang='lat' dir='ltr'><strong>disce-</strong></span> 
     </span>
    </p>
   </div>
   <div class='ocr_carea' id='block_1_22' title="bbox 1943 799 3560 883">
    <p class='ocr_par' dir='ltr' id='par_1_22' title="bbox 1943 799 3560 883">
     <span class='ocr_line' id='line_1_22' title="bbox 1943 799 3560 883; baseline 0.007 -26"><span class='ocrx_word' id='word_1_122' title='bbox 1943 799 2095 858; x_wconf 89' lang='lat' dir='ltr'><strong>dere.</strong></span> <span class='ocrx_word' id='word_1_123' title='bbox 2123 803 2230 871; x_wconf 83' lang='lat' dir='ltr'><strong>Qni</strong></span> <span class='ocrx_word' id='word_1_124' title='bbox 2262 812 2519 859; x_wconf 86' lang='lat' dir='ltr'><strong>contextu</strong></span> <span class='ocrx_word' id='word_1_125' title='bbox 2551 806 2679 860; x_wconf 90' lang='lat' dir='ltr'><strong>ratis</strong></span> <span class='ocrx_word' id='word_1_126' title='bbox 2713 816 2916 864; x_wconf 89' lang='lat' dir='ltr'><strong>temere</strong></span> <span class='ocrx_word' id='word_1_127' title='bbox 2939 825 3234 880; x_wconf 88' lang='lat' dir='ltr'><strong>properare</strong></span> <span class='ocrx_word' id='word_1_128' title='bbox 3262 813 3560 883; x_wconf 82' lang='lat' dir='ltr'><strong>navigatio-</strong></span> 
     </span>
    </p>
   </div>
   <div class='ocr_carea' id='block_1_23' title="bbox 1947 895 3557 974">
    <p class='ocr_par' dir='ltr' id='par_1_23' title="bbox 1947 895 3557 974">
     <span class='ocr_line' id='line_1_23' title="bbox 1947 895 3557 974; baseline 0.006 -24"><span class='ocrx_word' id='word_1_129' title='bbox 1947 909 2071 950; x_wconf 85' lang='lat' dir='ltr'><strong>nem</strong></span> <span class='ocrx_word' id='word_1_130' title='bbox 2099 895 2252 951; x_wconf 82' lang='lat' dir='ltr'><strong>solus</strong></span> <span class='ocrx_word' id='word_1_131' title='bbox 2281 897 2616 967; x_wconf 79' lang='lat' dir='ltr'><strong>aggreditur.</strong></span> <span class='ocrx_word' id='word_1_132' title='bbox 2656 898 3106 972; x_wconf 84' lang='lat' dir='ltr'><strong>Duodevigesiina</strong></span> <span class='ocrx_word' id='word_1_133' title='bbox 3126 903 3212 959; x_wconf 89' lang='lat' dir='ltr'><strong>die</strong></span> <span class='ocrx_word' id='word_1_134' title='bbox 3232 913 3557 974; x_wconf 85' lang='lat' dir='ltr'><strong>tempestate</strong></span> 
     </span>
    </p>
   </div>
   <div class='ocr_carea' id='block_1_24' title="bbox 1949 991 3555 1066">
    <p class='ocr_par' dir='ltr' id='par_1_24' title="bbox 1949 991 3555 1066">
     <span class='ocr_line' id='line_1_24' title="bbox 1949 991 3555 1066; baseline 0.006 -23"><span class='ocrx_word' id='word_1_135' title='bbox 1949 1001 2243 1060; x_wconf 87' lang='lat' dir='ltr'><strong>commota,</strong></span> <span class='ocrx_word' id='word_1_136' title='bbox 2281 1007 2348 1046; x_wconf 79' lang='lat' dir='ltr'><strong>ex</strong></span> <span class='ocrx_word' id='word_1_137' title='bbox 2383 991 2664 1046; x_wconf 88' lang='lat' dir='ltr'><strong>iracundia</strong></span> <span class='ocrx_word' id='word_1_138' title='bbox 2691 993 2985 1050; x_wconf 74' lang='lat' dir='ltr'><strong>infestante</strong></span> <span class='ocrx_word' id='word_1_139' title='bbox 3012 993 3290 1066; x_wconf 87' lang='lat' dir='ltr'><strong>Neptuno,</strong></span> <span class='ocrx_word' id='word_1_140' title='bbox 3323 999 3555 1054; x_wconf 83' lang='lat' dir='ltr'><strong>trabium</strong></span> 
     </span>
    </p>
   </div>
   <div class='ocr_carea' id='block_1_25' title="bbox 1945 1084 3554 1160">
    <p class='ocr_par' dir='ltr' id='par_1_25' title="bbox 1945 1084 3554 1160">
     <span class='ocr_line' id='line_1_25' title="bbox 1945 1084 3554 1160; baseline 0.005 -23"><span class='ocrx_word' id='word_1_141' title='bbox 1945 1097 2208 1155; x_wconf 89' lang='lat' dir='ltr'><strong>compago</strong></span> <span class='ocrx_word' id='word_1_142' title='bbox 2239 1084 2587 1143; x_wconf 79' lang='lat' dir='ltr'><strong>dissolvitur.</strong></span> <span class='ocrx_word' id='word_1_143' title='bbox 2614 1086 2732 1154; x_wconf 86' lang='lat' dir='ltr'><strong>Quo</strong></span> <span class='ocrx_word' id='word_1_144' title='bbox 2761 1103 2889 1141; x_wconf 88' lang='lat' dir='ltr'><strong>casn</strong></span> <span class='ocrx_word' id='word_1_145' title='bbox 2917 1089 3159 1157; x_wconf 90' lang='lat' dir='ltr'><strong>proditur</strong></span> <span class='ocrx_word' id='word_1_146' title='bbox 3179 1090 3388 1146; x_wconf 85' lang='lat' dir='ltr'><strong>ultimae</strong></span> <span class='ocrx_word' id='word_1_147' title='bbox 3417 1091 3554 1160; x_wconf 86' lang='lat' dir='ltr'><strong>spei,</strong></span> 
     </span>
    </p>
   </div>
   <div class='ocr_carea' id='block_1_26' title="bbox 1940 1179 3545 1240">
    <p class='ocr_par' dir='ltr' id='par_1_26' title="bbox 1940 1179 3545 1240">
     <span class='ocr_line' id='line_1_26' title="bbox 1940 1179 3545 1240; baseline 0.004 -7"><span class='ocrx_word' id='word_1_148' title='bbox 1940 1188 1995 1234; x_wconf 91' lang='lat' dir='ltr'><strong>et</strong></span> <span class='ocrx_word' id='word_1_149' title='bbox 2022 1179 2191 1235; x_wconf 87' lang='lat' dir='ltr'><strong>irritis</strong></span> <span class='ocrx_word' id='word_1_150' title='bbox 2222 1180 2512 1236; x_wconf 90' lang='lat' dir='ltr'><strong>conatibus</strong></span> <span class='ocrx_word' id='word_1_151' title='bbox 2541 1180 2721 1236; x_wconf 89' lang='lat' dir='ltr'><strong>nando</strong></span> <span class='ocrx_word' id='word_1_152' title='bbox 2752 1181 3049 1239; x_wconf 85' lang='lat' dir='ltr'><strong>abJunone</strong></span> <span class='ocrx_word' id='word_1_153' title='bbox 3071 1184 3169 1239; x_wconf 88' lang='lat' dir='ltr'><strong>dea</strong></span> <span class='ocrx_word' id='word_1_154' title='bbox 3193 1185 3545 1240; x_wconf 78' lang='lat' dir='ltr'><strong>misericorde</strong></span> 
     </span>
    </p>
   </div>
   <div class='ocr_carea' id='block_1_27' title="bbox 1940 1275 3548 1348">
    <p class='ocr_par' dir='ltr' id='par_1_27' title="bbox 1940 1275 3548 1348">
     <span class='ocr_line' id='line_1_27' title="bbox 1940 1275 3548 1348; baseline 0.003 -21"><span class='ocrx_word' id='word_1_155' title='bbox 1940 1283 2215 1343; x_wconf 84' lang='lat' dir='ltr'><strong>servatur,</strong></span> <span class='ocrx_word' id='word_1_156' title='bbox 2245 1289 2367 1344; x_wconf 85' lang='lat' dir='ltr'><strong>quae</strong></span> <span class='ocrx_word' id='word_1_157' title='bbox 2390 1275 2711 1330; x_wconf 89' lang='lat' dir='ltr'><strong>calanticam</strong></span> <span class='ocrx_word' id='word_1_158' title='bbox 2730 1276 2893 1347; x_wconf 87' lang='lat' dir='ltr'><strong>capiti</strong></span> <span class='ocrx_word' id='word_1_159' title='bbox 2916 1292 3016 1332; x_wconf 90' lang='lat' dir='ltr'><strong>suo</strong></span> <span class='ocrx_word' id='word_1_160' title='bbox 3044 1278 3318 1348; x_wconf 89' lang='lat' dir='ltr'><strong>demptam</strong></span> <span class='ocrx_word' id='word_1_161' title='bbox 3341 1280 3548 1334; x_wconf 84' lang='lat' dir='ltr'><strong>natanti</strong></span> 
     </span>
    </p>
   </div>
   <div class='ocr_carea' id='block_1_28' title="bbox 1945 1367 3549 1444">
    <p class='ocr_par' dir='ltr' id='par_1_28' title="bbox 1945 1367 3549 1444">
     <span class='ocr_line' id='line_1_28' title="bbox 1945 1367 3549 1444; baseline 0.006 -25"><span class='ocrx_word' id='word_1_162' title='bbox 1945 1368 2346 1424; x_wconf 83' lang='lat' dir='ltr'><strong>accommodat.</strong></span> <span class='ocrx_word' id='word_1_163' title='bbox 2374 1367 2541 1440; x_wconf 73' lang='lat' dir='ltr'><strong>Cttjtts</strong></span> <span class='ocrx_word' id='word_1_164' title='bbox 2571 1368 2662 1426; x_wconf 87' lang='lat' dir='ltr'><strong>ille</strong></span> <span class='ocrx_word' id='word_1_165' title='bbox 2677 1380 2983 1426; x_wconf 86' lang='lat' dir='ltr'><strong>sustentatu</strong></span> <span class='ocrx_word' id='word_1_166' title='bbox 3004 1371 3244 1444; x_wconf 89' lang='lat' dir='ltr'><strong>adusque</strong></span> <span class='ocrx_word' id='word_1_167' title='bbox 3263 1372 3549 1428; x_wconf 64' lang='lat' dir='ltr'><strong>Phaeacum</strong></span> 
     </span>
    </p>
   </div>
   <div class='ocr_carea' id='block_1_29' title="bbox 1941 1460 2325 1518">
    <p class='ocr_par' dir='ltr' id='par_1_29' title="bbox 1941 1460 2325 1518">
     <span class='ocr_line' id='line_1_29' title="bbox 1941 1460 2325 1518; baseline 0 -2"><span class='ocrx_word' id='word_1_168' title='bbox 1941 1460 2093 1517; x_wconf 87' lang='lat' dir='ltr'><strong>littus</strong></span> <span class='ocrx_word' id='word_1_169' title='bbox 2121 1463 2325 1518; x_wconf 89' lang='lat' dir='ltr'><strong>evadit.</strong></span> 
     </span>
    </p>
   </div>
   <div class='ocr_carea' id='block_1_30' title="bbox 2361 1555 3120 1630">
    <p class='ocr_par' dir='ltr' id='par_1_30' title="bbox 2361 1555 3120 1630">
     <span class='ocr_line' id='line_1_30' title="bbox 2361 1555 3120 1630; baseline 0.003 -20"><span class='ocrx_word' id='word_1_170' title='bbox 2361 1555 2621 1612; x_wconf 87' lang='lat' dir='ltr'><strong>Periocha</strong></span> <span class='ocrx_word' id='word_1_171' title='bbox 2652 1558 2744 1612; x_wconf 86' lang='lat' dir='ltr'><strong>lib.</strong></span> <span class='ocrx_word' id='word_1_172' title='bbox 2777 1574 2826 1613; x_wconf 86' lang='lat' dir='ltr'><strong>vt</strong></span> <span class='ocrx_word' id='word_1_173' title='bbox 2857 1559 3120 1630; x_wconf 74' lang='lat' dir='ltr'><strong>Odyssew.</strong></span> 
     </span>
    </p>
   </div>
   <div class='ocr_carea' id='block_1_31' title="bbox 2062 1670 3306 1739">
    <p class='ocr_par' dir='ltr' id='par_1_31' title="bbox 2062 1670 3306 1739">
     <span class='ocr_line' id='line_1_31' title="bbox 2062 1670 3306 1739; baseline 0.004 -19"><span class='ocrx_word' id='word_1_174' title='bbox 2062 1670 2302 1734; x_wconf 81' lang='lat' dir='ltr'><strong>Carpebat</strong></span> <span class='ocrx_word' id='word_1_175' title='bbox 2325 1686 2520 1722; x_wconf 87' lang='lat' dir='ltr'><strong>somnos</strong></span> <span class='ocrx_word' id='word_1_176' title='bbox 2541 1673 2725 1723; x_wconf 91' lang='lat' dir='ltr'><strong>dudum</strong></span> <span class='ocrx_word' id='word_1_177' title='bbox 2750 1687 3056 1724; x_wconf 62' lang='lat' dir='ltr'><strong>arumnosas</strong></span> <span class='ocrx_word' id='word_1_178' title='bbox 3086 1674 3306 1739; x_wconf 75' lang='lat' dir='ltr'><strong>Ulysses.</strong></span> 
     </span>
    </p>
   </div>
   <div class='ocr_carea' id='block_1_32' title="bbox 210 1776 1836 1868">
    <p class='ocr_par' dir='ltr' id='par_1_32' title="bbox 210 1794 1825 1868">
     <span class='ocr_line' id='line_1_32' title="bbox 210 1794 1825 1868; baseline 0.002 -20"><span class='ocrx_word' id='word_1_179' title='bbox 210 1809 312 1849; x_wconf 86' lang='lat' dir='ltr'><strong>cos</strong></span> <span class='ocrx_word' id='word_1_180' title='bbox 335 1794 571 1850; x_wconf 88' lang='lat' dir='ltr'><strong>diversis</strong></span> <span class='ocrx_word' id='word_1_181' title='bbox 597 1798 800 1866; x_wconf 84' lang='lat' dir='ltr'><strong>sparsit</strong></span> <span class='ocrx_word' id='word_1_182' title='bbox 825 1797 1032 1863; x_wconf 82' lang='lat' dir='ltr'><strong>exiliis,</strong></span> <span class='ocrx_word' id='word_1_183' title='bbox 1060 1812 1222 1866; x_wconf 89' lang='lat' dir='ltr'><strong>quem</strong></span> <span class='ocrx_word' id='word_1_184' title='bbox 1254 1797 1526 1868; x_wconf 90' lang='lat' dir='ltr'><strong>Penelope</strong></span> <span class='ocrx_word' id='word_1_185' title='bbox 1555 1797 1825 1867; x_wconf 81' lang='lat' dir='ltr'><strong>digressa,</strong></span> 
     </span>
    </p>
   </div>
   <div class='ocr_carea' id='block_1_33' title="bbox 1946 1776 3551 1868">
    <p class='ocr_par' dir='ltr' id='par_1_33' title="bbox 2009 1776 3551 1849">
     <span class='ocr_line' id='line_1_33' title="bbox 2009 1776 3551 1849; baseline 0.004 -17"><span class='ocrx_word' id='word_1_186' title='bbox 2009 1776 2231 1849; x_wconf 83' lang='lat' dir='ltr'><strong>Ulysses</strong></span> <span class='ocrx_word' id='word_1_187' title='bbox 2266 1788 2549 1848; x_wconf 86' lang='lat' dir='ltr'><strong>postquam</strong></span> <span class='ocrx_word' id='word_1_188' title='bbox 2583 1780 2653 1834; x_wconf 87' lang='lat' dir='ltr'><strong>ad</strong></span> <span class='ocrx_word' id='word_1_189' title='bbox 2685 1780 2970 1836; x_wconf 47' lang='lat' dir='ltr'><strong>Pha‘acum</strong></span> <span class='ocrx_word' id='word_1_190' title='bbox 3000 1783 3150 1837; x_wconf 90' lang='lat' dir='ltr'><strong>littus</strong></span> <span class='ocrx_word' id='word_1_191' title='bbox 3178 1797 3438 1840; x_wconf 56' lang='lat' dir='ltr'><strong>enavi&#39;rat</strong></span> <span class='ocrx_word' id='word_1_192' title='bbox 3474 1784 3551 1838; x_wconf 90' lang='lat' dir='ltr'><strong>fa-</strong></span> 
     </span>
    </p>
   </div>
   <div class='ocr_carea' id='block_1_34' title="bbox 207 1888 1824 1958">
    <p class='ocr_par' dir='ltr' id='par_1_34' title="bbox 207 1888 1824 1958">
     <span class='ocr_line' id='line_1_34' title="bbox 207 1888 1824 1958; baseline 0.004 -17"><span class='ocrx_word' id='word_1_193' title='bbox 207 1888 531 1943; x_wconf 87' lang='lat' dir='ltr'><strong>Chaleidieo</strong></span> <span class='ocrx_word' id='word_1_194' title='bbox 568 1899 893 1958; x_wconf 83' lang='lat' dir='ltr'><strong>argmnento</strong></span> <span class='ocrx_word' id='word_1_195' title='bbox 942 1899 1049 1945; x_wconf 88' lang='lat' dir='ltr'><strong>tam</strong></span> <span class='ocrx_word' id='word_1_196' title='bbox 1109 1891 1435 1948; x_wconf 84' lang='lat' dir='ltr'><strong>miserabilis</strong></span> <span class='ocrx_word' id='word_1_197' title='bbox 1468 1892 1675 1950; x_wconf 87' lang='lat' dir='ltr'><strong>oll&#39;ensa</strong></span> <span class='ocrx_word' id='word_1_198' title='bbox 1708 1908 1824 1949; x_wconf 89' lang='lat' dir='ltr'><strong>ma-</strong></span> 
     </span>
    </p>
   </div>
   <div class='ocr_carea' id='block_1_35' title="bbox 210 1980 1278 2048">
    <p class='ocr_par' dir='ltr' id='par_1_35' title="bbox 210 1980 1278 2048">
     <span class='ocr_line' id='line_1_35' title="bbox 210 1980 1278 2048; baseline 0.004 -13"><span class='ocrx_word' id='word_1_199' title='bbox 210 1980 391 2048; x_wconf 68' lang='lat' dir='ltr'><strong>terisc,</strong></span> <span class='ocrx_word' id='word_1_200' title='bbox 422 1991 479 2037; x_wconf 94' lang='lat' dir='ltr'><strong>ut</strong></span> <span class='ocrx_word' id='word_1_201' title='bbox 503 1983 608 2038; x_wconf 89' lang='lat' dir='ltr'><strong>alia</strong></span> <span class='ocrx_word' id='word_1_202' title='bbox 634 1983 906 2048; x_wconf 84' lang='lat' dir='ltr'><strong>coneinat,</strong></span> <span class='ocrx_word' id='word_1_203' title='bbox 938 1985 1278 2040; x_wconf 85' lang='lat' dir='ltr'><strong>adhortatur.</strong></span> 
     </span>
    </p>
   </div>
   <div class='ocr_carea' id='block_1_36' title="bbox 661 2141 1396 2215">
    <p class='ocr_par' dir='ltr' id='par_1_36' title="bbox 661 2141 1396 2215">
     <span class='ocr_line' id='line_1_36' title="bbox 661 2141 1396 2215; baseline 0.004 -18"><span class='ocrx_word' id='word_1_204' title='bbox 661 2141 919 2198; x_wconf 86' lang='lat' dir='ltr'><strong>Periocha</strong></span> <span class='ocrx_word' id='word_1_205' title='bbox 943 2143 1031 2197; x_wconf 87' lang='lat' dir='ltr'><strong>lib.</strong></span> <span class='ocrx_word' id='word_1_206' title='bbox 1066 2160 1099 2199; x_wconf 92' lang='lat' dir='ltr'><strong>ll</strong></span> <span class='ocrx_word' id='word_1_207' title='bbox 1132 2143 1396 2215; x_wconf 74' lang='lat' dir='ltr'><strong>Odysseaz.</strong></span> 
     </span>
    </p>
   </div>
   <div class='ocr_carea' id='block_1_37' title="bbox 343 2254 1478 2322">
    <p class='ocr_par' dir='ltr' id='par_1_37' title="bbox 343 2254 1478 2322">
     <span class='ocr_line' id='line_1_37' title="bbox 343 2254 1478 2322; baseline 0.004 -17"><span class='ocrx_word' id='word_1_208' title='bbox 343 2254 545 2306; x_wconf 83' lang='lat' dir='ltr'><strong>Oceano</strong></span> <span class='ocrx_word' id='word_1_209' title='bbox 571 2257 822 2307; x_wconf 72' lang='lat' dir='ltr'><strong>extulerat</strong></span> <span class='ocrx_word' id='word_1_210' title='bbox 849 2271 1018 2308; x_wconf 86' lang='lat' dir='ltr'><strong>roseas</strong></span> <span class='ocrx_word' id='word_1_211' title='bbox 1052 2257 1240 2309; x_wconf 78' lang='lat' dir='ltr'><strong>Aurora</strong></span> <span class='ocrx_word' id='word_1_212' title='bbox 1261 2258 1478 2322; x_wconf 84' lang='lat' dir='ltr'><strong>jugales.</strong></span> 
     </span>
    </p>
   </div>
   <div class='ocr_carea' id='block_1_38' title="bbox 282 2370 1877 2459">
    <p class='ocr_par' dir='ltr' id='par_1_38' title="bbox 282 2370 1877 2459">
     <span class='ocr_line' id='line_1_38' title="bbox 282 2370 1877 2459; baseline 0.004 -20"><span class='ocrx_word' id='word_1_213' title='bbox 282 2383 647 2441; x_wconf 85' lang='lat' dir='ltr'><strong>Telemachus</strong></span> <span class='ocrx_word' id='word_1_214' title='bbox 683 2384 978 2441; x_wconf 82' lang='lat' dir='ltr'><strong>lthacesins</strong></span> <span class='ocrx_word' id='word_1_215' title='bbox 1008 2402 1260 2454; x_wconf 63' lang='lat' dir='ltr'><strong>proceres</strong></span> <span class='ocrx_word' id='word_1_216' title='bbox 1313 2391 1460 2459; x_wconf 86' lang='lat' dir='ltr'><strong>cogit</strong></span> <span class='ocrx_word' id='word_1_217' title='bbox 1504 2389 1569 2444; x_wconf 90' lang='lat' dir='ltr'><strong>ad</strong></span> <span class='ocrx_word' id='word_1_218' title='bbox 1600 2389 1830 2456; x_wconf 88' lang='lat' dir='ltr'><strong>curiam,</strong></span> <span class='ocrx_word' id='word_1_219' title='bbox 1862 2370 1877 2389; x_wconf 79' lang='grc'><em>’</em></span> 
     </span>
    </p>
   </div>
   <div class='ocr_carea' id='block_1_39' title="bbox 214 2477 1836 2553">
    <p class='ocr_par' dir='ltr' id='par_1_39' title="bbox 214 2477 1836 2553">
     <span class='ocr_line' id='line_1_39' title="bbox 214 2477 1836 2553; baseline 0.004 -23"><span class='ocrx_word' id='word_1_220' title='bbox 214 2487 384 2548; x_wconf 85' lang='lat' dir='ltr'><strong>atque</strong></span> <span class='ocrx_word' id='word_1_221' title='bbox 415 2477 615 2534; x_wconf 90' lang='lat' dir='ltr'><strong>ibidem</strong></span> <span class='ocrx_word' id='word_1_222' title='bbox 646 2479 712 2534; x_wconf 91' lang='lat' dir='ltr'><strong>de</strong></span> <span class='ocrx_word' id='word_1_223' title='bbox 735 2480 1064 2534; x_wconf 88' lang='lat' dir='ltr'><strong>contumelia</strong></span> <span class='ocrx_word' id='word_1_224' title='bbox 1094 2481 1309 2548; x_wconf 91' lang='lat' dir='ltr'><strong>domus,</strong></span> <span class='ocrx_word' id='word_1_225' title='bbox 1344 2491 1398 2537; x_wconf 90' lang='lat' dir='ltr'><strong>et</strong></span> <span class='ocrx_word' id='word_1_226' title='bbox 1420 2482 1685 2537; x_wconf 87' lang='lat' dir='ltr'><strong>bonorqu</strong></span> <span class='ocrx_word' id='word_1_227' title='bbox 1709 2498 1836 2553; x_wconf 87' lang='lat' dir='ltr'><strong>pro-</strong></span> 
     </span>
    </p>
   </div>
   <div class='ocr_carea' id='block_1_40' title="bbox 219 2572 1833 2644">
    <p class='ocr_par' dir='ltr' id='par_1_40' title="bbox 219 2572 1833 2644">
     <span class='ocr_line' id='line_1_40' title="bbox 219 2572 1833 2644; baseline 0.002 -17"><span class='ocrx_word' id='word_1_228' title='bbox 219 2572 506 2642; x_wconf 78' lang='lat' dir='ltr'><strong>ﬂigatione</strong></span> <span class='ocrx_word' id='word_1_229' title='bbox 535 2585 869 2643; x_wconf 83' lang='lat' dir='ltr'><strong>conqueStns</strong></span> <span class='ocrx_word' id='word_1_230' title='bbox 893 2615 908 2638; x_wconf 91' lang='lat'><strong>,</strong></span> <span class='ocrx_word' id='word_1_231' title='bbox 940 2574 1166 2628; x_wconf 80' lang='lat' dir='ltr'><strong>censilia</strong></span> <span class='ocrx_word' id='word_1_232' title='bbox 1197 2576 1546 2643; x_wconf 69' lang='lat' dir='ltr'><strong>proli-etionis</strong></span> <span class='ocrx_word' id='word_1_233' title='bbox 1587 2574 1833 2644; x_wconf 83' lang='lat' dir='ltr'><strong>exponit,</strong></span> 
     </span>
    </p>
   </div>
   <div class='ocr_carea' id='block_1_41' title="bbox 207 2664 1837 2738">
    <p class='ocr_par' dir='ltr' id='par_1_41' title="bbox 207 2664 1837 2738">
     <span class='ocr_line' id='line_1_41' title="bbox 207 2664 1837 2738; baseline 0.003 -19"><span class='ocrx_word' id='word_1_234' title='bbox 207 2664 456 2719; x_wconf 83' lang='lat' dir='ltr'><strong>AntinOo</strong></span> <span class='ocrx_word' id='word_1_235' title='bbox 485 2666 798 2729; x_wconf 89' lang='lat' dir='ltr'><strong>resistente.</strong></span> <span class='ocrx_word' id='word_1_236' title='bbox 826 2665 916 2734; x_wconf 76' lang='lat' dir='ltr'><strong>Qui</strong></span> <span class='ocrx_word' id='word_1_237' title='bbox 959 2681 1081 2720; x_wconf 87' lang='lat' dir='ltr'><strong>eum</strong></span> <span class='ocrx_word' id='word_1_238' title='bbox 1112 2667 1261 2736; x_wconf 90' lang='lat' dir='ltr'><strong>prius</strong></span> <span class='ocrx_word' id='word_1_239' title='bbox 1286 2709 1300 2734; x_wconf 94' lang='lat'><strong>,</strong></span> <span class='ocrx_word' id='word_1_240' title='bbox 1339 2683 1500 2738; x_wconf 91' lang='lat' dir='ltr'><strong>quam</strong></span> <span class='ocrx_word' id='word_1_241' title='bbox 1529 2678 1702 2724; x_wconf 89' lang='lat' dir='ltr'><strong>mater</strong></span> <span class='ocrx_word' id='word_1_242' title='bbox 1732 2685 1837 2724; x_wconf 82' lang='lat' dir='ltr'><strong>nu-</strong></span> 
     </span>
    </p>
   </div>
   <div class='ocr_carea' id='block_1_42' title="bbox 208 2758 1837 2832">
    <p class='ocr_par' dir='ltr' id='par_1_42' title="bbox 208 2758 1837 2832">
     <span class='ocr_line' id='line_1_42' title="bbox 208 2758 1837 2832; baseline 0.004 -19"><span class='ocrx_word' id='word_1_243' title='bbox 208 2759 368 2814; x_wconf 92' lang='lat' dir='ltr'><strong>beret</strong></span> <span class='ocrx_word' id='word_1_244' title='bbox 395 2803 410 2826; x_wconf 94' lang='lat'><strong>,</strong></span> <span class='ocrx_word' id='word_1_245' title='bbox 466 2759 613 2813; x_wconf 89' lang='lat' dir='ltr'><strong>abire</strong></span> <span class='ocrx_word' id='word_1_246' title='bbox 646 2758 989 2829; x_wconf 83' lang='lat' dir='ltr'><strong>prohibebat.</strong></span> <span class='ocrx_word' id='word_1_247' title='bbox 1033 2761 1146 2826; x_wconf 81' lang='lat' dir='ltr'><strong>Qua</strong></span> <span class='ocrx_word' id='word_1_248' title='bbox 1180 2762 1536 2818; x_wconf 90' lang='lat' dir='ltr'><strong>altercatione</strong></span> <span class='ocrx_word' id='word_1_249' title='bbox 1575 2763 1665 2817; x_wconf 87' lang='lat' dir='ltr'><strong>diu</strong></span> <span class='ocrx_word' id='word_1_250' title='bbox 1710 2778 1837 2832; x_wconf 90' lang='lat' dir='ltr'><strong>pro-</strong></span> 
     </span>
    </p>
   </div>
   <div class='ocr_carea' id='block_1_43' title="bbox 213 2852 1839 2919">
    <p class='ocr_par' dir='ltr' id='par_1_43' title="bbox 213 2852 1839 2919">
     <span class='ocr_line' id='line_1_43' title="bbox 213 2852 1839 2919; baseline 0.003 -12"><span class='ocrx_word' id='word_1_251' title='bbox 213 2860 418 2919; x_wconf 82' lang='lat' dir='ltr'><strong>tracta,</strong></span> <span class='ocrx_word' id='word_1_252' title='bbox 449 2853 743 2908; x_wconf 81' lang='lat' dir='ltr'><strong>concilium</strong></span> <span class='ocrx_word' id='word_1_253' title='bbox 769 2852 1093 2908; x_wconf 85' lang='lat' dir='ltr'><strong>dissolutum</strong></span> <span class='ocrx_word' id='word_1_254' title='bbox 1127 2863 1230 2909; x_wconf 86' lang='lat' dir='ltr'><strong>est.</strong></span> <span class='ocrx_word' id='word_1_255' title='bbox 1268 2855 1631 2911; x_wconf 80' lang='lat' dir='ltr'><strong>Telemachus</strong></span> <span class='ocrx_word' id='word_1_256' title='bbox 1655 2857 1722 2912; x_wconf 87' lang='lat' dir='ltr'><strong>ad</strong></span> <span class='ocrx_word' id='word_1_257' title='bbox 1754 2859 1839 2912; x_wconf 90' lang='lat' dir='ltr'><strong>lit-</strong></span> 
     </span>
    </p>
   </div>
   <div class='ocr_carea' id='block_1_44' title="bbox 218 2944 1837 3015">
    <p class='ocr_par' dir='ltr' id='par_1_44' title="bbox 218 2944 1837 3015">
     <span class='ocr_line' id='line_1_44' title="bbox 218 2944 1837 3015; baseline 0.006 -17"><span class='ocrx_word' id='word_1_258' title='bbox 218 2953 311 2998; x_wconf 88' lang='lat' dir='ltr'><strong>tus</strong></span> <span class='ocrx_word' id='word_1_259' title='bbox 335 2944 514 3013; x_wconf 84' lang='lat' dir='ltr'><strong>procis</strong></span> <span class='ocrx_word' id='word_1_260' title='bbox 541 2945 921 3015; x_wconf 88' lang='lat' dir='ltr'><strong>ignorantibus</strong></span> <span class='ocrx_word' id='word_1_261' title='bbox 950 2947 1123 3014; x_wconf 59' lang='grc' dir='ltr'><strong>ωτι-μη</strong></span> <span class='ocrx_word' id='word_1_262' title='bbox 1146 2963 1160 3001; x_wconf 88' lang='lat'>:</span> <span class='ocrx_word' id='word_1_263' title='bbox 1185 2958 1451 3003; x_wconf 87' lang='lat' dir='ltr'><strong>astantem</strong></span> <span class='ocrx_word' id='word_1_264' title='bbox 1479 2950 1580 3004; x_wconf 85' lang='lat' dir='ltr'><strong>sibi</strong></span> <span class='ocrx_word' id='word_1_265' title='bbox 1602 2952 1837 3007; x_wconf 87' lang='lat' dir='ltr'><strong>odorans</strong></span> 
     </span>
    </p>
   </div>
   <div class='ocr_carea' id='block_1_45' title="bbox 214 3037 1834 3111">
    <p class='ocr_par' dir='ltr' id='par_1_45' title="bbox 214 3037 1834 3111">
     <span class='ocr_line' id='line_1_45' title="bbox 214 3037 1834 3111; baseline 0.005 -20"><span class='ocrx_word' id='word_1_266' title='bbox 214 3037 546 3102; x_wconf 83' lang='lat' dir='ltr'><strong>Minervam,</strong></span> <span class='ocrx_word' id='word_1_267' title='bbox 578 3038 1004 3108; x_wconf 84' lang='lat' dir='ltr'><strong>peregrinationi</strong></span> <span class='ocrx_word' id='word_1_268' title='bbox 1035 3041 1388 3096; x_wconf 86' lang='lat' dir='ltr'><strong>accommoda</strong></span> <span class='ocrx_word' id='word_1_269' title='bbox 1409 3052 1584 3111; x_wconf 87' lang='lat' dir='ltr'><strong>parat,</strong></span> <span class='ocrx_word' id='word_1_270' title='bbox 1613 3043 1834 3099; x_wconf 90' lang='lat' dir='ltr'><strong>hortan-</strong></span> 
     </span>
    </p>
   </div>
   <div class='ocr_carea' id='block_1_46' title="bbox 212 3130 1837 3205">
    <p class='ocr_par' dir='ltr' id='par_1_46' title="bbox 212 3130 1837 3205">
     <span class='ocr_line' id='line_1_46' title="bbox 212 3130 1837 3205; baseline 0.004 -20"><span class='ocrx_word' id='word_1_271' title='bbox 212 3141 268 3185; x_wconf 93' lang='lat' dir='ltr'><strong>te</strong></span> <span class='ocrx_word' id='word_1_272' title='bbox 302 3130 541 3185; x_wconf 79' lang='lat' dir='ltr'><strong>maxime</strong></span> <span class='ocrx_word' id='word_1_273' title='bbox 588 3131 688 3185; x_wconf 87' lang='lat' dir='ltr'><strong>dea</strong></span> <span class='ocrx_word' id='word_1_274' title='bbox 719 3172 732 3196; x_wconf 97' lang='lat'><strong>,</strong></span> <span class='ocrx_word' id='word_1_275' title='bbox 780 3146 902 3202; x_wconf 74' lang='lat' dir='ltr'><strong>qua:</strong></span> <span class='ocrx_word' id='word_1_276' title='bbox 936 3134 1190 3202; x_wconf 85' lang='lat' dir='ltr'><strong>populum</strong></span> <span class='ocrx_word' id='word_1_277' title='bbox 1216 3177 1229 3196; x_wconf 86' lang='lat'><strong>,</strong></span> <span class='ocrx_word' id='word_1_278' title='bbox 1263 3134 1550 3205; x_wconf 88' lang='lat' dir='ltr'><strong>ipsumque</strong></span> <span class='ocrx_word' id='word_1_279' title='bbox 1587 3136 1837 3192; x_wconf 88' lang='lat' dir='ltr'><strong>Telema-</strong></span> 
     </span>
    </p>
   </div>
   <div class='ocr_carea' id='block_1_47' title="bbox 210 3224 1837 3301">
    <p class='ocr_par' dir='ltr' id='par_1_47' title="bbox 210 3224 1837 3301">
     <span class='ocr_line' id='line_1_47' title="bbox 210 3224 1837 3301; baseline 0.005 -23"><span class='ocrx_word' id='word_1_280' title='bbox 210 3227 380 3278; x_wconf 86' lang='lat' dir='ltr'><strong>chum</strong></span> <span class='ocrx_word' id='word_1_281' title='bbox 433 3224 693 3278; x_wconf 71' lang='lat' dir='ltr'><strong>Mentoris</strong></span> <span class='ocrx_word' id='word_1_282' title='bbox 744 3225 1088 3281; x_wconf 89' lang='lat' dir='ltr'><strong>simulatione</strong></span> <span class='ocrx_word' id='word_1_283' title='bbox 1120 3226 1363 3281; x_wconf 71' lang='lat' dir='ltr'><strong>fallebat.</strong></span> <span class='ocrx_word' id='word_1_284' title='bbox 1408 3227 1680 3284; x_wconf 83' lang='lat' dir='ltr'><strong>instrueto</strong></span> <span class='ocrx_word' id='word_1_285' title='bbox 1710 3246 1837 3301; x_wconf 82' lang='lat' dir='ltr'><strong>ergo</strong></span> 
     </span>
    </p>
   </div>
   <div class='ocr_carea' id='block_1_48' title="bbox 211 3317 1836 3388">
    <p class='ocr_par' dir='ltr' id='par_1_48' title="bbox 211 3317 1836 3388">
     <span class='ocr_line' id='line_1_48' title="bbox 211 3317 1836 3388; baseline 0.006 -18"><span class='ocrx_word' id='word_1_286' title='bbox 211 3318 476 3388; x_wconf 88' lang='lat' dir='ltr'><strong>remigio,</strong></span> <span class='ocrx_word' id='word_1_287' title='bbox 511 3327 566 3372; x_wconf 89' lang='lat' dir='ltr'><strong>et</strong></span> <span class='ocrx_word' id='word_1_288' title='bbox 606 3332 746 3374; x_wconf 74' lang='lat' dir='ltr'><strong>nave</strong></span> <span class='ocrx_word' id='word_1_289' title='bbox 792 3317 1021 3373; x_wconf 86' lang='lat' dir='ltr'><strong>deducta</strong></span> <span class='ocrx_word' id='word_1_290' title='bbox 1049 3365 1061 3388; x_wconf 93' lang='lat'><strong>,</strong></span> <span class='ocrx_word' id='word_1_291' title='bbox 1096 3320 1455 3376; x_wconf 79' lang='lat' dir='ltr'><strong>Telemachus</strong></span> <span class='ocrx_word' id='word_1_292' title='bbox 1501 3331 1555 3378; x_wconf 90' lang='lat' dir='ltr'><strong>et</strong></span> <span class='ocrx_word' id='word_1_293' title='bbox 1598 3323 1836 3379; x_wconf 87' lang='lat' dir='ltr'><strong>Minerva</strong></span> 
     </span>
    </p>
   </div>
   <div class='ocr_carea' id='block_1_49' title="bbox 210 3410 1334 3482">
    <p class='ocr_par' dir='ltr' id='par_1_49' title="bbox 210 3410 1334 3482">
     <span class='ocr_line' id='line_1_49' title="bbox 210 3410 1334 3482; baseline 0.003 -17"><span class='ocrx_word' id='word_1_294' title='bbox 210 3410 283 3465; x_wconf 91' lang='lat' dir='ltr'><strong>de</strong></span> <span class='ocrx_word' id='word_1_295' title='bbox 317 3423 478 3481; x_wconf 90' lang='lat' dir='ltr'><strong>portu</strong></span> <span class='ocrx_word' id='word_1_296' title='bbox 504 3425 729 3482; x_wconf 90' lang='lat' dir='ltr'><strong>vespere</strong></span> <span class='ocrx_word' id='word_1_297' title='bbox 755 3411 995 3468; x_wconf 89' lang='lat' dir='ltr'><strong>instante</strong></span> <span class='ocrx_word' id='word_1_298' title='bbox 1023 3413 1334 3469; x_wconf 86' lang='lat' dir='ltr'><strong>solverunt.</strong></span> 
     </span>
    </p>
   </div>
   <div class='ocr_carea' id='block_1_50' title="bbox 642 3567 1418 3643">
    <p class='ocr_par' dir='ltr' id='par_1_50' title="bbox 642 3567 1418 3643">
     <span class='ocr_line' id='line_1_50' title="bbox 642 3567 1418 3643; baseline 0.003 -21"><span class='ocrx_word' id='word_1_299' title='bbox 642 3567 902 3625; x_wconf 83' lang='lat' dir='ltr'><strong>Periocha</strong></span> <span class='ocrx_word' id='word_1_300' title='bbox 928 3570 1017 3624; x_wconf 86' lang='lat' dir='ltr'><strong>lib.</strong></span> <span class='ocrx_word' id='word_1_301' title='bbox 1051 3585 1110 3626; x_wconf 88' lang='grc' dir='ltr'><strong>ιιι</strong></span> <span class='ocrx_word' id='word_1_302' title='bbox 1149 3571 1418 3643; x_wconf 72' lang='lat' dir='ltr'><strong>Utlyssetc.</strong></span> 
     </span>
    </p>
   </div>
   <div class='ocr_carea' id='block_1_51' title="bbox 345 3681 1523 3750">
    <p class='ocr_par' dir='ltr' id='par_1_51' title="bbox 345 3681 1523 3750">
     <span class='ocr_line' id='line_1_51' title="bbox 345 3681 1523 3750; baseline 0.003 -18"><span class='ocrx_word' id='word_1_303' title='bbox 345 3681 453 3734; x_wconf 85' lang='lat' dir='ltr'><strong>Jam</strong></span> <span class='ocrx_word' id='word_1_304' title='bbox 477 3685 551 3735; x_wconf 93' lang='lat' dir='ltr'><strong>sol</strong></span> <span class='ocrx_word' id='word_1_305' title='bbox 573 3683 770 3735; x_wconf 86' lang='lat' dir='ltr'><strong>Oceano</strong></span> <span class='ocrx_word' id='word_1_306' title='bbox 797 3685 1013 3736; x_wconf 84' lang='lat' dir='ltr'><strong>radiatos</strong></span> <span class='ocrx_word' id='word_1_307' title='bbox 1033 3695 1342 3750; x_wconf 89' lang='lat' dir='ltr'><strong>prompserat</strong></span> <span class='ocrx_word' id='word_1_308' title='bbox 1367 3697 1523 3738; x_wconf 89' lang='lat' dir='ltr'><strong>ortus.</strong></span> 
     </span>
    </p>
   </div>
   <div class='ocr_carea' id='block_1_52' title="bbox 290 3815 1837 3886">
    <p class='ocr_par' dir='ltr' id='par_1_52' title="bbox 290 3815 1837 3886">
     <span class='ocr_line' id='line_1_52' title="bbox 290 3815 1837 3886; baseline 0.004 -16"><span class='ocrx_word' id='word_1_309' title='bbox 290 3815 658 3870; x_wconf 79' lang='lat' dir='ltr'><strong>Telemachus</strong></span> <span class='ocrx_word' id='word_1_310' title='bbox 685 3815 968 3871; x_wconf 80' lang='lat' dir='ltr'><strong>Nestorem</strong></span> <span class='ocrx_word' id='word_1_311' title='bbox 998 3815 1066 3870; x_wconf 90' lang='lat' dir='ltr'><strong>de</strong></span> <span class='ocrx_word' id='word_1_312' title='bbox 1103 3827 1258 3886; x_wconf 82' lang='lat' dir='ltr'><strong>patre</strong></span> <span class='ocrx_word' id='word_1_313' title='bbox 1297 3819 1837 3886; x_wconf 80' lang='lat' dir='ltr'><strong>percunctatusnihil</strong></span> 
     </span>
    </p>
   </div>
   <div class='ocr_carea' id='block_1_53' title="bbox 215 3908 1839 3979">
    <p class='ocr_par' dir='ltr' id='par_1_53' title="bbox 215 3908 1839 3979">
     <span class='ocr_line' id='line_1_53' title="bbox 215 3908 1839 3979; baseline 0.003 -15"><span class='ocrx_word' id='word_1_314' title='bbox 215 3909 346 3964; x_wconf 85' lang='lat' dir='ltr'><strong>novi</strong></span> <span class='ocrx_word' id='word_1_315' title='bbox 396 3909 594 3978; x_wconf 81' lang='lat' dir='ltr'><strong>accipit</strong></span> <span class='ocrx_word' id='word_1_316' title='bbox 626 3909 694 3961; x_wconf 88' lang='lat' dir='ltr'><strong>ab</strong></span> <span class='ocrx_word' id='word_1_317' title='bbox 734 3908 1055 3979; x_wconf 85' lang='lat' dir='ltr'><strong>ignorante:</strong></span> <span class='ocrx_word' id='word_1_318' title='bbox 1104 3925 1290 3966; x_wconf 89' lang='lat' dir='ltr'><strong>verum</strong></span> <span class='ocrx_word' id='word_1_319' title='bbox 1340 3912 1480 3966; x_wconf 83' lang='lat' dir='ltr'><strong>idem</strong></span> <span class='ocrx_word' id='word_1_320' title='bbox 1531 3928 1698 3968; x_wconf 82' lang='lat' dir='ltr'><strong>senex</strong></span> <span class='ocrx_word' id='word_1_321' title='bbox 1752 3930 1839 3969; x_wconf 85' lang='lat' dir='ltr'><strong>sc-</strong></span> 
     </span>
    </p>
   </div>
   <div class='ocr_carea' id='block_1_54' title="bbox 213 4001 1834 4073">
    <p class='ocr_par' dir='ltr' id='par_1_54' title="bbox 213 4001 1834 4073">
     <span class='ocr_line' id='line_1_54' title="bbox 213 4001 1834 4073; baseline 0.007 -20"><span class='ocrx_word' id='word_1_322' title='bbox 213 4001 409 4073; x_wconf 84' lang='lat' dir='ltr'><strong>qnenti</strong></span> <span class='ocrx_word' id='word_1_323' title='bbox 473 4001 561 4054; x_wconf 89' lang='lat' dir='ltr'><strong>die</strong></span> <span class='ocrx_word' id='word_1_324' title='bbox 627 4016 750 4055; x_wconf 90' lang='lat' dir='ltr'><strong>cum</strong></span> <span class='ocrx_word' id='word_1_325' title='bbox 801 4001 1082 4056; x_wconf 73' lang='lat' dir='ltr'><strong>Pisistrato</strong></span> <span class='ocrx_word' id='word_1_326' title='bbox 1125 4002 1264 4072; x_wconf 83' lang='lat' dir='ltr'><strong>lilio,</strong></span> <span class='ocrx_word' id='word_1_327' title='bbox 1315 4013 1371 4057; x_wconf 91' lang='lat' dir='ltr'><strong>ut</strong></span> <span class='ocrx_word' id='word_1_328' title='bbox 1418 4005 1483 4059; x_wconf 89' lang='lat' dir='ltr'><strong>ad</strong></span> <span class='ocrx_word' id='word_1_329' title='bbox 1533 4005 1834 4064; x_wconf 84' lang='lat' dir='ltr'><strong>lllenelaum</strong></span> 
     </span>
    </p>
   </div>
   <div class='ocr_carea' id='block_1_55' title="bbox 217 4093 1836 4162">
    <p class='ocr_par' dir='ltr' id='par_1_55' title="bbox 217 4093 1836 4162">
     <span class='ocr_line' id='line_1_55' title="bbox 217 4093 1836 4162; baseline 0.007 -17"><span class='ocrx_word' id='word_1_330' title='bbox 217 4102 447 4162; x_wconf 80' lang='lat' dir='ltr'><strong>pergat,</strong></span> <span class='ocrx_word' id='word_1_331' title='bbox 493 4093 764 4146; x_wconf 88' lang='lat' dir='ltr'><strong>hortatur.</strong></span> <span class='ocrx_word' id='word_1_332' title='bbox 809 4093 918 4147; x_wconf 67' lang='lat' dir='ltr'><strong>Nec</strong></span> <span class='ocrx_word' id='word_1_333' title='bbox 961 4109 1110 4147; x_wconf 89' lang='lat' dir='ltr'><strong>mora</strong></span> <span class='ocrx_word' id='word_1_334' title='bbox 1139 4137 1151 4158; x_wconf 91' lang='lat'><strong>,</strong></span> <span class='ocrx_word' id='word_1_335' title='bbox 1197 4097 1340 4149; x_wconf 86' lang='lat' dir='ltr'><strong>facto</strong></span> <span class='ocrx_word' id='word_1_336' title='bbox 1373 4097 1637 4154; x_wconf 84' lang='lat' dir='ltr'><strong>consilio:</strong></span> <span class='ocrx_word' id='word_1_337' title='bbox 1678 4113 1836 4156; x_wconf 85' lang='lat' dir='ltr'><strong>noete</strong></span> 
     </span>
    </p>
   </div>
   <div class='ocr_carea' id='block_1_56' title="bbox 216 4186 1833 4259">
    <p class='ocr_par' dir='ltr' id='par_1_56' title="bbox 216 4186 1833 4259">
     <span class='ocr_line' id='line_1_56' title="bbox 216 4186 1833 4259; baseline 0.005 -20"><span class='ocrx_word' id='word_1_338' title='bbox 216 4186 421 4254; x_wconf 89' lang='lat' dir='ltr'><strong>quippe</strong></span> <span class='ocrx_word' id='word_1_339' title='bbox 451 4199 536 4250; x_wconf 87' lang='lat' dir='ltr'><strong>ea,</strong></span> <span class='ocrx_word' id='word_1_340' title='bbox 573 4200 692 4256; x_wconf 71' lang='lat' dir='ltr'><strong>qua:</strong></span> <span class='ocrx_word' id='word_1_341' title='bbox 715 4195 1004 4240; x_wconf 86' lang='lat' dir='ltr'><strong>consecuta</strong></span> <span class='ocrx_word' id='word_1_342' title='bbox 1039 4196 1143 4254; x_wconf 86' lang='lat' dir='ltr'><strong>est,</strong></span> <span class='ocrx_word' id='word_1_343' title='bbox 1174 4187 1316 4256; x_wconf 91' lang='lat' dir='ltr'><strong>apud</strong></span> <span class='ocrx_word' id='word_1_344' title='bbox 1339 4187 1546 4244; x_wconf 85' lang='lat' dir='ltr'><strong>Pheras</strong></span> <span class='ocrx_word' id='word_1_345' title='bbox 1575 4191 1833 4259; x_wconf 88' lang='lat' dir='ltr'><strong>oppidum</strong></span> 
     </span>
    </p>
   </div>
   <div class='ocr_carea' id='block_1_57' title="bbox 216 4278 1837 4356">
    <p class='ocr_par' dir='ltr' id='par_1_57' title="bbox 216 4278 1837 4356">
     <span class='ocr_line' id='line_1_57' title="bbox 216 4278 1837 4356; baseline 0.005 -22"><span class='ocrx_word' id='word_1_346' title='bbox 216 4278 463 4349; x_wconf 73' lang='lat' dir='ltr'><strong>hospitio</strong></span> <span class='ocrx_word' id='word_1_347' title='bbox 490 4278 692 4334; x_wconf 89' lang='lat' dir='ltr'><strong>Dioclis</strong></span> <span class='ocrx_word' id='word_1_348' title='bbox 740 4279 977 4348; x_wconf 84' lang='lat' dir='ltr'><strong>versati,</strong></span> <span class='ocrx_word' id='word_1_349' title='bbox 1016 4279 1186 4335; x_wconf 76' lang='lat' dir='ltr'><strong>altera</strong></span> <span class='ocrx_word' id='word_1_350' title='bbox 1235 4279 1680 4339; x_wconf 69' lang='lat' dir='ltr'><strong>LacmdemOuem</strong></span> <span class='ocrx_word' id='word_1_351' title='bbox 1715 4299 1837 4356; x_wconf 87' lang='lat' dir='ltr'><strong>per-</strong></span> 
     </span>
    </p>
   </div>
   <div class='ocr_carea' id='block_1_58' title="bbox 221 4375 520 4430">
    <p class='ocr_par' dir='ltr' id='par_1_58' title="bbox 221 4375 520 4430">
     <span class='ocr_line' id='line_1_58' title="bbox 221 4375 520 4430; baseline 0.01 -4"><span class='ocrx_word' id='word_1_352' title='bbox 221 4375 520 4430; x_wconf 87' lang='lat' dir='ltr'><strong>vehuntur.</strong></span> 
     </span>
    </p>
   </div>
   <div class='ocr_carea' id='block_1_59' title="bbox 633 4464 1432 4537">
    <p class='ocr_par' dir='ltr' id='par_1_59' title="bbox 633 4464 1432 4537">
     <span class='ocr_line' id='line_1_59' title="bbox 633 4464 1432 4537; baseline 0.005 -19"><span class='ocrx_word' id='word_1_353' title='bbox 633 4464 887 4520; x_wconf 81' lang='lat' dir='ltr'><strong>Periocha</strong></span> <span class='ocrx_word' id='word_1_354' title='bbox 931 4465 1021 4519; x_wconf 87' lang='lat' dir='ltr'><strong>lib.</strong></span> <span class='ocrx_word' id='word_1_355' title='bbox 1062 4481 1112 4520; x_wconf 85' lang='lat' dir='ltr'><strong>tv</strong></span> <span class='ocrx_word' id='word_1_356' title='bbox 1161 4465 1432 4537; x_wconf 60' lang='lat' dir='ltr'><strong>Odyssean</strong></span> 
     </span>
    </p>
   </div>
   <div class='ocr_carea' id='block_1_60' title="bbox 346 4580 1758 4644">
    <p class='ocr_par' dir='ltr' id='par_1_60' title="bbox 346 4580 1758 4644">
     <span class='ocr_line' id='line_1_60' title="bbox 346 4580 1758 4644; baseline 0.003 -14"><span class='ocrx_word' id='word_1_357' title='bbox 346 4580 554 4644; x_wconf 84' lang='lat' dir='ltr'><strong>Jamque</strong></span> <span class='ocrx_word' id='word_1_358' title='bbox 570 4580 693 4629; x_wconf 85' lang='lat' dir='ltr'><strong>adeo</strong></span> <span class='ocrx_word' id='word_1_359' title='bbox 712 4588 912 4631; x_wconf 85' lang='lat' dir='ltr'><strong>ventum</strong></span> <span class='ocrx_word' id='word_1_360' title='bbox 941 4580 1111 4631; x_wconf 70' lang='lat' dir='ltr'><strong>valida:</strong></span> <span class='ocrx_word' id='word_1_361' title='bbox 1133 4582 1193 4630; x_wconf 87' lang='lat' dir='ltr'><strong>ad</strong></span> <span class='ocrx_word' id='word_1_362' title='bbox 1217 4581 1580 4632; x_wconf 76' lang='lat' dir='ltr'><strong>Lacedzemonis</strong></span> <span class='ocrx_word' id='word_1_363' title='bbox 1599 4597 1758 4634; x_wconf 88' lang='lat' dir='ltr'><strong>arces.</strong></span> 
     </span>
    </p>
   </div>
   <div class='ocr_carea' id='block_1_61' title="bbox 291 4707 1834 4779">
    <p class='ocr_par' dir='ltr' id='par_1_61' title="bbox 291 4707 1834 4779">
     <span class='ocr_line' id='line_1_61' title="bbox 291 4707 1834 4779; baseline 0.006 -16"><span class='ocrx_word' id='word_1_364' title='bbox 291 4707 678 4764; x_wconf 87' lang='lat' dir='ltr'><strong>Telemachum</strong></span> <span class='ocrx_word' id='word_1_365' title='bbox 696 4716 752 4764; x_wconf 91' lang='lat' dir='ltr'><strong>et</strong></span> <span class='ocrx_word' id='word_1_366' title='bbox 782 4707 1014 4778; x_wconf 90' lang='lat' dir='ltr'><strong>quicum</strong></span> <span class='ocrx_word' id='word_1_367' title='bbox 1043 4725 1108 4765; x_wconf 94' lang='lat' dir='ltr'><strong>eo</strong></span> <span class='ocrx_word' id='word_1_368' title='bbox 1135 4721 1417 4779; x_wconf 78' lang='lat' dir='ltr'><strong>venerant,</strong></span> <span class='ocrx_word' id='word_1_369' title='bbox 1437 4714 1714 4771; x_wconf 86' lang='lat' dir='ltr'><strong>Menelaus</strong></span> <span class='ocrx_word' id='word_1_370' title='bbox 1741 4731 1834 4771; x_wconf 90' lang='lat' dir='ltr'><strong>co-</strong></span> 
     </span>
    </p>
   </div>
   <div class='ocr_carea' id='block_1_62' title="bbox 225 4803 1836 4882">
    <p class='ocr_par' dir='ltr' id='par_1_62' title="bbox 225 4803 1836 4882">
     <span class='ocr_line' id='line_1_62' title="bbox 225 4803 1836 4882; baseline 0.006 -24"><span class='ocrx_word' id='word_1_371' title='bbox 225 4803 392 4859; x_wconf 90' lang='lat' dir='ltr'><strong>miter</strong></span> <span class='ocrx_word' id='word_1_372' title='bbox 415 4803 652 4872; x_wconf 75' lang='lat' dir='ltr'><strong>hospitio</strong></span> <span class='ocrx_word' id='word_1_373' title='bbox 682 4805 900 4874; x_wconf 87' lang='lat' dir='ltr'><strong>accipit,</strong></span> <span class='ocrx_word' id='word_1_374' title='bbox 933 4812 1179 4876; x_wconf 88' lang='lat' dir='ltr'><strong>saneque</strong></span> <span class='ocrx_word' id='word_1_375' title='bbox 1203 4808 1303 4862; x_wconf 87' lang='lat' dir='ltr'><strong>sub</strong></span> <span class='ocrx_word' id='word_1_376' title='bbox 1333 4825 1559 4879; x_wconf 87' lang='lat' dir='ltr'><strong>vespera</strong></span> <span class='ocrx_word' id='word_1_377' title='bbox 1591 4811 1836 4882; x_wconf 69' lang='lat' dir='ltr'><strong>quidam</strong></span> 
     </span>
    </p>
   </div>
   <div class='ocr_carea' id='block_1_63' title="bbox 217 4896 1842 4976">
    <p class='ocr_par' dir='ltr' id='par_1_63' title="bbox 217 4896 1842 4976">
     <span class='ocr_line' id='line_1_63' title="bbox 217 4896 1842 4976; baseline 0.004 -22"><span class='ocrx_word' id='word_1_378' title='bbox 217 4897 290 4954; x_wconf 88' lang='lat' dir='ltr'><strong>de</strong></span> <span class='ocrx_word' id='word_1_379' title='bbox 317 4896 509 4968; x_wconf 83' lang='lat' dir='ltr'><strong>Uiysse</strong></span> <span class='ocrx_word' id='word_1_380' title='bbox 540 4908 895 4967; x_wconf 83' lang='lat' dir='ltr'><strong>cognoscunt.</strong></span> <span class='ocrx_word' id='word_1_381' title='bbox 934 4898 1033 4954; x_wconf 90' lang='lat' dir='ltr'><strong>Die</strong></span> <span class='ocrx_word' id='word_1_382' title='bbox 1061 4916 1191 4956; x_wconf 87' lang='lat' dir='ltr'><strong>vero</strong></span> <span class='ocrx_word' id='word_1_383' title='bbox 1224 4903 1392 4957; x_wconf 89' lang='lat' dir='ltr'><strong>altera</strong></span> <span class='ocrx_word' id='word_1_384' title='bbox 1419 4911 1589 4958; x_wconf 90' lang='lat' dir='ltr'><strong>totum</strong></span> <span class='ocrx_word' id='word_1_385' title='bbox 1622 4907 1842 4976; x_wconf 85' lang='lat' dir='ltr'><strong>naviga-</strong></span> 
     </span>
    </p>
   </div>
   <div class='ocr_carea' id='block_1_64' title="bbox 222 4993 1838 5070">
    <p class='ocr_par' dir='ltr' id='par_1_64' title="bbox 222 4993 1838 5070">
     <span class='ocr_line' id='line_1_64' title="bbox 222 4993 1838 5070; baseline 0.004 -21"><span class='ocrx_word' id='word_1_386' title='bbox 222 4993 388 5049; x_wconf 87' lang='lat' dir='ltr'><strong>tionis</strong></span> <span class='ocrx_word' id='word_1_387' title='bbox 418 4993 666 5047; x_wconf 88' lang='lat' dir='ltr'><strong>ordinem</strong></span> <span class='ocrx_word' id='word_1_388' title='bbox 697 4993 978 5048; x_wconf 89' lang='lat' dir='ltr'><strong>Menelaus</strong></span> <span class='ocrx_word' id='word_1_389' title='bbox 1007 4995 1284 5065; x_wconf 82' lang='lat' dir='ltr'><strong>explanat.</strong></span> <span class='ocrx_word' id='word_1_390' title='bbox 1316 4995 1581 5069; x_wconf 85' lang='lat' dir='ltr'><strong>Quodque</strong></span> <span class='ocrx_word' id='word_1_391' title='bbox 1608 4999 1661 5055; x_wconf 93' lang='lat' dir='ltr'><strong>in</strong></span> <span class='ocrx_word' id='word_1_392' title='bbox 1694 4999 1838 5070; x_wconf 86' lang='lat' dir='ltr'><strong>Ogy-</strong></span> 
     </span>
    </p>
   </div>
   <div class='ocr_carea' id='block_1_65' title="bbox 217 5086 1838 5164">
    <p class='ocr_par' dir='ltr' id='par_1_65' title="bbox 217 5086 1838 5164">
     <span class='ocr_line' id='line_1_65' title="bbox 217 5086 1838 5164; baseline 0.006 -24"><span class='ocrx_word' id='word_1_393' title='bbox 217 5087 306 5158; x_wconf 89' lang='lat' dir='ltr'><strong>gia</strong></span> <span class='ocrx_word' id='word_1_394' title='bbox 337 5087 509 5140; x_wconf 89' lang='lat' dir='ltr'><strong>insula</strong></span> <span class='ocrx_word' id='word_1_395' title='bbox 540 5086 824 5155; x_wconf 69' lang='lat' dir='ltr'><strong>promissis</strong></span> <span class='ocrx_word' id='word_1_396' title='bbox 855 5098 908 5141; x_wconf 89' lang='lat' dir='ltr'><strong>et</strong></span> <span class='ocrx_word' id='word_1_397' title='bbox 933 5088 1203 5144; x_wconf 84' lang='lat' dir='ltr'><strong>illecebris</strong></span> <span class='ocrx_word' id='word_1_398' title='bbox 1237 5091 1490 5162; x_wconf 68' lang='lat' dir='ltr'><strong>nympha:</strong></span> <span class='ocrx_word' id='word_1_399' title='bbox 1513 5090 1838 5164; x_wconf 87' lang='lat' dir='ltr'><strong>Calypsonis</strong></span> 
     </span>
    </p>
   </div>
   <div class='ocr_carea' id='block_1_66' title="bbox 228 5178 1839 5250">
    <p class='ocr_par' dir='ltr' id='par_1_66' title="bbox 228 5178 1839 5250">
     <span class='ocr_line' id='line_1_66' title="bbox 228 5178 1839 5250; baseline 0.006 -17"><span class='ocrx_word' id='word_1_400' title='bbox 228 5178 448 5249; x_wconf 65' lang='lat' dir='ltr'><strong>lllysses</strong></span> <span class='ocrx_word' id='word_1_401' title='bbox 473 5188 783 5233; x_wconf 86' lang='lat' dir='ltr'><strong>remoratur</strong></span> <span class='ocrx_word' id='word_1_402' title='bbox 809 5224 823 5246; x_wconf 93' lang='lat'><strong>,</strong></span> <span class='ocrx_word' id='word_1_403' title='bbox 865 5181 1108 5248; x_wconf 81' lang='lat' dir='ltr'><strong>exponit.</strong></span> <span class='ocrx_word' id='word_1_404' title='bbox 1142 5182 1272 5246; x_wconf 76' lang='lat' dir='ltr'><strong>Qua:</strong></span> <span class='ocrx_word' id='word_1_405' title='bbox 1304 5184 1525 5250; x_wconf 90' lang='lat' dir='ltr'><strong>quidem</strong></span> <span class='ocrx_word' id='word_1_406' title='bbox 1570 5185 1839 5244; x_wconf 85' lang='lat' dir='ltr'><strong>Protheus</strong></span> 
     </span>
    </p>
   </div>
   <div class='ocr_carea' id='block_1_67' title="bbox 220 5269 1835 5346">
    <p class='ocr_par' dir='ltr' id='par_1_67' title="bbox 220 5269 1835 5346">
     <span class='ocr_line' id='line_1_67' title="bbox 220 5269 1835 5346; baseline 0.006 -22"><span class='ocrx_word' id='word_1_407' title='bbox 220 5270 399 5324; x_wconf 86' lang='lat' dir='ltr'><strong>eidem</strong></span> <span class='ocrx_word' id='word_1_408' title='bbox 428 5279 747 5324; x_wconf 85' lang='lat' dir='ltr'><strong>narraverat</strong></span> <span class='ocrx_word' id='word_1_409' title='bbox 787 5270 855 5324; x_wconf 88' lang='lat' dir='ltr'><strong>de</strong></span> <span class='ocrx_word' id='word_1_410' title='bbox 895 5269 1206 5326; x_wconf 53' lang='lat' dir='ltr'><strong>Graecorum</strong></span> <span class='ocrx_word' id='word_1_411' title='bbox 1249 5275 1478 5329; x_wconf 86' lang='lat' dir='ltr'><strong>ducibus</strong></span> <span class='ocrx_word' id='word_1_412' title='bbox 1521 5277 1835 5346; x_wconf 85' lang='lat' dir='ltr'><strong>requirenti.</strong></span> 
     </span>
    </p>
   </div>
   <div class='ocr_carea' id='block_1_68' title="bbox 220 5362 1841 5440">
    <p class='ocr_par' dir='ltr' id='par_1_68' title="bbox 220 5362 1841 5440">
     <span class='ocr_line' id='line_1_68' title="bbox 220 5362 1841 5440; baseline 0.006 -24"><span class='ocrx_word' id='word_1_413' title='bbox 220 5362 376 5416; x_wconf 89' lang='lat' dir='ltr'><strong>Proci</strong></span> <span class='ocrx_word' id='word_1_414' title='bbox 407 5372 589 5416; x_wconf 89' lang='lat' dir='ltr'><strong>autem</strong></span> <span class='ocrx_word' id='word_1_415' title='bbox 621 5372 906 5433; x_wconf 85' lang='lat' dir='ltr'><strong>postquam</strong></span> <span class='ocrx_word' id='word_1_416' title='bbox 942 5363 1009 5418; x_wconf 89' lang='lat' dir='ltr'><strong>de</strong></span> <span class='ocrx_word' id='word_1_417' title='bbox 1041 5364 1230 5419; x_wconf 89' lang='lat' dir='ltr'><strong>habitu</strong></span> <span class='ocrx_word' id='word_1_418' title='bbox 1272 5366 1584 5422; x_wconf 87' lang='lat' dir='ltr'><strong>Telemachi</strong></span> <span class='ocrx_word' id='word_1_419' title='bbox 1618 5384 1841 5440; x_wconf 80' lang='lat' dir='ltr'><strong>eompe-</strong></span> 
     </span>
    </p>
   </div>
   <div class='ocr_carea' id='block_1_69' title="bbox 222 5455 1836 5533">
    <p class='ocr_par' dir='ltr' id='par_1_69' title="bbox 222 5455 1836 5533">
     <span class='ocr_line' id='line_1_69' title="bbox 222 5455 1836 5533; baseline 0.006 -22"><span class='ocrx_word' id='word_1_420' title='bbox 222 5464 407 5511; x_wconf 89' lang='lat' dir='ltr'><strong>rcrnnt</strong></span> <span class='ocrx_word' id='word_1_421' title='bbox 430 5499 443 5522; x_wconf 89' lang='lat'><strong>,</strong></span> <span class='ocrx_word' id='word_1_422' title='bbox 478 5456 741 5509; x_wconf 87' lang='lat' dir='ltr'><strong>instructa</strong></span> <span class='ocrx_word' id='word_1_423' title='bbox 768 5455 1110 5526; x_wconf 87' lang='lat' dir='ltr'><strong>deductaque</strong></span> <span class='ocrx_word' id='word_1_424' title='bbox 1140 5459 1261 5513; x_wconf 87' lang='lat' dir='ltr'><strong>navi</strong></span> <span class='ocrx_word' id='word_1_425' title='bbox 1291 5500 1304 5524; x_wconf 94' lang='lat'><strong>,</strong></span> <span class='ocrx_word' id='word_1_426' title='bbox 1338 5459 1527 5529; x_wconf 73' lang='lat' dir='ltr'><strong>viginti</strong></span> <span class='ocrx_word' id='word_1_427' title='bbox 1548 5504 1562 5525; x_wconf 89' lang='lat'><strong>,</strong></span> <span class='ocrx_word' id='word_1_428' title='bbox 1592 5465 1681 5533; x_wconf 90' lang='lat' dir='ltr'><strong>qui</strong></span> <span class='ocrx_word' id='word_1_429' title='bbox 1713 5479 1836 5521; x_wconf 83' lang='lat' dir='ltr'><strong>sese</strong></span> 
     </span>
    </p>
   </div>
   <div class='ocr_carea' id='block_1_70' title="bbox 221 5549 1835 5621">
    <p class='ocr_par' dir='ltr' id='par_1_70' title="bbox 221 5549 1835 5621">
     <span class='ocr_line' id='line_1_70' title="bbox 221 5549 1835 5621; baseline 0.006 -16"><span class='ocrx_word' id='word_1_430' title='bbox 221 5550 490 5619; x_wconf 84' lang='lat' dir='ltr'><strong>legerant,</strong></span> <span class='ocrx_word' id='word_1_431' title='bbox 522 5549 864 5618; x_wconf 83' lang='lat' dir='ltr'><strong>navigavere.</strong></span> <span class='ocrx_word' id='word_1_432' title='bbox 900 5549 1164 5605; x_wconf 78' lang='lat' dir='ltr'><strong>Redeunti</strong></span> <span class='ocrx_word' id='word_1_433' title='bbox 1196 5569 1325 5621; x_wconf 86' lang='lat' dir='ltr'><strong>ergo</strong></span> <span class='ocrx_word' id='word_1_434' title='bbox 1347 5554 1573 5608; x_wconf 90' lang='lat' dir='ltr'><strong>insidias</strong></span> <span class='ocrx_word' id='word_1_435' title='bbox 1604 5558 1835 5614; x_wconf 89' lang='lat' dir='ltr'><strong>molien—</strong></span> 
     </span>
    </p>
   </div>
   <div class='ocr_carea' id='block_1_71' title="bbox 223 5641 1832 5717">
    <p class='ocr_par' dir='ltr' id='par_1_71' title="bbox 223 5641 1832 5717">
     <span class='ocr_line' id='line_1_71' title="bbox 223 5641 1832 5717; baseline 0.006 -19"><span class='ocrx_word' id='word_1_436' title='bbox 223 5653 325 5709; x_wconf 86' lang='lat' dir='ltr'><strong>tcs,</strong></span> <span class='ocrx_word' id='word_1_437' title='bbox 374 5643 518 5698; x_wconf 85' lang='lat' dir='ltr'><strong>circa</strong></span> <span class='ocrx_word' id='word_1_438' title='bbox 552 5641 824 5697; x_wconf 77' lang='lat' dir='ltr'><strong>Asteriam</strong></span> <span class='ocrx_word' id='word_1_439' title='bbox 854 5643 1114 5713; x_wconf 88' lang='lat' dir='ltr'><strong>insnlatn,</strong></span> <span class='ocrx_word' id='word_1_440' title='bbox 1149 5661 1270 5717; x_wconf 67' lang='lat' dir='ltr'><strong>qua:</strong></span> <span class='ocrx_word' id='word_1_441' title='bbox 1302 5648 1539 5703; x_wconf 89' lang='lat' dir='ltr'><strong>ltacham</strong></span> <span class='ocrx_word' id='word_1_442' title='bbox 1572 5650 1832 5707; x_wconf 88' lang='lat' dir='ltr'><strong>Samum-</strong></span> 
     </span>
    </p>
   </div>
   <div class='ocr_carea' id='block_1_72' title="bbox 225 5736 1832 5808">
    <p class='ocr_par' dir='ltr' id='par_1_72' title="bbox 225 5736 1832 5808">
     <span class='ocr_line' id='line_1_72' title="bbox 225 5736 1832 5808; baseline 0.006 -15"><span class='ocrx_word' id='word_1_443' title='bbox 225 5755 329 5808; x_wconf 79' lang='lat' dir='ltr'><strong>que</strong></span> <span class='ocrx_word' id='word_1_444' title='bbox 355 5738 664 5807; x_wconf 71' lang='lat' dir='ltr'><strong>interiacet,</strong></span> <span class='ocrx_word' id='word_1_445' title='bbox 709 5736 1088 5792; x_wconf 80' lang='lat' dir='ltr'><strong>delitescentes</strong></span> <span class='ocrx_word' id='word_1_446' title='bbox 1120 5743 1459 5798; x_wconf 82' lang='lat' dir='ltr'><strong>occasionem</strong></span> <span class='ocrx_word' id='word_1_447' title='bbox 1507 5746 1712 5802; x_wconf 80' lang='lat' dir='ltr'><strong>fraudis</strong></span> <span class='ocrx_word' id='word_1_448' title='bbox 1739 5763 1832 5802; x_wconf 79' lang='lat' dir='ltr'><strong>ex-</strong></span> 
     </span>
    </p>
   </div>
   <div class='ocr_carea' id='block_1_73' title="bbox 223 5841 816 5904">
    <p class='ocr_par' dir='ltr' id='par_1_73' title="bbox 223 5841 816 5904">
     <span class='ocr_line' id='line_1_73' title="bbox 223 5841 816 5904; baseline -0.003 -13"><span class='ocrx_word' id='word_1_449' title='bbox 223 5841 491 5904; x_wconf 76' lang='lat' dir='ltr'><strong>spectant.</strong></span> <span class='ocrx_word' id='word_1_450' title='bbox 807 5877 816 5900; x_wconf 83' lang='lat'><strong>,</strong></span> 
     </span>
    </p>
   </div>
   <div class='ocr_carea' id='block_1_74' title="bbox 1944 1871 3549 1946">
    <p class='ocr_par' dir='ltr' id='par_1_74' title="bbox 1944 1871 3549 1946">
     <span class='ocr_line' id='line_1_74' title="bbox 1944 1871 3549 1946; baseline 0.006 -24"><span class='ocrx_word' id='word_1_451' title='bbox 1944 1872 2256 1939; x_wconf 83' lang='lat' dir='ltr'><strong>tigatiooem</strong></span> <span class='ocrx_word' id='word_1_452' title='bbox 2295 1871 2455 1928; x_wconf 88' lang='lat' dir='ltr'><strong>diluit</strong></span> <span class='ocrx_word' id='word_1_453' title='bbox 2504 1888 2716 1929; x_wconf 90' lang='lat' dir='ltr'><strong>somno.</strong></span> <span class='ocrx_word' id='word_1_454' title='bbox 2762 1872 2870 1930; x_wconf 88' lang='lat' dir='ltr'><strong>Sed</strong></span> <span class='ocrx_word' id='word_1_455' title='bbox 2911 1890 3033 1929; x_wconf 90' lang='lat' dir='ltr'><strong>cum</strong></span> <span class='ocrx_word' id='word_1_456' title='bbox 3081 1877 3235 1946; x_wconf 85' lang='lat' dir='ltr'><strong>virgo</strong></span> <span class='ocrx_word' id='word_1_457' title='bbox 3282 1877 3549 1933; x_wconf 85' lang='lat' dir='ltr'><strong>Nausicaa</strong></span> 
     </span>
    </p>
   </div>
   <div class='ocr_carea' id='block_1_75' title="bbox 1939 1963 3553 2039">
    <p class='ocr_par' dir='ltr' id='par_1_75' title="bbox 1939 1963 3553 2039">
     <span class='ocr_line' id='line_1_75' title="bbox 1939 1963 3553 2039; baseline 0.005 -20"><span class='ocrx_word' id='word_1_458' title='bbox 1939 1964 2084 2033; x_wconf 83' lang='lat' dir='ltr'><strong>regis</strong></span> <span class='ocrx_word' id='word_1_459' title='bbox 2115 1963 2330 2019; x_wconf 77' lang='lat' dir='ltr'><strong>Alcinoi</strong></span> <span class='ocrx_word' id='word_1_460' title='bbox 2374 1965 2559 2020; x_wconf 90' lang='lat' dir='ltr'><strong>ludum</strong></span> <span class='ocrx_word' id='word_1_461' title='bbox 2589 1967 2640 2021; x_wconf 90' lang='lat' dir='ltr'><strong>in</strong></span> <span class='ocrx_word' id='word_1_462' title='bbox 2673 1976 2794 2022; x_wconf 86' lang='lat' dir='ltr'><strong>acta</strong></span> <span class='ocrx_word' id='word_1_463' title='bbox 2823 1983 2944 2021; x_wconf 92' lang='lat' dir='ltr'><strong>cum</strong></span> <span class='ocrx_word' id='word_1_464' title='bbox 2981 1969 3281 2039; x_wconf 74' lang='lat' dir='ltr'><strong>:eqnalibus</strong></span> <span class='ocrx_word' id='word_1_465' title='bbox 3325 1988 3553 2027; x_wconf 64' lang='lat' dir='ltr'><strong>exerce-</strong></span> 
     </span>
    </p>
   </div>
   <div class='ocr_carea' id='block_1_76' title="bbox 1938 2058 3540 2133">
    <p class='ocr_par' dir='ltr' id='par_1_76' title="bbox 1938 2058 3540 2133">
     <span class='ocr_line' id='line_1_76' title="bbox 1938 2058 3540 2133; baseline 0.006 -23"><span class='ocrx_word' id='word_1_466' title='bbox 1938 2065 2040 2124; x_wconf 87' lang='lat' dir='ltr'><strong>ret,</strong></span> <span class='ocrx_word' id='word_1_467' title='bbox 2067 2070 2260 2110; x_wconf 84' lang='lat' dir='ltr'><strong>somno</strong></span> <span class='ocrx_word' id='word_1_468' title='bbox 2292 2058 2560 2113; x_wconf 88' lang='lat' dir='ltr'><strong>exeitatns</strong></span> <span class='ocrx_word' id='word_1_469' title='bbox 2591 2058 2670 2129; x_wconf 92' lang='lat' dir='ltr'><strong>(ut</strong></span> <span class='ocrx_word' id='word_1_470' title='bbox 2693 2070 2811 2115; x_wconf 88' lang='lat' dir='ltr'><strong>erat</strong></span> <span class='ocrx_word' id='word_1_471' title='bbox 2833 2059 3031 2133; x_wconf 88' lang='lat' dir='ltr'><strong>nudus)</strong></span> <span class='ocrx_word' id='word_1_472' title='bbox 3057 2063 3258 2133; x_wconf 85' lang='lat' dir='ltr'><strong>erupit,</strong></span> <span class='ocrx_word' id='word_1_473' title='bbox 3290 2062 3540 2119; x_wconf 85' lang='lat' dir='ltr'><strong>foliorum</strong></span> 
     </span>
    </p>
   </div>
   <div class='ocr_carea' id='block_1_77' title="bbox 1937 2152 3552 2228">
    <p class='ocr_par' dir='ltr' id='par_1_77' title="bbox 1937 2152 3552 2228">
     <span class='ocr_line' id='line_1_77' title="bbox 1937 2152 3552 2228; baseline 0.004 -21"><span class='ocrx_word' id='word_1_474' title='bbox 1937 2152 2189 2223; x_wconf 49' lang='lat' dir='ltr'><strong>oppositu</strong></span> <span class='ocrx_word' id='word_1_475' title='bbox 2225 2152 2475 2222; x_wconf 84' lang='lat' dir='ltr'><strong>pudenda</strong></span> <span class='ocrx_word' id='word_1_476' title='bbox 2502 2154 2733 2210; x_wconf 86' lang='lat' dir='ltr'><strong>velatus.</strong></span> <span class='ocrx_word' id='word_1_477' title='bbox 2767 2156 2832 2210; x_wconf 84' lang='lat' dir='ltr'><strong>Et</strong></span> <span class='ocrx_word' id='word_1_478' title='bbox 2869 2172 2991 2210; x_wconf 90' lang='lat' dir='ltr'><strong>cum</strong></span> <span class='ocrx_word' id='word_1_479' title='bbox 3025 2157 3251 2226; x_wconf 76' lang='lat' dir='ltr'><strong>supplex</strong></span> <span class='ocrx_word' id='word_1_480' title='bbox 3283 2159 3347 2212; x_wconf 88' lang='lat' dir='ltr'><strong>ad</strong></span> <span class='ocrx_word' id='word_1_481' title='bbox 3377 2175 3552 2228; x_wconf 86' lang='lat' dir='ltr'><strong>genua</strong></span> 
     </span>
    </p>
   </div>
   <div class='ocr_carea' id='block_1_78' title="bbox 1936 2244 3554 2315">
    <p class='ocr_par' dir='ltr' id='par_1_78' title="bbox 1936 2244 3554 2315">
     <span class='ocr_line' id='line_1_78' title="bbox 1936 2244 3554 2315; baseline 0.002 -16"><span class='ocrx_word' id='word_1_482' title='bbox 1936 2245 2103 2315; x_wconf 74' lang='lat' dir='ltr'><strong>regia:</strong></span> <span class='ocrx_word' id='word_1_483' title='bbox 2125 2244 2352 2315; x_wconf 87' lang='lat' dir='ltr'><strong>virginis</strong></span> <span class='ocrx_word' id='word_1_484' title='bbox 2375 2245 2776 2315; x_wconf 87' lang='lat' dir='ltr'><strong>advolveretur,</strong></span> <span class='ocrx_word' id='word_1_485' title='bbox 2802 2247 3058 2302; x_wconf 74' lang='lat' dir='ltr'><strong>Minerva:</strong></span> <span class='ocrx_word' id='word_1_486' title='bbox 3083 2249 3350 2303; x_wconf 83' lang='lat' dir='ltr'><strong>instructu</strong></span> <span class='ocrx_word' id='word_1_487' title='bbox 3383 2250 3554 2304; x_wconf 89' lang='lat' dir='ltr'><strong>movit</strong></span> 
     </span>
    </p>
   </div>
   <div class='ocr_carea' id='block_1_79' title="bbox 1940 2339 3556 2413">
    <p class='ocr_par' dir='ltr' id='par_1_79' title="bbox 1940 2339 3556 2413">
     <span class='ocr_line' id='line_1_79' title="bbox 1940 2339 3556 2413; baseline 0.002 -19"><span class='ocrx_word' id='word_1_488' title='bbox 1940 2339 2376 2394; x_wconf 89' lang='lat' dir='ltr'><strong>misericordiam</strong></span> <span class='ocrx_word' id='word_1_489' title='bbox 2409 2340 2725 2405; x_wconf 87' lang='lat' dir='ltr'><strong>salutarem,</strong></span> <span class='ocrx_word' id='word_1_490' title='bbox 2753 2342 3149 2412; x_wconf 89' lang='lat' dir='ltr'><strong>impositusque</strong></span> <span class='ocrx_word' id='word_1_491' title='bbox 3176 2353 3472 2413; x_wconf 75' lang='lat' dir='ltr'><strong>carpento,</strong></span> <span class='ocrx_word' id='word_1_492' title='bbox 3502 2352 3556 2397; x_wconf 84' lang='lat' dir='ltr'><strong>et</strong></span> 
     </span>
    </p>
   </div>
   <div class='ocr_carea' id='block_1_80' title="bbox 1938 2434 3556 2505">
    <p class='ocr_par' dir='ltr' id='par_1_80' title="bbox 1938 2434 3556 2505">
     <span class='ocr_line' id='line_1_80' title="bbox 1938 2434 3556 2505; baseline 0.006 -22"><span class='ocrx_word' id='word_1_493' title='bbox 1938 2445 2090 2488; x_wconf 81' lang='lat' dir='ltr'><strong>veste</strong></span> <span class='ocrx_word' id='word_1_494' title='bbox 2115 2434 2345 2488; x_wconf 87' lang='lat' dir='ltr'><strong>donatus</strong></span> <span class='ocrx_word' id='word_1_495' title='bbox 2371 2450 2542 2505; x_wconf 89' lang='lat' dir='ltr'><strong>usque</strong></span> <span class='ocrx_word' id='word_1_496' title='bbox 2572 2435 2640 2489; x_wconf 88' lang='lat' dir='ltr'><strong>ad</strong></span> <span class='ocrx_word' id='word_1_497' title='bbox 2672 2435 2932 2503; x_wconf 90' lang='lat' dir='ltr'><strong>templum</strong></span> <span class='ocrx_word' id='word_1_498' title='bbox 2957 2435 3231 2500; x_wconf 55' lang='lat' dir='ltr'><strong>Minervae,</strong></span> <span class='ocrx_word' id='word_1_499' title='bbox 3258 2436 3405 2505; x_wconf 89' lang='lat' dir='ltr'><strong>quod</strong></span> <span class='ocrx_word' id='word_1_500' title='bbox 3429 2447 3556 2493; x_wconf 86' lang='lat' dir='ltr'><strong>ante</strong></span> 
     </span>
    </p>
   </div>
   <div class='ocr_carea' id='block_1_81' title="bbox 1940 2525 3553 2598">
    <p class='ocr_par' dir='ltr' id='par_1_81' title="bbox 1940 2525 3553 2598">
     <span class='ocr_line' id='line_1_81' title="bbox 1940 2525 3553 2598; baseline 0.002 -19"><span class='ocrx_word' id='word_1_501' title='bbox 1940 2525 2129 2579; x_wconf 89' lang='lat' dir='ltr'><strong>urbem</strong></span> <span class='ocrx_word' id='word_1_502' title='bbox 2155 2535 2257 2592; x_wconf 92' lang='lat' dir='ltr'><strong>est,</strong></span> <span class='ocrx_word' id='word_1_503' title='bbox 2295 2526 2369 2579; x_wconf 91' lang='lat' dir='ltr'><strong>ita</strong></span> <span class='ocrx_word' id='word_1_504' title='bbox 2398 2526 2663 2580; x_wconf 89' lang='lat' dir='ltr'><strong>suadente</strong></span> <span class='ocrx_word' id='word_1_505' title='bbox 2701 2526 2925 2597; x_wconf 91' lang='lat' dir='ltr'><strong>virginis</strong></span> <span class='ocrx_word' id='word_1_506' title='bbox 2965 2526 3171 2596; x_wconf 89' lang='lat' dir='ltr'><strong>pudore</strong></span> <span class='ocrx_word' id='word_1_507' title='bbox 3216 2527 3553 2598; x_wconf 88' lang='lat' dir='ltr'><strong>provehitur,</strong></span> 
     </span>
    </p>
   </div>
   <div class='ocr_carea' id='block_1_82' title="bbox 1939 2617 3556 2692">
    <p class='ocr_par' dir='ltr' id='par_1_82' title="bbox 1939 2617 3556 2692">
     <span class='ocr_line' id='line_1_82' title="bbox 1939 2617 3556 2692; baseline 0.003 -20"><span class='ocrx_word' id='word_1_508' title='bbox 1939 2617 2122 2688; x_wconf 87' lang='lat' dir='ltr'><strong>ibique</strong></span> <span class='ocrx_word' id='word_1_509' title='bbox 2171 2618 2438 2673; x_wconf 73' lang='lat' dir='ltr'><strong>familiare</strong></span> <span class='ocrx_word' id='word_1_510' title='bbox 2487 2619 2591 2674; x_wconf 87' lang='lat' dir='ltr'><strong>sibi</strong></span> <span class='ocrx_word' id='word_1_511' title='bbox 2633 2635 2833 2675; x_wconf 89' lang='lat' dir='ltr'><strong>numen</strong></span> <span class='ocrx_word' id='word_1_512' title='bbox 2861 2619 3019 2674; x_wconf 90' lang='lat' dir='ltr'><strong>solita</strong></span> <span class='ocrx_word' id='word_1_513' title='bbox 3053 2619 3404 2678; x_wconf 83' lang='lat' dir='ltr'><strong>veneratione</strong></span> <span class='ocrx_word' id='word_1_514' title='bbox 3431 2637 3556 2692; x_wconf 90' lang='lat' dir='ltr'><strong>pre-</strong></span> 
     </span>
    </p>
   </div>
   <div class='ocr_carea' id='block_1_83' title="bbox 1941 2723 2115 2766">
    <p class='ocr_par' dir='ltr' id='par_1_83' title="bbox 1941 2723 2115 2766">
     <span class='ocr_line' id='line_1_83' title="bbox 1941 2723 2115 2766; baseline -0.006 0"><span class='ocrx_word' id='word_1_515' title='bbox 1941 2723 2115 2766; x_wconf 67' lang='lat' dir='ltr'><strong>Cllllll&#39;.</strong></span> 
     </span>
    </p>
   </div>
   <div class='ocr_carea' id='block_1_84' title="bbox 2343 2781 3151 2855">
    <p class='ocr_par' dir='ltr' id='par_1_84' title="bbox 2343 2781 3151 2855">
     <span class='ocr_line' id='line_1_84' title="bbox 2343 2781 3151 2855; baseline 0.006 -20"><span class='ocrx_word' id='word_1_516' title='bbox 2343 2781 2597 2837; x_wconf 85' lang='lat' dir='ltr'><strong>Periocha</strong></span> <span class='ocrx_word' id='word_1_517' title='bbox 2626 2782 2716 2837; x_wconf 87' lang='lat' dir='ltr'><strong>lib.</strong></span> <span class='ocrx_word' id='word_1_518' title='bbox 2761 2799 2834 2838; x_wconf 85' lang='lat' dir='ltr'><strong>vn</strong></span> <span class='ocrx_word' id='word_1_519' title='bbox 2885 2782 3151 2855; x_wconf 77' lang='lat' dir='ltr'><strong>Odyssew.</strong></span> 
     </span>
    </p>
   </div>
   <div class='ocr_carea' id='block_1_85' title="bbox 2221 2897 3264 2962">
    <p class='ocr_par' dir='ltr' id='par_1_85' title="bbox 2221 2897 3264 2962">
     <span class='ocr_line' id='line_1_85' title="bbox 2221 2897 3264 2962; baseline 0.002 -14"><span class='ocrx_word' id='word_1_520' title='bbox 2221 2897 2406 2948; x_wconf 87' lang='lat' dir='ltr'><strong>Orabat</strong></span> <span class='ocrx_word' id='word_1_521' title='bbox 2428 2911 2637 2961; x_wconf 89' lang='lat' dir='ltr'><strong>superos</strong></span> <span class='ocrx_word' id='word_1_522' title='bbox 2659 2899 2842 2948; x_wconf 89' lang='lat' dir='ltr'><strong>dudum</strong></span> <span class='ocrx_word' id='word_1_523' title='bbox 2863 2898 3055 2949; x_wconf 85' lang='lat' dir='ltr'><strong>Laertia</strong></span> <span class='ocrx_word' id='word_1_524' title='bbox 3084 2900 3264 2962; x_wconf 81' lang='lat' dir='ltr'><strong>proles.</strong></span> 
     </span>
    </p>
   </div>
   <div class='ocr_carea' id='block_1_86' title="bbox 1940 3001 3542 3078">
    <p class='ocr_par' dir='ltr' id='par_1_86' title="bbox 1940 3001 3542 3078">
     <span class='ocr_line' id='line_1_86' title="bbox 1940 3001 3542 3078; baseline 0.004 -23"><span class='ocrx_word' id='word_1_525' title='bbox 1940 3001 2178 3066; x_wconf 88' lang='lat' dir='ltr'><strong>Minerva</strong></span> <span class='ocrx_word' id='word_1_526' title='bbox 2214 3002 2266 3056; x_wconf 91' lang='lat' dir='ltr'><strong>in</strong></span> <span class='ocrx_word' id='word_1_527' title='bbox 2297 3003 2490 3073; x_wconf 81' lang='lat' dir='ltr'><strong>puella:</strong></span> <span class='ocrx_word' id='word_1_528' title='bbox 2512 3003 2750 3073; x_wconf 88' lang='lat' dir='ltr'><strong>speciem</strong></span> <span class='ocrx_word' id='word_1_529' title='bbox 2784 3013 2989 3059; x_wconf 89' lang='lat' dir='ltr'><strong>mutata</strong></span> <span class='ocrx_word' id='word_1_530' title='bbox 3023 3004 3270 3078; x_wconf 87' lang='lat' dir='ltr'><strong>Ulyssem</strong></span> <span class='ocrx_word' id='word_1_531' title='bbox 3311 3007 3542 3076; x_wconf 88' lang='lat' dir='ltr'><strong>primum</strong></span> 
     </span>
    </p>
   </div>
   <div class='ocr_carea' id='block_1_87' title="bbox 1942 3095 3551 3169">
    <p class='ocr_par' dir='ltr' id='par_1_87' title="bbox 1942 3095 3551 3169">
     <span class='ocr_line' id='line_1_87' title="bbox 1942 3095 3551 3169; baseline 0.005 -19"><span class='ocrx_word' id='word_1_532' title='bbox 1942 3095 1994 3150; x_wconf 89' lang='lat' dir='ltr'><strong>in</strong></span> <span class='ocrx_word' id='word_1_533' title='bbox 2037 3095 2317 3165; x_wconf 89' lang='lat' dir='ltr'><strong>oppidum,</strong></span> <span class='ocrx_word' id='word_1_534' title='bbox 2357 3113 2483 3151; x_wconf 87' lang='lat' dir='ltr'><strong>mox</strong></span> <span class='ocrx_word' id='word_1_535' title='bbox 2523 3097 2575 3152; x_wconf 91' lang='lat' dir='ltr'><strong>in</strong></span> <span class='ocrx_word' id='word_1_536' title='bbox 2623 3098 2844 3153; x_wconf 92' lang='lat' dir='ltr'><strong>domum</strong></span> <span class='ocrx_word' id='word_1_537' title='bbox 2875 3099 3077 3169; x_wconf 86' lang='lat' dir='ltr'><strong>regiam</strong></span> <span class='ocrx_word' id='word_1_538' title='bbox 3103 3100 3274 3156; x_wconf 89' lang='lat' dir='ltr'><strong>ducit.</strong></span> <span class='ocrx_word' id='word_1_539' title='bbox 3305 3100 3551 3163; x_wconf 86' lang='lat' dir='ltr'><strong>Cumque</strong></span> 
     </span>
    </p>
   </div>
   <div class='ocr_carea' id='block_1_88' title="bbox 1865 3189 3552 3265">
    <p class='ocr_par' dir='ltr' id='par_1_88' title="bbox 1865 3189 3552 3265">
     <span class='ocr_line' id='line_1_88' title="bbox 1865 3189 3552 3265; baseline 0.007 -24"><span class='ocrx_word' id='word_1_540' title='bbox 1865 3200 1910 3261; x_wconf 69' lang='grc' dir='ltr'><strong>ρ</strong></span> <span class='ocrx_word' id='word_1_541' title='bbox 1943 3189 2106 3243; x_wconf 84' lang='lat' dir='ltr'><strong>Arete</strong></span> <span class='ocrx_word' id='word_1_542' title='bbox 2140 3203 2276 3244; x_wconf 88' lang='lat' dir='ltr'><strong>uxor</strong></span> <span class='ocrx_word' id='word_1_543' title='bbox 2307 3191 2516 3246; x_wconf 74' lang='lat' dir='ltr'><strong>Alcinoi</strong></span> <span class='ocrx_word' id='word_1_544' title='bbox 2539 3200 2592 3247; x_wconf 92' lang='lat' dir='ltr'><strong>et</strong></span> <span class='ocrx_word' id='word_1_545' title='bbox 2625 3192 2767 3246; x_wconf 88' lang='lat' dir='ltr'><strong>unde</strong></span> <span class='ocrx_word' id='word_1_546' title='bbox 2796 3201 3000 3248; x_wconf 91' lang='lat' dir='ltr'><strong>vestem</strong></span> <span class='ocrx_word' id='word_1_547' title='bbox 3035 3193 3281 3260; x_wconf 88' lang='lat' dir='ltr'><strong>haberet,</strong></span> <span class='ocrx_word' id='word_1_548' title='bbox 3315 3205 3369 3251; x_wconf 89' lang='lat' dir='ltr'><strong>et</strong></span> <span class='ocrx_word' id='word_1_549' title='bbox 3396 3200 3552 3265; x_wconf 87' lang='lat' dir='ltr'><strong>cnjas</strong></span> 
     </span>
    </p>
   </div>
   <div class='ocr_carea' id='block_1_89' title="bbox 1939 3287 3550 3362">
    <p class='ocr_par' dir='ltr' id='par_1_89' title="bbox 1939 3287 3550 3362">
     <span class='ocr_line' id='line_1_89' title="bbox 1939 3287 3550 3362; baseline 0.006 -23"><span class='ocrx_word' id='word_1_550' title='bbox 1939 3295 2107 3350; x_wconf 89' lang='lat' dir='ltr'><strong>esset,</strong></span> <span class='ocrx_word' id='word_1_551' title='bbox 2131 3296 2183 3341; x_wconf 92' lang='lat' dir='ltr'><strong>et</strong></span> <span class='ocrx_word' id='word_1_552' title='bbox 2212 3302 2315 3356; x_wconf 89' lang='lat' dir='ltr'><strong>qua</strong></span> <span class='ocrx_word' id='word_1_553' title='bbox 2350 3296 2499 3342; x_wconf 90' lang='lat' dir='ltr'><strong>sorte</strong></span> <span class='ocrx_word' id='word_1_554' title='bbox 2530 3287 2746 3343; x_wconf 88' lang='lat' dir='ltr'><strong>delatus</strong></span> <span class='ocrx_word' id='word_1_555' title='bbox 2772 3303 3026 3345; x_wconf 89' lang='lat' dir='ltr'><strong>sermone</strong></span> <span class='ocrx_word' id='word_1_556' title='bbox 3051 3291 3220 3360; x_wconf 90' lang='lat' dir='ltr'><strong>ipsius</strong></span> <span class='ocrx_word' id='word_1_557' title='bbox 3247 3297 3550 3362; x_wconf 86' lang='lat' dir='ltr'><strong>comperis—</strong></span> 
     </span>
    </p>
   </div>
   <div class='ocr_carea' id='block_1_90' title="bbox 1940 3383 3550 3464">
    <p class='ocr_par' dir='ltr' id='par_1_90' title="bbox 1940 3383 3550 3464">
     <span class='ocr_line' id='line_1_90' title="bbox 1940 3383 3550 3464; baseline 0.007 -28"><span class='ocrx_word' id='word_1_558' title='bbox 1940 3393 2044 3450; x_wconf 87' lang='lat' dir='ltr'><strong>set,</strong></span> <span class='ocrx_word' id='word_1_559' title='bbox 2073 3383 2275 3439; x_wconf 91' lang='lat' dir='ltr'><strong>bonum</strong></span> <span class='ocrx_word' id='word_1_560' title='bbox 2302 3386 2545 3442; x_wconf 89' lang='lat' dir='ltr'><strong>animum</strong></span> <span class='ocrx_word' id='word_1_561' title='bbox 2576 3387 2781 3444; x_wconf 88' lang='lat' dir='ltr'><strong>habere</strong></span> <span class='ocrx_word' id='word_1_562' title='bbox 2798 3387 3005 3459; x_wconf 88' lang='lat' dir='ltr'><strong>jussus,</strong></span> <span class='ocrx_word' id='word_1_563' title='bbox 3035 3389 3299 3447; x_wconf 84' lang='lat' dir='ltr'><strong>suadente</strong></span> <span class='ocrx_word' id='word_1_564' title='bbox 3324 3407 3550 3464; x_wconf 84' lang='lat' dir='ltr'><strong>vespera</strong></span> 
     </span>
    </p>
   </div>
   <div class='ocr_carea' id='block_1_91' title="bbox 1940 3478 2412 3552">
    <p class='ocr_par' dir='ltr' id='par_1_91' title="bbox 1940 3478 2412 3552">
     <span class='ocr_line' id='line_1_91' title="bbox 1940 3478 2412 3552; baseline 0.006 -19"><span class='ocrx_word' id='word_1_565' title='bbox 1940 3478 2192 3536; x_wconf 86' lang='lat' dir='ltr'><strong>concedit</strong></span> <span class='ocrx_word' id='word_1_566' title='bbox 2223 3482 2412 3552; x_wconf 89' lang='lat' dir='ltr'><strong>quieti.</strong></span> 
     </span>
    </p>
   </div>
   <div class='ocr_carea' id='block_1_92' title="bbox 2336 3597 3147 3671">
    <p class='ocr_par' dir='ltr' id='par_1_92' title="bbox 2336 3597 3147 3671">
     <span class='ocr_line' id='line_1_92' title="bbox 2336 3597 3147 3671; baseline 0.004 -19"><span class='ocrx_word' id='word_1_567' title='bbox 2336 3597 2595 3654; x_wconf 85' lang='lat' dir='ltr'><strong>Periocha</strong></span> <span class='ocrx_word' id='word_1_568' title='bbox 2625 3599 2718 3653; x_wconf 85' lang='lat' dir='ltr'><strong>lib.</strong></span> <span class='ocrx_word' id='word_1_569' title='bbox 2753 3613 2846 3654; x_wconf 82' lang='lat' dir='ltr'><strong>vin</strong></span> <span class='ocrx_word' id='word_1_570' title='bbox 2881 3599 3147 3671; x_wconf 74' lang='lat' dir='ltr'><strong>Odyssew.</strong></span> 
     </span>
    </p>
   </div>
   <div class='ocr_carea' id='block_1_93' title="bbox 2066 3710 3256 3779">
    <p class='ocr_par' dir='ltr' id='par_1_93' title="bbox 2066 3710 3256 3779">
     <span class='ocr_line' id='line_1_93' title="bbox 2066 3710 3256 3779; baseline 0.003 -16"><span class='ocrx_word' id='word_1_571' title='bbox 2066 3713 2173 3763; x_wconf 88' lang='lat' dir='ltr'><strong>Jam</strong></span> <span class='ocrx_word' id='word_1_572' title='bbox 2197 3713 2375 3765; x_wconf 70' lang='lat' dir='ltr'><strong>cadum</strong></span> <span class='ocrx_word' id='word_1_573' title='bbox 2397 3710 2568 3766; x_wconf 82' lang='lat' dir='ltr'><strong>rutilat</strong></span> <span class='ocrx_word' id='word_1_574' title='bbox 2584 3715 2747 3765; x_wconf 82' lang='lat' dir='ltr'><strong>roseis</strong></span> <span class='ocrx_word' id='word_1_575' title='bbox 2767 3715 2956 3765; x_wconf 77' lang='lat' dir='ltr'><strong>Aurora</strong></span> <span class='ocrx_word' id='word_1_576' title='bbox 2981 3715 3256 3779; x_wconf 82' lang='lat' dir='ltr'><strong>quadrigis.</strong></span> 
     </span>
    </p>
   </div>
   <div class='ocr_carea' id='block_1_94' title="bbox 2016 3821 3554 3892">
    <p class='ocr_par' dir='ltr' id='par_1_94' title="bbox 2016 3821 3554 3892">
     <span class='ocr_line' id='line_1_94' title="bbox 2016 3821 3554 3892; baseline 0.001 -16"><span class='ocrx_word' id='word_1_577' title='bbox 2016 3821 2274 3876; x_wconf 80' lang='lat' dir='ltr'><strong>Alcinous</strong></span> <span class='ocrx_word' id='word_1_578' title='bbox 2327 3821 2689 3892; x_wconf 88' lang='lat' dir='ltr'><strong>navigationis</strong></span> <span class='ocrx_word' id='word_1_579' title='bbox 2747 3837 3048 3877; x_wconf 69' lang='lat' dir='ltr'><strong>aerumnam</strong></span> <span class='ocrx_word' id='word_1_580' title='bbox 3117 3823 3431 3878; x_wconf 88' lang='lat' dir='ltr'><strong>summatim</strong></span> <span class='ocrx_word' id='word_1_581' title='bbox 3483 3824 3554 3878; x_wconf 87' lang='lat' dir='ltr'><strong>ab</strong></span> 
     </span>
    </p>
   </div>
   <div class='ocr_carea' id='block_1_95' title="bbox 1939 3913 3550 3986">
    <p class='ocr_par' dir='ltr' id='par_1_95' title="bbox 1939 3913 3550 3986">
     <span class='ocr_line' id='line_1_95' title="bbox 1939 3913 3550 3986; baseline 0.002 -16"><span class='ocrx_word' id='word_1_582' title='bbox 1939 3913 2136 3986; x_wconf 81' lang='lat' dir='ltr'><strong>Ulysse</strong></span> <span class='ocrx_word' id='word_1_583' title='bbox 2181 3915 2485 3984; x_wconf 86' lang='lat' dir='ltr'><strong>cognoscit.</strong></span> <span class='ocrx_word' id='word_1_584' title='bbox 2532 3914 2745 3970; x_wconf 82' lang='lat' dir='ltr'><strong>Exinde</strong></span> <span class='ocrx_word' id='word_1_585' title='bbox 2781 3915 2951 3985; x_wconf 85' lang='lat' dir='ltr'><strong>jussis</strong></span> <span class='ocrx_word' id='word_1_586' title='bbox 2999 3916 3329 3984; x_wconf 89' lang='lat' dir='ltr'><strong>primoribus</strong></span> <span class='ocrx_word' id='word_1_587' title='bbox 3378 3918 3428 3971; x_wconf 93' lang='lat' dir='ltr'><strong>in</strong></span> <span class='ocrx_word' id='word_1_588' title='bbox 3462 3934 3550 3973; x_wconf 75' lang='lat' dir='ltr'><strong>cu~</strong></span> 
     </span>
    </p>
   </div>
   <div class='ocr_carea' id='block_1_96' title="bbox 1938 4010 3542 4080">
    <p class='ocr_par' dir='ltr' id='par_1_96' title="bbox 1938 4010 3542 4080">
     <span class='ocr_line' id='line_1_96' title="bbox 1938 4010 3542 4080; baseline 0.001 -14"><span class='ocrx_word' id='word_1_589' title='bbox 1938 4012 2074 4066; x_wconf 89' lang='lat' dir='ltr'><strong>riam</strong></span> <span class='ocrx_word' id='word_1_590' title='bbox 2115 4012 2450 4076; x_wconf 88' lang='lat' dir='ltr'><strong>convenire,</strong></span> <span class='ocrx_word' id='word_1_591' title='bbox 2499 4010 2796 4066; x_wconf 89' lang='lat' dir='ltr'><strong>adventum</strong></span> <span class='ocrx_word' id='word_1_592' title='bbox 2844 4010 3102 4080; x_wconf 77' lang='lat' dir='ltr'><strong>hospitis,</strong></span> <span class='ocrx_word' id='word_1_593' title='bbox 3149 4021 3204 4066; x_wconf 92' lang='lat' dir='ltr'><strong>et</strong></span> <span class='ocrx_word' id='word_1_594' title='bbox 3245 4012 3542 4068; x_wconf 86' lang='lat' dir='ltr'><strong>infortunia</strong></span> 
     </span>
    </p>
   </div>
   <div class='ocr_carea' id='block_1_97' title="bbox 1939 4101 3545 4174">
    <p class='ocr_par' dir='ltr' id='par_1_97' title="bbox 1939 4101 3545 4174">
     <span class='ocr_line' id='line_1_97' title="bbox 1939 4101 3545 4174; baseline 0.001 -17"><span class='ocrx_word' id='word_1_595' title='bbox 1939 4101 2163 4158; x_wconf 72' lang='lat' dir='ltr'><strong>diutinre</strong></span> <span class='ocrx_word' id='word_1_596' title='bbox 2187 4101 2500 4172; x_wconf 87' lang='lat' dir='ltr'><strong>jactationis</strong></span> <span class='ocrx_word' id='word_1_597' title='bbox 2531 4103 2811 4174; x_wconf 85' lang='lat' dir='ltr'><strong>explanat,</strong></span> <span class='ocrx_word' id='word_1_598' title='bbox 2836 4103 3116 4172; x_wconf 86' lang='lat' dir='ltr'><strong>accitoque</strong></span> <span class='ocrx_word' id='word_1_599' title='bbox 3144 4103 3208 4156; x_wconf 91' lang='lat' dir='ltr'><strong>ad</strong></span> <span class='ocrx_word' id='word_1_600' title='bbox 3228 4105 3545 4160; x_wconf 88' lang='lat' dir='ltr'><strong>convivium</strong></span> 
     </span>
    </p>
   </div>
   <div class='ocr_carea' id='block_1_98' title="bbox 1941 4183 3542 4268">
    <p class='ocr_par' dir='ltr' id='par_1_98' title="bbox 1941 4183 3542 4268">
     <span class='ocr_line' id='line_1_98' title="bbox 1941 4183 3542 4268; baseline 0 -16"><span class='ocrx_word' id='word_1_601' title='bbox 1941 4195 2136 4268; x_wconf 86' lang='lat' dir='ltr'><strong>Ulysse</strong></span> <span class='ocrx_word' id='word_1_602' title='bbox 2162 4196 2429 4251; x_wconf 89' lang='lat' dir='ltr'><strong>citharam</strong></span> <span class='ocrx_word' id='word_1_603' title='bbox 2458 4195 2615 4266; x_wconf 85' lang='lat' dir='ltr'><strong>jubet</strong></span> <span class='ocrx_word' id='word_1_604' title='bbox 2639 4183 2855 4266; x_wconf 87' lang='lat' dir='ltr'><strong>pulsare</strong></span> <span class='ocrx_word' id='word_1_605' title='bbox 2883 4191 3270 4262; x_wconf 80' lang='lat' dir='ltr'><strong>Demodocum,</strong></span> <span class='ocrx_word' id='word_1_606' title='bbox 3294 4198 3387 4266; x_wconf 92' lang='lat' dir='ltr'><strong>qui</strong></span> <span class='ocrx_word' id='word_1_607' title='bbox 3420 4212 3542 4252; x_wconf 89' lang='lat' dir='ltr'><strong>cum</strong></span> 
     </span>
    </p>
   </div>
   <div class='ocr_carea' id='block_1_99' title="bbox 1938 4287 3550 4359">
    <p class='ocr_par' dir='ltr' id='par_1_99' title="bbox 1938 4287 3550 4359">
     <span class='ocr_line' id='line_1_99' title="bbox 1938 4287 3550 4359; baseline -0.001 -16"><span class='ocrx_word' id='word_1_608' title='bbox 1938 4288 2007 4344; x_wconf 88' lang='lat' dir='ltr'><strong>de</strong></span> <span class='ocrx_word' id='word_1_609' title='bbox 2041 4289 2220 4345; x_wconf 89' lang='lat' dir='ltr'><strong>Dureo</strong></span> <span class='ocrx_word' id='word_1_610' title='bbox 2245 4305 2422 4359; x_wconf 89' lang='lat' dir='ltr'><strong>equo,</strong></span> <span class='ocrx_word' id='word_1_611' title='bbox 2467 4299 2519 4344; x_wconf 91' lang='lat' dir='ltr'><strong>et</strong></span> <span class='ocrx_word' id='word_1_612' title='bbox 2561 4289 2632 4344; x_wconf 88' lang='lat' dir='ltr'><strong>de</strong></span> <span class='ocrx_word' id='word_1_613' title='bbox 2679 4287 2877 4343; x_wconf 90' lang='lat' dir='ltr'><strong>Troico</strong></span> <span class='ocrx_word' id='word_1_614' title='bbox 2909 4299 3152 4342; x_wconf 77' lang='lat' dir='ltr'><strong>cantaret</strong></span> <span class='ocrx_word' id='word_1_615' title='bbox 3187 4288 3403 4342; x_wconf 83' lang='lat' dir='ltr'><strong>excidio</strong></span> <span class='ocrx_word' id='word_1_616' title='bbox 3428 4332 3442 4353; x_wconf 90' lang='lat'><strong>,</strong></span> <span class='ocrx_word' id='word_1_617' title='bbox 3474 4290 3550 4341; x_wconf 92' lang='lat' dir='ltr'><strong>Ia-</strong></span> 
     </span>
    </p>
   </div>
   <div class='ocr_carea' id='block_1_100' title="bbox 1938 4381 3543 4457">
    <p class='ocr_par' dir='ltr' id='par_1_100' title="bbox 1938 4381 3543 4457">
     <span class='ocr_line' id='line_1_100' title="bbox 1938 4381 3543 4457; baseline -0.001 -19"><span class='ocrx_word' id='word_1_618' title='bbox 1938 4398 2154 4457; x_wconf 88' lang='lat' dir='ltr'><strong>erymas</strong></span> <span class='ocrx_word' id='word_1_619' title='bbox 2204 4383 2382 4454; x_wconf 88' lang='lat' dir='ltr'><strong>Ulyssi</strong></span> <span class='ocrx_word' id='word_1_620' title='bbox 2423 4383 2685 4438; x_wconf 87' lang='lat' dir='ltr'><strong>memoria</strong></span> <span class='ocrx_word' id='word_1_621' title='bbox 2733 4383 2962 4438; x_wconf 74' lang='lat' dir='ltr'><strong>fortuna:</strong></span> <span class='ocrx_word' id='word_1_622' title='bbox 3005 4382 3301 4450; x_wconf 88' lang='lat' dir='ltr'><strong>superioris</strong></span> <span class='ocrx_word' id='word_1_623' title='bbox 3336 4381 3543 4437; x_wconf 81' lang='lat' dir='ltr'><strong>elicuit;</strong></span> 
     </span>
    </p>
   </div>
   <div class='ocr_carea' id='block_1_101' title="bbox 1943 4475 3547 4544">
    <p class='ocr_par' dir='ltr' id='par_1_101' title="bbox 1943 4475 3547 4544">
     <span class='ocr_line' id='line_1_101' title="bbox 1943 4475 3547 4544; baseline 0.001 -16"><span class='ocrx_word' id='word_1_624' title='bbox 1943 4475 2090 4544; x_wconf 85' lang='lat' dir='ltr'><strong>Quas</strong></span> <span class='ocrx_word' id='word_1_625' title='bbox 2138 4491 2265 4531; x_wconf 90' lang='lat' dir='ltr'><strong>cum</strong></span> <span class='ocrx_word' id='word_1_626' title='bbox 2308 4476 2585 4530; x_wconf 83' lang='lat' dir='ltr'><strong>occultare</strong></span> <span class='ocrx_word' id='word_1_627' title='bbox 2639 4475 2829 4530; x_wconf 88' lang='lat' dir='ltr'><strong>sedulo</strong></span> <span class='ocrx_word' id='word_1_628' title='bbox 2878 4485 3209 4539; x_wconf 88' lang='lat' dir='ltr'><strong>conaretur,</strong></span> <span class='ocrx_word' id='word_1_629' title='bbox 3259 4483 3354 4528; x_wconf 90' lang='lat' dir='ltr'><strong>aut</strong></span> <span class='ocrx_word' id='word_1_630' title='bbox 3400 4475 3547 4529; x_wconf 92' lang='lat' dir='ltr'><strong>vultu</strong></span> 
     </span>
    </p>
   </div>
   <div class='ocr_carea' id='block_1_102' title="bbox 1861 4567 3544 4654">
    <p class='ocr_par' dir='ltr' id='par_1_102' title="bbox 1861 4567 3544 4654">
     <span class='ocr_line' id='line_1_102' title="bbox 1861 4567 3544 4654; baseline -0.003 -28"><span class='ocrx_word' id='word_1_631' title='bbox 1861 4593 1913 4654; x_wconf 73' lang='grc' dir='ltr'>ι)</span> <span class='ocrx_word' id='word_1_632' title='bbox 1942 4569 2308 4633; x_wconf 82' lang='lat' dir='ltr'><strong>dissimulans,</strong></span> <span class='ocrx_word' id='word_1_633' title='bbox 2347 4578 2439 4623; x_wconf 88' lang='lat' dir='ltr'><strong>aut</strong></span> <span class='ocrx_word' id='word_1_634' title='bbox 2484 4579 2636 4624; x_wconf 91' lang='lat' dir='ltr'><strong>veste</strong></span> <span class='ocrx_word' id='word_1_635' title='bbox 2666 4568 2978 4638; x_wconf 88' lang='lat' dir='ltr'><strong>detergens,</strong></span> <span class='ocrx_word' id='word_1_636' title='bbox 3014 4567 3204 4623; x_wconf 90' lang='lat' dir='ltr'><strong>oculos</strong></span> <span class='ocrx_word' id='word_1_637' title='bbox 3248 4568 3299 4622; x_wconf 92' lang='lat' dir='ltr'><strong>in</strong></span> <span class='ocrx_word' id='word_1_638' title='bbox 3335 4585 3394 4623; x_wconf 87' lang='lat' dir='ltr'><strong>se</strong></span> <span class='ocrx_word' id='word_1_639' title='bbox 3425 4583 3544 4623; x_wconf 79' lang='lat' dir='ltr'><strong>om-</strong></span> 
     </span>
    </p>
   </div>
   <div class='ocr_carea' id='block_1_103' title="bbox 1943 4659 3544 4732">
    <p class='ocr_par' dir='ltr' id='par_1_103' title="bbox 1943 4659 3544 4732">
     <span class='ocr_line' id='line_1_103' title="bbox 1943 4659 3544 4732; baseline -0.001 -17"><span class='ocrx_word' id='word_1_640' title='bbox 1943 4663 2091 4716; x_wconf 88' lang='lat' dir='ltr'><strong>nium</strong></span> <span class='ocrx_word' id='word_1_641' title='bbox 2116 4674 2168 4717; x_wconf 90' lang='lat' dir='ltr'><strong>et</strong></span> <span class='ocrx_word' id='word_1_642' title='bbox 2193 4662 2431 4716; x_wconf 78' lang='lat' dir='ltr'><strong>maxime</strong></span> <span class='ocrx_word' id='word_1_643' title='bbox 2470 4662 2615 4732; x_wconf 88' lang='lat' dir='ltr'><strong>regis</strong></span> <span class='ocrx_word' id='word_1_644' title='bbox 2643 4660 2897 4716; x_wconf 90' lang='lat' dir='ltr'><strong>advertit.</strong></span> <span class='ocrx_word' id='word_1_645' title='bbox 2930 4660 3067 4714; x_wconf 90' lang='lat' dir='ltr'><strong>Tum</strong></span> <span class='ocrx_word' id='word_1_646' title='bbox 3096 4659 3355 4715; x_wconf 85' lang='lat' dir='ltr'><strong>Alcinous</strong></span> <span class='ocrx_word' id='word_1_647' title='bbox 3384 4676 3544 4714; x_wconf 90' lang='lat' dir='ltr'><strong>causa</strong></span> 
     </span>
    </p>
   </div>
   <div class='ocr_carea' id='block_1_104' title="bbox 1941 4753 3543 4825">
    <p class='ocr_par' dir='ltr' id='par_1_104' title="bbox 1941 4753 3543 4825">
     <span class='ocr_line' id='line_1_104' title="bbox 1941 4753 3543 4825; baseline -0.001 -15"><span class='ocrx_word' id='word_1_648' title='bbox 1941 4756 2165 4821; x_wconf 71' lang='lat' dir='ltr'><strong>fletuum</strong></span> <span class='ocrx_word' id='word_1_649' title='bbox 2198 4755 2447 4825; x_wconf 70' lang='lat' dir='ltr'><strong>cognita,</strong></span> <span class='ocrx_word' id='word_1_650' title='bbox 2476 4764 2537 4809; x_wconf 89' lang='lat' dir='ltr'><strong>ut</strong></span> <span class='ocrx_word' id='word_1_651' title='bbox 2567 4763 2759 4811; x_wconf 90' lang='lat' dir='ltr'><strong>cuncta</strong></span> <span class='ocrx_word' id='word_1_652' title='bbox 2787 4771 2856 4811; x_wconf 78' lang='lat' dir='ltr'><strong>ex</strong></span> <span class='ocrx_word' id='word_1_653' title='bbox 2889 4755 3082 4809; x_wconf 88' lang='lat' dir='ltr'><strong>ordine</strong></span> <span class='ocrx_word' id='word_1_654' title='bbox 3112 4753 3338 4809; x_wconf 87' lang='lat' dir='ltr'><strong>tolerata</strong></span> <span class='ocrx_word' id='word_1_655' title='bbox 3368 4753 3543 4809; x_wconf 72' lang='lat' dir='ltr'><strong>disse-</strong></span> 
     </span>
    </p>
   </div>
   <div class='ocr_carea' id='block_1_105' title="bbox 1942 4848 3258 4921">
    <p class='ocr_par' dir='ltr' id='par_1_105' title="bbox 1942 4848 3258 4921">
     <span class='ocr_line' id='line_1_105' title="bbox 1942 4848 3258 4921; baseline -0.002 -16"><span class='ocrx_word' id='word_1_656' title='bbox 1942 4857 2108 4919; x_wconf 88' lang='lat' dir='ltr'><strong>reret,</strong></span> <span class='ocrx_word' id='word_1_657' title='bbox 2139 4849 2371 4921; x_wconf 90' lang='lat' dir='ltr'><strong>benigne</strong></span> <span class='ocrx_word' id='word_1_658' title='bbox 2403 4849 2582 4905; x_wconf 89' lang='lat' dir='ltr'><strong>omnia</strong></span> <span class='ocrx_word' id='word_1_659' title='bbox 2614 4849 2890 4921; x_wconf 74' lang='lat' dir='ltr'><strong>pollicitus</strong></span> <span class='ocrx_word' id='word_1_660' title='bbox 2911 4848 3258 4904; x_wconf 89' lang='lat' dir='ltr'><strong>adhortatur.</strong></span> 
     </span>
    </p>
   </div>
   <div class='ocr_carea' id='block_1_106' title="bbox 2353 4959 3124 5029">
    <p class='ocr_par' dir='ltr' id='par_1_106' title="bbox 2353 4959 3124 5029">
     <span class='ocr_line' id='line_1_106' title="bbox 2353 4959 3124 5029; baseline 0.001 -15"><span class='ocrx_word' id='word_1_661' title='bbox 2353 4959 2612 5017; x_wconf 87' lang='lat' dir='ltr'><strong>Periocha</strong></span> <span class='ocrx_word' id='word_1_662' title='bbox 2645 4961 2734 5016; x_wconf 85' lang='lat' dir='ltr'><strong>lib.</strong></span> <span class='ocrx_word' id='word_1_663' title='bbox 2772 4977 2821 5016; x_wconf 83' lang='lat' dir='ltr'><strong>tx</strong></span> <span class='ocrx_word' id='word_1_664' title='bbox 2860 4961 3124 5029; x_wconf 72' lang='lat' dir='ltr'><strong>Odyssew.</strong></span> 
     </span>
    </p>
   </div>
   <div class='ocr_carea' id='block_1_107' title="bbox 2067 5074 3195 5129">
    <p class='ocr_par' dir='ltr' id='par_1_107' title="bbox 2067 5074 3195 5129">
     <span class='ocr_line' id='line_1_107' title="bbox 2067 5074 3195 5129; baseline -0.003 -3"><span class='ocrx_word' id='word_1_665' title='bbox 2067 5076 2191 5126; x_wconf 90' lang='lat' dir='ltr'><strong>Tum</strong></span> <span class='ocrx_word' id='word_1_666' title='bbox 2214 5078 2322 5129; x_wconf 91' lang='lat' dir='ltr'><strong>vice</strong></span> <span class='ocrx_word' id='word_1_667' title='bbox 2349 5078 2593 5127; x_wconf 84' lang='lat' dir='ltr'><strong>sermonis</strong></span> <span class='ocrx_word' id='word_1_668' title='bbox 2619 5076 2742 5126; x_wconf 88' lang='lat' dir='ltr'><strong>fatur</strong></span> <span class='ocrx_word' id='word_1_669' title='bbox 2767 5075 2993 5125; x_wconf 80' lang='lat' dir='ltr'><strong>Laertius</strong></span> <span class='ocrx_word' id='word_1_670' title='bbox 3017 5074 3195 5124; x_wconf 89' lang='lat' dir='ltr'><strong>lleros.</strong></span> 
     </span>
    </p>
   </div>
   <div class='ocr_carea' id='block_1_108' title="bbox 2015 5179 3537 5252">
    <p class='ocr_par' dir='ltr' id='par_1_108' title="bbox 2015 5179 3537 5252">
     <span class='ocr_line' id='line_1_108' title="bbox 2015 5179 3537 5252; baseline -0.001 -17"><span class='ocrx_word' id='word_1_671' title='bbox 2015 5183 2598 5238; x_wconf 57' lang='lat' dir='ltr'><strong>nuatuoristhinclibri</strong></span> <span class='ocrx_word' id='word_1_672' title='bbox 2615 5181 2904 5252; x_wconf 70' lang='lat' dir='ltr'><strong>deUlyssis</strong></span> <span class='ocrx_word' id='word_1_673' title='bbox 2922 5197 3107 5236; x_wconf 89' lang='lat' dir='ltr'><strong>errore</strong></span> <span class='ocrx_word' id='word_1_674' title='bbox 3129 5179 3366 5235; x_wconf 84' lang='lat' dir='ltr'><strong>contexti</strong></span> <span class='ocrx_word' id='word_1_675' title='bbox 3390 5188 3537 5234; x_wconf 90' lang='lat' dir='ltr'><strong>sunt.</strong></span> 
     </span>
    </p>
   </div>
   <div class='ocr_carea' id='block_1_109' title="bbox 1940 5272 3543 5347">
    <p class='ocr_par' dir='ltr' id='par_1_109' title="bbox 1940 5272 3543 5347">
     <span class='ocr_line' id='line_1_109' title="bbox 1940 5272 3543 5347; baseline -0.007 -12"><span class='ocrx_word' id='word_1_676' title='bbox 1940 5279 2183 5347; x_wconf 57' lang='grc' dir='ltr'>ἢμηιίιιιε</span> <span class='ocrx_word' id='word_1_677' title='bbox 2214 5277 2282 5330; x_wconf 87' lang='lat' dir='ltr'><strong>ab</strong></span> <span class='ocrx_word' id='word_1_678' title='bbox 2313 5277 2540 5332; x_wconf 85' lang='lat' dir='ltr'><strong>Alcinoo</strong></span> <span class='ocrx_word' id='word_1_679' title='bbox 2564 5287 2785 5345; x_wconf 85' lang='lat' dir='ltr'><strong>rogatus</strong></span> <span class='ocrx_word' id='word_1_680' title='bbox 2811 5276 3010 5330; x_wconf 89' lang='lat' dir='ltr'><strong>seriem</strong></span> <span class='ocrx_word' id='word_1_681' title='bbox 3043 5272 3360 5343; x_wconf 90' lang='lat' dir='ltr'><strong>multiplicis</strong></span> <span class='ocrx_word' id='word_1_682' title='bbox 3388 5287 3543 5326; x_wconf 88' lang='lat' dir='ltr'><strong>erro-</strong></span> 
     </span>
    </p>
   </div>
   <div class='ocr_carea' id='block_1_110' title="bbox 1940 5363 3543 5445">
    <p class='ocr_par' dir='ltr' id='par_1_110' title="bbox 1940 5363 3543 5445">
     <span class='ocr_line' id='line_1_110' title="bbox 1940 5363 3543 5445; baseline -0.007 -15"><span class='ocrx_word' id='word_1_683' title='bbox 1940 5373 2018 5430; x_wconf 85' lang='lat' dir='ltr'><strong>ris</strong></span> <span class='ocrx_word' id='word_1_684' title='bbox 2040 5371 2284 5439; x_wconf 87' lang='lat' dir='ltr'><strong>exponit,</strong></span> <span class='ocrx_word' id='word_1_685' title='bbox 2316 5379 2372 5424; x_wconf 92' lang='lat' dir='ltr'><strong>ut</strong></span> <span class='ocrx_word' id='word_1_686' title='bbox 2403 5369 2471 5423; x_wconf 90' lang='lat' dir='ltr'><strong>ab</strong></span> <span class='ocrx_word' id='word_1_687' title='bbox 2497 5370 2595 5424; x_wconf 88' lang='lat' dir='ltr'><strong>Ilio</strong></span> <span class='ocrx_word' id='word_1_688' title='bbox 2627 5367 2921 5445; x_wconf 85' lang='lat' dir='ltr'><strong>profectus,</strong></span> <span class='ocrx_word' id='word_1_689' title='bbox 2955 5369 3185 5436; x_wconf 88' lang='lat' dir='ltr'><strong>primum</strong></span> <span class='ocrx_word' id='word_1_690' title='bbox 3215 5367 3281 5419; x_wconf 89' lang='lat' dir='ltr'><strong>ad</strong></span> <span class='ocrx_word' id='word_1_691' title='bbox 3309 5363 3543 5420; x_wconf 87' lang='lat' dir='ltr'><strong>Cieonas</strong></span> 
     </span>
    </p>
   </div>
   <div class='ocr_carea' id='block_1_111' title="bbox 1942 5460 3538 5534">
    <p class='ocr_par' dir='ltr' id='par_1_111' title="bbox 1942 5460 3538 5534">
     <span class='ocr_line' id='line_1_111' title="bbox 1942 5460 3538 5534; baseline -0.006 -11"><span class='ocrx_word' id='word_1_692' title='bbox 1942 5468 2153 5523; x_wconf 84' lang='lat' dir='ltr'><strong>delatus</strong></span> <span class='ocrx_word' id='word_1_693' title='bbox 2197 5466 2301 5528; x_wconf 92' lang='lat' dir='ltr'><strong>sit,</strong></span> <span class='ocrx_word' id='word_1_694' title='bbox 2333 5476 2495 5534; x_wconf 88' lang='lat' dir='ltr'><strong>atque</strong></span> <span class='ocrx_word' id='word_1_695' title='bbox 2541 5463 2651 5518; x_wconf 91' lang='lat' dir='ltr'><strong>illic</strong></span> <span class='ocrx_word' id='word_1_696' title='bbox 2693 5471 2995 5532; x_wconf 85' lang='lat' dir='ltr'><strong>expugnata</strong></span> <span class='ocrx_word' id='word_1_697' title='bbox 3031 5461 3237 5516; x_wconf 84' lang='lat' dir='ltr'><strong>Ismaro</strong></span> <span class='ocrx_word' id='word_1_698' title='bbox 3277 5460 3500 5514; x_wconf 88' lang='lat' dir='ltr'><strong>civitate</strong></span> <span class='ocrx_word' id='word_1_699' title='bbox 3525 5501 3538 5522; x_wconf 90' lang='lat'><strong>,</strong></span> 
     </span>
    </p>
   </div>
   <div class='ocr_carea' id='block_1_112' title="bbox 1941 5552 3540 5625">
    <p class='ocr_par' dir='ltr' id='par_1_112' title="bbox 1941 5552 3540 5625">
     <span class='ocr_line' id='line_1_112' title="bbox 1941 5552 3540 5625; baseline -0.007 -9"><span class='ocrx_word' id='word_1_700' title='bbox 1941 5560 2127 5616; x_wconf 87' lang='lat' dir='ltr'><strong>multis</strong></span> <span class='ocrx_word' id='word_1_701' title='bbox 2159 5557 2376 5611; x_wconf 88' lang='lat' dir='ltr'><strong>amissis</strong></span> <span class='ocrx_word' id='word_1_702' title='bbox 2418 5559 2630 5625; x_wconf 79' lang='lat' dir='ltr'><strong>fugatus</strong></span> <span class='ocrx_word' id='word_1_703' title='bbox 2659 5554 3028 5612; x_wconf 84' lang='lat' dir='ltr'><strong>abscesserit:</strong></span> <span class='ocrx_word' id='word_1_704' title='bbox 3066 5565 3229 5624; x_wconf 88' lang='lat' dir='ltr'><strong>utque</strong></span> <span class='ocrx_word' id='word_1_705' title='bbox 3268 5552 3394 5606; x_wconf 89' lang='lat' dir='ltr'><strong>inde</strong></span> <span class='ocrx_word' id='word_1_706' title='bbox 3428 5552 3540 5605; x_wconf 88' lang='lat' dir='ltr'><strong>Ma-</strong></span> 
     </span>
    </p>
   </div>
   <div class='ocr_carea' id='block_1_113' title="bbox 1940 5643 3543 5720">
    <p class='ocr_par' dir='ltr' id='par_1_113' title="bbox 1940 5643 3543 5720">
     <span class='ocr_line' id='line_1_113' title="bbox 1940 5643 3543 5720; baseline -0.008 -11"><span class='ocrx_word' id='word_1_707' title='bbox 1940 5655 2078 5709; x_wconf 89' lang='lat' dir='ltr'><strong>leam</strong></span> <span class='ocrx_word' id='word_1_708' title='bbox 2107 5651 2353 5707; x_wconf 83' lang='lat' dir='ltr'><strong>Laconia.-</strong></span> <span class='ocrx_word' id='word_1_709' title='bbox 2379 5651 2808 5720; x_wconf 88' lang='lat' dir='ltr'><strong>promontorium</strong></span> <span class='ocrx_word' id='word_1_710' title='bbox 2838 5649 3241 5718; x_wconf 77' lang='lat' dir='ltr'><strong>circumegerit,</strong></span> <span class='ocrx_word' id='word_1_711' title='bbox 3267 5661 3330 5698; x_wconf 89' lang='lat' dir='ltr'><strong>ac</strong></span> <span class='ocrx_word' id='word_1_712' title='bbox 3345 5643 3543 5698; x_wconf 89' lang='lat' dir='ltr'><strong>deinde</strong></span> 
     </span>
    </p>
   </div>
   <div class='ocr_carea' id='block_1_114' title="bbox 1939 5729 3542 5816">
    <p class='ocr_par' dir='ltr' id='par_1_114' title="bbox 1939 5729 3542 5816">
     <span class='ocr_line' id='line_1_114' title="bbox 1939 5729 3542 5816; baseline -0.01 -13"><span class='ocrx_word' id='word_1_713' title='bbox 1939 5749 2286 5816; x_wconf 74' lang='lat' dir='ltr'><strong>Lo&#39;ophagos</strong></span> <span class='ocrx_word' id='word_1_714' title='bbox 2311 5746 2538 5799; x_wconf 82' lang='lat' dir='ltr'><strong>venerit.</strong></span> <span class='ocrx_word' id='word_1_715' title='bbox 2564 5744 2679 5798; x_wconf 83' lang='lat' dir='ltr'><strong>Mox</strong></span> <span class='ocrx_word' id='word_1_716' title='bbox 2711 5745 2776 5797; x_wconf 90' lang='lat' dir='ltr'><strong>ad</strong></span> <span class='ocrx_word' id='word_1_717' title='bbox 2806 5743 3106 5814; x_wconf 85' lang='lat' dir='ltr'><strong>Cyclopum</strong></span> <span class='ocrx_word' id='word_1_718' title='bbox 3142 5729 3395 5804; x_wconf 74' lang='lat' dir='ltr'><strong>insulam,</strong></span> <span class='ocrx_word' id='word_1_719' title='bbox 3421 5751 3542 5805; x_wconf 76' lang='lat' dir='ltr'><strong>qttze</strong></span> 
     </span>
    </p>
   </div>
   <div class='ocr_carea' id='block_1_115' title="bbox 1943 5831 3542 5910">
    <p class='ocr_par' dir='ltr' id='par_1_115' title="bbox 1943 5831 3542 5910">
     <span class='ocr_line' id='line_1_115' title="bbox 1943 5831 3542 5910; baseline -0.012 -12"><span class='ocrx_word' id='word_1_720' title='bbox 1943 5840 2270 5910; x_wconf 80' lang='lat' dir='ltr'><strong>Lotopltagis</strong></span> <span class='ocrx_word' id='word_1_721' title='bbox 2317 5837 2629 5907; x_wconf 49' lang='lat' dir='ltr'><strong>ailjacebat,</strong></span> <span class='ocrx_word' id='word_1_722' title='bbox 2680 5850 2800 5892; x_wconf 88' lang='lat' dir='ltr'><strong>cum</strong></span> <span class='ocrx_word' id='word_1_723' title='bbox 2838 5853 2941 5892; x_wconf 78' lang='lat' dir='ltr'><strong>una</strong></span> <span class='ocrx_word' id='word_1_724' title='bbox 2995 5853 3131 5892; x_wconf 86' lang='lat' dir='ltr'><strong>nave</strong></span> <span class='ocrx_word' id='word_1_725' title='bbox 3180 5831 3542 5904; x_wconf 77' lang='lat' dir='ltr'><strong>processerit,</strong></span> 
     </span>
    </p>
   </div>
  </div>
