3908 6320
335 257 441 315 95.)

1711 251 1890 313 DECll
1925 250 2202 312 AUSONII

3510 255 3610 318 956

336 386 508 443 eaque
532 371 724 427 sedulo
749 372 1014 427 occultata
1044 371 1158 440 ipse
1187 384 1312 428 cum
1347 370 1633 427 duodecim
1670 370 1831 425 sociis
1861 370 1914 424 in
1942 373 1996 434 Α
2023 369 2245 440 ignarus
2292 370 2594 444 exponitur
2617 415 2631 442 ,
2681 371 2997 431 Phacaeibus
3050 388 3117 432 eo
3167 374 3478 433 dormiente
3530 391 3610 432 re-

335 476 552 521 antrum
589 465 907 536 Polyphemi
948 465 1350 534 penetraverit:
1378 464 1467 535 qui
1498 463 1734 518 cruentis
1764 462 1919 533 dapi-

338 559 436 612 bus
467 560 734 628 expletus,
768 572 900 627 quas
931 557 1081 612 caede
1110 557 1378 612 sociorum
1409 556 1526 625 ejus
1566 557 1915 622 instruxerat,
1997 599 2000 602 .

339 653 462 705 vino
510 653 671 706 etiam
728 650 874 721 quod
934 651 1154 721 Ulysscs
1205 651 1504 720 ingesserat
1553 649 1918 717 temulentus,

337 761 459 800 cum
492 744 542 798 in
592 758 842 798 somnum
891 744 1296 812 procubuisset,
1341 741 1410 798 ab
1459 740 1649 813 Ulysse
1689 749 1920 799 caecatus

345 851 529 908 poznas
560 835 908 892 immanitatis
941 834 1188 889 exsolvit.

764 974 1022 1028 Periocha
1047 973 1134 1029 lib.
1167 991 1200 1029 x
1232 972 1491 1045 Odyssean

463 1092 663 1142 )Eoliam
687 1099 948 1142 ventorum
971 1093 1160 1154 agimur
1189 1094 1491 1156 patriamque
1513 1090 1827 1155 domumque.

410 1203 544 1256 llinc
573 1201 737 1256 refert
758 1199 992 1256 {Eoliam
1016 1214 1076 1255 se
1098 1200 1262 1255 fuisse
1299 1209 1639 1270 pervectum,
1662 1198 1924 1268 donisque

336 1297 590 1350 donatum
624 1294 691 1349 ab
741 1293 900 1348 A3010
946 1308 1074 1363 rege
1106 1301 1432 1360 ventorum,
1467 1291 1559 1361 qui
1591 1299 1646 1346 et
1673 1289 1924 1345 omnibus

335 1389 566 1444 comiter
581 1387 837 1457 prmbitis,
859 1402 962 1456 quo
978 1385 1218 1441 securior
1241 1386 1539 1455 navigaret,
1559 1393 1748 1440 ventos
1762 1383 1925 1439 etiam
1942 1427 1952 1439 .

336 1484 548 1538 dederit
591 1491 710 1536 utre
742 1479 1048 1534 conclusos.
1089 1477 1260 1546 thue
1286 1492 1408 1531 cum
1437 1476 1546 1546 jam
1580 1475 1776 1531 Ithaca:
1803 1491 1927 1546 pro-

337 1579 558 1647 pinquat
585 1617 600 1641 ,
645 1583 699 1629 et
747 1574 959 1628 retusus
993 1573 1064 1626 sit
1105 1572 1156 1626 in
1186 1586 1438 1641 soporem
1466 1615 1479 1640 ,
1531 1571 1775 1640 sociique
1808 1569 1926 1639 ejus

338 1683 472 1737 opes
502 1666 712 1736 aliquas
750 1664 804 1718 in
847 1665 959 1719 lora
992 1666 1173 1719 inesse
1208 1663 1580 1721 existimantes
1624 1664 1926 1721 dormiente

341 1761 460 1832 ipso
481 1759 690 1814 vincula
719 1758 1090 1826 dissolverint,
1115 1757 1465 1827 adversisque
1483 1756 1698 1811 ﬂatibus
1719 1757 1786 1812 ab
1808 1755 1922 1827 ipsa
1953 1760 2001 1820 Β

342 1853 514 1923 patria
541 1853 648 1921 jam
687 1852 795 1906 sint
817 1851 989 1905 relati.
1022 1849 1148 1906 lude
1178 1861 1234 1905 ut
1257 1850 1925 1921 AntiphatemLatstrygo-

339 1961 544 2014 nasque
590 1944 799 1999 delatus
847 1943 937 1998 sit.
985 1944 1061 1999 lbi
1110 1943 1324 1999 amissis
1353 1959 1454 1998 una
1501 1943 1679 1999 minus
1713 1945 1926 1998 caeteris

336 2038 565 2094 navibus
593 2035 842 2092 Circeum
883 2037 1031 2091 littus
1077 2036 1409 2101 accesserit,
1451 2035 1635 2106 ibique
1661 2036 1924 2093 veneﬁcio

335 2132 574 2202 potentis
601 2130 718 2186 dea:
747 2130 1118 2200 Eurylochus,
1152 2141 1206 2185 et
1237 2130 1503 2200 praemissi
1542 2145 1664 2185 cum
1697 2145 1762 2185 eo
1792 2130 1924 2185 socii

340 2226 393 2278 in
420 2223 656 2278 ferarum
683 2239 775 2277 ora
801 2222 1047 2278 conversi
1069 2222 1211 2278 sint:
1240 2225 1356 2292 ipse
1376 2224 1542 2278 etiam
1572 2222 1771 2278 similia
1802 2237 1925 2292 pas-

339 2332 500 2372 surus
523 2317 786 2372 Mercurio
819 2328 1142 2385 procurante
1170 2317 1442 2381 vitaverit,
1470 2324 1807 2386 czeterosque
1835 2331 1925 2371 so-

337 2411 451 2464 cios
473 2409 538 2466 ad
559 2411 791 2479 speciem
816 2410 1096 2480 pristinam
1121 2409 1288 2480 redigi
1320 2410 1535 2465 virtutis
1560 2407 1924 2466 admiratione

337 2504 682 2574 compulerit.

760 2596 1015 2652 Periocha
1035 2597 1124 2651 lib.
1152 2613 1206 2651 ιι
1230 2595 1492 2667 Odyssean

467 2714 531 2764 At
553 2722 802 2778 postquam
827 2720 1028 2764 ventum
1049 2713 1106 2764 ad
1123 2727 1276 2764 naves
1297 2723 1346 2766 et
1365 2714 1525 2765 littora
1548 2718 1700 2779 ponti.

412 2824 694 2892 Digressus
727 2839 752 2876 a
780 2821 935 2876 Circe
981 2825 1250 2878 Avernum
1305 2823 1583 2894 pervenit,
1634 2825 1724 2893 qui
1773 2823 1923 2879 locus

339 2917 634 2971 desitensus
662 2915 727 2968 ad
755 2915 935 2969 Manes
965 2915 1324 2969 existimatur.
1357 2916 1432 2970 lbi
1464 2915 1633 2970 sacris
1657 2917 1760 2971 rite
1801 2931 1923 2986 per-

335 3009 491 3063 lectis
521 3008 768 3062 scrobem
801 3007 1034 3076 eotnplet
1056 3006 1318 3077 sanguine
1339 3007 1703 3076 victimarum,
1735 3015 1790 3063 et
1817 3009 1921 3063 eir-

2023 465 2353 522 meantibus.

2422 559 2678 615 Periocha
2708 563 2800 618 lib.
2826 575 2914 618 xtv
2941 562 3203 636 Odyssean

2149 671 2409 733 Egreditur
2431 680 2574 736 portu
2601 675 2765 725 tenuis
2786 688 2884 738 quo
2901 677 3077 727 'semita
3100 676 3260 726 ducit.

2093 775 2297 832 Somno
2321 789 2669 850 experrectus
2695 780 2922 852 Ulysses
2946 791 3159 852 portum
3183 794 3238 839 et
3253 783 3407 838 littus
3423 785 3604 855 patria:

2023 881 2128 922 non
2158 868 2278 925 sine
2305 870 2472 925 animi
2491 875 2932 931 consternatione
2950 878 3253 947 cognoscit,
3290 877 3610 932 admiratur-

2031 975 2136 1030 que
2151 961 2494 1030 utadvectus,
2522 975 2579 1020 ut
2603 965 3220 1036 expositus,utrelietus
3247 970 3610 1035 sit,utcuncta

2023 1054 2280 1108 nesciret.
2311 1054 2559 1127 Requirit
2587 1061 2835 1114 universa
2862 1059 3130 1115 donorum
3159 1076 3308 1130 :quac
3329 1072 3608 1131 postquam

2025 1145 2315 1201 incolumia
2351 1146 2537 1217 videt,
2590 1166 2750 1222 quam
2800 1160 2982 1222 potest
3026 1153 3296 1210 tutissime
3339 1155 3606 1214 occultat:

2024 1239 2374 1311 consiliisque
2401 1257 2430 1296 a
2486 1243 2724 1300 Minerva
2750 1243 3103 1304 conﬁrmatus
3121 1248 3189 1304 ad
3213 1264 3428 1305 servum
3451 1265 3609 1305 suum

2022 1329 2299 1388 Eumteum
2329 1335 2611 1391 subulcum
2659 1338 2944 1395 simulatus
2998 1341 3229 1409 accedit,
3263 1341 3508 1413 naufragi
3554 1350 3604 1398 et

2026 1426 2383 1485 mendicantis
2415 1429 2645 1506 imitatu.
2674 1431 3040 1503 interrogatus
3068 1433 3266 1489 deinde
3296 1436 3415 1505 quis
3445 1447 3606 1506 esset,

2025 1520 2100 1573 ait
2125 1537 2186 1576 se
2209 1536 2331 1577 esse
2355 1505 2642 1578 Cresium:
2680 1523 2734 1578 in
2757 1523 3051 1596 Egyptum
3092 1525 3438 1598 navigantem
3475 1505 3604 1584 Tros

2021 1612 2134 1680 jam
2165 1613 2328 1668 fuisse
2365 1613 2625 1669 delatum.
2655 1613 2938 1671 Eumaeum
2966 1619 3131 1673 etiam
3171 1634 3294 1674 cum
3326 1618 3609 1676 affectione

2027 1707 2374 1762 moestissima
2407 1721 2658 1778 pergens,
2689 1720 2745 1764 et
2773 1720 3002 1779 cogente
3039 1710 3272 1782 denique
3315 1727 3538 1782 vespere
3560 1722 3610 1768 et

2031 1799 2202 1853 imbre
2231 1799 2512 1866 continuo,
2529 1800 2714 1869 sagulo
2733 1800 3010 1856 amicitur:
3028 1811 3190 1873 atque
3219 1803 3419 1860 ibidem
3439 1805 3598 1859 multa

2028 1906 2213 1948 secum
2247 1890 2490 1960 volvens,
2524 1892 2738 1949 tandem
2759 1894 3005 1951 concedit
3025 1896 3244 1967 quieti.-

2417 2026 2673 2084 Periocha
2711 2029 2802 2084 lib.
2844 2046 2914 2085 xv
2953 2031 3216 2102 Odyssean

2242 2142 2315 2192 Ad
2337 2141 2735 2208 Lacedaemonias
2749 2126 3123 2197 artes'Tritonia
3149 2147 3327 2198 Pallas.

2097 2248 2455 2305 Telemachus
2478 2263 2508 2302 a
2539 2249 2774 2307 Minerva
2804 2268 2900 2324 per
2921 2255 3190 2309 somnium
3215 2265 3604 2326 commonetur,

2025 2340 2246 2395 domum
2277 2347 2335 2397 ut
2366 2341 2570 2398 rediret
2608 2336 2976 2415 :maturoque
3017 2347 3294 2415 digressus
3330 2348 3533 2415 cubili,
3574 2365 3602 2404 a

2026 2433 2267 2488 Menelao
2287 2433 2502 2488 veniam
2531 2436 2859 2491 reversionis
2882 2447 3092 2493 exorat.
3126 2438 3240 2504 Qua
3269 2441 3606 2495 comiterim-

2024 2537 2254 2598 petrata,
2289 2527 2593 2596 regreditur
2623 2529 2689 2584 ad
2719 2545 2908 2586 navem
2936 2533 2987 2586 in
3014 2532 3179 2588 Portu
3211 2532 3364 2605 Pylio
3391 2550 3607 2590 manen-

2024 2629 2164 2685 tem;
2185 2619 2581 2691 Pisistramque
2595 2620 2662 2676 ad
2679 2621 2866 2677 urbem
2879 2631 3038 2694 atque
3051 2624 3115 2679 ad
3132 2625 3368 2693 patriam
3389 2627 3605 2695 emisso,

2023 2713 2142 2782 ipse
2170 2727 2402 2783 propere
2423 2713 2590 2768 solvit
2618 2728 2649 2770 e
2679 2714 2886 2783 littore,
2918 2700 3118 2772 comite
3141 2717 3506 2786 navigationis
3523 2733 3606 2774 as-

2021 2814 2258 2876 sumpto,
2285 2806 2691 2879 Theoclymeno
2716 2817 2838 2864 vate
2863 2809 3061 2880 Argivo
3087 2852 3102 2874 ,
3144 2826 3253 2866 uno
3281 2826 3347 2866 ex
3379 2813 3446 2868 iis
3474 2827 3604 2883 quos

2025 2900 2325 2969 Melampus
2352 2899 2710 2968 Amytlaonis
2737 2902 2993 2957 erudivit.
3043 2902 3348 2974 Vitatisque
3388 2904 3604 2959 insidia-

2026 2993 2231 3049 toribus
2265 2994 2463 3062 procis,
2491 2993 2778 3050 advehitur
2807 2996 2858 3050 in
2880 2996 3108 3065 patriam
3142 3014 3156 3050 :
3186 3006 3242 3052 et
3290 2997 3453 3052 sociis
3487 2997 3601 3066 qui-
3653 2982 3657 2985 ’

336 3099 823 3152 eunwolitantibus
881 3097 1162 3151 animabus
1217 3097 1418 3152 nullam
1483 3097 1609 3152 sinit
1672 3097 1918 3153 haustum

2030 3086 2148 3142 dem
2175 3096 2384 3156 portum
2410 3096 2592 3156 petere
2618 3086 2808 3157 jussis,
2860 3088 2975 3156 ipse
3019 3089 3248 3166 adverso
3303 3088 3495 3162 itinere
3538 3089 3600 3143 ad

2030 3195 2203 3200 --μμ
2270 3179 2652 3200 πωπω---

335 3190 546 3244 cruoris
576 3191 864 3259 attingere,
893 3189 1019 3254 nisi,
1054 3197 1110 3242 ut
1136 3187 1290 3244 Circe
1319 3199 1627 3272 monuerat,
1656 3190 1921 3262 prius_Ti-

335 3282 507 3336 resias
533 3291 680 3336 vates
727 3280 850 3335 inde
879 3281 1137 3336 libasset:
1185 3280 1258 3335 ibi
1285 3293 1338 3336 et
1368 3281 1618 3337 heroidas
1660 3281 1920 3352 plurimas

338 3373 504 3428 videt.
535 3374 769 3439 Quarum
801 3375 1270 3429 enumerationem
1301 3374 1467 3430 multa
1497 3383 1735 3430 veterum
1769 3374 1921 3431 fabu-

338 3467 511 3522 larum
544 3477 827 3523 venustate
857 3467 1152 3522 contexuit.

746 3621 998 3676 Periocha
1028 3622 1120 3676 lib.
1151 3638 1223 3677 xu
1255 3623 1520 3694 Odyssea.

432 3739 637 3802 Jamque
664 3739 785 3789 adeo
803 3738 988 3790 Oceani
1010 3738 1218 3802 liquidos
1237 3741 1365 3803 pede
1388 3742 1603 3804 liquerat
1625 3752 1815 3792 amnes.

409 3844 713 3914 Compertis
743 3860 772 3897 a
805 3844 1010 3898 Tiresia
1041 3855 1183 3909 vate,
1220 3861 1338 3914 qua:
1361 3847 1602 3913 eportuit
1624 3847 1801 3914 scire,
1832 3861 1922 3902 re-

339 3937 579 4004 greditur
610 3937 673 3990 ad
698 3935 912 4003 Circen,
946 3936 1015 3990 ab
1042 3951 1214 4006 eaque
1237 3945 1294 3991 ut
1323 3939 1493 3992 evitet
1515 3939 1653 3993 mala
1683 3948 1880 3994 eaztera
1901 3980 1916 4006 ,

335 4027 560 4080 docetur
592 4045 604 4081 :
632 4036 689 4080 ut
719 4027 952 4096 Syrenas
980 4035 1286 4096 praetereat,
1313 4028 1530 4084 letalem
1557 4030 1916 4099 navigantium

338 4121 684 4184 cantilenam,
719 4129 774 4172 ut
801 4120 1035 4190 Scyllam
1067 4121 1494 4190 praetervehatur
1516 4131 1571 4177 et
1609 4121 1916 4194 Charybdin

341 4213 464 4266 freti
491 4212 655 4267 Siculi
687 4211 890 4266 famosa
914 4222 1158 4281 portenta
1187 4230 1201 4266 :
1241 4213 1435 4282 quibus
1470 4213 1626 4269 malis
1658 4217 1918 4271 nonsine

337 4305 484 4373 gravi
520 4307 866 4372 perpessione
904 4305 1173 4374 superatis
1211 4307 1544 4361 Trinacriam
1584 4307 1914 4378 pervehitur.

341 4394 442 4449 Ubi
473 4395 791 4448 incustodita
826 4397 964 4452 Solis
1005 4408 1247 4452 armenta
1271 4440 1286 4465 ,
1315 4425 1319 4429 -
1344 4399 1540 4454 frustra
1595 4401 1918 4470 prohibente

339 4487 475 4554 ipso,
502 4488 679 4540 είυιοινί
713 4488 843 4541 socii
874 4491 1093 4558 penuria
1110 4501 1338 4558 cogente
1365 4490 1649 4559 dilaniant,
1669 4491 1911 4562 dirisque

340 4575 596 4645 prodigiis
635 4578 867 4632 admissa
930 4582 1088 4635 boum
1149 4583 1297 4638 caede
1339 4583 1631 4640 terrentur.
1682 4586 1754 4640 At
1788 4602 1908 4642 mox

339 4668 461 4722 inde
491 4669 803 4739 navigantes
828 4673 1049 4728 l'ulmine
1072 4674 1138 4728 ad
1167 4691 1330 4729 unmu
1363 4691 1553 4732 omnes
1599 4678 1908 4746 intereunt,

335 4769 560 4831 excepto
594 4763 786 4834 Ulysse
813 4766 902 4834 qui
932 4766 1236 4836 fragmento
1279 4769 1478 4824 carina:
1509 4771 1820 4839 cohaerens,
1859 4783 1915 4830 et

335 4853 661 4910 adminiculo
691 4856 807 4926 ejus
841 4857 1055 4926 adjutus
1103 4860 1169 4914 ad
1201 4860 1457 4932 Ogygiam
1490 4864 1719 4920 insulam
1765 4866 1912 4922 solus

332 4949 533 5003 enavit.

723 5045 981 5102 Periocha
1003 5049 1089 5103 lib.
1121 5065 1212 5104 xui
1248 5051 1510 5122 Odyssew.

441 5156 749 5208 .Contieuere
773 5173 960 5220 omnes,
988 5163 1264 5226 intentique
1283 5177 1364 5214 ora
1389 5167 1642 5219 tenebant.

407 5282 686 5340 Enarratis
717 5289 967 5343 omnibus
995 5306 1114 5357 qua:
1146 5292 1196 5345 in
1227 5294 1507 5364 multiplici
1558 5313 1740 5354 errore
1785 5316 1907 5370 per-

357 5377 552 5454 ulerat,
587 5392 613 5430 a
639 5378 966 5448 principibus
989 5381 1250 5437 Phazacice
1273 5387 1400 5440 viris
1422 5430 1436 5453 ,
1462 5387 1619 5442 donis
1662 5391 1906 5460 plurimis

330 5469 661 5536 honoratur,
697 5485 727 5523 a
756 5472 951 5539 quibus
979 5477 1204 5545 remigio
1234 5485 1288 5531 et
1310 5481 1627 5535 necessariis
1657 5485 1908 5539 omnibus

331 5563 482 5616 navis
524 5563 807 5620 instruitur
834 5583 848 5618 :
881 5567 1264 5642 dormiensque
1295 5573 1348 5627 in
1378 5573 1613 5630 lthacam
1637 5579 1910 5648 quietissi-

337 5668 423 5707 ma
457 5657 818 5724 navigatione,
850 5660 1152 5718 devehitur.
1179 5665 1355 5734 Atque
1382 5667 1490 5722 illic
1526 5669 1576 5722 in
1621 5679 1772 5739 portu
1813 5688 1908 5739 pa-

347 5747 450 5802 trio
479 5762 596 5805 cum
625 5751 937 5810 muneribus
959 5756 1220 5814 universis
1260 5759 1546 5828 quiescens
1584 5769 1638 5816 et
1675 5763 1909 5818 onmium

2024 3195 2231 3250 agrum,
2269 3179 2658 3252 Eummumque
2690 3181 3067 3251 proficiscitur.

2306 3299 2310 3304 ’
2404 3316 2690 3372 τΡενὶοεΙια
2720 3318 2808 3374 lib.
2831 3335 2923 3375 XVI
2947 3319 3207 3391 Odyssece.

2065 3449 2078 3461 ο
2155 3430 2422 3480 Commune
2442 3429 2672 3482 Eumaeus
2690 3433 2877 3497 mapale
2904 3443 2955 3485 et
2975 3435 3116 3485 divus
3140 3435 3364 3499 Ulysses.

2091 3536 2453 3594 Telemachus
2502 3537 2778 3594 Eumazum
2828 3526 3071 3596 nuntium
3113 3542 3323 3597 reditus
3353 3543 3516 3596 mittit
3543 3541 3604 3596 ad

2023 3642 2255 3688 matrem
2287 3650 2300 3686 :
2332 3632 2472 3703 ipse,
2501 3632 2736 3688 Minerva
2777 3635 2848 3689 ita
2876 3634 3125 3712 volente,
3165 3646 3376 3705 patrem
3407 3651 3604 3707 cogno-

2021 3726 2145 3794 scit,
2180 3735 2234 3781 et
2266 3740 2387 3781 cum
2419 3742 2484 3782 eo
2511 3725 2768 3797 deinceps
2797 3728 3002 3798 agenda
3023 3728 3283 3799 disponit.
3324 3729 3592 3800 Penelope

2021 3825 2223 3883 autem,
2245 3816 2462 3885 cognito
2480 3816 2656 3872 reditu
2679 3816 2776 3871 lilii
2800 3859 2813 3882 ,
2843 3818 2897 3872 in
2925 3829 3249 3875 conventum
3278 3835 3564 3890 procorum
3581 3864 3596 3885 ,

2021 3921 2124 3976 qua
2171 3906 2500 3961 verecundia
2547 3907 3087 3979 sinebat,egreditur
3133 3928 3146 3964 :
3200 3912 3597 3981 increpatisque

2021 3998 2423 4056 insidiatoribus
2455 4000 2552 4055 lilii
2577 4043 2592 4069 ,
2624 4015 2728 4056 non
2752 4003 2928 4059 minus
2958 4003 3094 4060 irata
3117 4019 3281 4076 quam
3309 4015 3504 4062 moesta
3525 4007 3601 4062 di-

2019 4091 2212 4147 scedit.

2393 4163 2649 4218 Periocha
2688 4166 2777 4220 lib.
2814 4182 2921 4222 ml
2953 4167 3216 4238 Odi/uete.

2153 4275 2181 4324 J
2187 4290 2261 4324 am
2287 4275 2468 4326 malum
2491 4279 2648 4328 roseis
2667 4278 2834 4329 rutilat
2855 4280 3072 4331 Tritonia
3093 4283 3240 4344 bigis.

2087 4379 2446 4434 Telemachus
2469 4381 2644 4437 anxia:
2671 4384 2827 4438 matri
2855 4385 3102 4442 ordinem
3149 4389 3595 4460 peregrinationis

2019 4483 2258 4527 enarrat.
2295 4472 2520 4543 Ulysses
2565 4474 2631 4528 ad
2657 4474 2912 4544 oppidum
2937 4517 2952 4540 ,
2987 4478 3210 4533 Eumzeo
3250 4483 3551 4548 opitulante
3579 4522 3595 4546 ,

2016 4567 2347 4638 perdueitur.
2369 4567 2662 4622 Domumin
2688 4583 2790 4639 qua
2822 4571 2970 4639 proci
2998 4572 3361 4641 epulabantur
3391 4574 3596 4645 ingres-

2017 4676 2129 4729 sus,
2166 4661 2472 4717 emcndieat
2497 4663 2648 4717 cibos
2692 4664 3077 4720 miserabiliter
3116 4667 3428 4722 ambiendo.
3473 4668 3596 4723 Inde

2014 4754 2084 4808 ab
2111 4752 2635 4822 Antinooinjuriose
2672 4753 2924 4808 al'licitur.
2972 4755 3069 4810 Cui
3119 4757 3396 4826 Penelotie
3447 4759 3596 4813 Diras

2015 4845 2084 4900 ob
2112 4844 2461 4899 inhumanum
2493 4845 2698 4901 facinus
2721 4845 3069 4916 imprecatur,
3088 4862 3117 4904 a
3144 4866 3247 4920 qua
3271 4851 3471 4905 missus
3497 4851 3596 4905 Eu-

2017 4955 2184 4995 maeus
2213 4951 2319 5004 est,
2348 4948 2407 4994 ut
2439 4939 2636 5010 hospes
2664 4942 2683 5013 (
2709 4940 2783 4995 sic
2813 4940 2957 4995 enim
2986 4957 3047 4996 se
3085 4943 3289 4998 ferebat
3317 4943 3336 5011 )
3369 4944 3436 4997 ad
3479 4959 3594 4999 eam

2016 5042 2417 5104 provocaretur.
2449 5033 2602 5100 Quod
2645 5042 2759 5089 tum
2796 5035 3012 5104 quidem
3065 5036 3323 5092 invitatus
3369 5039 3593 5106 gratiam

2012 5128 2160 5195 facit,
2190 5127 2286 5183 sed
2319 5137 2602 5183 venturum
2629 5141 2749 5183 sese
2779 5127 2845 5182 ad
2868 5142 3148 5198 vesperam
3179 5130 3494 5200 pollicetur.

2374 5267 2627 5323 Periocha
2659 5267 2744 5321 lib.
2779 5283 2913 5323 xvut
2950 5269 3215 5340 Odyssew.

2135 5382 2243 5432 Irus
2267 5383 2406 5430 adest
2423 5380 2582 5444 p0puli
2609 5393 2696 5443 per
2715 5382 3054 5432 mendicabula
3074 5388 3236 5434 notus.

2083 5487 2420 5543 Mendicante
2443 5487 2580 5541 intra
2609 5487 2861 5556 preprios
2884 5488 3024 5543 lares
3051 5488 3263 5560 Ulysse,
3291 5491 3429 5546 alius
3454 5507 3581 5561 quo-

2011 5595 2112 5650 que
2141 5581 2255 5648 pari
2283 5587 2525 5648 egestate
2552 5578 2663 5633 lrus
2690 5582 2918 5634 accessit
2954 5582 3233 5649 popularis
3266 5584 3582 5652 Ithacesius,

2013 5673 2182 5741 stipes
2212 5671 2263 5725 in
2293 5672 2465 5725 triviis
2496 5671 2687 5726 solitus
2716 5686 2926 5739 rogare.
2959 5672 3202 5743 Jurgium
3236 5689 3364 5743 ergo
3397 5675 3584 5745 inopite

2026 5763 2327 5821 communis
2357 5762 2695 5819 a‘mulatione
2724 5763 3068 5835 conseritur,
3117 5765 3261 5834 quod
3301 5782 3368 5822 ex
3415 5767 3585 5824 verbis

3001 6305 3074 6311 _
3222 5983 3875 6320 HJ
