3826 6364
534 442 630 499 ⁸251

3635 442 3688 469 ς..

1682 441 1744 506 Q.
1788 438 2123 495 AURELIUS
2162 438 2592 494 SYMMACIIL’S.
3635 441 3733 493 ἳἷὲ

535 564 811 621 commune
834 550 1037 617 imperii
1058 554 1211 617 caput
1233 548 1460 618 undique
1481 560 1713 615 gentium
1736 550 2074 602 convenitur:
2111 552 2158 607 Α
2188 563 2305 601 nem
2333 547 2622 613 diligentia:
2661 549 2711 599 in
2752 561 2833 599 tne
2870 557 2971 599 tuae
3012 548 3197 599 factam
3230 548 3423 613 putavi.
3475 548 3631 601 Tanta
3656 564 3730 604 est

539 650 643 694 tum
670 640 807 708 quod
845 640 1312 694 clementissimum
1354 641 1642 707 principem
1690 641 1740 690 in
1789 638 1886 690 hac
1936 646 2083 706 parte

538 730 835 797 degentem,
865 729 1007 783 varia
1029 729 1269 783 Omnium
1299 728 1583 789 desideria,
1617 727 1697 779 vel
1745 728 2085 781 necessitates

540 827 846 886 sequuntur.
888 817 956 871 Et
1004 828 1175 871 tamen
1232 832 1352 870 cum
1398 817 1705 871 tabellarios
1752 817 1842 869 tibi
1904 817 2124 885 plures~

538 920 711 958 causae
739 904 983 967 oll‘erant,
1030 920 1178 973 teque
1206 919 1236 957 a
1274 905 1414 973 ston
1459 914 1741 973 temperas,
1775 919 1873 958 nec
1922 905 2025 957 ulla
2055 919 2084 957 a

542 995 691 1046 nobis
738 996 1161 1061 expostulatione
1205 996 1593 1071 perstringens.
1646 994 1792 1046 Facit
1824 995 1965 1047 enim
2004 1010 2087 1047 se-

541 1085 735 1136 curitas
759 1097 894 1145 mea,
928 1092 986 1136 ut
1005 1083 1151 1151 diligi
1179 1098 1263 1137 me
1288 1086 1446 1138 etiam
1472 1100 1502 1136 a
1532 1091 1741 1137 tacente
1788 1098 1889 1137 non
1919 1084 2087 1136 ambi-

540 1186 678 1240 gam.
707 1172 845 1239 Ergo
873 1172 1118 1225 amicitiae
1165 1180 1362 1226 nostra:
1405 1171 1593 1226 ﬁducia
1637 1187 1740 1224 non
1782 1186 1850 1225 ex
1898 1172 2089 1226 litteris

543 1262 787 1326 pendeat.
835 1262 1050 1314 Illarum
1099 1262 1375 1315 intervalla
1406 1262 1513 1315 fors
1548 1262 1689 1316 facit.
1726 1263 1881 1318 Fides
1908 1274 2085 1317 autem

543 1363 737 1405 mutua:
758 1352 1042 1419 diligentiae
1064 1351 1363 1420 indignatur
1389 1354 1578 1420 linguae
1609 1355 1976 1407 assertionem.
2012 1355 2086 1406 Ad

545 1443 644 1494 hoc
670 1443 827 1494 etiam
859 1440 1088 1508 prolixas
1112 1442 1366 1508 epistolas
1394 1443 1551 1508 petis,
1584 1449 1827 1509 tanquam
1859 1442 2089 1494 facturus

547 1530 858 1597 periculum,
886 1540 1137 1596 quantum
1168 1531 1220 1582 in
1254 1528 1536 1583 scribendo
1560 1544 1688 1583 cana
1720 1539 1874 1583 actate
1916 1530 2091 1598 profe-

544 1618 728 1671 cerim.
781 1618 1001 1685 Semper
1054 1617 1262 1684 quidem
1310 1617 1498 1671 similis
1550 1619 1819 1671 arentibus
1870 1618 2086 1682 rivulis,

548 1708 775 1759 laxiores
805 1708 950 1773 ripas
981 1706 1167 1774 refugi,
1191 1717 1249 1758 ut
1276 1707 1504 1774 inapiam
1534 1709 1764 1760 brevitas
1788 1708 1971 1761 alfecta
2005 1725 2093 1762 ce-

552 1799 699 1850 laret.
727 1797 876 1850 Nunc
913 1812 1104 1865 graves
1131 1812 1342 1865 quoque
1369 1798 1513 1861 anni,
1557 1799 1599 1851 si
1629 1800 1754 1866 quid
1783 1799 1849 1852 de
1880 1809 2091 1867 pectore

2186 636 2326 689 enim
2368 637 2625 688 securitas
2653 650 2791 688 vera:
2831 636 3092 702 anticitim,
3137 647 3191 688 ut
3239 637 3304 688 de
3342 651 3434 688 sua
3479 638 3577 691 fide
3604 642 3705 693 a-sti

2186 724 2468 777 motionem
2521 725 2683 777 mutui
2743 725 2937 777 amoris
2996 734 3247 778 assumat.
3306 723 3467 777 Plura
3514 728 3563 779 itt
3606 728 3733 781 hunc

2187 812 2398 865 modum
2421 813 2595 866 dicere
2621 813 2779 879 piget.
2804 814 2978 877 Quare
3004 823 3213 866 transeo
3243 815 3305 866 ad
3335 829 3453 867 eam
3488 816 3735 869 sermonis

2186 904 2262 955 tui
2309 913 2511 970 partem
2554 919 2671 970 qum
2701 905 2995 955 orationum
3045 920 3277 957 mearum
3306 906 3623 960 desiderium
3662 908 3734 960 τί-

2187 991 2342 1045 detur
2383 993 2660 1060 attingere.
2715 994 2806 1045 Ais
2856 993 2907 1045 in
2957 1010 3139 1045 manus
3178 1004 3294 1047 tuas
3331 996 3524 1062 scripta
3572 1008 3735 1050 nostra

2188 1084 2417 1148 venisse,
2444 1082 2610 1135 fratre
2640 1093 2820 1135 nostro
2841 1084 3095 1136 Minervio
3124 1086 3411 1151 proditore,
3441 1088 3528 1152 qui
3552 1085 3738 1139 frivolis

2191 1172 2323 1223 meis
2355 1171 2582 1224 litterata
2612 1172 2786 1238 potius
2812 1172 3139 1236 curiositate,
3168 1188 3321 1240 quam
3349 1174 3491 1240 justa
3523 1176 3741 1228 de'ecta-

2190 1261 2335 1311 tione
2378 1272 2480 1310 non
2525 1259 2775 1312 abstinet.
2822 1260 2874 1312 Si
2926 1259 3015 1313 tibi
3064 1269 3261 1313 tantum
3304 1262 3395 1314 otii
3427 1272 3533 1325 est,
3581 1272 3633 1315 ut
3677 1264 3737 1315 ad

2194 1347 2455 1399 fastidium
2488 1347 2865 1437 detergendum
2913 1350 3164 1401 nonnulla
3200 1352 3356 1403 etiam
3390 1352 3585 1407 insulsa
3623 1368 3741 1406 cou-

2194 1438 2395 1505 quiras,
2437 1438 2689 1506 quidquid
2721 1439 2856 1507 ston
2884 1439 3289 1500 elaboravimus,
3330 1442 3624 1504 exhibebo;
3665 1457 3743 1495 se-

2192 1538 2348 1577 curus
2390 1524 2578 1587 veniae,
2610 1539 2764 1589 quam
2797 1525 2921 1577 mihi
2969 1526 3192 1593 spondet
3229 1529 3388 1579 animi
3432 1530 3505 1580 tui
3538 1530 3743 1582 caritas.

2196 1615 2338 1668 Pene
2389 1614 2654 1682 praeterii,
2704 1616 2842 1682 quod
2894 1616 3009 1669 loco
3059 1618 3294 1684 principe
3350 1632 3604 1670 accusare
3659 1619 3747 1672 de-

2195 1703 2429 1755 bueram.
2482 1702 2624 1755 Itane
2654 1704 2997 1769 cpistolarum
3039 1718 3336 1758 nostrarum
3359 1707 3586 1775 simplex
3626 1722 3747 1760 usus

2196 1795 2413 1856 interiit,
2447 1804 2500 1846 ut
2532 1793 2736 1863 paginis
2767 1795 2872 1846 tuis
2899 1796 3157 1849 lenocinia
3186 1799 3279 1848 (ιιινί
3303 1799 3581 1865 praisentis
3604 1806 3749 1850 ante-

549 1901 666 1939 meo
690 1885 941 1949 sdllabat,
982 1884 1279 1937 ebibernnt.
1327 1884 1587 1938 Praaterea
1622 1885 1750 1939 nihil
1791 1890 2087 1954 argumenti
2123 1895 2167 1951 Β
2195 1885 2368 1937 feras?
2398 1883 2690 1936 Redeamus
2731 1884 2858 1949 quin
2900 1898 3025 1951 ergo
3067 1884 3131 1935 ad
3174 1885 3432 1939 iniuratus
3482 1886 3746 1939 nominum

546 1976 776 2043 suppetit
844 1975 908 2027 ad
989 1974 1319 2042 propaganda
1379 1991 1496 2042 qua:
1569 1976 1871 2028 scribimus.
1947 1978 2095 2030 Nosti

548 2064 710 2115 otium
742 2077 940 2127 meum,
962 2062 1029 2115 de
1050 2077 1156 2131 quo
1178 2062 1319 2129 apud
1349 2072 1400 2115 te
1422 2062 1636 2129 largiter
1664 2063 1800 2131 loqui
1823 2066 2095 2133 utriusque

549 2153 813 2207 fastidium
844 2162 944 2207 est.
976 2153 1178 2221 Magnis
1225 2152 1455 2220 negotiis
1496 2155 1644 2221 plura
1691 2153 1850 2207 verba
1902 2170 2096 2208 conve-

548 2245 717 2300 niunt.
743 2246 902 2298 Nobis
928 2244 1065 2297 idem
1087 2244 1157 2297 sit
1186 2244 1377 2312 lingua:
1393 2243 1608 2323 modus,
1625 2247 1711 2311 qni
1738 2243 1962 2298 fortuna:
1990 2254 2095 2299 est.

549 2337 775 2399 Mallem,
804 2335 1143 2401 Aboriginum
1162 2348 1331 2396 more,
1361 2331 1647 2386 dictionem
1680 2333 1866 2386 salutis
1882 2344 2097 2388 aeterna:

550 2426 687 2493 ligno
708 2434 799 2477 aut
826 2424 1108 2478 corticibus
1134 2423 1390 2477 scribere.
1427 2422 1691 2493 .‘Egyptus
1722 2425 1904 2494 papyri
1951 2426 2093 2478 volu-

550 2518 688 2568 mina
738 2514 1070 2569 bibliothecis
1113 2514 1334 2581 foroque
1392 2517 1644 2579 texuerit.
1706 2515 1944 2568 Sufficiat
1996 2518 2097 2569 ali-

549 2604 757 2671 quando
807 2602 1139 2656 celebranda:
1190 2601 1469 2665 amicitiae;
1515 2603 1557 2657 si
1600 2603 1790 2670 vales,,
1821 2603 1954 2657 bene
1996 2614 2096 2658 est.

549 2696 685 2762 Opto
715 2693 809 2746 has
850 2694 1013 2762 ipsas,
1064 2706 1193 2761 quas
1241 2700 1297 2745 tu
1325 2692 1513 2747 breves
1541 2694 1796 2761 quereris,
1829 2694 2102 2748 salutatio-

552 2800 674 2838 num
706 2785 870 2847 vices,
901 2782 1028 2836 dum
1074 2783 1348 2847 absumus,
1404 2783 1540 2837 inter
1595 2797 1692 2835 nos
1736 2783 1947 2850 longum
1989 2798 2101 2837 ma-

552 2889 697 2929 nere.
719 2873 872 2927 Vale.

1108 2940 1321 3007 Epts'r.
1365 2942 1551 2995 XXIX.

1011 3046 1317 3084 SYIIACHUS
1355 3047 1630 3084 PROTADIO.

622 3123 790 3189 Spero
832 3132 911 3185 te,
952 3129 1010 3173 ut
1050 3122 1204 3174 fando
1242 3121 1436 3187 didici,
1474 3122 1539 3195 ad
1586 3123 1751 3176 vicina
1799 3133 2099 3179 venturum.

2197 1975 2409 2037 titulos;
2447 1984 2641 2026 etcum
2671 1972 2863 2026 dicitur
2892 1984 2981 2025 aut
3011 1974 3247 2027 redditur
3272 1976 3437 2037 salus.
3471 1976 3597 2028 nihil
3628 1977 3752 2043 ipsis

2196 2061 2463 2115 vocabulis
2503 2062 2699 2115 nostris
2727 2060 3037 2115 honoratius
3065 2077 3126 2116 ac
3162 2063 3407 2117 blandius
3442 2079 3565 2119 esse
3600 2065 3753 2118 duca-

2194 2164 2333 2203 mus.
2406 2148 2665 2216 Exemplo
2708 2158 2853 2203 certe
2898 2150 2991 2203 tibi
3032 2154 3098 2203 sit
3138 2152 3359 2218 epistola
3409 2168 3525 2205 mea
3559 2169 3751 2222 :quatn

2194 2241 2236 2291 si
2265 2239 2498 2291 aemulari
2528 2239 2812 2305 Spreveris,
2844 2248 2899 2292 et
2926 2241 3245 2308 arrogantia:
3274 2252 3489 2295 notatus
3515 2244 3752 2305 videbor,

2195 2338 2249 2381 et
2276 2330 2482 2382 caeteris
2509 2337 2839 2397 aggregatus,
2867 2344 3087 2395 quorum
3125 2345 3347 2397 magnus
3382 2343 3663 2399 suspectus
3704 2338 3751 2386 in

2196 2420 2371 2473 verbis
2396 2428 2497 2485 est,
2529 2420 2704 2473 nullus
2737 2420 2912 2473 cultus
2945 2420 2995 2472 in
3025 2422 3286 2475 sensibus.
3320 2421 3467 2475 Vale.

2756 2508 2970 2563 EPIST.
3011 2509 3199 2562 XXXI.

2676 2613 2732 2652 Ξῖ
2742 2617 2979 2655 MIACHUS
3007 2586 3279 2657 νιξοτλυιο.

2270 2690 2619 2744 Mediolanum
2675 2702 2726 2744 te
2770 2693 2907 2745 idem
2960 2695 3047 2761 qui
3102 2710 3184 2748 me
3234 2697 3419 2749 consul
3475 2698 3759 2751 acciverat.

2196 2781 2412 2850 Speravi
2441 2783 2580 2849 quod
2612 2798 2707 2836 nos
2737 2785 2788 2835 in
2822 2800 2978 2836 unum
3011 2787 3180 2838 votiva
3219 2802 3376 2840 causa
3417 2789 3760 2843 conduceret.

2199 2870 2301 2924 Sea
2334 2872 2417 2923 ubi
2457 2887 2550 2939 per
2588 2872 2941 2926 valetudinem
2982 2874 3213 2937 defuisti,
3256 2878 3535 2945 aegerrime
3578 2894 3764 2946 exspe-

2200 2960 2321 3011 ctati
2369 2960 2541 3026 gaudii
2586 2960 2917 3029 dispendium
2968 2962 3078 3014 tuli.
3128 2963 3275 3018 Nunc
3330 2967 3559 3031 peractis
3604 2983 3765 3035 supra

2200 3052 2433 3101 omnium
2460 3052 2936 3120 magnanimitatem
2961 3053 3324 3106 consularibus
3346 3054 3517 3121 feStis,
3542 3056 3766 3111 Romam

2203 3150 2465 3203 revertor;
2498 3158 2601 3210 quo
2640 3158 2697 3197 se
2727 3144 3083 3211 amplissimus
3115 3146 3450 3211 magistratus
3482 3159 3767 3203 venturum

556 3212 685 3265 Fors
731 3212 874 3276 fuat,
918 3225 985 3262 an
1023 3225 1144 3264 vera
1190 3211 1561 3276 compererim.
1618 3211 1727 3279 Ego
1769 3221 1964 3276 tamen,
2017 3214 2098 3267 vel

2206 3232 2441 3296 protinus
2470 3247 2666 3299 genero
2696 3233 3009 3299 astipulante
3040 3234 3302 3300 promisit.
3350 3234 3516 3301 Quam
3550 3239 3765 3300 vellem.

556 3301 836 3354 tradendas
875 3315 1053 3352 coram
1099 3299 1190 3352 tibi
1226 3314 1254 3351 a
1286 3299 1446 3353 fratre
1474 3309 1655 3353 nostro
1689 3301 1939 3355 Minervio
1976 3302 2106 3357 duas

554 3394 909 3447 oratiunculas
934 3405 1102 3453 meas,
1124 3391 1206 3445 vel
1233 3391 1518 3445 mittendas
1544 3393 1595 3444 in
1624 3395 1844 3460 patriam
1873 3394 2107 3447 fidelitati

555 3485 668 3551 ejus
698 3482 907 3550 ingessi.
943 3482 1138 3535 Parcus
1166 3495 1286 3535 esse
1315 3482 1369 3534 in
1408 3482 1506 3534 hac
1532 3482 1753 3549 epistOla
1780 3483 1967 3537 debeo.
2003 3484 2109 3537 Illis

556 3574 715 3635 enim,
738 3587 855 3638 qum
878 3572 1092 3639 legenda
1117 3570 1393 3637 suscipies,
1420 3585 1566 3623 amor
1586 3585 1772 3623 avarus
1792 3572 2103 3639 explebitur.

556 3664 877 3715 Commoneo
907 3669 1103 3724 tamen,
1137 3674 1203 3712 ne
1231 3658 1486 3712 orationis
1516 3660 1669 3712 unius
1699 3660 1849 3713 titulo
1878 3668 2109 3714 mutetur

558 3752 622 3805 de
642 3766 727 3804 me
752 3750 1071 3803 existimatio
1098 3759 1203 3801 tua.
1230 3749 1363 3802 Nam
1389 3750 1657 3816 repudiata
1686 3764 1902 3802 censura
1928 3758 2110 3816 gravat

559 3855 656 3893 nos
685 3839 965 3907 principio,
1004 3839 1116 3890 sola
1154 3839 1447 3905 argumenti
1488 3839 1831 3905 inspectione.
1876 3838 1979 3891 Sed
2022 3839 2109 3891 ubi

558 3931 692 3984 dicta
724 3930 933 3996 legeris,
964 3943 1080 3982 cum
1108 3928 1368 3981 sententia
1403 3940 1515 3978 mea
1551 3927 1601 3977 in
1629 3928 1847 3993 gratiam
1875 3936 2105 3982 reverte-

560 4023 651 4074 ris.
681 4021 825 4073 Hanc
853 4028 1083 4085 partem,
1111 4033 1229 4085 qua:
1257 4024 1570 4084 tempestate
1599 4018 1791 4083 rejecta
1822 4024 1923 4078 est,
1952 4016 2111 4069 totius

560 4109 757 4161 ordinis
808 4108 970 4159 nostri
1009 4106 1247 4159 antetulit
1280 4106 1598 4169 auctoritas;
1630 4120 1697 4158 ne
1735 4106 1833 4159 sub
1870 4106 2110 4173 specioso

562 4200 768 4252 nomine
799 4198 939 4251 fores
961 4196 1282 4265 impotentia:
1308 4196 1509 4249 ambire
1533 4196 1701 4248 solitis
1729 4195 2106 4262 pandereutur.

565 4291 743 4342 Plures
790 4289 1031 4341 utilitatis
1087 4284 1143 4341 et
1189 4287 1482 4341 honestatis
1533 4288 1851 4342 assertioucs
1897 4287 1947 4339 in
1997 4288 2111 4354 ipso

560 4394 779 4451 corpore
799 4377 1047 4431 orationis
1067 4375 1325 4429 invenies.
1348 4377 1420 4429 De
1441 4385 1661 4445 utroque
1679 4390 1840 4444 opere
1857 4376 2109 4443 judicium

565 4456 706 4521 tuum
733 4481 857 4521 cura
888 4475 1066 4519 nostra
1085 4464 1370 4520 desiderat.
1399 4462 1548 4518 Vale.

1132 4574 1343 4629 EPIST.
1386 4573 1553 4629 XXX.

1032 4676 1334 4716 SYIIIIACBUS
1372 4677 1648 4716 PROTADIO.

631 4754 835 4809 Silentii
868 4753 1006 4807 inter
1034 4768 1130 4806 nos
1158 4754 1330 4805 simile
1355 4754 1458 4807 scis
1483 4767 1603 4806 esse
1630 4753 1877 4806 delictum
1910 4769 1924 4805 :
1954 4764 2111 4822 atque

566 4844 683 4897 ideo
706 4843 895 4909 injuste
917 4841 1043 4893 mihi
1064 4842 1231 4910 culpae
1250 4840 1425 4907 datur,
1448 4840 1586 4908 quod
1610 4841 1815 4911 utrique
1834 4856 2111 4895 commune

566 4941 667 4986 est.
702 4932 759 4983 Et
790 4944 959 4995 tamen
985 4931 1220 4983 defensio
1246 4933 1371 4982 mihi
1400 4933 1632 4999 suppetit
1662 4948 1676 4983 :
1704 4932 1819 4998 quia
1866 4946 1961 4985 nec
1992 4946 2111 4998 pro-

570 5023 819 5076 fectiones
847 5023 1250 5075 commeantium
1293 5033 1595 5085 ttotescunt;
1627 5032 1682 5077 et
1710 5035 1761 5076 tu
1791 5038 1894 5077 non
1926 5025 2109 5077 iisdem

567 5112 779 5165 sedibus
819 5111 1117 5163 immoraris
1158 5126 1174 5162 :
1222 5110 1347 5163 dum
1393 5124 1481 5164 aut
1508 5111 1752 5165 Treviros
1789 5113 1948 5167 civica
1988 5114 2111 5166 reli-

569 5202 740 5267 gione,
768 5211 859 5252 aut
886 5201 1114 5268 quinque
1142 5200 1435 5267 provincias
1461 5202 1555 5253 otii
1584 5205 1849 5269 voluptate
1874 5216 2110 5255 commu-

571 5301 671 5344 tas.
697 5291 818 5343 Milti
848 5302 929 5345 est
948 5291 1128 5345 Roma:
1151 5292 1293 5359 jugis
1316 5294 1498 5354 statio;
1525 5302 1577 5344 et
1596 5286 1770 5359 ‘major
1794 5308 1928 5347 nunc
1953 5308 2109 5347 causa

573 5380 856 5445 residendi,
879 5395 949 5433 ex.
966 5395 1070 5448 quo
1096 5396 1179 5433 me
1201 5379 1295 5433 \il‘i
1320 5382 1511 5434 excelsi
1537 5383 1765 5450 germani
1790 5383 1859 5435 tui
1884 5398 1973 5451 pra
1994 5397 2116 5435 scn-

575 5470 641 5522 tis
680 5480 733 5522 et
772 5483 897 5523 cura
938 5472 1155 5533 retinet,
1198 5480 1250 5522 et
1286 5470 1434 5537 juvat
1467 5472 1652 5538 gloria.
1685 5472 1794 5525 Una
1836 5473 1993 5539 igitur
2031 5473 2113 5524 via

575 5560 775 5614 sociare
808 5562 1000 5627 scripta
1032 5561 1267 5629 potuisti,
1303 5576 1419 5625 qua:
1450 5562 1610 5616 frater
1638 5572 1690 5615 et
1722 5562 1864 5616 fratri
1895 5578 2111 5631 aequan-

546 5659 550 5663 ‘
578 5648 673 5701 dus
701 5648 1014 5714 acciperent.
1043 5648 1194 5714 Quod
1221 5664 1250 5701 a
1283 5658 1332 5703 te
1356 5652 1556 5716 gaudeo
1582 5653 1661 5704 vel
1696 5667 1818 5705 sero
1848 5661 2109 5705 curatum.

546 5798 549 5800 ἓ
580 5737 683 5789 Nec
706 5748 876 5792 tamen
903 5752 1021 5791 cum
1051 5754 1079 5790 a
1106 5740 1289 5793 litteris
1307 5748 1644 5811 temperares,
1664 5742 1822 5795 ullam
1847 5743 2083 5796 decessio

2208 3319 2252 3371 Si
2291 3321 2449 3372 etiam
2488 3322 2537 3372 itt
2577 3322 2801 3373 solidum
2845 3322 2980 3374 redit
3014 3324 3230 3388 sanitas,
3271 3338 3649 3390 compensares
3680 3329 3770 3380 ad.

2210 3422 2367 3461 ventu
2401 3410 2604 3461 veniam
2643 3410 3000 3475 superiorem,
3045 3422 3204 3481 atque
3235 3428 3335 3466 una
3367 3414 3447 3467 via
3476 3423 3528 3467 et
3560 3424 3771 3470 senatui

2207 3499 2444 3551 deferres
2488 3499 2714 3552 ofﬁcium
2767 3502 3134 3568 voluntarium,
3184 3513 3238 3556 et
3284 3506 3485 3558 consuli
3531 3505 3770 3560 debitum

2208 3592 2461 3641 Sttht'l'eS.
2494 3589 2596 3643 Set‘
2630 3590 2765 3641 unde
2796 3591 2921 3642 mihi
2954 3601 3134 3657 aptare
3165 3600 3389 3658 tantum,
3421 3609 3542 3647 cum
3576 3594 3774 3650 frustm

2208 3678 2366 3732 fuerit
2419 3694 2660 3747 sperasse
2718 3680 2961 3733 leviora?
3029 3681 3268 3745 Quandiu
3320 3685 3535 3737 venatui
3596 3696 3773 3754 togam

2210 3771 2497 3839 praeferes?
2551 3771 2695 3825 Vale.

2760 3862 2972 3915 EPIST.
3014 3862 3225 3916 XXXII.

2675 3966 2979 4005 SYMMACHUS
3018 3968 3298 4006 I'ROTADIO.

2280 4037 2540 4125 Crescere
2572 4039 2707 4091 inter
2741 4056 2835 4093 nos
2863 4044 3095 4109 quotidie
3124 4045 3319 4097 amoris
3353 4043 3590 4098 debitum
3632 4048 3777 4101 volo.

2208 4130 2312 4185 Sed
2349 4130 2587 4197 epistolis
2618 4131 2719 4183 tuis
2750 4132 2876 4185 nihil
2914 4144 3038 4200 opto
3067 4135 3280 4201 debere,
3322 4151 3440 4201 quae
3482 4137 3610 4191 mihi
3662 4142 3780 4205 ple-

2211 4237 2433 4287 rumque
2460 4223 2838 4289 exprobantur,
2868 4234 2921 4277 ut
2944 4226 3129 4278 desidi.
3168 4226 3303 4293 Ergo
3328 4228 3551 4293 geminis
3582 4229 3780 4284 litteris

2212 4311 2315 4363 tuis
2342 4325 2444 4362 non
2476 4310 2631 4363 simul
2669 4310 2793 4363 mihi
2826 4314 3062 4375 redditis,
3094 4317 3202 4381 pari
3236 4330 3474 4377 numero,
3519 4317 3616 4369 sed
3650 4333 3780 4372 COM-

2206 4401 2387 4468 juncta
2416 4400 2699 4454 emissione
2722 4402 3031 4468 respondeo.
3068 4402 3331 4467 Valemus,
3355 4413 3609 4471 quantum
3646 4419 3781 4462 aetas

2210 4489 2439 4541 admittit
2460 4489 2675 4541 declivis
2706 4490 2755 4541 in
2787 4492 3010 4543 senium.
3045 4491 3183 4544 Raro
3213 4492 3361 4545 nobis
3401 4508 3526 4560 ager
3556 4495 3774 4560 visitur,

2134 4561 2187 4621 Ῑ)
2211 4580 2303 4630 sed
2344 4578 2508 4629 multo
2548 4577 2711 4629 l‘ullOl‘
2739 4588 2820 4631 est
2856 4594 2982 4633 usus
3023 4580 3250 4647 legendi.
3293 4580 3407 4634 Tibi
3437 4591 3489 4635 et
3515 4585 3782 4641 rusticam

2208 4676 2263 4720 et
2300 4667 2495 4723 erudiri
2538 4668 2818 4733 plurimum
2867 4670 3004 4722 licet.
3052 4670 3177 4723 Inde
3212 4683 3314 4736 est,
3350 4674 3489 4740 quod
3533 4689 3633 4727 nos
3677 4676 3782 4730 fre-

2208 4768 2432 4825 quenter
2460 4758 2739 4826 alloqueris
2770 4776 2781 4809 :
2810 4759 2926 4825 quia
2966 4774 3123 4811 omne
3152 4768 3377 4827 tempus,
3411 4775 3465 4815 ut
3496 4778 3782 4831 quieratur

2208 4848 2440 4915 ingenio,
2476 4833 2585 4902 otio
2632 4850 2940 4901 vindicatur.
3011 4849 3113 4903 Sed
3156 4851 3360 4906 fiducia:
3404 4864 3507 4908 tua:
3545 4856 3775 4912 audacia

2212 4949 2389 4993 nostra
2431 4955 2537 4993 non
2574 4943 2813 4994 cesserit.
2868 4942 3083 4996 llaurias
3114 4945 3234 4999 licet
3277 4958 3618 5003 monumenta
3670 4954 3783 5019 pri-

2216 5046 2450 5097 scorum,
2483 5043 2535 5086 et
2581 5034 2692 5103 ipse
2722 5037 2921 5105 paginis
2949 5037 3224 5090 ediscenda
3253 5037 3573 5093 committas.
3617 5041 3784 5096 Sollic

2215 5120 2388 5173 citabo
2429 5132 2600 5175 tamen
2638 5126 2903 5177 arentibus
2944 5126 3117 5177 verbis
3159 5126 3350 5193 scripta
3393 5126 3568 5195 istius,
3613 5145 3782 5196 quem

2215 5229 2394 5267 amore
2422 5224 2473 5267 et
2498 5214 2697 5281 judicio
2726 5231 2809 5267 me
2839 5216 3011 5284 legere
3052 5232 3266 5271 necesse
3292 5227 3393 5283 est,
3424 5229 3481 5272 ut
3516 5235 3783 5293 compen-

2215 5316 2325 5355 seai
2356 5302 2566 5355 illorum
2596 5302 2781 5356 damna
2811 5303 3183 5372 qnzegnegligo.
3216 5304 3362 5360 Vale.

2752 5390 2961 5445 EPIST.
3003 5390 3239 5446 XXXIII.

2686 5496 2984 5535 SYIMACHUS
3023 5498 3300 5536 ΡιιοτΑυιο.

2287 5568 2574 5624 Delectaris
2620 5570 2855 5637 epistolis
2906 5571 3297 5648 meisaCredo.
3334 5572 3466 5635 Hinc
3496 5585 3600 5644 est,
3634 5582 3783 5649 quod

2214 5671 2304 5711 eas
2350 5672 2490 5725 saepe
2536 5670 2589 5713 et
2641 5660 2882 5715 ardenter
2930 5662 3205 5729 efﬂagitas.
3280 5662 3384 5717 Sed
3437 5681 3544 5720 non
3594 5677 3782 5729 statim

2216 5761 2421 5801 mereor
2463 5748 2658 5801 desidis
2694 5759 2893 5811 notam,
2934 5750 2977 5803 si
3020 5764 3225 5817 nequeo
3250 5752 3319 5804 tui
3367 5755 3568 5811 amoris
3602 5759 3661 5811 in
3708 5778 3784 5816 nu:
