3884 6324
183 273 276 329 957

1205 263 1576 327 PERIOCIUE
1612 263 1682 324 tu
1722 263 1984 324 nouem
2020 250 2406 324 ODYSSEAM.

3339 267 3447 327 958

184 397 443 469 processit
483 397 548 453 ad
578 413 771 453 manus
793 440 808 465 ,
843 395 1187 452 hortantibus
1221 397 1406 466 procis
1444 410 1553 468 quo
1593 394 1766 465 magis
1791 396 1841 457 Α
1870 393 2080 464 busque
2123 393 2340 449 foribus
2387 377 2647 460 neelusis,
2676 405 2746 449 ne
2781 404 2892 464 qua
2926 397 3140 462 pateret
3167 361 3452 462 ‘eﬁ‘ugium,

182 493 292 547 rixa
322 491 674 547 crudesceret
700 491 1087 561 pr0positoque
1127 489 1350 559 praemio
1376 490 1586 559 caprini
1631 503 1760 542 ven-

181 585 270 640 tris
297 593 540 639 omento.
575 584 762 640 Victor
794 584 957 653 igitur
989 582 1212 653 Ulysses
1253 584 1584 638 seminecem
1615 581 1759 636 lrum

180 689 320 734 extra
351 679 574 748 januam
607 677 824 747 projicit
849 719 864 744 ,
917 675 1149 730 ridicula
1196 675 1578 732 adhortatione
1609 691 1758 731 eom-

179 771 401 839 pellans.
436 768 712 839 Penelope
755 769 915 822 etiam
957 783 1180 823 munera
1222 768 1327 824 sibi
1372 783 1401 822 a
1449 769 1631 839 procis
1659 785 1756 840 pro

177 863 363 933 opibus
410 861 679 931 cujusque
730 859 1015 927 conferri,
1061 859 1394 932 singulorum
1436 861 1614 917 studia
1662 877 1759 916 ex-

181 957 390 1024 periens
418 954 666 1024 deposcit
697 970 711 1008 :
736 968 856 1024 quae
881 960 1090 1008 mature
1119 961 1307 1024 utpote
1347 969 1378 1010 a
1409 953 1755 1026 cupientibus

174 1047 492 1123 oﬁcruntqr.

555 1138 819 1194 Periocha
850 1139 939 1194 lib.
968 1155 1061 1194 xxx
1096 1139 1359 1228 Qdyssete.

289 1255 353 1308 At
380 1260 522 1315 parte
543 1253 784 1303 interiore
807 1252 981 1303 domus
1001 1259 1227 1304 secretus
1250 1254 1463 1317 Ulysses.

240 1361 466 1431 Utysscs
500 1375 622 1414 cum
667 1359 996 1416 Telemacho
1047 1376 1198 1415 arma
1251 1363 1430 1417 omnia
1479 1362 1546 1418 de
1575 1362 1753 1418 medio

170 1453 520 1518 amoliuntur,
548 1453 729 1523 procis
759 1453 1060 1523 perniciem
1086 1464 1467 1524 comparantes
1487 1497 1502 1524 ,
1537 1471 1602 1510 ne
1624 1456 1753 1526 quid

168 1553 255 1599 aut
285 1545 610 1600 munimenti
641 1587 658 1610 ,
701 1554 797 1601 aut
829 1546 920 1602 teli
949 1547 1378 1618 relinqueretur,
1420 1549 1514 1618 qui
1549 1550 1634 1605 vel
1664 1565 1751 1604 ca-

168 1651 290 1692 vere
312 1637 445 1705 vim,
480 1639 564 1693 vel
597 1638 803 1700 inferre
830 1648 1053 1709 possent
1099 1659 1110 1693 :
1159 1640 1226 1694 ad
1276 1640 1582 1712 Penelopen
1625 1643 1752 1698 inde

167 1730 336 1784 accitu
366 1731 540 1798 ipsius
568 1733 761 1801 pergit,
796 1732 999 1802 ibique,
1034 1743 1091 1787 ut
1117 1732 1340 1788 EumzL-o
1364 1734 1599 1801 dixerat,
1621 1735 1751 1792 Cre-

168 1833 364 1877 tensem
399 1839 460 1879 se
482 1839 605 1880 esse
637 1825 922 1893 mentitur,
960 1826 1321 1897 Ulyssemque
1347 1832 1487 1899 apud
1528 1845 1588 1886 se
1616 1831 1747 1887 hos-

166 1914 294 1982 pitio
320 1913 656 1970 diversatum
681 1917 1135 1972 comminiscitur.
1185 1918 1307 1973 Mox
1337 1936 1460 1976 cum
1493 1921 1748 1994 Euryclia

164 2008 273 2076 ejus
299 2010 482 2064 nutrix
507 2009 794 2079 hospitalis
821 2010 988 2067 ofﬁcii
1021 2027 1182 2069 causa
1227 2015 1391 2083 pedes
1436 2016 1554 2087 ejus
1601 2019 1748 2074 elue-

161 2111 260 2173 ret,
295 2111 441 2157 tactu
466 2119 659 2159 manus
687 2106 1072 2162 animadvertit
1096 2109 1428 2178 cicatricem,
1458 2127 1618 2180 quam
1651 2113 1747 2168 ha-

160 2199 314 2253 bebat
339 2213 410 2253 ex
445 2198 675 2255 vulnere
703 2199 756 2254 in
790 2200 1062 2256 Parnasso
1106 2205 1378 2273 quondam
1419 2207 1534 2262 suis
1581 2208 1744 2265 dente

159 2306 471 2361 percussus.
528 2293 646 2359 Quo
697 2305 1021 2364 argumento
1075 2296 1352 2353 alumnum
1401 2316 1559 2356 suum
1620 2317 1742 2358 esse

156 2387 418 2454 agnoscit,
451 2387 546 2441 sed
569 2387 635 2441 ab
665 2386 880 2459 eodem,
905 2404 974 2445 ne
1001 2387 1133 2459 quid
1173 2390 1316 2447 ultra
1357 2393 1447 2449 vel
1492 2406 1696 2464 quaerat
1719 2436 1737 2466 ,

157 2477 236 2534 vel
267 2479 492 2550 garriat,
523 2490 828 2538 coercetur.

563 2616 820 2672 Periocha
843 2619 934 2674 lib.
964 2637 1030 2674 xx
1058 2621 1319 2692 Odysseus.

271 2733 481 2796 Jamque
505 2747 677 2798 procos
691 2749 852 2800 genua
876 2739 1178 2814 amplectens
1195 2741 1365 2792 orabat
1389 2743 1608 2807 Ulysses.

222 2837 583 2906 Epulantibus
625 2841 802 2910 procis
841 2841 1137 2912 Eresippus
1195 2847 1248 2899 in
1308 2845 1558 2918 Ulyssem
1609 2867 1737 2908 crus

154 2931 407 2987 bubulum
434 2934 586 3002 jacit,
617 2933 714 2989 sed
735 2933 1100 2992 destinatione
1131 2953 1239 2992 non
1285 2943 1510 3010 potitur.
1553 2944 1736 3000 Theo-

150 3027 426 3097 Clymenus
455 3038 632 3083 autem
659 3029 799 3097 apud
842 3028 1155 3086 Ithacenses
1183 3078 1197 3100 ,
1251 3033 1603 3090 divinationis
1643 3053 1737 3092 ex-

148 3128 328 3188 pertus
350 3162 364 3187 ,
396 3120 686 3175 imminens
723 3122 902 3190 procis
940 3123 1265 3180 vaticinatur
1300 3129 1545 3182 exitium.
1578 3129 1726 3197 Quo-

149 3228 260 3265 rum
294 3213 464 3266 multa
493 3214 835 3270 cavillatione
857 3215 1091 3286 derisus,
1112 3232 1300 3274 mensa
1321 3229 1375 3275 et
1402 3220 1563 3278 domo
1588 3231 1728 3279 tam-

146 3322 298 3375 quam
329 3306 570 3364 furiosus
594 3309 919 3365 excluditur.

539 3445 790 3501 Periocha
819 3447 909 3501 lib.
945 3465 1033 3502 χιιι
1063 3448 1324 3520 Odyssew.

261 3563 352 3612 Hie
376 3569 596 3612 mentem
617 3562 754 3612 dedit
777 3563 942 3613 Icaria:
965 3563 1183 3614 Tritonia
1210 3567 1384 3618 Pallas.

208 3666 430 3738 Ulysses
455 3666 675 3722 Eumteo
697 3675 750 3722 et
775 3667 1042 3735 Philaetio,
1060 3668 1183 3724 ﬁdei
1199 3686 1388 3726 eorum
1410 3672 1722 3730 industria:-

141 3776 239 3828 que
294 3761 570 3825 conﬁsus,
624 3761 712 3830 qui
750 3761 819 3815 sit
862 3761 1083 3816 revelat.
1130 3763 1197 3816 Et
1241 3768 1527 3834 pastquam
1577 3765 1718 3823 facta

140 3853 374 3922 cognitio
401 3862 506 3918 est,
537 3854 741 3907 eadem
781 3869 1070 3922 procorum
1108 3870 1204 3923 pro
1240 3866 1486 3926 tempore
1527 3858 1716 3914 instrui

141 3945 324 4013 placet.
352 3946 500 4013 Quos
518 3945 733 4017 Ulysses
751 3954 868 4000 astu
893 3947 1224 4015 aggreditur,
1264 3957 1322 4002 ut
1366 3949 1540 4018 ipsum
1585 3967 1718 4021 quo-

139 4055 234 4108 que
272 4038 603 4094 iutendendo
628 4054 820 4094 arcum
867 4038 1008 4095 vires
1049 4040 1247 4096 seniles
1286 4042 1574 4112 explorare
1624 4059 1718 4113 pa-

137 4132 346 4200 tiantur,
384 4146 546 4201 quem
580 4132 669 4185 uni
702 4131 972 4201 quondam
996 4131 1176 4203 Ulyssi
1218 4132 1458 4200 facilem,
1504 4136 1550 4190 si
1595 4136 1714 4205 quis

135 4227 455 4294 intenderet,
491 4226 778 4281 habiturus
799 4235 947 4280 esset
973 4229 1276 4296 pra'tnium,
1297 4229 1386 4296 jus
1413 4227 1712 4299 Penelopes

133 4320 455 4388 nuptiarum.
492 4318 598 4374 Sed
624 4317 1042 4387 prohibentibus
1071 4319 1251 4387 procis
1275 4336 1344 4375 ne
1367 4321 1416 4374 id
1450 4321 1712 4379 ridiculus

131 4419 183 4466 et
209 4413 493 4466 mendicus
524 4410 783 4477 auderet,
815 4411 956 4479 quod
980 4412 1178 4466 frustra
1201 4413 1465 4482 juventus
1496 4425 1602 4471 tam
1632 4418 1708 4472 le-

129 4512 206 4557 cta
231 4512 517 4568 tentasset,
545 4502 634 4556 dat
659 4503 1012 4557 Telemachus
1038 4503 1214 4573 Ulyssi
1233 4505 1447 4562 caeteris
1462 4508 1703 4564 abnuen-

131 4593 263 4649 tibus
283 4593 602 4663 experiendi
633 4603 976 4662 potestatem.
1015 4596 1082 4648 Et
1112 4595 1237 4652 hinc
1260 4599 1500 4658 nascitur
1529 4602 1706 4655 admi-

129 4688 257 4741 ratio
307 4688 482 4757 prima
538 4687 789 4754 virtutis,
847 4686 1118 4743 dedecore
1175 4705 1274 4744 suo
1316 4694 1529 4747 caateris
1584 4711 1708 4750 cru-

127 4779 492 4847 bescentibus,
529 4793 755 4849 quorum
786 4779 1050 4849 ignaviam
1094 4797 1262 4840 senex
1301 4786 1582 4842 mendicus
1616 4803 1705 4842 ar-'

125 4872 312 4940 gucrit.

490 4963 743 5020 Periocha
771 4965 866 5021 lib.
901 4983 1008 5022 xxu
1045 4970 1309 5041 Odyssew.

234 5082 535 5145 Squalentes
557 5084 773 5134 humeris
795 5085 985 5134 habitus
1002 5089 1177 5148 rejecit
1201 5089 1421 5152 Ulysscs.

190 5184 404 5259 Ulysses
426 5190 548 5246 loco
575 5190 831 5248 ulteriore
852 5199 1009 5264 capto
1037 5191 1272 5250 intendit
1290 5210 1496 5264 arcum,
1520 5198 1696 5254 omni-

1864 488 2155 559 plerosque
2184 490 2312 543 vino
2353 487 2592 558 saucios,
2618 496 2713 543 aut
2759 488 3008 544 novitate
3057 486 3138 543 rei
3186 488 3453 558 stupidas,

1861 591 1953 636 aut
1974 583 2240 652 quidlibet
2262 582 2409 637 aliud
2429 583 2760 639 meditantes
2789 582 3029 639 conﬁcit.
3048 581 3183 639 Cum
3216 583 3452 654 primum

1860 678 2098 735 omnium
2128 677 2781 745 conlixissetAntinoum,
2813 678 2901 747 qui
2929 677 3175 744 audacia,
3205 685 3260 732 et
3289 686 3458 746 petu-

1861 769 2026 824 lantia
2066 781 2296 826 caeteros
2318 779 2694 841 superaverat,
2719 770 2977 826 Eumaeus
2997 781 3050 827 et
3071 757 3453 841 Telemachus,

1857 871 1909 916 et
1936 861 2213 917 Philaetius
2233 864 2464 934 sumptis
2486 873 2543 919 et
2562 863 2665 934 ipsi
2688 863 2857 918 armis
2878 863 3096 934 egregia
3118 864 3173 918 in
3200 871 3451 920 conster-

1857 964 2016 1011 natos
2061 955 2208 1012 cacde
2246 965 2592 1025 grassantur.
2640 955 2868 1027 Jamque
2903 956 3157 1012 omnibus
3193 957 3454 1013 interem-

1857 1051 1984 1120 ptis,
2009 1050 2221 1106 duobus
2243 1050 2623 1106 tantummodo
2650 1051 2908 1121 parcitur,
2937 1049 3164 1107 Phemio
3191 1050 3451 1118 cithara:-

1857 1141 1949 1208 do,
1987 1142 2077 1212 qui
2117 1142 2409 1199 ministerii
2453 1157 2617 1200 causa
2660 1140 2958 1212 adhibitus,
2990 1142 3347 1198 nihilominus
3391 1143 3447 1198 in

1857 1240 2066 1310 Ulyssis
2094 1239 2277 1309 domo,
2309 1240 2454 1311 quod
2487 1239 2943 1298 contumeliosum
2966 1249 3132 1305 esset,
3162 1238 3447 1295 ediderat:

1855 1342 1912 1386 et
1938 1332 2207 1398 Medonte,
2237 1332 2328 1387 uni
2359 1332 2511 1402 cujus
2551 1331 2837 1387 modestia:
2877 1331 3042 1386 etiam
3085 1330 3444 1386 Telemachus

1856 1423 2276 1495 suﬁ‘ragabatnr,
2324 1434 2380 1481 et
2420 1425 2511 1494 qui
2566 1439 2691 1480 cum
2739 1421 3076 1479 Telemacho
3111 1430 3288 1478 erant.
3337 1422 3449 1479 Me-

1855 1517 2126 1572 lanthium
2166 1517 2489 1573 famulorum
2531 1517 2744 1590 Ulyssis
2781 1518 2984 1584 unum,
3025 1514 3118 1586 qui
3155 1529 3448 1586 procorum

1855 1610 2190 1683 proterviam
2234 1625 2450 1680 semper
2497 1618 2828 1678 armaverat,
2876 1607 3251 1665 cruciabiliter
3298 1608 3448 1664 occi-

1854 1704 2010 1758 dunt.
2047 1704 2265 1759 Puellas
2297 1702 2424 1758 inde
2453 1703 2737 1758 duodecim
2770 1717 2892 1773 quae
2917 1717 3041 1757 cum
3075 1702 3257 1772 procis
3283 1701 3447 1772 ﬂagi-

1781 1785 1828 1845 B
1857 1799 1991 1853 tiose
2041 1806 2472 1866 consueverant,
2531 1797 2826 1868 suspendio
2876 1796 3172 1866 perimunt.
3219 1795 3444 1866 Ulysses

1853 1890 2004 1945 caede
2032 1890 2098 1944 ad
2131 1891 2345 1960 plenum
2379 1896 2709 1960 perpetrata,
2744 1889 2924 1959 ignem
2957 1888 3160 1957 adolet,
3193 1888 3445 1944 incenso-

1851 1997 1955 2056 que
1977 1985 2190 2042 sulfure
2213 1985 2434 2041 domum
2465 1983 2679 2056 piaculo
2702 1991 2914 2056 purgat.

2209 2119 2464 2174 Periocha
2502 2119 2593 2174 lib.
2620 2135 2760 2174 niti
2813 2118 3079 2189 Odyssea.

1972 2233 2291 2285 Chalcidicum
2309 2246 2486 2297 gressu
2501 2235 2664 2284 nutrix
2685 2233 2951 2296 superabat
2967 2231 3102 2282 anili.

1917 2361 2168 2432 Euryclia
2202 2361 2387 2416 nutrix
2427 2368 2596 2432 gesta:
2641 2355 2727 2416 rei
2773 2358 2962 2414 nuntia
3001 2354 3333 2428 Penelopem
3369 2352 3438 2413 de

1844 2467 2037 2508 somno
2066 2454 2291 2509 excitat.
2311 2452 2444 2520 Quae
2467 2452 2848 2508 advenientem
2867 2451 2936 2507 ad
2957 2466 3017 2508 se
3044 2451 3298 2506 maritum
3329 2463 3438 2507 non

1844 2553 2052 2600 temere
2083 2545 2260 2614 ipsum
2283 2558 2404 2600 esse
2421 2543 2713 2615 persuadet
2735 2561 2750 2598 :
2775 2540 3006 2614 quadam
3037 2541 3428 2613 eubiculilege,

1842 2645 1900 2693 et
1935 2636 2163 2709 genialis
2193 2638 2378 2693 lectuli
2409 2641 2610 2709 positu,
2639 2637 2742 2693 sibi
2787 2647 2994 2692 tantum
3024 2643 3081 2692 et
3110 2635 3294 2707 Ulyssi
3333 2649 3430 2691 eo-

1841 2732 2015 2802 gnito,
2043 2747 2111 2786 an
2145 2732 2257 2800 ipse
2279 2732 2350 2786 sit
2380 2731 2626 2799 maritus,
2651 2729 2918 2800 explorat.
2949 2726 3011 2784 In
3033 2728 3238 2784 coitum
3268 2727 3424 2785 dein-

1841 2824 1910 2879 de
1965 2822 2315 2889 conveniunt,
2347 2831 2623 2893 totamque
2668 2832 2883 2877 noctem
2930 2829 3121 2876 mutuo
3167 2822 3426 2896 sermone

1844 2920 2194 2982 consumu'nt,
2226 2926 2280 2972 et
2317 2916 2442 2971 hinc
2470 2916 2686 2986 quidem
2717 2917 2941 2994 elegans
2966 2912 3251 2986 replicatio
3282 2913 3430 2971 labo-

1839 3025 1979 3077 rum,
2014 3025 2150 3082 qttos
2180 3009 2404 3084 Ulysses
2429 3011 2670 3082 pertulit,
2703 3011 2840 3066 mira
2868 3011 3286 3067 concinnalione
3310 3009 3429 3066 col-

1841 3104 2045 3176 ligitttr.

2219 3204 2476 3259 Periocha
2497 3205 2588 3260 lib.
2620 3219 2742 3261 xxtv
2765 3205 3037 3277 Odyssea.

1956 3319 2240 3370 Tartaream
2261 3316 2400 3371 vocat
2423 3321 2472 3369 in
2495 3320 2666 3371 sedem
2685 3319 2931 3383 Cyllenius
2955 3319 3170 3370 umbras.

1831 3490 1859 3501 ..
1900 3447 2198 3522 Proeorum
2239 3448 2449 3503 animas
2473 3448 2679 3504 recenti
2708 3457 2763 3504 et
2805 3448 3080 3505 communi
3107 3445 3256 3505 caade
3286 3463 3419 3505 con-

1825 3551 2008 3610 gestas
2051 3542 2377 3596 catervatim
2418 3539 2723 3598 Mercurius
2751 3542 2818 3598 ad
2865 3542 3076 3598 lnferna
3115 3544 3417 3613 compellit.

1825 3633 1978 3688 Tunc
2006 3635 2149 3689 circa
2194 3635 2660 3704 Agamemnonem
2705 3649 2896 3689 manes
2929 3635 3132 3690 heroici
3183 3650 3418 3706 congre-

1820 3736 2037 3798 gantur.
2068 3727 2352 3795 Miratique
2375 3727 2638 3782 lectorum
2671 3727 3206 3798 juvenum‘gregem,
3235 3728 3420 3783 densi-

1823 3829 2098 3890 tatemque
2125 3834 2234 3874 uno
2257 3821 2472 3889 agmine
2498 3827 2860 3887 commeante,
2894 3833 3088 3874 causas
3114 3819 3419 3874 itineratio-

1820 3914 1905 3966 nis
1951 3911 2244 3979 accipiunt.
2297 3910 2434 3964 Tum
2489 3909 2631 3980 apud
2701 3910 2904 3964 inferos
2965 3925 3181 3980 quoque
3243 3915 3416 3988 virtus

1820 4003 2060 4074 Ulyssis,
2111 4012 2166 4056 et
2224 4002 2530 4072 Penelopes
2592 4001 2879 4070 pudicitia
2929 4001 3295 4072 praedicantur
3344 3993 3412 4058 ab
3502 4011 3513 4015 ’

1819 4098 2223 4165 Agamemnone
2256 4110 2367 4163 prze
2390 4095 2628 4162 czeteris,
2659 4095 2745 4149 cui
2771 4094 2954 4164 dispar
2976 4083 3156 4150 iuerat
3186 4093 3239 4149 in
3264 4103 3410 4152 utra-

1815 4203 1920 4258 que
1965 4188 2198 4242 fortuna.
2247 4187 2467 4258 Ulysses
2504 4188 2571 4242 ad
2614 4187 2870 4242 Laertem
2904 4196 3111 4257 patrem
3137 4185 3190 4242 in
3217 4202 3407 4258 agrum

1815 4281 2114 4350 profectus,
2145 4280 2426 4350 inopinato
2453 4291 2508 4336 et
2547 4281 2750 4350 reditu,
2785 4290 2842 4336 et
2895 4297 3078 4336 rerum
3126 4290 3405 4352 gestarum

1811 4366 1984 4430 relatu
2030 4374 2209 4429 afl‘ecit
2252 4389 2464 4436 senem.
2498 4374 2732 4429 afﬁcitur
2771 4374 2840 4428 ab
2886 4390 2955 4430 eo
3001 4375 3240 4446 cognitu,
3271 4385 3406 4444 quas

1810 4466 2142 4521 exantlasset
2180 4481 2473 4522 aerumnas.
2511 4466 2756 4522 Subinde
2794 4476 2848 4521 et
2893 4476 3076 4536 patres
3115 4482 3404 4537 procorum

1734 4565 1788 4624 D
1815 4575 1975 4616 neces
2005 4559 2262 4630 juvenum
2301 4563 2788 4630 properantultum
2837 4563 2938 4628 ire,
2978 4563 3317 4632 consilioque
3351 4572 3407 4619 et

1811 4653 1861 4706 vi
1889 4649 2395 4706 communicationis
2418 4661 2545 4707 ante
2565 4663 2941 4724 exspectatum
2971 4669 3101 4725 agro
3126 4669 3391 4724 superve-

1809 4743 1982 4797 niunt.
2015 4743 2121 4799 Sed
2165 4759 2260 4798 eos
2285 4743 2396 4813 jam
2420 4744 2733 4800 comitatior
2756 4745 2978 4817 Ulysses
3001 4744 3201 4812 fundit,
3233 4747 3398 4816 fugat-

1806 4850 1935 4904 que.
1975 4834 2171 4889 Verum
2211 4835 2566 4905 gliscentibus
2607 4837 2768 4903 odiis,
2795 4846 2851 4890 et
2876 4835 3086 4905 majore
3105 4837 3397 4904 seditione,

1806 4935 1860 4979 ct
1890 4927 2121 4981 tumultu
2166 4938 2432 4998 spectato,
2457 4944 2523 4985 ex
2569 4930 2839 4985 sententia
2879 4929 3026 4984 Jovis
3058 4928 3113 4983 in
3154 4929 3392 4984 Ithacam

1808 5017 2047 5073 Minerva
2099 5019 2378 5075 descendit
2424 5038 2440 5078 :
2489 5031 2545 5076 et
2585 5020 2872 5077 conciliata
2938 5022 3192 5090 utrinque
3239 5036 3395 5089 pace,

1805 5111 1982 5162 studia
2014 5120 2069 5164 et
2091 5123 2270 5168 motus
2293 5112 2551 5187 partium,
2578 5129 2761 5171 rerqu
2793 5120 3067 5186 gestarum
3097 5112 3394 5169 abolitione

1804 5215 1924 5256 com
1932 5204 2103 5272 ponit.
