3826 6392
109 541 192 594 εδδ

1254 506 1760 582 ἐιηδτυωιιωι
1803 519 2003 575 LIBElt
2047 519 2132 572 tv.

3205 518 3310 573 εδι

107 648 310 700 avaritia:
330 644 649 699 satisfacere.
679 642 762 695 An
786 639 1021 695 interlabi
1046 638 1295 692 amicitia:
1315 636 1627 691 memoriam
1659 638 1712 695 Α
1738 633 1896 685 etiam
1930 646 2026 698 pro
2054 639 2203 697 parte
2233 627 2464 696 legitima
2490 635 2726 694 paterna:
2753 626 2804 679 in
2831 640 2915 680 me
2942 624 3312 680 familiaritati.-

108 753 189 804 per
212 736 461 789 silentium
503 734 696 800 putas?
732 731 871 787 Cave
900 732 1019 784 talia
1058 730 1126 784 de
1164 728 1355 783 animis
1390 727 1621 795 opinari,

106 840 302 895 quorum
340 834 531 878 eterna
557 822 756 891 judicia
790 831 930 875 sunt.
965 820 1132 873 lIabet
1165 819 1309 874 enim
1346 818 1631 887 plurimum

110 912 329 982 ponderis
352 912 494 978 ﬁdes,
518 922 572 966 et
592 912 799 983 alligata
829 910 1121 964 voluntario
1145 915 1480 963 sacramento
1506 904 1627 971 styli

110 1006 434 1059 admonitione
480 1020 585 1059 non
644 1004 863 1073 indiget.
910 1003 1032 1056 Ilaec
1079 1016 1107 1055 a
1150 1016 1238 1055 me
1280 1000 1373 1054 tibi
1415 1014 1482 1052 an
1526 1012 1633 1052 non

110 1110 295 1163 semper
317 1094 503 1162 scripta
533 1094 695 1149 sunt?
720 1093 828 1147 Nec
857 1104 1030 1146 tamen
1057 1090 1259 1145 deseris
1288 1090 1633 1144 inveteratam

109 1186 366 1254 querelam.
392 1184 523 1249 Quid
549 1185 593 1237 si
623 1194 837 1254 prarstat
860 1183 1072 1252 longum
1097 1181 1310 1235 tacere?
1341 1178 1457 1233 Non
1487 1178 1637 1231 vides
1692 1233 1700 1236 Α

108 1275 297 1329 oracula
330 1275 451 1329 olim
487 1275 658 1328 locuta
693 1274 938 1337 desiisse,
966 1286 1065 1328 nec
1085 1271 1229 1331 ullas
1265 1272 1318 1323 in
1355 1278 1509 1323 antro
1532 1267 1637 1323 Cu-

109 1381 247 1419 Iano
278 1366 467 1425 litteras
512 1366 646 1434 legi,
691 1365 963 1419 Dodonam
1008 1364 1150 1432 loqui
1191 1360 1490 1423 frondibus,
1538 1372 1637 1411 nec

109 1454 164 1507 de
193 1454 452 1521 spiraculis
481 1454 743 1520 Delphicis
771 1454 935 1506 ullum
974 1466 1188 1505 carmen
1214 1449 1419 1503 audiri?
1450 1448 1639 1502 Patere

110 1545 270 1612 igitur.
307 1557 361 1598 ut
391 1545 650 1600 homullus
678 1545 978 1599 Promethei
1009 1559 1167 1597 manu
1199 1544 1351 1597 ﬁctus
1381 1541 1639 1595 mandare

108 1647 287 1687 cessem
326 1649 539 1703 papyro,
578 1621 925 1704 quae-dudum
956 1634 1010 1687 in
1040 1644 1217 1687 vatum
1252 1632 1392 1686 foliis
1420 1645 1525 1685 non
1563 1633 1640 1685 le-

108 1733 296 1791 guutur.
326 1725 457 1778 Nolo
488 1736 661 1779 tamen
682 1726 1051 1781 denuntiatum
1079 1725 1176 1778 tibi
1200 1741 1227 1777 a
1254 1739 1340 1779 me
1367 1722 1638 1778 silentium

108 1816 378 1883 suspiceris.
420 1817 636 1872 Tenebo
680 1820 730 1871 in
770 1818 1055 1872 scribendo
1093 1826 1291 1869 tantam
1336 1829 1640 1869 mensuram

108 1908 353 1975 temporis,
375 1918 628 1975 quantum
657 1908 795 1963 inter
817 1918 915 1979 nos
942 1907 1075 1962 locis
1102 1908 1378 1962 absumus.
1402 1906 1484 1961 Tu
1513 1922 1645 1973 quu-

1738 723 2178 783 successionem,
2240 720 2365 773 licet
2422 717 2647 785 singulis
2700 717 2855 771 vobis
2910 717 3152 770 soliditas
3209 720 3313 773 mei

1738 788 1934 866 amoris
1973 811 2267 866 accesserit
2299 826 2311 861 :
2341 810 2461 877 quia
2510 809 2645 861 bona
2685 807 2847 861 animi
2897 808 3000 861 etsi
3041 810 3215 876 spargi
3268 812 3316 861 in

1739 905 1921 973 plures
1948 912 2221 971 putantur,
2264 899 2554 967 unicuique
2597 908 2773 953 tamen
2817 900 2969 965 plena
3009 910 3060 954 et
3099 901 3319 953 indivisa

1742 994 2051 1063 proﬁciunt.
2091 993 2357 1047 Prazterea
2396 1006 2520 1046 cum
2547 991 2802 1044 Palatina:
2827 991 3152 1059 eloquentia:
3183 992 3321 1044 mili-

1743 1096 1905 1149 lares,
1956 1081 2170 1151 porrexi
2210 1082 2460 1135 amicitia:
2509 1090 2614 1135 tua
2655 1081 2953 1134 dexteram.
3028 1082 3201 1146 Quare
3245 1090 3324 1135 tot

1741 1174 2007 1243 tantisque
2037 1173 2348 1243 pignoribus
2374 1172 2592 1236 annexi,
2626 1187 2730 1225 non
2758 1172 3085 1225 aestimemus
3116 1172 3181 1224 de
3213 1173 3321 1237 epi-

1740 1266 1927 1320 stolari
1967 1266 2215 1320 tirocinio
2250 1264 2490 1319 caritatis
2540 1272 2774 1317 :rtalem.
2823 1262 2954 1316 Nam
3010 1273 3067 1315 ut
3117 1264 3325 1315 aninms

1740 1356 1967 1410 celerior
2003 1364 2089 1411 est
2117 1355 2341 1419 litteris,
2376 1355 2447 1408 ita
2484 1354 2632 1422 prius
2670 1353 2767 1408 fuit
2795 1368 2977 1408 amare
3006 1370 3162 1422 quam
3195 1354 3325 1407 scri-

1742 1444 1889 1499 bere.
1930 1443 2080 1498 Vale.

2285 1532 2499 1587 EPIST.
2545 1532 2784 1585 XXXVI.

2228 1637 2539 1676 SVIIACIIUS
2577 1636 2843 1675 IINUHIO.

1840 1730 2124 1800 Postquam
2198 1742 2250 1785 te
2309 1731 2668 1785 Mediolanum
2735 1747 2947 1786 venisse
3003 1734 3327 1787 asseverzttio

1746 1822 2163 1874 commeantium
2195 1822 2367 1889 palam
2402 1823 2548 1887 fecit,
2582 1824 2795 1889 speravi
2823 1822 2890 1875 de
2919 1825 3162 1890 proximo
3193 1826 3329 1877 litie-

1751 1923 1837 1962 ras
1879 1921 2027 1973 tuas;
2076 1909 2168 1963 sed
2220 1910 2310 1963 ubi
2356 1909 2504 1964 elusa
2549 1920 2633 1963 est
2678 1912 3013 1978 exspectatio
3058 1927 3195 1975 mea,
3232 1928 3330 1965 nec

110 2010 201 2055 σιω
236 1996 606 2063 impatientiam
646 1997 801 2051 vince
855 1997 1061 2052 ratione
1110 2012 1227 2066 quae
1270 2013 1376 2051 non
1415 1996 1541 2051 sinit
1583 2006 1640 2052 ut
1675 1993 1719 2050 Β
1746 2002 2004 2056 successit
2060 2003 2226 2056 ullum
2272 2003 2385 2070 spei
2435 2002 2699 2070 pretium,
2736 2012 3120 2071 prrsutnptum
3168 2004 3234 2057 de
3281 2014 3331 2056 to

107 2082 188 2135 tibi
221 2084 443 2150 quotidLe
490 2086 685 2140 littera
730 2102 861 2140 mea:
906 2088 957 2139 in
1002 2088 1189 2140 vicinia
1212 2086 1383 2141 Rheni
1414 2087 1586 2154 posito
1613 2103 1642 2138 a

107 2180 267 2224 nostro
294 2172 475 2227 Albula
503 2159 829 2229 deferantur.
863 2176 1009 2229 Vale.

625 2263 837 2318 EPIST.
880 2264 1117 2317 XXXIV.

550 2369 646 2408 εγω
657 2371 856 2409 IIACIIUS
892 2371 1174 2411 PROTADIO.

167 2442 323 2513 Magni
360 2455 483 2499 sunt
526 2446 741 2514 quidem
784 2438 1162 2521 fructus,quos
1202 2445 1268 2499 de
1310 2445 1497 2498 ILtteris
1546 2445 1648 2496 tuis

105 2536 254 2602 rapio.
302 2535 399 2589 Sed
450 2536 585 2589 ﬁunt
631 2536 935 2601 uberiores,
978 2531 1104 2590 dum
1146 2550 1239 2603 per
1281 2536 1647 2589 communium

106 2620 302 2677 fratrum
326 2641 510 2680 manus
544 2637 838 2680 transeunt.
894 2627 1097 2696 Singuli
1126 2626 1267 2681 enim
1299 2625 1508 2693 scriptis
1549 2625 1650 2677 tuis

103 2713 165 2765 de
193 2728 281 2767 suo
307 2715 502 2783 aliquid
536 2725 828 2785 apponunt.
862 2715 979 2769 Tibi
1026 2717 1182 2785 igitur
1216 2725 1489 2783 acceptum
1536 2712 1651 2767 fero

103 2802 329 2869 quidquid
363 2818 426 2857 ex
465 2808 709 2859 omnium
749 2821 843 2861 ore
869 2807 1146 2875 conquiro.
1182 2804 1289 2861 Sed
1329 2813 1519 2859 rursus
1548 2794 1648 2858 ex-

102 2890 257 2957 pende
294 2904 488 2962 quanto
546 2895 725 2949 labore
776 2897 1127 2966 respondeam
1186 2906 1263 2950 tut
1317 2896 1649 2965 ingeniorum

102 2980 381 3037 sublimium
411 2984 681 3040 varietati.
712 2985 843 3039 Nam
875 3002 1027 3055 pares
1054 2987 1204 3052 estis,
1238 3003 1338 3041 nec
1369 2998 1544 3040 tamen
1575 2988 1651 3039 si-

102 3073 259 3126 miles.
284 3074 417 3143 Ergo
443 3091 554 3129 non
586 3076 843 3130 minorem
873 3077 1001 3129 mihi
1045 3077 1383 3144 rependenda
1423 3078 1651 3130 afferunt

102 3159 466 3232 difﬁcultatem,
486 3180 648 3234 quam
677 3176 893 3234 accepta
918 3166 1279 3220 dulcedinem.
1308 3166 1452 3219 Hanc
1480 3167 1651 3218 omni-

101 3252 192 3305 bus
229 3244 467 3310 humanis
507 3257 720 3324 gaudiis
757 3258 925 3326 legem
976 3269 1163 3311 natura
1206 3258 1371 3323 dixit,
1417 3267 1473 3310 ut
1509 3274 1651 3310 cura:

102 3346 405 3413 voluptatem
434 3320 753 3417 sequantur.
779 3320 923 3403 (Vane
950 3350 1154 3403 subolis
1180 3320 1379 3416 primus
1407 3358 1656 3417 parentes
1682 3320 1727 3381 Ο

98 3436 202 3491 dies
228 3438 437 3503 hilarat;
472 3454 599 3492 mox
640 3440 710 3507 pii
737 3449 909 3494 metus
936 3440 1152 3495 brevem
1192 3442 1412 3509 gratiam
1453 3441 1654 3508 fugant.

102 3527 265 3580 llonor
304 3528 353 3581 in
383 3528 620 3583 exordiis
651 3531 931 3593 Imtusest,
960 3529 1155 3584 dehinc
1180 3531 1385 3585 animos
1415 3530 1655 3583 laborum

96 3628 247 3671 :rstus
289 3618 603 3689 ingreditur.
651 3620 887 3688 Longum
942 3623 1061 3685 ﬁat,
1110 3620 1152 3674 si
1200 3636 1413 3689 pergam
1464 3621 1657 3673 similia

96 3718 388 3763 contexere.
430 3709 603 3763 Etiam
648 3726 708 3768 ea
748 3710 877 3763 mihi
905 3711 1289 3765 advertendum
1317 3720 1399 3763 est
1426 3726 1545 3778 quae
1577 3713 1657 3762 fas

96 3796 161 3849 sit
196 3796 261 3850 de
305 3807 456 3851 tanto
497 3799 611 3851 viro
655 3798 851 3852 dicere.
903 3799 1127 3853 Temere
1159 3798 1368 3865 jurasti.
1419 3799 1653 3852 Mandari

95 3895 228 3943 enim
273 3891 529 3957 periturae
577 3891 781 3963 charta:
820 3891 1071 3958 epistolas
1120 3892 1386 3959 quereris,
1429 3892 1654 3961 alligasti

96 3989 422 4034 sacramento
460 3996 679 4036 enorme
709 3981 985 4049 judicium.
1033 3982 1177 4036 Itane
1213 3997 1299 4037 me
1323 3982 1475 4037 ludus
1502 3984 1654 4049 facis,

96 4076 147 4123 ut
165 4086 277 4138 qua:
305 4071 447 4139 apud
479 4080 533 4125 te
562 4072 884 4126 incuriosius
914 4074 1120 4143 loquor,
1151 4073 1202 4126 in
1232 4074 1355 4142 styli
1384 4073 1653 4139 caudices,

96 4162 342 4215 auLtilia:
371 4150 657 4231 pugillares
695 4177 919 4219 censeas
948 4166 1337 4231 transferenda,
1379 4182 1445 4221 ne
1485 4166 1657 4221 facilis

92 4262 331 4308 senectus
377 4255 564 4324 papyri
608 4257 808 4323 scripta
851 4261 1198 4325 corrumpat?
1238 4258 1304 4311 Et
1349 4257 1655 4313 Mattiurum

93 4342 295 4407 quidem
324 4354 509 4397 vatum
539 4343 798 4399 divinatio
826 4344 1042 4400 caducis
1070 4346 1356 4400 corticibus
1396 4346 1653 4402 inculcata

89 4440 185 4483 est.
226 4431 458 4486 louitus
487 4433 755 4487 Cumanos
797 4432 957 4488 lintea
1000 4442 1141 4486 texta
1181 4445 1539 4502 sumpserunt.
1578 4434 1654 4488 Tn

89 4519 243 4572 etiam
278 4523 471 4575 sericis
513 4524 871 4577 voluminibus
906 4524 1237 4578 Acltemenio
1274 4540 1421 4579 more
1452 4525 1654 4580 infundi

88 4598 305 4663 litteras
328 4625 475 4664 meas
505 4614 765 4680 prmeipis.
800 4613 981 4682 Magna
1020 4624 1149 4669 sunt
1181 4617 1515 4670 auctoritatis
1550 4628 1654 4671 tua:

90 4697 348 4762 pondera,
403 4714 502 4752 nec
554 4715 771 4767 possum
819 4704 1111 4770 gratiosum
1171 4716 1356 4773 putare
1403 4707 1543 4775 quod
1600 4718 1654 4760 tu

86 4788 288 4852 juratus
315 4789 514 4857 allegas
540 4808 551 4841 :
578 4792 672 4845 sed
695 4792 821 4846 dum
848 4810 930 4848 me
954 4810 1133 4849 rursus
1164 4784 1407 4863 inspicio,
1437 4780 1655 4852 labascit

88 4876 239 4940 ﬁdes,
267 4887 325 4931 et
350 4880 645 4948 refragatur
680 4884 981 4937 testimonio
1019 4888 1360 4941 conscientia.
1412 4888 1481 4941 Ita
1513 4889 1653 4957 quod

90 4967 342 5021 credibile
387 4984 614 5036 persona
670 4972 862 5038 judicis
909 4966 1061 5040 facit,
1112 4978 1404 5033 difﬁdentia
1453 4982 1656 5050 respuit

88 5058 373 5113 audientis.
406 5061 566 5129 Igitur
593 5064 740 5115 solus
764 5066 1007 5133 ambigua
1034 5068 1398 5144 submovebis,
1431 5073 1472 5124 si
1505 5060 1653 5126 amo-

91 5162 203 5201 rem
246 5160 390 5202 tuum
435 5151 660 5217 posthac
710 5154 918 5220 parcius
957 5156 1098 5226 loqui
1146 5158 1214 5213 de
1242 5160 1486 5214 laudibus
1525 5163 1660 5241 meis

86 5236 336 5303 iusseris.
374 5237 520 5291 Vale.

648 5322 861 5383 EPIS'I‘.
906 5332 1114 5387 XXXV.

570 5431 879 5472 SVIIACBUS
914 5437 1179 5478 IIHEBVIO.

154 5500 457 5571 Obrepsisti
500 5507 841 5560 verecundiae
881 5525 1013 5565 mea:
1052 5514 1109 5567 δι
1158 5516 1300 5583 prior
1337 5521 1600 5577 scriberes
1644 5542 1655 5576 :

86 5590 337 5646 vadatum
368 5611 453 5647 me
493 5596 590 5649 tibi
620 5595 721 5650 hoc
752 5613 968 5654 munere
996 5605 1152 5657 velint
1182 5608 1389 5662 credas.
1421 5612 1526 5667 Sed
1557 5630 1662 5668 non

86 5685 209 5738 lem
239 5697 294 5756 ut
328 5688 470 5741 aedes
499 5689 894 5754 quodammodo
933 5695 1177 5749 amicitiai
1205 5679 1377 5755 novus
1404 5706 1660 5761 salutator

88 5775 286 5831 adesse
318 5778 568 5831 videaris.
600 5778 918 5835 Iamdudum
955 5782 1177 5841 virtutes
1205 5797 1323 5844 tuas
1359 5806 1517 5859 pares
1557 5797 1659 5847 fra-

89 5865 265 5921 ternis
293 5866 345 5919 in
372 5865 606 5932 pectoris
635 5868 738 5918 mei
766 5873 1153 5931 possessionem
1180 5881 1376 5948 recepi.
1429 5882 1658 5941 Crevisti

372 5960 643 6019 Panos.
695 5958 918 6025 XVIII.
1592 5952 1604 5960 ”

1687 4662 1733 4718 Ι)

1750 2092 1982 2145 ofﬁcium
2023 2094 2170 2160 operi
2210 2108 2333 2147 meo
2370 2093 2657 2147 vindicavi.
2691 2095 2857 2146 Auxit
2905 2106 3164 2161 preterea
3200 2097 3331 2159 scri-

1751 2181 1908 2235 bendi
1936 2196 2152 2235 caus-am
2185 2184 2265 2234 vir
2294 2184 2601 2250 spectabilis
2634 2183 2797 2239 frater
2827 2200 2978 2239 meus
3003 2187 3216 2251 Bassus,
3242 2189 3331 2252 qui

1753 2271 2019 2339 paulisper
2052 2274 2271 2326 avulsus
2310 2288 2339 2324 a
2369 2274 2543 2337 nobis,
2573 2276 2844 2342 transponi
2874 2292 2901 2329 a
2943 2292 3028 2330 me
3065 2275 3115 2329 in
3153 2285 3334 2343 pectus

1754 2370 1901 2414 tuum
1948 2361 2152 2416 debuit.
2203 2362 2388 2431 Adjeci
2443 2365 2667 2418 alteram
2716 2368 2959 2441 paginam
3009 2368 3331 2422 reddendam

1753 2464 2009 2515 germano
2044 2460 2159 2516 tuo,
2190 2466 2312 2506 cum
2359 2454 2450 2507 tibi
2486 2457 2592 2508 fors
2637 2456 2689 2508 in
2728 2458 2953 2524 patriam
2994 2459 3219 2511 reditum
3250 2474 3334 2513 sc-

1752 2539 2083 2593 cundavcrit.
2128 2528 2446 2609 Asperserat
2477 2560 2574 2598 nos
2604 2546 2691 2601 ille
2713 2547 2822 2614 jam
2854 2547 3051 2601 dudum
3076 2549 3334 2603 facundia:

1752 2642 1864 2681 suae
1907 2628 2165 2696 ﬁoribus,
2208 2640 2263 2685 et
2299 2632 2589 2687 Galliarum
2634 2636 2811 2703 prisca
2864 2648 3205 2691 monumenta
3244 2641 3332 2707 ju-

1753 2718 1929 2772 eundo
1963 2720 2075 2772 otio
2107 2722 2458 2775 exscribenda
2493 2724 2858 2778 manda'crat.
2910 2727 3102 2795 Optato
3142 2730 3334 2782 accidit

1755 2816 1813 2858 ut
1860 2809 1907 2861 ei
1952 2822 2049 2875 per
2098 2817 2172 2861 te\
2198 2820 2483 2878 utrumque
2528 2814 2812 2879 reddatur,
2866 2815 3038 2870 honor
3084 2818 3326 2886 epistola:

1756 2911 1914 2963 meae,
1947 2905 2002 2949 et
2031 2898 2279 2966 expetita:
2307 2900 2508 2954 fructus
2543 2902 2797 2957 historic.
2832 2903 2979 2958 Vale.

2284 3051 2498 3107 EPIST.
2544 3053 2805 3113 XXXVII.

2234 3158 2547 3198 δγδιιιΑαιιυε
2583 3162 2843 3200 ιιιηεινιο.
2906 3158 2909 3161 ¹

1829 3248 2025 3303 Paulus
2064 3250 2265 3304 amicus
2306 3267 2455 3305 meus
2481 3254 2684 3321 jamdiu
2718 3256 2911 3310 trario
2939 3272 3092 3311 sat-ro
3122 3262 3329 3325 militat,

1760 3342 1854 3394 sed
1900 3356 2007 3392 non
2056 3355 2152 3407 pro
2195 3340 2363 3409 gradu
2407 3343 2607 3397 militia:
2654 3347 2975 3412 spectandus
3021 3350 3134 3402 tibi.
3205 3353 3332 3405 Nam

1761 3428 2023 3497 probitate
2044 3444 2251 3483 morum
2274 3445 2494 3484 suorum
2517 3433 2943 3490 mediocritatem
2970 3438 3133 3491 vincit
3152 3443 3332 3497 officii.

1758 3521 1868 3575 Nec
1895 3520 2206 3589 despexeris
2248 3520 2543 3587 hominem,
2582 3524 2627 3577 si
2659 3540 2939 3579 numerum
2979 3529 3097 3596 ejus
3139 3534 3335 3598 stipen-

1758 3611 1968 3664 diorutn
2011 3611 2309 3667 examines.
2346 3610 2636 3668 Tardiores
2668 3614 2827 3670 habet
2863 3631 3145 3684 processus
3182 3636 3334 3674 vere-

1758 3700 1971 3765 cundia,
1997 3716 2116 3769 qua:
2144 3700 2271 3753 facit
2293 3710 2351 3753 ut
2381 3702 2516 3754 intra
2550 3698 2739 3756 merita
2766 3706 2850 3758 sui
2878 3705 3096 3761 honoris
3117 3708 3333 3763 haereat.

1759 3790 1867 3845 Nec
1899 3800 2076 3847 tamen
2106 3792 2332 3862 paenitet
2360 3791 2575 3861 longum
2614 3795 2850 3849 stetisse.
2888 3795 3004 3849 Tuo
3030 3800 3170 3852 enim
3198 3798 3336 3867 judi-

1757 3885 1841 3937 cio
1864 3896 2166 3937 reservatus
2188 3892 2292 3950 est,
2317 3883 2416 3936 sub
2434 3898 2541 3952 quo
2562 3899 2839 3955 emergere
2862 3888 3148 3942 maximum
3175 3905 3335 3943 mora:

1764 3974 2015 4041 pretium.
2056 3973 2191 4027 Cum
2220 3974 2380 4041 igitur
2405 3973 2480 4026 illi
2511 3974 2634 4029 vita
2662 3974 2955 4043 integritas,
2981 3979 3181 4032 militia:
3204 3992 3333 4033 atas

1758 4064 2069 4134 suffragium
2102 4066 2271 4132 ferat,
2311 4065 2533 4135 dignum
2572 4076 2656 4120 est
2682 4077 2742 4120 ut
2767 4069 2832 4121 ad
2892 4069 3099 4125 debitos
3136 4070 3334 4127 fructus

1759 4171 1845 4211 me
1875 4164 2175 4225 precatore,
2201 4165 2254 4213 te
2280 4167 2501 4214 auctore
2528 4161 2821 4227 perveniat.
2874 4161 3021 4216 Vale.

2240 4308 2494 4366 ’EPIST.
2533 4310 2826 4367 XXXVIII.

2240 4415 2554 4460 διικλουυε
2591 4417 2862 4459 IISEBVIO.

1833 4509 2161 4565 Gaudentius
2202 4513 2406 4566 amicus
2452 4506 2605 4568 meus
2663 4514 2719 4568 in
2760 4517 3021 4582 gremium
3063 4522 3337 4584 patrocinii

1764 4600 1838 4654 tui
1870 4601 2135 4669 confugit,
2164 4602 2247 4656 vir
2273 4603 2523 4657 omnibus
2546 4603 2706 4658 rebus
2730 4606 2898 4660 amari
2923 4608 3131 4676 dignus.
3164 4610 3341 4665 Genus

1765 4692 1812 4745 ei
1842 4694 2165 4746 senatorium
2195 4702 2298 4757 est,
2330 4709 2482 4748 mens
2521 4704 2577 4749 et
2616 4690 2874 4752 modestia
2918 4701 3121 4767 origine
3159 4718 3251 4754 sua
3281 4720 3341 4756 ac

1764 4784 1933 4852 stirpe
1959 4786 2210 4839 nobilior.
2244 4786 2301 4839 Si
2329 4786 2451 4839 fuco
2480 4789 2666 4855 gratiae
2697 4789 2947 4843 infectum
2981 4793 3338 4856 testimonium

1765 4891 1941 4928 meum
1969 4891 2075 4929 non
2106 4886 2282 4944 putas,
2320 4877 2533 4945 suscipe
2573 4878 2919 4947 diligendum.
2970 4882 3146 4952 Longa
3189 4887 3343 4939 obsc-

1762 4966 2009 5033 quiorutn
2040 4967 2157 5033 ejus
2194 4967 2456 5036 inspectio
2494 4966 2653 5023 faciet
2683 4977 2742 5023 ut
2778 4987 2862 5026 me
2895 4973 3100 5040 judices
3136 4978 3341 5033 minora

1763 5055 1981 5111 dixisse.
2034 5055 2184 5111 Vale.

2316 5136 2526 5202 EPIST.
2572 5148 2811 5203 XXXIX.

2229 5253 2535 5291 SYINACIIUS
2586 5256 2856 5293 IllNEIiVIII.

1840 5347 1972 5399 Ama
2014 5344 2322 5397 Flavianum
2350 5346 2623 5399 dominum
2664 5356 2716 5401 et
2755 5348 2919 5401 ﬁlium
2960 5365 3134 5404 meum
3175 5368 3342 5422 quan-

1774 5445 1882 5488 tum
1912 5450 1996 5488 me
2027 5435 2161 5489 velle
2185 5436 2552 5502 interpretaris
2580 5454 2591 5488 :
2626 5448 2679 5490 et
2707 5439 2751 5490 si
2792 5439 2903 5491 ﬁeri
2938 5451 3138 5508 potest,
3170 5457 3340 5499 certa-

1774 5538 1897 5576 men
1930 5528 2137 5577 mecum
2176 5522 2242 5576 de
2288 5538 2473 5577 amore
2515 5524 2630 5591 ejus
2671 5526 2973 5593 ingredere.
3009 5530 3259 5586 Gaudcho
3295 5540 3339 5588 si

1768 5612 1978 5666 viceris.
2002 5612 2107 5666 Sed
2139 5613 2240 5665 hoc
2271 5612 2400 5665 mihi
2426 5622 2547 5665 tunc
2578 5614 2835 5680 probetur
2858 5656 2871 5679 ,
2902 5632 3025 5671 cum
3055 5632 3108 5672 et
3135 5622 3244 5688 ipse
3286 5634 3339 5677 te

1764 5701 1941 5755 colere
1962 5714 2120 5769 supra
2144 5716 2446 5755 mensuram
2469 5701 2757 5771 diligentia:
2779 5722 2911 5759 mea:
2936 5722 3017 5760 cm
3030 5710 3185 5775 perit.
3209 5711 3338 5765 Nam

1763 5790 1810 5844 si
1838 5791 2067 5844 amicitia
2103 5790 2171 5845 de
2212 5794 2409 5846 mutuis
2434 5802 2647 5847 constat
2684 5794 2907 5862 ofﬁciis,
2953 5797 3105 5851 facile
3148 5802 3249 5854 ciit
3282 5812 3342 5855 ut

1764 5901 1828 5941 ex
1857 5888 1995 5942 illius
2025 5888 2204 5943 animo
2232 5896 2378 5943 tuum
2408 5888 2617 5944 metiar.
2653 5886 2803 5942 Vale.

3024 5982 3068 6040 8
