3826 6366
134 319 213 370 επ
1281 304 1644 361 liI‘ISTOTAlt

1791 301 1983 353 LIBIil'v
2028 301 2104 353 IV.

639 420 845 473 EI‘IST.
885 421 1060 473 XLIX.

541 522 841 560 S\N.\IACIIIJS
879 526 1063 562 )Ithf“
1079 525 1149 560 10.

182 597 234 645 lit
258 611 399 659 quum
431 594 709 648 Mediolani
743 597 982 663 degerem
1017 597 1212 649 cultum
1244 595 1377 647 circa
1404 603 1454 645 te
1485 593 1627 645 salu-

121 685 298 736 tationis
318 685 550 747 exercui;
582 696 635 738 et
657 703 792 741 nunc
815 687 1274 740 retncnso‘ilinere
1302 700 1515 752 operam
1542 698 1628 734 se-

121 778 265 825 dnlzetn
296 776 543 827 litterario
567 779 766 830 tuuneri
795 794 892 829 non
926 778 1131 845 negavi.
1165 777 1448 844 ExSpectas
1472 775 1630 826 credo

122 877 165 915 ut
216 865 414 932 gratiam
463 877 696 933 repetam
747 869 1066 934 scriptionis.
1123 866 1269 920 Illam
1331 865 1482 932 plane
1527 880 1629 914 non

122 967 216 1003 mea
240 954 549 1016 elllagitatio.
583 953 673 1006 sed
717 965 801 1006 tua
847 956 1050 1007 :il'lertio
1082 954 1377 1020 pollicetur.
1410 953 1631 1020 Exigaut

119 1043 216 1108 styli
239 1045 411 1106 vicem,
445 1043 532 1109 qui
559 1044 717 1096 animi
750 1060 850 1095 non
884 1053 1171 1098 merentur.
1202 1043 1346 1097 Vale.

689 1133 894 1187 EI‘IST.
936 1134 996 1186 L.

509 1237 810 1276 εῖιιιιιειιῑς
849 1239 1194 1277 ηοῐιεκτικο.

177 1311 256 1362 Diu
283 1326 433 1376 super
480 1315 708 1366 adventu
755 1315 928 1366 fratris
956 1316 1274 1382 postulatum
1316 1328 1342 1364 a
1385 1328 1469 1365 me
1498 1311 1631 1364 indi-

116 1402 232 1451 cium
260 1402 524 1465 distuliti;
557 1404 742 1467 credo,
779 1415 836 1455 ut
873 1404 1205 1456 salutationis
1235 1402 1630 1455 honorificentia

121 1493 417 1553 praeveniret.
459 1496 702 1560 Agnosco
751 1493 991 1561 religiosa
1038 1492 1258 1545 colludia
1286 1531 1300 1556 ,
1331 1506 1428 1543 nec
1458 1501 1630 1542 tamen

117 1579 252 1630 credo
273 1618 285 1641 ,
321 1589 374 1632 et
408 1580 546 1632 ultro
577 1581 627 1632 in
659 1590 926 1635 certamen
958 1582 1269 1644 scriptorum
1302 1577 1630 1633 familiarium

117 1666 235 1718 solus
257 1667 380 1720 duos
405 1671 629 1721 advoco.
655 1667 832 1722 Otium
869 1670 959 1723 tibi
982 1713 996 1734 ,
1025 1669 1247 1735 inquies,
1277 1670 1410 1720 hanc
1432 1669 1630 1720 ollicio-

116 1771 209 1808 tum
237 1757 462 1810 ﬁduciam
490 1768 726 1825 prrestat.
746 1746 903 1824 Quid.
928 1760 1067 1826 quod
1091 1768 1141 1812 te
1159 1761 1326 1826 magis
1352 1739 1633 1826 qua-smne
1667 1755 1709 1813 Β

119 1847 259 1897 ιιοιιος
281 1886 293 1908 ,
321 1857 370 1899 et
405 1847 799 1901 condendarum
845 1853 1173 1902 sanctionem
1206 1864 1331 1900 usus
1359 1848 1632 1900 excoluit?

117 1933 226 1987 Cum
260 1937 339 1990 illo
368 1949 543 1991 autem
576 1939 701 1992 milii
732 1941 947 2006 privatae
976 1941 1096 1992 vita:
1135 1939 1366 1991 conditio
1393 1953 1629 1991 commu-

119 2037 184 2075 tns
209 2035 298 2078 est.
336 2027 507 2095 Atque
534 2028 736 2081 utinam
768 2029 889 2082 boni
923 2029 1173 2096 principis
1202 2030 1629 2094 circumspectio,

119 2113 256 2176 lPSius
275 2131 474 2184 Quoque.
495 2133 708 2185 operam
731 2117 829 2171 sibi
861 2118 1108 2170 vindicet.
1133 2117 1454 2169 Ferendum:
1479 2117 1635 2169 ambo

116 2204 367 2258 devotione
391 2207 661 2272 placeatis,
686 2208 729 2258 si
747 2207 884 2260 circa
899 2222 983 2259 me
1009 2207 1198 2260 litteris
1220 2207 1376 2260 ambo
1392 2205 1631 2260 cessetis.

119 2290 242 2346 Vale.

711 2365 921 2419 EPIST.
962 2365 1045 2418 LI.

519 2469 828 2508 εῖωιιιςιιυδ
867 2469 997 2508 ηοιι
1005 2470 1063 2508 EN
1074 2469 1210 2507 TINO.

174 2561 343 2615 Omnia
373 2575 421 2618 te
450 2563 626 2618 facere
653 2578 716 2618 ad
746 2566 970 2618 salutem
1000 2565 1257 2627 Flaviani,
1288 2565 1383 2618 viri
1415 2564 1635 2616 ornatis-

117 2653 250 2710 simi.
281 2657 505 2722 pignoris
533 2656 671 2721 mei,
699 2658 858 2710 rebus
888 2658 1149 2724 experior.
1186 2657 1318 2709 llinc
1353 2656 1479 2709 mihi
1518 2671 1638 2721 spes

119 2746 286 2806 oritur,
312 2758 464 2812 atque
493 2749 699 2800 animus
729 2749 987 2814 assurgit,
1023 2761 1173 2814 posse
1199 2748 1314 2812 ejus
1341 2757 1531 2798 caatera
1562 2747 1640 2796 in.

120 2837 366 2888 connnoda
393 2846 442 2890 te
473 2838 679 2889 medico
709 2839 905 2890 sinari.
937 2838 1169 2904 Adeptus
1198 2837 1335 2889 enim
1369 2836 1472 2887 divi
1501 2835 1639 2902 priu-

119 2927 234 2990 cipis
259 2928 462 2982 lenitate
486 2971 499 2991 ,
529 2944 647 2997 qua:
691 2943 877 2995 magna
921 2940 1075 2990 sunt;
1121 2943 1223 2979 uno
1253 2927 1421 2979 adhuc
1441 2969 1455 2991 ,
1489 2936 1544 2978 ut
1572 2925 1640 2976 ita

122 3018 355 3080 dixerim,
391 3020 660 3074 infortunii
705 3022 842 3074 nodo
885 3022 1267 3088 strangulatur;
1317 3021 1454 3088 quod
1487 3021 1642 3073 homo

3175 295 3276 348 ἳῖῶ

1658 423 1702 471 Α
1731 415 1938 478 adjuvet
1966 414 2224 464 destinata
2249 453 2260 472 ,
2291 428 2562 480 recurrere
2588 413 2649 463 ad
2683 420 3018 475 conspcezum
3050 414 3175 456 vesti
3194 422 3276 453 um

1736 514 2000 564 paramus.
2041 500 2095 552 Si
2135 499 2378 566 promis‘si
2429 499 2542 550 dics
2587 512 2738 550 serus
2786 497 3019 555 videtur,
3061 495 3138 558 lig
3179 492 3278 542 tio.

1734 605 1852 640 nem
1884 597 2097 641 senatus
2139 604 2232 654 per
2271 605 2353 640 me
2385 588 2507 639 nolo
2545 586 2740 639 dillcrri
2780 599 2897 653 quze
2920 583 3117 635 dudum
3159 582 3281 632 viris

1734 677 2024 730 illustribus
2054 677 2248 728 credita
2279 687 2332 728 et
2362 676 2615 728 instructa
2648 674 2929 736 mandatis,
2962 686 3128 738 neque
3159 687 3281 738 per-

1733 782 1981 819 sonarum
2009 807 2023 829 ,
2067 781 2235 834 neque
2283 766 2593 831 petitionum
2642 765 2864 832 requirit
2911 761 3279 828 aljeetionutn.

1736 857 1897 910 Decet
1946 857 2101 925 igitur
2130 865 2271 909 stare
2316 855 2605 921 dispositis,
2651 869 2746 906 nec
2793 853 2870 906 las
2914 863 2996 907 est
3038 851 3284 915 CXCIII[)'-tl

1737 963 1984 1012 promit-.1.-
2012 947 2358 1000 dissensionis
2389 962 2478 1013 per
2506 961 2673 998 novos
2706 955 2956 999 tractatus
2977 943 3281 995 conﬁrmata

1735 1036 1985 1089 subverti.
2020 1037 2139 1089 Ila-c
2169 1048 2292 1089 ante
2321 1051 2422 1099 me,
2454 1048 2510 1090 ut
2536 1037 2746 1101 seribis,
2774 1037 2930 1089 etiam
2963 1037 3072 1102 ipse
3088 1034 3284 1089 vidisti,

1733 1142 1836 1193 quo
1867 1128 2030 1192 magis
2072 1125 2274 1194 placitis
2302 1125 2658 1179 inhrcrendmn
2686 1137 2765 1179 est
2785 1167 2802 1190 ,
2831 1141 2944 1194 qua:
2985 1123 3110 1177 mihi
3150 1137 3286 1174 com-

1736 1216 1946 1269 mendat
1973 1216 2261 1269 auctoritas
2291 1227 2375 1286 tua
2398 1256 2410 1276 ,
2442 1225 2494 1272 et
2523 1216 2610 1268 tibi
2635 1226 2813 1268 noster
2843 1230 3114 1268 assensus.
3137 1212 3282 1264 Vale.

2321 1330 2552 1390 EPIST.,
2574 1330 2700 1383 Llll.

2168 1436 2470 1476 διίιιιλιῑιιυε
2508 1437 2833 1474 ΠΛΠὶΕΧΪιλΟ

1806 1533 1860 1584 In
1885 1549 2002 1585 eum
2029 1533 2226 1585 militia:
2250 1534 2468 1605 gradum
2496 1534 2674 1586 labore
2696 1533 2904 1594 venisti,
2932 1541 2987 1583 ut
3021 1528 3285 1582 Benedicti

1736 1623 1888 1674 amici
1933 1622 2031 1693 mei
2088 1621 2349 1674 fortunam
2395 1621 2590 1675 debeas
2640 1621 2910 1686 adjuvare,
2952 1635 3106 1686 quem
3157 1618 3285 1669 nulli

1737 1713 2028 1764 obnoxium
2074 1711 2281 1763 crimini
2324 1711 2544 1764 fortuna:
2571 1711 2817 1778 iniquitas
2844 1712 2960 1763 loco
2989 1708 3206 1788 depulit.
3235 1721 3288 1762 et

1739 1802 1939 1853 honore
1962 1801 2200 1865 privavit.
2222 1801 2352 1857 Iluic
2373 1801 2436 1851 ad
2464 1801 2864 1865 promerendum
2894 1802 3122 1853 favorem
3145 1810 3287 1851 tuum

1736 1907 1837 1943 nou
1868 1891 2037 1944 Solum
2072 1892 2234 1957 ipsius
2277 1884 2506 1954 probi-tas
2528 1933 2542 1954 ,
2574 1891 2674 1944 sed
2692 1892 2851 1944 etiam
2900 1891 3290 1943 commendatio

1738 1997 1853 2033 mea
1884 1982 2078 2032 aditum
2109 1982 2265 2034 debet
2286 1981 2511 2049 aperire.
2543 1982 2714 2034 Credo
2739 1984 2878 2033 enim
2912 1981 3039 2032 tanti
3073 1981 3207 2046 apud
3238 1990 3288 2030 te

1741 2073 1942 2126 litteras
1978 2074 2121 2126 meas
2149 2089 2266 2126 esse
2297 2073 2544 2126 momenti
2572 2114 2586 2136 ,
2616 2084 2671 2127 ut
2701 2075 2945 2128 eﬂeetnm
2975 2089 3188 2142 sperare
3215 2075 3290 2125 fas

1737 2164 1930 2228 fuerit,
1956 2165 2158 2216 etiamsi
2192 2163 2351 2215 ardua
2372 2165 2713 2231 postularem.
2743 2166 2890 2229 Quod
2919 2161 3035 2217 ide‘o
3057 2179 3290 2216 Comme-

1737 2253 2046 2306 morandum
2077 2253 2252 2317 putavi
2276 2291 2289 2312 ,
2328 2263 2384 2303 ut
2420 2250 2711 2317 intelligas,
2744 2253 2867 2319 quid
2900 2253 2966 2305 de
3000 2251 3173 2302 animo
3202 2261 3290 2302 tuo

1738 2351 1891 2408 atque
1915 2342 2141 2395 amicitia
2168 2342 2303 2392 senti
2323 2357 2478 2405 imus,
2512 2343 2590 2394 vel
2619 2353 2871 2410 quantum
2895 2343 3144 2410 prodesse
3171 2343 3289 2394 huc

1745 2431 1934 2483 debeat
1955 2431 2033 2484 vel
2065 2429 2488 2496 adessejustitia.
2519 2430 2666 2482 Vale.

2335 2540 2540 2595 EPIST.
2581 2540 2712 2593 LIV.

2171 2643 2472 2682 δῖιιιιιςιιυε
2511 2645 2854 2683 τιοηνετικο.

1814 2743 2010 2810 Purgas
2037 2740 2174 2811 quod
2204 2741 2373 2792 adhuc
2409 2755 2573 2806 usque
2601 2741 2812 2794 siluisti.
2847 2739 3151 2793 Communis
3183 2742 3292 2794 lia-tt

1746 2833 1895 2895 Culpa
1928 2841 2027 2883 est.
2062 2830 2188 2882 Nam
2227 2846 2310 2881 me
2340 2845 2548 2895 quoque
2575 2845 2603 2881 a
2637 2830 2844 2882 Iitterali
2868 2833 3181 2883 commercio
3206 2832 3291 2882 diu

1747 2920 1950 2970 inﬁrma
1975 2918 2219 2970 valetudo
2238 2920 2518 2968 revocavit.
2548 2917 2877 2970 lnhorruisse
2903 2928 2953 2970 te
2979 2928 3122 2983 puto,
3153 2928 3293 2983 post-

1747 3023 1901 3075 quam
1929 3009 1994 3060 de
2039 3023 2120 3059 me
2146 3007 2355 3074 cognitu
2393 3020 2568 3058 amara
2599 3006 2788 3074 legisti.
2825 3007 2951 3059 ltcdi
2981 3009 3029 3059 in
3064 3007 3294 3059 hahitmu

124 3107 304 3168 lclmis,
333 3123 383 3159 ει
410 3124 544 3160 nunc
574 3110 690 3162 labe
723 3109 1018 3176 pan-inionii
1048 3112 1280 3176 gravjler
1315 3111 1607 3161 ρχιιευδιυς
1628 3148 1641 3170 ν
1669 3092 1715 3153 C
1750 3098 1906 3149 animi
1951 3097 2203 3148 IiCIlOf'Cm
2243 3113 2254 3147 ἒ
2290 3096 2396 3148 DCO
2647 3102 2862 3147 auctore
2908 3097 3183 3148 sanitatem
3219 3113 3296 3146 l't‘.~

127 3195 305 3256 paterni
329 3196 492 3248 solatii
523 3196 924 3249 :nstimaiionem
955 3197 1160 3265 juhetur
1182 3197 1472 3249 exsolvere.
1508 3197 1644 3262 Ergo

125 3293 272 3346 perte
291 3298 350 3336 ac
381 3285 448 3337 tui
470 3286 670 3338 similes
689 3287 891 3337 amoliri
925 3295 1130 3350 Oportet
1160 3286 1515 3338 imminentem
1545 3287 1650 3337 rui-

127 3384 256 3422 nam.
296 3373 396 3426 Nec
419 3390 502 3428 res
544 3375 913 3442 impetratione
942 3375 1168 3429 diflieilis
1204 3386 1302 3427 est.
1354 3376 1481 3427 Nam
1513 3376 1648 3440 quod

129 3461 370 3527 [lerisque
411 3477 500 3514 sua
532 3464 725 3514 invidia
757 3464 1108 3516 laborantibus
1139 3464 1425 3528 imperialis
1451 3461 1652 3515 remisit

131 3549 430 3613 humanitas;
447 3552 494 3604 id
513 3553 674 3620 patris
699 3553 906 3603 nomine
924 3553 1256 3617 postulatmn,
1274 3551 1437 3603 multo
1458 3550 1653 3616 asquior

129 3641 265 3692 venit
309 3643 569 3704 relaxabit.
606 3643 851 3694 Proliciet
888 3644 981 3694 ista
1021 3644 1292 3695 concessio
1328 3641 1485 3695 etiam
1527 3651 1655 3693 tem-

131 3745 303 3794 porum
350 3733 521 3799 glorize
546 3772 562 3796 ,
596 3733 639 3784 si
681 3733 820 3799 quod
852 3733 1120 3785 beneficiis
1161 3732 1410 3800 principis
1450 3735 1653 3792 deerat,

136 3817 242 3881 hius
271 3833 531 3872 successor
556 3819 832 3887 adjecerit.
866 3820 1007 3873 Vale.

700 3908 909 3963 EPIST.
951 3909 1053 3962 LII.

543 4013 844 4050 δῖηιιιειιυδ
883 4013 1221 4052 γιοιιεκτικο.

202 4082 374 4136 Verbis
406 4099 605 4154 nequeo
627 4085 904 4151 complecti
935 4098 1061 4153 quot
1093 4090 1278 4153 gaudia
1309 4089 1434 4139 mihi
1465 4088 1660 4155 pariter

136 4169 239 4222 dies
267 4175 692 4248 unusinvexerit.
728 4177 982 4242 Agnoscis
1022 4177 1182 4229 credo
1224 4191 1470 4240 causam,
1511 4178 1660 4243 cujus

135 4272 306 4312 auctor
333 4262 483 4315 fuisti.
513 4264 643 4314 Nam
672 4263 908 4330 geminas
934 4264 1153 4318 fratrum
1185 4262 1539 4319 communium
1571 4267 1656 4319 ιη-

139 4358 270 4400 teras
312 4351 358 4402 in
386 4353 646 4404 cumulum
698 4354 883 4405 extulit
926 4355 1108 4407 tertius
1148 4355 1315 4408 honor
1343 4357 1656 4423 scriptorum

140 4449 352 4493 tuorum.
393 4444 564 4509 Itaque
597 4452 652 4494 ut
681 4459 854 4495 rerum
888 4443 1141 4496 bonarum
1169 4444 1400 4497 diflicilis
1427 4455 1505 4496 est
1544 4445 1654 4497 ele-
1685 4422 1737 4480 Π

137 4528 259 4588 ctio,
287 4530 533 4596 paulisper
556 4531 684 4583 hmsi
716 4548 870 4598 quam
900 4535 1118 4598 primam
1148 4533 1387 4599 paginam
1421 4546 1659 4585 recense-

139 4631 277 4677 rem;
306 4626 492 4670 tantum
520 4620 655 4685 apud
689 4635 773 4670 me
815 4633 928 4672 crat
949 4622 1266 4675 desiderium
1315 4623 1655 4690 singularum.

137 4704 249 4756 Mox
277 4721 448 4760 omnes
473 4715 656 4775 arguto
694 4707 896 4774 legendi
930 4710 1151 4762 transitu
1179 4714 1408 4776 percurri
1429 4751 1442 4772 .
1475 4726 1539 4764 ne
1584 4711 1662 4761 iu-

139 4797 442 4861 spectionem
488 4796 770 4853 residentis
822 4813 1075 4851 morarer.
1128 4798 1232 4852 Nec
1279 4801 1443 4853 semel
1474 4801 1663 4867 legisse

139 4883 361 4949 sull'ecit,
384 4895 438 4938 ut
463 4887 506 4940 si
544 4888 668 4955 quid
693 4888 916 4940 aviditas
944 4889 1106 4955 prima
1139 4890 1517 4955 perStrinxerat
1537 4930 1551 4950 ,
1584 4892 1663 4942 in-

136 4973 357 5026 culcaret
376 4976 596 5028 iteratio.
621 4975 752 5026 Erat
780 4977 830 5027 in
854 4978 1025 5029 verbis
1051 4978 1454 5045 uniuscujusque
1485 4979 1662 5030 varius

140 5063 474 5118 elocutionum
517 5067 684 5132 lepos,
732 5080 837 5132 quo
885 5067 997 5120 solo
1046 5067 1230 5136 litterae
1270 5071 1659 5135 discrepabant.

137 5147 260 5202 Nam
294 5166 467 5206 omnes
502 5168 653 5206 mens
679 5168 786 5204 una
815 5153 1118 5207 dictaverat.
1153 5156 1366 5208 Possem
1393 5158 1528 5226 bona
1563 5158 1662 5208 [ide

136 5237 351 5303 adjicere
379 5243 596 5308 majora.
627 5241 732 5294 Sed
765 5249 867 5292 tua:
893 5257 1071 5303 aures,
1102 5243 1222 5296 licet
1248 5244 1463 5296 fratrum
1493 5244 1660 5296 laudi-

137 5328 231 5380 bus
249 5333 510 5395 gaudeam,
532 5332 955 5386 communionem
984 5343 1154 5386 tamen
1183 5333 1394 5400 gloriosi
1419 5334 1658 5388 testimo-

136 5416 210 5469 nii
235 5431 319 5484 per
339 5424 707 5476 verecundiam
739 5437 841 5475 non
869 5421 1054 5475 lerunt.
1085 5424 1265 5478 Restat
1304 5436 1360 5477 ut
1387 5425 1480 5477 tibi
1525 5426 1661 5478 redi-

139 5514 244 5558 tum
278 5523 437 5563 meum
473 5513 574 5564 sub
621 5510 1034 5578 quadam-curia:
1059 5512 1365 5568 invitatione
1395 5517 1661 5583 poscenti,

140 5607 288 5653 vacca
308 5600 669 5661 respondeam.
700 5598 776 5651 Ad
802 5600 913 5654 idus
928 5600 1241 5658 Novembres
1265 5604 1418 5658 modo
1439 5613 1655 5659 eventus

1747 3188 1868 3238 fovi.
1895 3186 2082 3237 Facilis
2107 3187 2260 3252 igitur
2285 3185 2551 3236 litteraria:
2579 3184 2886 3236 cessationis
2919 3187 3122 3250 utrique
3152 3199 3194 3233 νι
3218 3186 3301 3236 nia

1749 3276 1836 3326 sit.
1862 3275 2026 3326 Ambo
2045 3274 2195 3325 nobis
2226 3273 2448 3324 invicem
2480 3275 2824 3332 remittamus,
2858 3275 2992 3338 quod
3023 3273 3178 3324 ambo
3208 3273 3298 3324 dc-

1751 3359 2013 3424 quuimus.
2039 3358 2139 3411 Sed
2166 3357 2287 3422 quid
2318 3356 2441 3408 mihi
2478 3358 2772 3408 insusurras
2811 3358 3067 3408 Aliicanze
3111 3367 3295 3408 tenues

1751 3449 2115 3498 commeatus?
2145 3446 2294 3497 Absit
2323 3455 2377 3496 ut
2415 3460 2646 3512 pnes'Cns
2674 3459 2841 3496 annus
2872 3446 3102 3498 imitetur
3133 3446 3298 3496 furtu-

1754 3551 1873 3586 nam
1901 3535 2248 3601 superiorum.
2287 3533 2601 3587 Interiludet
2626 3575 2642 3598 ,
2685 3545 2740 3587 ut
2765 3550 2946 3602 spero.
2981 3537 3299 3602 providentia

1758 3625 1934 3676 tristes
1969 3639 2182 3676 casuum
2216 3624 2346 3687 vias,
2371 3623 2536 3675 sacris
2564 3624 2776 3676 auribus
2805 3626 3106 3686 edoce’ndis,
3135 3638 3185 3676 et
3215 3642 3300 3677 ca-

1756 3713 2031 3780 suigatioue
2051 3715 2306 3779 judicmn,
2331 3728 2459 3780 quos
2476 3713 2798 3765 alimentaria
2827 3724 3027 3780 spectat
3058 3717 3298 3767 invectio.

1757 3801 1864 3853 Nec
1889 3816 2038 3867 spem
2078 3802 2190 3853 dies
2210 3800 2453 3853 obstruit.
2485 3801 2612 3853 Nam
2639 3816 2781 3854 mare
2811 3802 2980 3855 adhuc
3006 3803 3156 3868 justis
3186 3817 3301 3854 cur-

1759 3892 1901 3944 sihus
1919 3901 2082 3957 patet,
2107 3904 2159 3944 et
2189 3893 2416 3945 nondum
2439 3895 2486 3942 in
2519 3893 2757 3967 hyemem
2787 3895 3071 3961 prmcipitat
3098 3906 3303 3947 autum-

1762 3993 1881 4032 nus.
1917 3981 2088 4032 Placet
2111 3990 2281 4032 tamen
2320 3981 2451 4031 inter
2480 3980 2591 4031 hrec
2615 4020 2628 4042 ,
2656 3981 2791 4045 quod
2826 3984 3068 4035 inzestnas
3094 4023 3108 4043 ,
3139 3994 3192 4037 et
3220 3985 3303 4050 pio

1763 4079 1903 4121 metu
1933 4069 2219 4120 antevenis
2245 4068 2633 4122 necessitatem.
2660 4069 3097 4122 lteuiunerabitur
3125 4087 3301 4124 curam

1763 4162 1949 4213 melior
1975 4171 2220 4223 eventus,
2251 4169 2302 4212 et
2331 4146 2499 4212 laudis
2528 4169 2630 4210 tuae
2662 4161 2859 4213 fructus
2893 4161 3087 4215 elticiet
3126 4175 3178 4215 ut
3210 4165 3299 4214 tihi

1761 4250 1830 4302 sit
1855 4248 2004 4302 dulce
2035 4249 2209 4315 pdstea
2243 4249 2500 4300 timuisse.
2530 4247 2678 4300 Vale.

2357 4357 2569 4410 El’IST.
2612 4357 2716 4410 LV.

2197 4461 2329 4498 ειίιιι
2341 4461 2498 4499 Αειιυε
2537 4463 2876 4501 ΓυυιΕΝΠΝΟ.

1834 4536 2032 4588 Dictam
2073 4535 2201 4586 mihi
2235 4549 2263 4586 a
2295 4543 2346 4586 te
2375 4535 2595 4586 salutem
2633 4536 2742 4600 pari
2776 4535 2971 4587 honore
2999 4551 3301 4602 t‘OmpeHSo,

1765 4626 1965 4679 Vellem
2009 4627 2214 4692 utrique
2256 4633 2488 4675 nostrum
2525 4638 2666 4688 szepe
2711 4625 2997 4675 alternandi
3028 4626 3148 4692 styli
3182 4641 3304 4677 usus

1764 4718 1984 4767 veniret.
2031 4713 2134 4767 Sed
2171 4714 2290 4779 quia
2329 4712 2427 4764 hoc
2458 4713 2732 4778 longinqua
2769 4727 2869 4763 non
2913 4712 3090 4764 sinunt
3117 4714 3305 4766 cadere

1765 4822 1860 4873 pro
1894 4817 2014 4857 voto
2033 4804 2327 4864 communi,
2366 4803 2626 4868 patientia:
2647 4801 2777 4853 ratio
2805 4799 3108 4853 satisfaciat.
3141 4802 3304 4855 Debet

1762 4905 1904 4945 certe
1925 4902 2157 4958 prompta
2180 4904 2298 4942 esse
2322 4889 2457 4939 inter
2472 4903 2567 4940 nos
2591 4903 2749 4940 mora:
2779 4897 2971 4941 mutua:
2994 4891 3162 4941 venia.
3192 4888 3303 4941 Non

1763 4982 1945 5034 eadem
1985 4979 2230 5031 facilitate
2259 4977 2532 5046 purgabis;
2579 4977 2714 5042 quod
2749 4977 2839 5028 lilii
2872 4977 3036 5028 nostri
3073 4978 3303 5030 Minervii

1765 5069 1970 5135 nuptias
2035 5069 2256 5119 aliorum
2307 5067 2476 5132 potius
2535 5067 2701 5117 relatu
2756 5080 2911 5131 quam
2968 5067 3156 5119 litteris
3203 5069 3304 5120 tuis

1764 5156 2015 5221 Comperi.
2051 5157 2126 5207 An
2150 5155 2347 5204 veritus
2373 5168 2430 5205 es
2453 5167 2517 5205 ne
2542 5168 2568 5204 a
2600 5161 2649 5205 te
2679 5153 2934 5205 nomisma
2965 5169 3094 5207 auro
3121 5170 3303 5207 cusum

1766 5242 2157 5296 desiderarem?
2187 5240 2361 5292 Potuit
2399 5240 2654 5306 iacturam
2684 5241 2933 5306 sportula:
2960 5249 3133 5294 tacere
3159 5257 3306 5294 verc~

1766 5332 1951 5385 condia
1969 5347 2101 5384 mea.
2126 5331 2464 5391 Negationem
2478 5329 2650 5398 gaudii
2666 5344 2814 5409 amor
2834 5332 3000 5384 nescit
3016 5334 3304 5400 ignoscere.

1770 5422 2042 5485 Ettamen,
2068 5429 2121 5472 ut
2146 5434 2261 5473 sum
2288 5419 2494 5487 placido
2512 5421 2562 5470 in
2590 5419 2946 5481 meosanimo.
2967 5421 3306 5486 spondeotihi

1771 5512 2133 5566 remissionem
2151 5511 2302 5577 hujus
2321 5507 2640 5572 ollensionis,
2657 5523 2771 5560 cum
2787 5508 2851 5559 de
2865 5520 3052 5574 nepote
3065 5522 3305 5580 suscepto

1776 5603 2102 5657 antevencris
2128 5601 2324 5659 scripto
2355 5600 2655 5652 nuntiorum
2685 5597 3032 5653 celeritatem.
3060 5600 3201 5652 Vale.
