3826 6404
457 475 558 534 2'59

1044 578 1253 632 EPQST.
1291 571 1426 631 ιΝιί

527 724 760 764 ιῖιιιιιςιτ
802 725 864 761 AD
917 723 1297 761 FLORENTISUI.
1355 721 1539 760 INCIPIT
1595 722 1643 759 IN
1692 721 1935 760 COIIUXE

560 793 842 831 I‘RATRIBUS
871 793 1116 830 IINERVIO
1141 817 1155 840 ,
1185 791 1435 829 PBOTADIO
1463 792 1526 828 ΕΤ
1555 790 1899 828 ηοιιεκτικο.

531 909 596 962 Et
627 920 795 962 veSIra
826 907 1105 961 concordia
1128 949 1142 971 ,
1174 915 1227 960 et
1252 922 1364 959 mea
1399 921 1489 974 per
1517 905 1616 958 hos
1635 905 1747 958 dies
1775 903 2006 956 imbecil—

464 997 583 1051 litas
610 998 752 1058 facit,
783 1007 837 1048 ut
867 1011 960 1049 vos
990 995 1144 1049 unius
1185 995 1390 1062 pagina:
1429 994 1742 1047 salutatione
1781 991 2002 1060 conjun-

451 1101 589 1153 gam.
640 1086 752 1138 Erit
796 1084 898 1137 hoc
939 1093 1029 1137 aut
1077 1082 1346 1150 probabile
1396 1097 1491 1150 pro
1531 1082 1800 1136 consortio
1846 1081 2000 1133 vestri

448 1177 643 1230 amoris
672 1215 688 1240 ,
734 1187 822 1227 aut
853 1173 1224 1242 ignoscendum
1255 1189 1351 1241 pro
1373 1183 1510 1227 statu
1539 1174 1807 1240 temporis.
1842 1171 2004 1224 )Esti-

451 1267 666 1320 mabitis
708 1267 852 1319 enim
888 1266 1076 1318 virium
1116 1272 1416 1317 nostrarum
1455 1263 1853 1332 fatigationem,
1880 1276 2000 1313 cum

449 1370 546 1408 vos
576 1355 627 1408 in
657 1353 1045 1421 subseriptione
1085 1353 1237 1406 istius
1275 1352 1512 1418 epistola:
1550 1351 1785 1418 precaria
1816 1363 2001 1403 manus

444 1446 689 1499 moverit.
712 1444 790 1498 Ad
817 1445 918 1500 hoc
949 1445 1038 1497 lilii
1059 1442 1224 1496 nostri
1254 1442 1485 1495 Nemesii
1511 1441 1592 1509 pia
1617 1441 1683 1495 ad
1715 1442 1880 1495 larem
1911 1455 2003 1508 pa-

443 1545 682 1603 tremque
708 1535 1031 1602 properatio,
1061 1535 1225 1602 magis
1249 1533 1684 1586 contestationem
1714 1532 1779 1586 de
1805 1549 1888 1585 me
1913 1547 1999 1584 so-

444 1627 634 1681 lemnis
676 1626 832 1679 officii
872 1640 1026 1694 quam
1073 1624 1480 1677 satisfactionem
1531 1622 1862 1676 desideravit.
1893 1621 1998 1674 lies

443 1716 695 1784 postuIat,
729 1723 782 1767 ut
808 1717 975 1766 salute
1009 1713 1241 1779 praefata,
1269 1712 1658 1765 florentissimae
1689 1709 1852 1763 indoli
1879 1711 1995 1776 ejus

435 1806 797 1867 testimonium
827 1809 1012 1857 teram.
1047 1804 1150 1856 Sed
1178 1818 1367 1855 vereor
1391 1819 1456 1855 ne
1487 1811 1755 1855 ostentare
1775 1816 1992 1868 operam

444 1911 616 1949 meam
655 1897 866 1955 videar;
890 1911 1006 1963 qu;e
1033 1896 1146 1960 plus
1166 1896 1342 1960 juveni
1374 1894 1628 1953 bonarum
1653 1893 1840 1944 artium
1870 1905 1996 1944 con-

449 1989 688 2053 tulisset,
727 1988 824 2040 nisi
865 1989 1123 2040 fraternus
1152 2001 1306 2039 casus
1337 1986 1581 2053 fregisset
1611 1998 1820 2038 cursum
1861 1984 1994 2037 duo-

443 2063 580 2131 rum.
607 2078 713 2130 Hoc
741 2088 913 2130 tamen
939 2078 1295 2130 sincerissima
1325 2076 1426 2129 fide
1447 2076 1703 2138 dixerim;
1736 2076 1990 2128 minutam

441 2168 651 2233 quidem
704 2168 769 2220 de
797 2170 963 2220 altero
1015 2179 1291 2235 parentum
1349 2165 1464 2234 ejus
1508 2165 1842 2228 felicitatem;
1897 2167 1989 2219 sed

443 2272 599 2324 posse
636 2257 792 2311 istum
833 2272 1047 2310 suorum
1089 2255 1280 2324 gaudio
1331 2270 1426 2322 pro
1475 2264 1694 2322 utroque
1723 2254 1988 2308 sufficere.

444 2345 641 2400 Valete.

1004 2433 1216 2488 EPIST.
1255 2432 1410 2487 LVII.
1485 2467 1488 2469 μ

553 2559 856 2599 δηιιλωυε
885 2559 1161 2613 ιιιιιειινιο,
1193 2557 1481 2609 PBOTADIO,
1515 2557 1859 2597 FLORENTINO.

511 2679 747 2747 Relegite
783 2681 917 2732 viam
945 2680 1260 2733 dissimulati
1290 2680 1542 2732 hactenus
1573 2682 1768 2734 moris.
1801 2694 1884 2732 me
1911 2680 1988 2730 of-

446 2769 681 2822 ficiorum
709 2769 1042 2822 famzliarinm
1086 2770 1345 2837 prtcsule,
1389 2769 1476 2836 qui
1512 2770 1653 2836 prior
1691 2770 1804 2835 rupi
1839 2783 1987 2822 Com-

437 2874 594 2911 mune
622 2859 837 2911 dictum.
864 2858 967 2911 Nec
990 2873 1082 2925 pro
1106 2872 1328 2911 numero
1356 2851 1532 2911 vestro
1562 2848 1810 2924 epistolas
1843 2863 1983 2923 peto,

435 2948 668 3016 quamvis
699 2949 833 3000 hanc
860 2947 1276 2999 vicissitudinem
1314 2947 1637 3013 singulorum
1683 2961 1830 2998 amor
1861 2946 1984 2998 mihi

438 3038 646 3090 debeat.
702 3039 897 3105 Magna:
937 3038 1279 3105 indulgentia?
1309 3052 1393 3091 res
1432 3047 1541 3099 est,
1569 3048 1624 3091 ut
1673 3037 1823 3092 fenus
1845 3038 1985 3106 quod

439 3129 588 3181 vobis
613 3131 754 3200 solus
784 3129 1034 3193 exhibeo,
1067 3129 1268 3182 alterna
1299 3129 1722 3183 remuneratione
1748 3129 1981 3182 solvatis.

440 3221 636 3274 Valete.

994 3309 1206 3364 EPIST.
1250 3310 1420 3363 LVIII.

886 3433 1189 3471 εῑηλωυε
1219 3433 1493 3471 ευηλιιο.

509 3549 722 3599 Annuos
748 3543 922 3612 gaudii
971 3543 1175 3596 fructus
1197 3558 1262 3596 ex
1293 3543 1483 3596 litteris
1511 3541 1681 3610 capio.
1706 3539 1855 3596 Hunc
1893 3557 1980 3593 re-

434 3635 598 3685 ditum
646 3626 1090 3705 ntitii,has_opes
1131 3631 1310 3698 pendit
1359 3631 1626 3696 Ilispania.
1673 3631 1848 3697 Itaque
1895 3631 1979 3684 ubi

437 3724 686 3789 pr0pulsa
719 3722 908 3788 hyeme
938 3727 1214 3787 patescunt
1234 3721 1441 3772 navium
1471 3721 1591 3784 vite,
1621 3720 1834 3787 paginas
1866 3729 1979 3771 tuas

436 3810 751 3863 commendo
778 3809 982 3870 ventis,
1024 3823 1154 3875 quas
1197 3807 1296 3860 iste
1332 3820 1502 3860 annus
1529 3806 1828 3882 frequentes
1864 3809 1978 3874 qui-

433 3902 582 3964 dem,
617 3914 759 3955 seras
787 3908 961 3952 tamen
993 3897 1184 3950 reddit.
1224 3894 1352 3948 Nam
1387 3896 1675 3949 decedebat
1699 3906 1979 3948 autumnus

432 4005 551 4041 cum
582 3987 822 4039 homines
861 3986 935 4038 tui
980 3984 1227 4037 Tiberina
1273 3985 1573 4050 tetigerunt.
1620 3983 1752 4036 Hinc
1787 3985 1977 4035 factum

430 4089 514 4132 est
548 4088 603 4132 ut
628 4079 886 4131 haererent
919 4075 1055 4144 apud
1087 4089 1182 4127 nos
1213 4075 1419 4128 defectu
1449 4074 1813 4142 navigationis.
1849 4074 1980 4128 Sua.-

432 4169 533 4222 deo
565 4167 719 4234 igitur
750 4181 931 4220 eorum
965 4180 1145 4218 moras
1172 4179 1267 4232 pro
1298 4147 1612 4232 tua'justitia
1637 4165 1759 4215 boni
1783 4176 1975 4215 consu-

433 4258 531 4310 las.
565 4256 813 4322 Quamvis
843 4256 987 4320 prins
1021 4254 1234 4305 nomine
1262 4267 1380 4305 meo
1407 4237 1558 4305 venia
1587 4250 1847 4318 poscenda
1873 4252 1974 4312 sit,

428 4345 566 4413 quod
596 4345 662 4396 de
679 4343 948 4395 curulibus
975 4343 1125 4409 equis
1147 4350 1391 4409 quatuor,
1415 4342 1589 4393 datum
1621 4340 1743 4392 mihi
1766 4354 1794 4391 a
1827 4349 1875 4392 te
1891 4340 1976 4405 jus

429 4434 702 4487 electionis
731 4433 1018 4485 omiserim.
1049 4430 1214 4483 Velim
1237 4430 1422 4483 credas
1453 4429 1587 4482 hanc
1610 4429 1972 4482 abstinentiam

430 4538 533 4575 non
563 4524 721 4576 IniSse
750 4521 963 4575 fastidii.
992 4521 1099 4574 Sed
1137 4526 1257 4588 quia
1294 4521 1493 4574 iullum
1517 4535 1697 4574 eorum
1718 4521 1842 4586 jugo
1866 4519 1976 4570 ala—

1604 474 1665 538 Q.
1709 471 2045 527 AURELIUS
2084 455 2522 526 svnnicnus.’

2027 580 2076 638 Α

3552 468 3653 529 ⁸2ιο

2689 573 2894 626 EI’IST.
2941 572 3072 627 LIX.

2566 675 2867 716 SYIIIACHUS
2906 677 3036 715 BUPB
3048 676 3188 714 λκιο.

2178 752 2302 806 Sum
2329 751 2538 819 quidem
2567 755 2827 807 sermonis
2856 754 2929 806 tui
2958 753 3150 806 nimius
3181 750 3462 820 ﬂagitator.
3483 754 3649 808 Sileno

2107 841 2162 892 tii
2191 841 2466 894 intervalla
2495 857 2598 896 non
2627 857 2814 911 arguo,
2843 843 2938 898 sed
2969 844 3211 912 suspicor
3238 844 3432 913 aliquid
3473 847 3650 899 amici-

2106 932 2191 983 tia:
2221 940 2417 984 nostrae
2440 946 2505 984 ex
2533 932 2748 1000 alloquii
2773 935 2989 987 raritate
3033 934 3326 999 decedere;
3371 935 3460 1004 qui
3489 936 3650 992 αἱοω

2105 1017 2156 1071 ἰη
2190 1020 2491 1086 pectoribus
2515 1021 2696 1075 sedem
2717 1023 3156 1093 essereligiouis,
3179 1025 3417 1079 levamen
3444 1025 3650 1079 deside-

2103 1111 2168 1162 rii
2195 1125 2258 1164 ex
2283 1126 2376 1165 ore
2405 1113 2692 1180 proﬁcisci.
2721 1113 2931 1168 Priores
2955 1115 3111 1183 igitur
3133 1116 3320 1169 littera:
3342 1131 3474 1170 mea:
3488 1119 3650 1185 magis

2102 1198 2419 1254 desiderium
2447 1202 2708 1256 sermonis
2752 1204 2854 1268 tui,
2884 1219 3038 1272 quam
3082 1205 3478 1272 castigationem
3525 1208 3645 1258 taei-

2105 1288 2372 1341 turnitat'rs
2401 1288 2694 1366 habuerunt
2724 1308 2738 1342 :
2767 1301 2818 1344 et
2866 1292 2983 1345 ideo
3007 1292 3382 1346 elaborandum
3413 1294 3508 1346 tibi
3550 1308 3645 1345 non

2101 1386 2203 1440 est,
2232 1388 2287 1431 ut
2315 1379 2442 1432 mihi
2471 1383 2665 1434 amoris
2687 1381 2760 1434 lui
2791 1382 2945 1435 fidem
2987 1382 3186 1436 facias:
3228 1398 3347 1436 nam
3379 1384 3452 1436 tui
3491 1384 3649 1436 animi

2099 1465 2168 1520 de
2187 1483 2307 1522 meo
2326 1483 2480 1523 sumo
2503 1470 2758 1538 judicium
2788 1488 2800 1523 :
2831 1473 3088 1540 siquidem
3116 1475 3292 1527 nullus
3312 1474 3487 1528 verior
3507 1475 3645 1528 csti-

2101 1565 2271 1610 mator
2298 1567 2380 1610 est
2400 1559 2554 1612 alieni
2574 1559 2788 1624 amoris,
2812 1575 2967 1628 quam
2989 1561 3075 1629 qui
3103 1561 3168 1615 de
3194 1577 3292 1616 suo
3307 1563 3646 1616 sumitexetn-

2101 1648 2261 1715 plum.
2294 1648 2385 1716 llis
2417 1650 2483 1700 ita
2533 1650 2742 1718 positis,
2794 1653 2915 1718 quia
2945 1653 2994 1703 in
3048 1668 3104 1705 re
3137 1662 3315 1719 aperta
3365 1655 3505 1721 piget
3533 1667 3650 1707 esse

2099 1737 2382 1805 prolixum,
2413 1738 2743 1807 designatum
2773 1740 2863 1792 tibi
2887 1739 2952 1792 ad
2978 1741 3231 1794 urbanam
3273 1753 3552 1806 pmturam
3586 1746 3646 1793 ti-

2099 1828 2222 1879 lium
2255 1844 2429 1883 meum
2463 1817 2668 1883 nun-tio.
2710 1830 2963 1900 Intelligis
2990 1832 3110 1898 quid
3141 1833 3240 1886 sibi
3271 1833 3370 1885 hoc
3399 1829 3647 1885 indicium

2025 1913 2071 1971 Β
2098 1919 2244 1971 velit.
2265 1919 2647 1989 Quadrigarnm
2693 1921 2952 1974 curulium
2988 1923 3236 1976 nobilitas
3281 1922 3643 1990 prmparauda.

2094 2006 2169 2060 Ac
2219 2009 2443 2075 pretium
2477 2010 2712 2076 proxima
2758 2010 2950 2065 abhinc
2996 2020 3176 2066 :rstate
3207 2012 3504 2074 mittemus,
3553 2013 3645 2065 sed

2091 2094 2198 2162 jam
2226 2100 2592 2152 necessitatem
2638 2109 2928 2167 praecurrat
2955 2101 3140 2154 electio
3178 2117 3193 2152 :
3250 2102 3467 2154 multum
3508 2102 3650 2155 enim

2097 2185 2233 2240 valet
2258 2188 2516 2261 ejusmodi
2574 2191 2626 2242 in
2667 2190 2826 2244 rebus
2856 2191 3060 2259 longior
3083 2179 3375 2259 diligentia.
3409 2192 3647 2259 Quapro-

2093 2284 2208 2341 pter
2230 2280 2526 2346 accingere,
2560 2288 2614 2332 ut
2638 2282 2974 2341 quaeetoriam
2999 2282 3260 2350 quondam
3288 2284 3375 2335 filii
3404 2285 3506 2337 mei
3537 2301 3645 2338 ma-

2090 2363 2468 2430 gnificentiam,
2502 2369 2583 2420 cui
2613 2384 2706 2435 per
2754 2377 2803 2423 te
2831 2369 3052 2446 illustris
3085 2370 3217 2422 fama
3259 2353 3478 2438 quaesita
3500 2411 3514 2435 ,
3562 2375 3648 2425 sc-'

2089 2453 2290 2506 cundus
2307 2455 2543 2530 ejusdem
2568 2466 2782 2526 superet
2805 2460 3162 2528 magistratus.
3190 2460 3354 2514 Verus
3378 2462 3649 2528 quinneet

2089 2544 2351 2599 maximus
2381 2546 2551 2600 laudis
2592 2549 2857 2616 profectus
2900 2531 3001 2614 est,
3046 2552 3252 2619 quoties
3299 2553 3648 2620 sequentibus

2093 2640 2271 2704 priora
2297 2641 2598 2696 vincuntur.
2630 2645 2773 2696 Vale.

2682 2734 2893 2786 EPIST.
2937 2734 3045 2786 LX.

2555 2833 2862 2875 SYIIACIIL‘S
2892 2837 3171 2877 ευριηιο.

2159 2903 2446 2961 Prteturam
2469 2906 2558 2962 filii
2592 2911 2719 2974 mei,
2752 2912 2793 2962 si
2823 2911 2932 2964 fors
2952 2911 3342 2980 dictumjuvet,
3373 2914 3645 2982 proximus

2089 3006 2259 3047 annus
2287 3007 2577 3064 exspectat.
2607 2999 2873 3066 Equorum
2919 3002 3045 3054 mihi
3097 3001 3354 3055 curulium
3396 3004 3642 3057 nobilitas

2088 3087 2431 3152 praeparanda
2457 3097 2554 3148 est,
2596 3089 2687 3142 tibi
2717 3091 2946 3143 curanda
2983 3107 2998 3144 :
3031 3101 3086 3144 ut
3126 3095 3503 3159 exspectationl
3549 3111 3637 3162 po.

2092 3175 2201 3241 puli
2229 3174 2464 3229 Romani
2483 3193 2598 3233 mea
2632 3183 2872 3247 pecunia,
2903 3191 2985 3257 tua
3013 3196 3140 3235 cura
3161 3185 3493 3251 respondeat.
3531 3187 3642 3238 IIoe

2012 3245 2054 3301 (ἶ
2089 3276 2174 3315 me
2197 3264 2401 3319 crebris
2432 3266 2619 3319 litteris
2657 3254 2954 3336 poStuIasse
2976 3272 3278 3324 meministi.
3319 3272 3468 3327 Nunc
3509 3276 3639 3326 mihi

2087 3353 2468 3436 admonitionis
2480 3357 2662 3423 verba,
2686 3373 2787 3410 non
2807 3358 3134 3426 repetitionis
3161 3359 3456 3415 adhibenda
3483 3373 3634 3415 sunt:

2060 3453 2138 3494 ‘et
2169 3452 2342 3496 tamen
2374 3445 2494 3498 cum
2524 3447 2765 3501 voluntas
2799 3449 2851 3511 in
2882 3463 2979 3502 nos
3003 3458 3088 3503 tua
3118 3451 3369 3504 ambitum
3418 3468 3522 3505 non
3555 3468 3637 3504 re-

2084 3534 2286 3600 quirat,
2328 3536 2380 3589 in
2419 3545 2623 3590 tantum
2671 3554 2756 3607 me
2805 3541 2979 3594 votiva
3022 3542 3306 3596 sollicitant
3348 3556 3404 3596 ut
3451 3546 3640 3596 anxias

2082 3628 2296 3682 auribus
2333 3631 2436 3684 tuis
2463 3641 2707 3700 tanquam
2745 3649 2910 3688 novus
2943 3637 3136 3702 petitor
3163 3639 3394 3704 ingeram
3430 3654 3634 3704 preces.

2087 3719 2358 3775 Vincenda
2376 3732 2455 3777 est
2486 3726 2625 3776 enim
2657 3725 2781 3778 mihi
2806 3726 2942 3779 fama
2973 3728 3355 3795 exemplorum,
3379 3743 3495 3796 quae
3518 3739 3635 3796 post

2081 3808 2410 3863 consttlarein
2437 3808 2848 3867 munificentiam
2880 3815 3070 3869 domus
3099 3826 3313 3881 nostrm,
3335 3825 3388 3869 et
3415 3817 3501 3870 filii
3526 3820 3635 3870 mei

2081 3899 2417 3964 quzestoriam
2441 3901 2929 3965 functioncmmihil
2954 3903 3020 3957 de
3049 3906 3197 3957 nobis
3224 3906 3490 3958 mediocre
3519 3920 3614 3971 pro

2083 3987 2258 4040 mittit.
2279 3987 2400 4041 [late
2423 3988 2576 4055 igitur
2594 3975 2856 4056 petitionis
2872 3998 3070 4045 summa
3097 4004 3196 4059 est,
3224 4003 3282 4047 ut
3296 4009 3377 4047 me
3405 3994 3632 4062 diligen-

2082 4075 2149 4128 tia
2174 4082 2258 4126 tua
2289 4077 2569 4143 prmteritte
2597 4077 2774 4146 gloria:
2802 4094 2980 4145 parem
3000 4064 3184 4134 faciat.
3219 4083 3388 4136 Pretia
3421 4100 3515 4150 pro
3543 4096 3634 4137 tua

2081 4168 2327 4233 aequitate
2355 4167 2676 4221 numeranda
2706 4168 2994 4222 familiares
3009 4172 3109 4223 mei
3139 4171 3506 4226 incunctanter
3533 4190 3631 4225 ex-

2080 4256 2306 4308 solvent.
2330 4255 2426 4308 Tui
2453 4257 2693 4309 beneficii
2716 4258 2836 4319 erit,
2866 4267 2921 4310 ut
2947 4258 3196 4326 quidquid
3221 4259 3284 4311 ad
3307 4262 3486 4330 curule
3514 4277 3632 4314 εει-ο

2081 4352 2252 4397 tamen
2275 4359 2584 4412 generosum
2607 4346 2772 4414 gignit
2792 4345 3058 4414 Hispania,
3082 4348 3162 4399 vel
3186 4349 3343 4400 domo
3370 4350 3629 4415 prxeheas,

2079 4433 2162 4486 vel
2192 4435 2259 4486 de
2284 4435 2506 4486 aliorum
2535 4435 2783 4501 gregibus
2809 4449 3079 4500 excerpas.
3103 4437 3215 4489 Non
3264 4452 3448 4490 vereor
3489 4438 3634 4490 inter

2083 4522 2194 4575 haec
2241 4536 2308 4575 ne
2336 4537 2420 4579 me
2467 4532 2798 4589 appetentem
2844 4522 3062 4590 plebeia:
3112 4525 3279 4579 laudis
3331 4529 3633 4579 existimes.

426 4629 571 4668 crem
600 4656 615 4679 ,
649 4613 733 4667 vel
772 4613 931 4667 dorso
956 4611 1135 4664 mitem
1169 4611 1411 4677 proba‘vi,
1447 4612 1593 4678 optio
1623 4609 1826 4662 meritis
1870 4623 1974 4660 non
2003 4585 2057 4643 D
2079 4607 2195 4661 Scis
2219 4611 2360 4662 enim
2391 4624 2488 4677 pro
2503 4585 2600 4661 tua
2643 4585 2900 4677 sapientia
2927 4627 3127 4678 magna:
3158 4615 3302 4667 urbis
3343 4617 3629 4683 magis”:-

329 4753 334 4756 .
427 4707 650 4759 excitata
695 4704 854 4756 C85?“
884 4717 915 4755 e
957 4717 1016 4755 re
1056 4711 1198 4754 nata.
1237 4701 1600 4768 Opportunum
1630 4699 1835 4751 videtur
1857 4698 1976 4751 dili-

428 4794 660 4860 gentiam
689 4801 830 4843 tuam
862 4790 1102 4857 precibus
1133 4789 1332 4842 ambire
1360 4829 1375 4852 ,
1407 4799 1460 4839 ut
1490 4788 1540 4839 in
1563 4788 1857 4854 praetoriam
1887 4787 1977 4840 filii

429 4881 534 4934 mei
577 4881 895 4933 fouetionem
922 4878 1044 4931 visu
1084 4888 1139 4931 et
1177 4892 1333 4930 cursu
1366 4877 1566 4930 nobiles
1597 4888 1972 4944 praeparentur.

429 4971 646 5024 Gemina
668 4977 791 5021 ante
816 4968 915 5020 hac
942 4966 1187 5020 editionis
1207 4965 1519 5017 claritudine
1540 4965 1593 5015 in
1620 4979 1681 5016 os
1708 4965 1973 5016 hominum

429 5060 685 5111 venimus.
724 5056 1159 5111 Satisfacieudum
1191 5055 1394 5110 videtur
1423 5054 1830 5119 exspectationi,
1855 5068 1969 5118 qua:

427 5148 596 5202 'crevit
623 5147 897 5212 exemplis.
926 5144 1099 5206 Quare
1123 5143 1288 5194 amori
1308 5152 1394 5193 tuo
1419 5141 1584 5193 laudis
1614 5149 1807 5193 nostra:
1827 5155 1968 5192 com-

428 5235 620 5288 mendo
647 5249 856 5287 oausam
874 5273 889 5297 ,
932 5248 1045 5301 qua;
1074 5232 1340 5299 paulisper
1372 5244 1653 5282 censuram
1677 5231 1797 5282 vita:
1827 5240 1925 5282 tum
1949 5271 1964 5294 ,

429 5326 839 5393 gravitatemque
873 5323 1030 5374 animi
1054 5327 1118 5374 ad
1148 5321 1421 5388 populares
1449 5333 1602 5374 aures
1629 5319 1786 5373 debet
1822 5321 1970 5372 infle-

425 5424 591 5476 ctere,
609 5413 767 5465 domn
792 5411 1014 5479 pretium
1036 5409 1414 5478 apportabitur,
1435 5420 1524 5462 tuo
1550 5410 1800 5464 arbitratu
1822 5410 1969 5462 nobi-

430 5505 555 5555 lium
595 5503 963 5571 quadrigarum
1005 5500 1234 5553 dominis
1282 5499 1630 5552 inferendum.
1683 5498 1856 5550 Solam
1901 5499 1966 5550 de

424 5594 650 5650 amicitia
695 5601 778 5643 tua
817 5589 1094 5662 electionis
1130 5603 1312 5641 curam
1355 5589 1584 5654 requiro.
1617 5588 1773 5640 Facto
1815 5588 1965 5640 facile

424 5689 527 5746 est,
556 5695 672 5734 cum
695 5685 762 5732 sit
790 5679 936 5732 dives
955 5675 1348 5745 equinipecoris
1375 5675 1644 5742 Hispania,
1675 5684 1725 5727 et
1745 5689 1962 5741 magnus

424 5776 636 5834 gregum
666 5781 913 5822 numerus
940 5766 1140 5834 cupiam
1173 5762 1677 5829 prsstet'examini.
1711 5762 1854 5818 Vale.

2079 4698 2215 4752 tibus
2237 4709 2488 4767 angustos
2514 4701 2717 4752 animos
2738 4716 2838 4753 non
2869 4702 3174 4754 convenire.
3199 4704 3306 4756 IIoc
3326 4707 3482 4758 etiam
3499 4708 3537 4757 Τ
3543 4710 3631 4757 nl—

2077 4791 2176 4843 Iius
2207 4800 2325 4842 tuus
2341 4792 2597 4858 pracipit,
2614 4790 2792 4843 luxum
2823 4792 2873 4844 in
2894 4793 3106 4858 privatis
3131 4777 3352 4861 negotiis
3372 4810 3633 4862 arguens,

2077 4880 2128 4931 in
2160 4879 2380 4946 publicis
2411 4877 2850 4944 magnificentiam
2895 4881 3142 4946 probans.
3172 4881 3346 4946 Quare
3383 4899 3443 4935 ex
3476 4897 3630 4933 smu-

2076 4967 2176 5037 mis_
2204 4967 2388 5032 opibus
2419 4966 2539 5032 juva
2576 4967 2794 5019 Romani
2826 4969 2947 5020 anni
2992 4972 3287 5034 speciosum
3340 4971 3568 5022 colorem
3612 4988 3628 5030 ;

2074 5067 2322 5107 venturus
2353 5055 2402 5107 in
2432 5066 2631 5121 partem
2665 5056 2932 5121 popularis
2959 5054 3169 5117 favoris,
3198 5056 3242 5106 si
3264 5057 3414 5108 nobis
3436 5073 3496 5108 ex
3528 5066 3632 5109 tuo

2073 5141 2327 5195 beneficio
2349 5142 2607 5217 celebrior
2636 5143 2769 5192 fama
2798 5143 3122 5207 provenerit.
3155 5144 3301 5196 Vale.

2662 5231 2873 5282 EPIS'I’.
2915 5227 3044 5282 LXI.

2531 5333 2832 5372 SYIIACHUS
2872 5335 3146 5370 EUPIIAXIO.

2136 5411 2390 5464 Tuentius
2423 5421 2538 5461 tuus
2579 5411 2630 5461 in
2654 5409 2905 5464 utramvis
2933 5422 3113 5462 aurem
3152 5420 3392 5458 somnum
3429 5420 3629 5470 capes-

2066 5509 2167 5553 sat.
2191 5498 2329 5551 Nihil
2345 5498 2482 5551 enim
2499 5511 2679 5564 magna
2699 5495 2921 5562 dignitas
2941 5509 2969 5546 a
2994 5507 3220 5561 paupere
3234 5493 3380 5558 petit.
3400 5493 3476 5546 Sit
3500 5492 3635 5544 f0r-'

2066 5596 2204 5640 tasse
2232 5585 2494 5653 plerisque
2524 5583 2633 5650 ipsa
2656 5584 2827 5650 inepia
2852 5584 3056 5650 gravis:
3082 5581 3238 5632 habet
3262 5589 3431 5634 tamen
3453 5580 3628 5634 alieni

2065 5669 2240 5727 oneris
2262 5672 2642 5738 exceptionem.
2673 5670 2871 5733 Adjice,
2904 5669 2947 5720 si
2978 5669 3169 5735 placet,
3201 5667 3467 5721 securitati
3492 5665 3634 5732 ejus

2063 5761 2342 5817 sacerdotii
2364 5760 2716 5827 privilegium,
2751 5767 2802 5812 et
2825 5758 2978 5810 unius
3027 5756 3254 5815 hominis
3283 5754 3631 5810 munimenta
