3826 6306
140 491 223 545 sit
1304 485 1769 567 EPISTULARUM
1811 487 2005 545 LIBER
2048 493 2124 546 Iv.
2552 443 2554 446 r
2778 502 2785 508 ·
3202 503 3304 560 ειη

142 599 431 665 multiplicia.
461 599 581 653 Mihi
610 599 817 654 videtur
862 600 1081 655 validior
1107 614 1227 655 esse
1268 601 1514 654 omnibus
1550 616 1637 649 va-
1667 602 1717 657 Α
1746 600 1876 653 rium
1908 604 1970 655 ad
1993 605 2218 659 secunda
2255 608 2606 675 progreditur,
2648 611 2691 661 si
2736 611 2905 674 priora
2956 612 3292 678 displiceant.

140 690 371 742 Cationom
404 689 646 742 remediis
670 690 918 745 exhausta
942 691 1165 744 fortuna.
1200 690 1305 745 Sed
1348 691 1504 743 velim
1546 705 1615 744 no
1751 691 1863 745 Misi
1891 694 2044 761 igitur
2063 712 2127 748 ex
2150 699 2526 751 recentioribus
2558 714 2777 751 numero
2798 701 3047 767 quinque,
3077 720 3297 769 quarum

142 777 258 828 veris
277 779 570 853 quarsitores
595 778 763 846 gleba:
790 782 1069 833 senatoria:
1094 781 1337 849 protinus
1363 780 1641 845 aluturos,
1746 782 1835 833 uni
1862 782 1970 849 jam
1993 784 2232 839 fiduciam
2264 786 2388 840 fecit
2424 787 2657 854 publicus
2688 790 2858 841 favor.
2890 790 2991 842 Sed
3030 802 3145 857 post
3183 809 3301 845 scn-

140 868 517 934 sperandamque
545 866 759 922 Tuentii
789 871 992 923 veniam
1024 870 1353 939 pleniorem,
1397 871 1443 924 si
1487 869 1643 924 fidem
1748 856 1961 926 tentiam
1996 878 2176 941 gentis
2210 886 2420 946 togatae,
2463 878 2636 931 adhuc
2687 856 3077 944 exspectatione
3118 882 3297 947 judicii

141 958 425 1024 paupertatis
449 958 561 1025 ejus
586 961 877 1027 exploratio
900 970 1065 1014 ratam
1100 962 1303 1017 fecerit.
1333 963 1534 1017 Interea
1566 974 1647 1015 tu-
1748 964 1818 1015 tui
1843 963 2066 1030 pendeo,
2096 967 2235 1034 quod
2270 968 2391 1021 volo
2414 968 2619 1036 juratus
2647 971 2883 1032 emittas,
2906 971 3024 1037 quia
3049 971 3299 1023 convenit

140 1056 208 1097 tus
245 1046 487 1112 prioribus
536 1050 699 1117 gestis
747 1059 868 1117 agat
918 1052 1159 1105 liberum.
1201 1051 1340 1105 Nihil
1367 1053 1646 1106 novabitur
1746 1056 1929 1109 vinciri
1956 1056 2536 1119 sacramrntoﬁdem,si
2565 1059 2775 1126 quando
2800 1060 3024 1113 amicitia
3051 1060 3299 1128 iususpi-

139 1146 239 1203 post
294 1138 495 1191 illustris
546 1141 647 1195 viri
688 1140 877 1196 Felicis
934 1155 1033 1210 pro
1093 1143 1185 1196 illo
1234 1142 1641 1211 iudicationem;
1744 1145 1947 1199 cionem
1977 1147 2159 1215 gratia:
2190 1147 2411 1201 venerit.
2434 1148 2584 1201 Vale.

142 1226 271 1280 modo
294 1227 530 1314 allegatus
571 1229 770 1283 dudum
814 1232 1077 1287 senatoris
1122 1233 1391 1303 angustias
1440 1241 1646 1286 astruat
1707 1231 1721 1234 ﬂ
2323 1235 2533 1290 EPIST.
2568 1236 2719 1289 LXV.

136 1318 359 1371 rxaminis
383 1319 669 1388 diligentia.
718 1322 867 1377 Nunc
914 1324 1047 1380 mihi
1078 1326 1249 1379 amice
1287 1325 1644 1394 obiurgandus
2205 1338 2511 1380 SYIIACBUS
2548 1340 2824 1383 ECPRAXIO.

135 1422 199 1470 es,
226 1409 441 1475 quicum
469 1412 638 1464 vicina
667 1412 855 1468 itinera
893 1412 1287 1482 perstrinxeris,
1321 1413 1538 1469 ﬂectere
1573 1414 1641 1468 ad
1812 1410 2130 1465 Iamdudum
2182 1412 2233 1467 in
2285 1415 2677 1499 exspectatidpe
2741 1415 3037 1469 litterarum
3088 1425 3294 1471 tuarum

135 1511 214 1550 nos
238 1497 450 1553 habenas
475 1501 688 1572 longum
725 1505 942 1572 putasti.
984 1504 1225 1559 Dedisset
1252 1506 1496 1573 Hispania
1542 1506 1645 1559 Ro-
1743 1517 1909 1567 cram,
1940 1502 2171 1557 incertus
2198 1504 2357 1557 animi
2396 1502 2518 1573 quid
2547 1497 2647 1559 sibi
2685 1505 2838 1560 vellet
2866 1515 2970 1559 tam
3000 1508 3150 1575 longa
3180 1524 3295 1561 cos.

136 1602 217 1641 ιιι
242 1589 397 1656 posito
424 1605 586 1648 mora:
616 1596 847 1649 veniam.
876 1595 1031 1648 Novit
1050 1597 1191 1650 enim
1213 1597 1525 1650 submittere
1551 1597 1640 1651 de-
1744 1594 1898 1647 satio.
1931 1594 2035 1649 Sed
2070 1595 2154 1649 ubi
2185 1604 2483 1663 compotem
2512 1595 2800 1650 desiderati
2845 1599 3079 1651 muneris
3115 1599 3295 1653 reddi-

135 1678 297 1733 sideris
335 1695 421 1734 sua
454 1694 765 1740 cunctarum
817 1686 1210 1753 provinciarum
1257 1688 1480 1755 parenti.
1536 1687 1643 1742 Nec
1742 1681 1887 1745 disti,
1926 1696 2051 1736 cura
2087 1683 2243 1737 vertit
2272 1684 2323 1737 in
2369 1684 2633 1753 gaudium.
2692 1686 2753 1739 Et
2794 1701 2976 1739 revera
3008 1686 3077 1739 ita
3110 1697 3294 1741 natura

136 1767 193 1819 ita
220 1782 360 1823 avara
387 1779 467 1825 est
495 1784 552 1828 ut
580 1776 735 1829 nobis
762 1776 974 1845 propria
1011 1775 1145 1829 bona
1177 1776 1309 1830 nolit
1338 1777 1639 1831 ostendere.

1781 1778 1982 1823 aratum
2012 1784 2111 1835 est,
2144 1780 2200 1824 ιιι
2241 1773 2462 1840 expetiti
2492 1773 2580 1826 diu
2611 1772 2767 1826 officii
2797 1776 3009 1841 querela
3050 1776 3292 1840 decedat,

134 1857 502 1920 Quarefraudati
531 1856 833 1930 gratia'tui,
871 1867 1134 1920 secundos
1173 1865 1417 1919 amicitias
1446 1865 1641 1919 fructus
1682 1928 1705 1932 _
1745 1857 1788 1911 si
1820 1858 2081 1925 potiamur
2132 1868 2330 1927 optato.
2376 1860 2516 1930 Ergo
2554 1876 2744 1928 magno
2784 1863 3019 1931 impensu
3060 1867 3294 1932 gratulor

133 1946 286 1999 sedulo
312 1928 657 2014 postulamus,
682 1963 740 2005 ut
765 1928 972 2021 quoties
1012 1955 1120 2007 fors
1166 1954 1367 2021 copiam
1416 1954 1620 2009 dederit
1676 1928 1717 1986 Β
1744 1948 2057 2016 integratum
2092 1951 2218 2004 mihi
2246 1966 2363 2005 esse
2396 1928 2583 2021 pignus
2609 1928 2894 2021 religionis.
2924 1928 3204 2007 Prmstabis
3229 1971 3295 2009 ne

135 2039 331 2106 legamus
350 2042 521 2096 saltim
550 2044 644 2112 qui
665 2044 846 2097 videre
884 2044 1181 2097 maluimus.
1216 2044 1361 2097 Vale.
1744 2037 1897 2103 hujus
1943 2038 2205 2106 opinionis
2250 2038 2446 2093 frustra
2489 2041 2609 2104 sim,
2655 2057 2775 2095 cum
2827 2042 3146 2111 diligentiam
3192 2046 3294 2098 mei

670 2132 883 2187 EPIST.
924 2132 1080 2186 LXII.
1740 2126 1989 2180 continuo
2012 2143 2194 2182 amore
2222 2130 2539 2183 servaveris.
2574 2129 2719 2183 Vale.

542 2238 847 2282 STIIACBUS
890 2238 1176 2278 sursum.
1454 2208 1457 2209 ⁷
2288 2220 2501 2275 EPIST.
2557 2220 2736 2276 LXVI.

186 2314 243 2369 Et
281 2318 493 2371 amicitia
545 2327 723 2369 nostra
774 2315 829 2368 in
868 2328 962 2368 ore
991 2312 1279 2366 multorum
1304 2320 1417 2376 est,
1446 2320 1498 2366 et
1527 2312 1641 2367 laus
2089 2378 2092 2382 Α
2229 2327 2530 2366 εηιιιοηυε
2569 2326 2825 2365 susmarn.

130 2418 345 2473 eqitorum
381 2418 592 2463 tuorum
636 2406 915 2475 longinqua
952 2403 1265 2473 penetravit.
1309 2404 1443 2458 Hinc
1487 2405 1546 2457 fit
1585 2413 1643 2458 ut
1814 2400 2008 2455 Videro
2032 2400 2153 2471 quid
2175 2401 2371 2469 iustitia
2403 2411 2723 2469 temporum,
2746 2401 2867 2466 quid
2898 2414 3069 2454 causa
3096 2411 3289 2456 nostra:

130 2512 219 2551 sua
236 2499 436 2567 quisque
471 2500 665 2576 patria:
703 2496 1040 2565 magistratus
1068 2510 1199 2553 mea:
1226 2494 1641 2550 commendatio-
1741 2490 1970 2555 bonitas,
1999 2492 2123 2560 quid
2154 2507 2277 2546 cura
2309 2502 2417 2558 tua,
2440 2494 2486 2546 si
2516 2502 2689 2546 tamen
2720 2494 2809 2546 tibi
2838 2493 2982 2546 cordi
3003 2508 3142 2557 sum,
3172 2495 3286 2549 effi-

130 2587 197 2639 nis
220 2601 355 2654 opem
380 2588 636 2657 postulet,
658 2600 875 2656 gregum
902 2593 1113 2638 tuorum
1140 2584 1277 2637 fama
1305 2584 1533 2638 illectus.
1564 2583 1639 2637 Ea
1742 2596 1865 2636 cere
1904 2584 2090 2648 possit.
2114 2583 2225 2651 Ego
2253 2582 2306 2637 in
2336 2584 2498 2637 fratre
2526 2600 2645 2637 meo
2675 2585 2905 2638 Eusebio
2936 2584 2997 2638 V.
3025 2585 3084 2639 ο.
3110 2596 3289 2641 votum

132 2680 310 2745 [mplet‘
332 2688 621 2733 summates
646 2676 1080 2731 Antiochensium
1111 2673 1351 2735 missiad
1395 2689 1638 2729 mercan-
1740 2674 1933 2726 servati
1962 2672 2123 2727 circa
2149 2687 2248 2727 nos
2301 2673 2673 2727 moderaminis
2718 2674 3025 2740 amplector,
3072 2674 3289 2744 ejusque

127 2766 204 2819 das
221 2769 494 2839 quadrigas,
514 2770 688 2838 juvari
714 2767 856 2835 apud
888 2777 939 2821 te
967 2764 1229 2819 sermonis
1255 2766 1421 2818 nostri
1454 2765 1637 2818 conci-
1740 2764 2053 2830 probitatem
2082 2775 2260 2820 mente
2299 2764 2437 2831 colo,
2460 2779 2707 2818 sermone
2742 2764 3076 2819 commendo.
3108 2764 3174 2817 Et
3198 2765 3290 2819 ille

128 2855 308 2911 liatione
327 2860 629 2913 voluerunt.
651 2861 862 2922 Annae,
879 2871 1079 2925 qua-so,
1105 2855 1317 2924 longum
1336 2856 1641 2923 peregrina-
1718 2854 2009 2908 'licetboni
2039 2839 2294 2924 propositi
2342 2857 2619 2925 prmmium
2666 2872 2767 2910 non
2804 2856 3065 2924 requirat;
3112 2866 3286 2912 tamen

126 2946 196 3008 tis,
221 2957 265 2999 et
287 2948 581 3014 electionis,
613 2958 667 3001 et
688 2948 842 3015 pretii
868 2946 1061 3017 justam
1089 2945 1497 3014 benignitatem;
1520 2960 1638 3012 qua:
1739 2943 2014 2997 honestam
2052 2946 2209 2999 vitam
2240 2946 2306 2998 de
2347 2956 2434 2998 tua
2455 2946 2682 2998 amicitia
2721 2957 2964 3014 Optamus
2991 2946 3283 3001 exsolvere.

125 3035 327 3093 homines
360 3040 662 3108 opinionem
692 3038 942 3092 blandam
971 3046 1211 3101 secutos,
1243 3037 1312 3089 de
1341 3046 1431 3089 tuo
1461 3036 1637 3091 studio
1738 3034 1950 3088 Ft-ceris
1972 3035 2125 3103 igitur
2143 3050 2253 3087 rem
2273 3044 2375 3087 tam
2404 3050 2535 3089 mea:
2551 3036 2801 3089 voluntati
2818 3048 3107 3104 acceptam,
3133 3052 3287 3104 quam

122 3139 310 3197 meoque
329 3132 516 3185 merito
544 3143 729 3183 verum
754 3142 998 3196 sperasse
1021 3111 1322 3182 confirmet.
1357 3124 1504 3180 Vale.
1736 3125 1842 3178 tuis
1882 3126 2116 3179 moribus
2144 3134 2589 3183 consentaneam:
2616 3127 2659 3178 si
2682 3127 2919 3180 advertat
2947 3130 3025 3179 vir
3054 3128 3279 3195 pruden-

642 3218 857 3275 EPlS’I‘.
900 3218 1079 3275 LXIII.
1229 3200 1231 3203 1
1660 3261 1702 3282 η
1738 3213 1970 3267 tissimus
2010 3214 2257 3282 quidquid
2298 3214 2425 3267 mihi
2455 3216 2655 3280 tribuit,
2683 3215 2731 3267 id
2761 3231 2818 3269 se
2855 3218 3088 3268 omnium
3119 3218 3281 3271 bono-

642 3261 857 3275 ..η-ν..
900 3261 1079 3275 ........
1741 3261 1967 3267 ---ν-η-
2013 3261 2257 3282 την.-

542 3326 847 3366 svuucuus
889 3323 1166 3363 cornuto.
1658 3261 1705 3322 c
1737 3317 1853 3356 rum
1883 3304 2062 3373 gratia:
2086 3304 2358 3357 detulisse.
2390 3304 2533 3358 Vale.

171 3392 342 3448 Fas‘sit
367 3396 548 3451 dicere
571 3413 586 3449 :
617 3409 873 3464 equorum
900 3396 1161 3448 curulium
1185 3393 1337 3459 capia
1367 3408 1473 3446 non
1504 3406 1633 3459 ege-
1812 3384 1837 3398 “
2294 3394 2506 3447 EPIST.
2534 3396 2737 3447 LXVII.

117 3496 236 3544 mus.
261 3486 345 3539 sed
385 3486 572 3541 incitat
615 3499 715 3539 nos
757 3496 1003 3554 praetura:
1036 3499 1181 3538 mora
1209 3484 1275 3537 ad
1307 3484 1629 3539 desiderium
2214 3501 2517 3540 svuncnus
2543 3502 2798 3541 EUSIGNIO.

113 3575 312 3630 muneris
348 3577 609 3647 largioris.
664 3576 724 3632 Si
760 3590 888 3645 ergo
928 3576 1097 3630 dulcis
1142 3585 1226 3629 est
1266 3577 1365 3646 (ut
1397 3576 1628 3644 assolet)
1800 3578 1865 3632 Et
1887 3587 2181 3645 temporum
2199 3578 2492 3633 clementim
2512 3581 2774 3648 congruit,
2803 3589 2855 3632 et
2878 3582 3284 3651 sanctoingenin

111 3665 308 3718 mandati
335 3654 438 3721 mei
464 3667 738 3721 exsecutio
760 3705 777 3731 ,
806 3676 1032 3734 quatuor
1055 3679 1119 3719 ex
1143 3680 1302 3734 grege
1341 3664 1631 3718 Landacia-
1728 3676 1818 3721 tuo
1852 3668 2110 3720 familiare
2138 3677 2225 3721 est
2258 3671 2375 3735 opis
2404 3668 2608 3736 indigos
2660 3669 2955 3721 sublevare.
2993 3671 3123 3725 llinc
3152 3674 3283 3726 mihi

109 3766 268 3807 norum
295 3756 591 3824 quadrigas,
621 3768 753 3823 quas
780 3764 867 3807 tua
915 3754 1139 3810 deﬂoret
1178 3747 1393 3819 eledtio,
1440 3754 1505 3808 ad
1541 3770 1627 3811 me
1728 3756 1912 3809 fiducia
1944 3757 2157 3809 suborta
2185 3766 2266 3809 est
2297 3771 2391 3825 pro
2413 3756 2574 3810 fratre
2608 3764 2786 3809 no~tro
2826 3758 3134 3812 Stehiinatio
3163 3774 3291 3828 sups

106 3852 213 3907 opto
237 3844 436 3909 deduci,
468 3861 588 3899 cum
618 3845 847 3913 primum
872 3858 1017 3898 mare
1042 3847 1304 3914 navigatio
1329 3861 1490 3900 verna
1525 3861 1627 3915 pa-
1726 3847 1975 3917 plicandi,
2003 3848 2085 3901 cui
2116 3847 2311 3901 dudum
2339 3858 2523 3901 cuncta
2546 3838 2783 3915 dempsit
2815 3847 3006 3900 invidia
3034 3848 3278 3915 fortunae,

106 3934 329 3988 lefecerit.
358 3936 468 4004 Ego
496 3936 724 4005 pretium
765 3937 905 4004 quod
939 3937 1261 4005 signaverint
1299 3938 1487 3993 littera:
1522 3947 1625 3991 tum
1726 3947 1919 4007 prteter
1946 3952 2178 3991 amorem
2204 3938 2481 3990 bonorum.
2506 3936 2684 4003 Neque
2698 3938 2837 3988 enim
2866 3946 3035 4003 poteSt
3063 3938 3277 4006 ambigi,

104 4021 147 4074 iu
173 4040 269 4078 rem
296 4028 463 4081 mis~is
484 4026 859 4085 remunerabo.
888 4028 1199 4095 Quanquam
1229 4028 1327 4082 hoc
1358 4028 1621 4095 spondere
1724 4027 1849 4096 quid
1870 4028 1938 4080 de
1961 4028 2161 4094 optimo
2180 4035 2388 4093 qucque
2419 4034 2703 4085 mereatur,
2736 4025 2822 4091 qui
2880 4040 3046 4092 nuper
3072 4038 3101 4076 a
3138 4029 3280 4092 prin-

102 4117 396 4182 noudebui,
422 4118 543 4187 quia
576 4117 707 4171 fides
736 4117 986 4171 amicitias
1015 4120 1368 4187 syngrapham
1401 4132 1506 4172 non
1537 4134 1624 4171 re-
1723 4118 1928 4184 cipibus
1953 4116 2184 4180 invictis,
2212 4130 2275 4169 ne
2304 4112 2400 4183 per
2424 4114 2798 4183 indulgentiam
2829 4114 3163 4179 liberaretur,
3194 4130 3276 4169 ac-

99 4202 253 4267 quirit.
290 4206 460 4261 Credo
501 4206 714 4261 mireris
762 4222 858 4262 cur
905 4222 1010 4261 non
1056 4209 1232 4277 potius
1272 4208 1339 4263 de
1372 4207 1621 4278 gregibus
1722 4208 1857 4261 citus
1876 4214 1987 4261 est:
2014 4206 2284 4273 magisque
2313 4205 2533 4268 honore,
2567 4218 2723 4271 quam
2754 4205 2909 4257 venia
2935 4203 3098 4256 fatum
3134 4205 3280 4257 triste
3318 4200 3322 4203 “

102 4291 188 4344 tuis
222 4298 499 4362 postulem.
550 4297 641 4363 qui
682 4298 982 4365 potissimos
1024 4298 1299 4353 [berorum
1343 4300 1617 4354 nobilitate
1722 4297 1975 4357 mutavit,
2024 4310 2120 4349 nec
2168 4303 2273 4347 tam
2326 4302 2538 4361 ereptus
2584 4300 2665 4346 est
2711 4308 2866 4361 quam
2922 4292 3275 4347 desideratus.

99 4382 407 4447 ptumum.
449 4386 740 4451 Fastidium
780 4388 1057 4443 uniformis
1085 4392 1376 4457 spectaculi
1422 4392 1620 4460 patitur
1721 4386 1873 4441 Unde
1901 4400 2022 4453 spes
2043 4395 2187 4439 certa
2215 4384 2293 4449 fit,
2315 4384 2477 4437 etiam
2501 4383 2789 4450 principem
2807 4391 3043 4435 nostrum
3068 4382 3281 4437 lenitate

98 4472 278 4540 civitas,
291 4478 433 4545 cujus
446 4479 667 4533 satietas
687 4478 818 4532 mihi
835 4479 1353 4535 varietatevincenda
1377 4482 1618 4537 διεῖπε
1718 4476 2099 4540 venerabilem,
2124 4476 2252 4543 justi
2283 4476 2552 4543 parentis,
2584 4482 2640 4528 et
2674 4474 2745 4541 pii
2784 4473 2961 4527 fratris
3008 4478 3276 4542 exempto,

96 4562 236 4617 modo
258 4565 529 4635 diligentia
555 4569 628 4621 sit
664 4567 919 4622 adhibere
942 4568 1222 4636 judicium,
1252 4578 1306 4624 et
1332 4586 1397 4624 ex
1426 4571 1616 4627 alienis
1640 4601 1698 4662 Β
1719 4570 2044 4638 supplemata
2072 4568 2289 4623 meliora
2320 4566 2545 4620 fortuna:
2588 4566 2861 4631 daturum,
2893 4567 2939 4620 si
2985 4566 3143 4620 modo
3188 4576 3279 4621 ve-

97 4652 290 4709 nabulis
316 4670 522 4726 cquare
544 4656 753 4711 laudem
777 4666 1008 4711 tuorum.
1040 4659 1168 4713 Nam
1195 4674 1314 4714 cum
1346 4674 1434 4714 res
1461 4662 1615 4715 amici
1640 4652 1690 4662 ”
1724 4672 1830 4715 stra
1860 4658 2142 4715 insinuatio
2166 4659 2314 4724 juvet
2337 4656 2577 4712 exhausti
2609 4658 2871 4711 senatoris
2898 4667 3124 4710 oratum.
3167 4658 3277 4709 Duo

94 4740 247 4808 θείων
265 4784 279 4808 ,
306 4747 397 4800 bos
424 4762 638 4819 quoque
671 4747 913 4816 proprios
944 4748 1108 4804 debes
1133 4758 1318 4819 putare
1345 4764 1479 4820 quos
1502 4750 1617 4807 ele-
1695 4755 1861 4807 enim
1890 4752 2029 4806 factu
2058 4751 2251 4815 facilia,
2284 4749 2375 4803 sed
2402 4750 2468 4802 ad
2494 4749 2715 4817 gloriam
2750 4748 3049 4815 praestantis
3090 4762 3275 4816 magna

96 4831 236 4896 seris.
270 4836 409 4890 Vale.
1681 4842 1957 4911 -deposcit
1986 4860 1997 4893 :
2030 4841 2177 4897 reddi
2215 4841 2374 4895 curia:
2397 4839 2697 4892 testimonio
2722 4854 2894 4907 sacro,
2922 4846 2977 4893 et
2996 4852 3071 4893 rei
3089 4855 3273 4905 uperao

623 4918 835 4980 EPIST.
878 4927 1058 4983 LXIV.
1720 4933 1861 4985 tione
1876 4931 2066 4985 modici
2088 4930 2291 4998 argenti
2319 4930 2385 4983 ab
2405 4929 2579 4997 inopia
2601 4928 2880 4983 vindicari.
2900 4930 3022 4981 llme
3047 4939 3099 4980 ut
3130 4928 3275 4982 favor

518 5030 820 5071 svuacnus
864 5033 1136 5073 sursum.
1717 5033 1837 5077 tuus
1852 5023 2176 5091 aliorumque
2193 5022 2503 5089 optimatum
2525 5030 2579 5075 te
2592 5020 2915 5073 hortantium
2946 5032 3271 5085 promoveat,

155 5100 299 5159 Nemo
333 5121 557 5175 unquam
595 5118 868 5176 pervector
898 5120 1107 5164 tuorum
1150 5110 1356 5179 apicum
1414 5128 1609 5167 vacuus
1717 5116 1937 5170 interest
1958 5112 2081 5166 boni
2112 5112 2313 5175 saeculi,
2344 5113 2428 5163 cui
2458 5110 2663 5162 laudem
2712 5122 2997 5176 perennem
3028 5109 3107 5177 pia
3138 5108 3270 5163 fac'a

91 5190 300 5281 dualem
335 5196 566 5251 muneris
598 5196 666 5249 ad
696 5204 749 5252 te
773 5199 1092 5281 revertit,‘tu
1116 5190 1290 5255 tamen
1309 5202 1610 5271 infrequen-
1712 5204 2016 5257 conciliant.
2050 5201 2199 5254 Vale.

94 5280 202 5332 tiam
227 5284 367 5339 nobis
396 5286 525 5341 vitio
550 5285 720 5352 ducis,
745 5297 801 5340 et
821 5288 958 5343 ultro
977 5304 1158 5343 curam
1188 5299 1291 5344 tua:
1328 5291 1609 5345 assiduita-
2252 5291 2463 5346 EPIST.
2498 5291 2723 5345 LXVIII.

90 5370 151 5421 tis
168 5377 451 5442 exprobras.
478 5378 635 5445 Facis
661 5378 760 5433 hoc
782 5380 1068 5435 amantium
1099 5395 1266 5444 more,
1296 5382 1434 5451 apud
1471 5397 1604 5451 quos
2184 5395 2489 5436 svuucnos
2540 5396 2787 5433 susicxio.

89 5458 352 5521 “fﬁcium-
379 5470 585 5536 talinm,
614 5470 773 5523 etiam
788 5472 1238 5534 cumedundant,
1261 5472 1381 5527 sitis
1409 5489 1601 5544 magna
1784 5474 1997 5530 Etiamsi
2019 5472 2204 5543 petitio
2234 5471 2527 5525 domestica
2550 5480 2604 5523 et
2625 5470 2789 5523 amica
2820 5481 3073 5536 cessaret,
3100 5476 3281 5541 publi-‘

84 5558 180 5603 ¢~L
212 5551 310 5609 Nec
332 5565 527 5614 tantum
550 5559 802 5629 epistolas
831 5548 1421 5628 poscis,~oratiunculas
1464 5580 1602 5635 quo-
1706 5580 1801 5618 cus
1828 5567 1975 5634 vigor
2006 5564 2152 5631 justo
2195 5560 2461 5615 desiderio
2509 5560 2696 5613 deesse
2730 5574 2833 5613 non
2892 5571 3084 5628 posset.
3131 5562 3264 5627 Quid

90 5654 183 5705 QUO
203 5654 394 5702 nostra:
420 5666 522 5704 non
547 5652 719 5708 editas
751 5651 946 5707 deferri
973 5654 1027 5708 in
1055 5668 1239 5709 manus
1269 5666 1386 5710 tuas
1409 5659 1603 5724 praeci-
1706 5658 1846 5710 enim
1878 5668 1982 5709 tam
2006 5654 2258 5707 familiare
2280 5652 2517 5724 iustitia,
2544 5666 2699 5720 quam
2739 5660 2797 5719 ut
2833 5653 3265 5719 circumscriptor

92 5727 165 5795 Ρί⁸
194 5748 209 5786 ³
235 5749 341 5805 qua?
363 5747 685 5801 fetﬂdelur
717 5744 996 5799 ostendere
1025 5745 1151 5812 quid
1178 5746 1356 5814 iudicii
1398 5747 1603 5803 habeas
1706 5748 2014 5802 clarissima:
2045 5754 2097 5797 et
2120 5742 2638 5795 laudabilis-femina:
2675 5742 2905 5808 parentis
2936 5754 3087 5803 mere,
3114 5753 3262 5795 astu.

92 5818 152 5878 de
190 5824 263 5883 his
300 5844 431 5900 quas
454 5827 899 5903 nteLsumpsisti.
949 5834 1157 5892 Nullum
1208 5839 1353 5894 enim
1391 5839 1593 5898 deside
1708 5842 1792 5895 the
1820 5854 1927 5895 sua:
1957 5838 2189 5901 privetur
2211 5834 2427 5900 effecte.
2453 5848 2519 5888 ne
2548 5830 2840 5890 commodis
2870 5830 3055 5887 illudsi
3077 5831 3264 5885 aiicuis
3306 5904 3309 5907 ν
