3826 6344
595 699 697 751 9ιό

1749 718 1806 782 ρ.
1851 716 2180 770 AIIIIUJL'S
2220 716 2653 771 S\'.\I.\lAfllll}S.
3688 722 3775 773 GM

596 823 987 891 provincialium
1041 823 1376 890 patronorum
1416 823 1579 875 fretus
1630 823 1872 874 auxilio?
1905 824 2136 889 Quorum
2170 825 2216 878 Λ
2244 833 2505 874 amantem
2532 825 2601 874 tui
2622 824 2791 889 justus
2815 823 2963 874 dolor
2985 824 3292 878 odenderet.
3318 826 3427 877 Fuit
3457 821 3624 879 anteiit
3649 835 3774 884 niani

594 915 910 977 impudentia
947 914 1200 980 Compulit
1228 923 1284 964 ut
1315 923 1549 964 matrona
1594 915 1760 966 litium
1791 913 2039 981 fugitans,
2075 915 2137 966 ad

589 1003 835 1069 judicium
869 1003 1167 1067 pra-toriani
1199 1003 1441 1054 culminis
1473 1004 1794 1055 eonvolarct.
1839 1004 1940 1056 lies
1965 1014 2138 1058 autent

581 1094 644 1138 ne.
677 1105 781 1155 qua
811 1093 980 1156 agitur
1016 1091 1270 1154 ejusmodi
1311 1100 1409 1142 est.
1448 1093 1584 1145 Ante
1624 1093 1966 1159 paucissimos
1996 1109 2139 1145 men-

589 1183 784 1234 sesille
811 1199 838 1232 ιι
890 1195 1104 1247 parente
1150 1198 1264 1236 mea
1310 1184 1496 1236 horrea
1539 1184 1911 1251 Aquileiensia,
1951 1194 2004 1251 et
2034 1183 2136 1236 CF.

589 1285 801 1341 propter
839 1274 1272 1340 longinquitatem
1291 1274 1498 1328 itineris
1523 1275 1804 1342 incognita,
1842 1277 1984 1328 tenui
2003 1291 2140 1327 mer-

550 1365 713 1431 .rede
741 1365 1017 1422 conduxit;
1052 1373 1204 1430 atque
1255 1365 1336 1415 his
1390 1366 1458 1416 ita
1498 1366 1696 1416 abusus
1739 1374 1837 1423 est,
1880 1375 1932 1415 ut
1981 1377 2142 1424 parvo

589 1457 962 1520 licettempore
993 1455 1177 1506 iisdem
1220 1455 1350 1506 locis
1381 1454 1552 1507 labem
1611 1455 1854 1507 consulto
1899 1455 2141 1507 intuli~se

586 1546 808 1598 dicatur.
833 1547 977 1597 ltuuc
1002 1547 1084 1596 ubi
1117 1561 1258 1612 sa-pe
1287 1547 1552 1605 convenit,
1585 1555 1642 1598 ut
1669 1546 2020 1597 continetioue
2051 1544 2143 1597 de-

585 1637 795 1689 cederet
821 1675 837 1698 ,
874 1644 1177 1703 contemptu
1209 1636 1438 1687 hominis
1468 1647 1519 1690 et
1556 1637 1851 1689 interventu
1891 1651 2141 1703 quorum-

583 1728 703 1779 dam
737 1726 1037 1792 frequenter
1056 1729 1201 1780 elusa
1231 1737 1330 1780 cst.
1363 1727 1510 1780 Nunc
1539 1729 1651 1794 opis
1674 1728 1846 1796 indiga
1873 1729 2138 1796 geminum

586 1817 896 1869 beneficium
921 1817 1080 1869 vestri
1112 1817 1306 1870 favoris
1346 1827 1578 1885 exeptat.
1620 1817 1814 1878 Primo,
1847 1827 1899 1870 nt
1940 1813 2136 1884 impro-

586 1906 828 1958 ltissitutts
881 1907 1168 1973 inquilinus
1228 1907 1464 1959 locorum
1529 1909 1833 1961 detentione
1891 1910 2137 1976 pellatur.

587 1997 780 2048 Dehinc
809 1997 983 2048 habita
1017 1997 1357 2050 deterioratm
1391 1998 1466 2050 rei
1495 1999 1843 2051 mstimatione
1872 2008 2138 2065 sumptum

579 2093 733 2152 insue
766 2088 1162 2140 instauratiouis
1187 2100 1458 2155 agnoscat.
1488 2086 1619 2139 Cum
1675 2088 1827 2153 igitur
1867 2102 2011 2153 requa
2045 2103 2139 2152 po-

580 2193 806 2238 scamus,
843 2177 1004 2229 credo
1033 2179 1252 2230 confore
1288 2187 1340 2228 ιιι
1381 2193 1512 2228 mere
1546 2178 1780 2244 petitioni
1812 2187 1864 2230 et
1895 2179 2129 2230 unlitati-
2162 2162 2206 2218 Β

580 2268 677 2320 bus
705 2267 938 2334 parentis
967 2274 1114 2318 tavor
1143 2276 1320 2319 vester
1347 2267 1594 2319 arrideat.
1632 2267 1775 2320 Vale.

1141 2377 1350 2429 EPIST.
1390 2376 1572 2430 LXIX.

949 2517 964 2527 _
1050 2482 1348 2521 svunacut's
1388 2483 1641 2522 Et'smato.

652 2581 899 2652 Benigne,
927 2588 982 2630 ιιι
1005 2594 1116 2629 mos
1147 2589 1228 2632 est
1256 2579 1368 2640 tibi,
1400 2595 1671 2633 recursum
1700 2591 1936 2634 nostrum
1974 2583 2134 2634 misso

577 2670 880 2736 apparitore
903 2670 1106 2734 invidi,
1138 2684 1291 2736 quem
1324 2672 1707 2736 progressusad
1731 2673 2021 2736 Appennini
2045 2687 2132 2724 sn-

528 2786 538 2802 .
581 2759 789 2824 periura
823 2759 995 2810 dimisi
1032 2758 1241 2824 adjecto
1275 2760 1449 2811 ofﬁcio
1481 2761 1791 2823 litterarum,
1830 2773 1883 2813 nt
1913 2763 2131 2828 gratiam

577 2863 732 2910 quam
765 2848 920 2898 rebus
962 2862 1170 2913 a'qnarc
1218 2863 1319 2899 non
1375 2863 1606 2915 possum,
1644 2852 1819 2903 saltim
1851 2851 2130 2903 verborum

581 2937 779 2988 honore
817 2951 1180 3000 compensem.
1222 2937 1371 3002 Quod
1403 2947 1646 3004 superest
1691 2940 1895 3008 itineris
1921 2983 1934 3002 ,
1978 2955 2133 3006 spero

581 3028 793 3087 prmfata
823 3025 913 3078 Dei
951 3027 1101 3079 venia
1152 3029 1268 3080 sine
1315 3028 1492 3082 labore
1537 3031 1913 3096 pet-agendum.
1964 3032 2132 3083 Minus

577 3119 715 3168 enim
745 3115 962 3167 molesta
989 3124 1127 3180 sunt,
1162 3132 1277 3184 qua:
1307 3119 1644 3184 perveniendi
1670 3135 1815 3188 spem
1843 3121 2130 3188 proximam

580 3207 909 3272 pollicentur.
947 3205 1090 3259 Vale.
1501 3191 1511 3204 ’

1159 3296 1368 3350 EPIST.
1395 3295 1552 3350 LXX.

1056 3404 1356 3442 SVNIACBI'S
1386 3403 1640 3444 ECSIGNIO.

652 3481 948 3534 ltiscedenti
975 3481 1099 3532 mihi
1128 3495 1306 3532 curam
1333 3482 1507 3546 legare
1533 3480 1778 3547 dignatus
1798 3494 1855 3534 es
1882 3481 2125 3534 amicitiae
2153 3503 2200 3565 ρ

576 3581 978 3639 congruentem,
1007 3580 1062 3622 ut
1079 3573 1230 3621 fama:
1252 3579 1408 3637 atque
1433 3571 1632 3626 actibus
1663 3571 1766 3624 tuis
1783 3572 2124 3624 accommoda

582 3677 684 3714 non
708 3662 936 3714 silerem.
956 3658 1126 3712 Causa
1147 3660 1302 3728 igitur
1325 3659 1623 3726 postulante
1646 3659 1832 3730 fougor
1862 3661 2128 3727 iniunctis.

580 3752 746 3803 Video
767 3752 905 3802 enim
929 3750 1156 3801 basiiira:
1174 3749 1453 3817 pontisque
1474 3750 1732 3803 rationem
1756 3764 1899 3804 reete
1919 3753 2129 3820 quidem

583 3846 787 3895 Itonoso
807 3841 1092 3910 ‘praastidiali
1121 3843 1234 3893 viro
1265 3856 1384 3895 esse
1432 3842 1764 3896 mandatam:
1795 3845 1876 3895 cui
1917 3854 1969 3897 ct
1997 3844 2130 3912 vigi-

581 3935 735 3985 lantia
767 3944 1006 3996 superest
1031 3933 1096 3984 ad
1122 3933 1419 3986 limitandas
1458 3923 1678 3999 publicze
1705 3935 1925 3987 rationis
1948 3936 2128 3987 amba-

579 4040 690 4089 ges,
720 4031 773 4073 et
803 4023 932 4075 fides
962 4022 1026 4073 ad
1059 4023 1419 4090 persequenda
1457 4038 1574 4090 quae
1601 4038 1821 4076 examen
1855 4025 2129 4076 invenerit.

579 4115 682 4168 Sed
712 4128 899 4166 vereor
925 4127 991 4166 nc
1018 4112 1459 4166 ludificationibus
1494 4130 1575 4166 res
1601 4111 1831 4181 iniuncta
1859 4113 2129 4179 frigescat,

579 4206 877 4257 obluctante
909 4217 974 4254 eo
999 4217 1154 4268 quem
1185 4204 1384 4255 socium
1415 4203 1757 4256 discussionis
1788 4204 2006 4270 accepit.
2040 4205 2133 4256 Αι-

579 4308 680 4360 que
712 4293 829 4345 ideo
854 4293 988 4343 clam
1018 4300 1068 4344 te
1105 4305 1224 4344 esse
1257 4308 1358 4344 non
1393 4293 1582 4358 patior,
1613 4307 1678 4346 eo
1705 4307 1814 4345 rem
1847 4293 2032 4344 deduci
2077 4302 2134 4346 ut

581 4385 726 4436 labes
748 4397 932 4450 magna
954 4392 1256 4449 sumptuum
1305 4382 1634 4450 publicorum
1663 4383 1838 4435 studio
1881 4383 2132 4436 certami-

580 4475 662 4527 nis
682 4473 992 4526 obducatur.
1023 4471 1158 4537 Quid
1183 4472 1325 4525 enim
1355 4470 1455 4524 sibi
1487 4471 1597 4524 vult
1624 4473 1722 4524 ista
1752 4471 2053 4538 conjunctio
2082 4471 2131 4523 in

579 4582 640 4619 ea
695 4563 989 4633 pmsertim
1034 4561 1383 4624 discussione,
1418 4577 1534 4629 qua:
1578 4563 1747 4629 ipsum
1798 4562 2131 4630 qumsitorem

578 4654 783 4706 videtur
822 4652 1154 4719 astringere?
1191 4651 1365 4715 Quare
1398 4651 1519 4703 ltuic
1568 4659 1766 4703 tantum
1815 4653 1943 4718 parti
1985 4652 2133 4702 adhi-

580 4745 748 4798 benda
778 4745 1038 4797 correcuo
1077 4750 1180 4806 est,
1209 4750 1263 4795 et
1282 4741 1348 4794 ad
1384 4757 1544 4794 unum
1575 4755 1731 4810 quem
1771 4751 1956 4808 sponte
1986 4741 2133 4795 dele-

578 4840 740 4906 geris,
768 4835 1120 4903 inquisitionis
1141 4845 1345 4887 summa
1367 4834 1666 4898 referenda,
1697 4834 1916 4901 adjectis
1942 4845 2130 4887 vestra:
2161 4853 2207 4910 ι)

578 4928 920 4997 apparitionis
945 4925 1190 4990 auxiliis;
1215 4939 1320 4994 quo
1343 4927 1547 4979 minora
1589 4924 1764 4979 officia
1811 4925 1966 4978 fidem
1999 4941 2130 4991 prm-

578 5024 808 5076 hitorum
830 5021 910 5073 vel
944 5020 1271 5074 invectorum
1308 5029 1563 5086 cogantur
1607 5019 1832 5086 aperire.
1885 5018 2134 5072 Probabit

577 5114 757 5166 exitus
789 5118 1039 5178 quantum
1086 5111 1309 5176 publica:
1354 5111 1433 5164 rei
1469 5122 1555 5164 tua
1594 5125 1718 5165 cura
1764 5112 2130 5179 prospexerit;

576 5218 695 5256 cum
717 5201 962 5254 cohibitis
989 5199 1286 5268 sumptibus
1317 5201 1485 5265 novis,
1535 5204 1971 5254 consummationi
2006 5219 2133 5270 ope-

577 5309 692 5348 rum
723 5289 1031 5345 satisfecerit
1052 5307 1254 5344 summa
1280 5291 1624 5360 reliquorum.
1653 5291 1798 5346 Vale.

1143 5404 1353 5459 EPIST.
1391 5406 1572 5459 LXXI.

1049 5510 1354 5548 δῖιιιιΑειιυε
1399 5511 1413 5544 ι
1432 5510 1648 5548 υςιςκιο.

646 5611 864 5664 Summo
895 5607 1083 5676 gaudio
1114 5609 1321 5675 quoties
1354 5608 1542 5660 scribis
1564 5606 1784 5669 afficior,
1812 5617 1861 5658 ct
1885 5608 1988 5658 tuin
2018 5622 2130 5657 ma-

578 5705 719 5757 xime
741 5715 858 5752 cum
883 5700 1034 5752 abest
1065 5699 1361 5751 amaritudo
1397 5699 1761 5765 querimoniae.
1796 5698 1940 5757 Nunc
1964 5698 2131 5765 stylns

579 5807 700 5846 tuus
738 5791 803 5843 ab
843 5790 1032 5841 usitata
1068 5789 1395 5856 iucunditate
1436 5789 1696 5841 dissentit.
1761 5789 1945 5859 Arguit
1993 5789 2130 5842 enim

579 5883 712 5938 falso
750 5879 1076 5948 iniquitatem
1106 5880 1385 5945 quamdam
1430 5881 1660 5947 pignoris
1697 5883 1831 5947 mei,
1872 5897 1989 5936 cum
2031 5897 2132 5950 quo

579 5975 672 6026 tibi
716 5974 936 6024 l’mitum
993 5972 1242 6024 nonnulla
1293 5974 1514 6025 certatio
1555 5981 1652 6025 est.
1716 5973 1891 6040 Itaque
1936 5975 2134 6027 litteras

581 6051 762 6119 (μένει-π
803 6065 887 6130 jus
929 6065 1171 6118 amicitia:
1216 6063 1277 6117 ad
1317 6078 1432 6116 eum
1478 6064 1665 6118 missas
1711 6066 2015 6134 suppressi,
2071 6082 2133 6121 nc

2245 914 2359 973 e,ns
2394 926 2510 962 cum
2546 923 2882 979 proruralorc
2921 924 3008 964 tuo
3048 916 3217 966 finalis
3254 917 3302 967 ιιι
3339 918 3424 968 Sic
3450 918 3510 968 lia
3545 932 3772 983 quaestio:

2243 1018 2396 1067 qu.im
2434 1005 2748 1070 disi-optatio
2788 1020 2912 1066 non,
2949 1014 3002 1054 nt
3038 1006 3244 1067 scribis,
3278 1007 3514 1068 Vennsti,
3550 1010 3638 1060 sed
3665 1012 3772 1062 alle-

2243 1095 2351 1142 rius
2380 1103 2600 1146 rectoris
2627 1095 2871 1146 abstilvit.
2907 1094 3041 1161 Ergo
3073 1095 3121 1145 in
3155 1105 3374 1162 uitaque
3405 1113 3621 1162 persona
3651 1113 3775 1151 error

2242 1185 2568 1247 suggerentis
2603 1192 2829 1234 reiectus
2877 1199 2991 1237 eam
3037 1184 3235 1250 pignori
3282 1201 3398 1236 meo
3442 1190 3634 1239 exemit
3669 1189 3773 1239 invi-

2239 1269 2402 1340 _tl.am.
2470 1272 2718 1325 Advenis
2768 1287 2863 1340 pro
2903 1274 3150 1336 singulari
3193 1277 3501 1328 verecundia
3551 1288 3671 1337 ttta,
3709 1280 3773 1330 cui

2244 1361 2572 1426 potissium'n
2623 1363 2756 1428 l-aiti
2797 1363 3087 1415 satisfactio
3133 1365 3401 1417 debeatur.
3464 1366 3526 1419 Et
3569 1366 3689 1418 nihil
3723 1369 3772 1420 de

2245 1453 2489 1517 przesenti
2519 1451 2722 1506 fortuna
2747 1453 2952 1520 loquor,
2977 1469 3093 1520 quae
3125 1454 3442 1507 scribentem
3466 1456 3642 1509 debuit
3667 1466 3772 1510 tein-

2243 1559 2450 1610 perure.
2490 1545 2639 1597 Adde
2673 1545 2810 1612 quod
2845 1545 3169 1611 pecoriiarias
3201 1560 3389 1599 causas
3417 1563 3582 1616 usque
3607 1549 3668 1600 ad
3695 1549 3768 1602 de

2203 1635 2547 1688 \trimentum
2598 1635 2944 1689 amicitiarum
2999 1633 3100 1691 rion
3152 1647 3358 1705 oportet
3400 1640 3634 1692 extendi.
3688 1639 3770 1692 Sed

2242 1724 2367 1788 quid
2418 1725 2529 1777 haec
2566 1725 2840 1792 pluribus?
2889 1726 3111 1779 Posthac
3153 1737 3280 1793 opto
3315 1742 3612 1781 sermonem
3653 1739 3771 1780 ιιιιιιιι

2245 1813 2584 1876 ιιιηετάίοιιριιι
2619 1815 2834 1877 mereri,
2866 1823 2920 1866 et
2960 1817 3305 1870 constantiam
3339 1818 3530 1870 veteris
3561 1833 3677 1886 erga
3707 1835 3771 1871 nte

2242 1905 2587 1955 observantia:
2636 1913 2739 1956 tuae
2769 1947 2783 1969 ,
2828 1914 3073 1970 porrecto
3129 1908 3286 1959 etiam
3339 1907 3388 1960 in
3439 1922 3585 1960 meos
3621 1923 3771 1960 amore

2242 1994 2508 2060 colligere.
2549 1994 2692 2048 Vale.

2796 2085 3002 2140 EPIST.
3049 2087 3252 2140 LXXII.

2705 2191 3006 2229 ειίιιιιλαιιυς
3047 2194 3306 2231 ευςιωιο.

2314 2265 2586 2331 Frequens
2624 2281 2748 2318 usus
2782 2267 3012 2319 ostendit
3039 2307 3052 2328 ,
3085 2279 3136 2320 ct
3166 2269 3307 2319 clara
3335 2269 3496 2321 animi
3534 2270 3603 2320 lui
3635 2270 3768 2321 Jocn-

2240 2365 2416 2407 menta
2449 2366 2746 2416 testantur,
2784 2358 3021 2420 exempla
3065 2342 3205 2409 vera:
3244 2358 3488 2409 amicitiai
3531 2359 3594 2410 d:
3634 2368 3678 2410 te
3702 2373 3766 2410 ca-

2238 2445 2446 2508 pienda.
2474 2443 2811 2510 Neque'enim
2833 2448 3107 2511 quisquam
3135 2447 3484 2498 constantiam
3512 2447 3766 2500 firmiorem

2236 2531 2578 2586 fatniliaribtts
2611 2534 2862 2600 impendit
2886 2535 3094 2596 officiis,
3127 2536 3418 2600 praesertim
3448 2536 3498 2587 in
3531 2545 3666 2587 tanta
3696 2552 3768 2601 pu-

2237 2623 2490 2676 blicarum
2515 2640 2758 2677 curarum
2797 2625 2953 2687 mole,
2981 2641 3096 2692 qua:
3124 2626 3342 2679 alterius
3365 2626 3593 2679 stndimn
3619 2637 3768 2692 pos~i-t

2235 2714 2515 2775 hebetare,
2547 2716 2646 2769 nisi
2679 2718 3047 2782 obstrepentes
3087 2719 3428 2772 necessitates
3461 2719 3664 2773 affccno
3690 2721 3767 2769 [ιη⁴

2233 2814 2380 2859 terna
2409 2817 2704 2874 superaret.
2747 2809 2894 2872 Quod
2922 2810 3091 2862 solum
3130 2811 3287 2876 igitur
3313 2810 3642 2863 verecundia:
3667 2824 3768 2861 cuu-

2235 2896 2398 2958 venit,
2418 2897 2551 2950 cedo
2575 2899 3020 2964 praestantissima
3043 2899 3306 2967 religioni,
3332 2915 3518 2968 meque
3540 2899 3766 2966 imparem

2234 2984 2523 3038 referendte
2553 2987 2899 3039 vicissitudini
2926 2988 3179 3055 pudenter
3201 3003 3449 3057 agnosco.
3477 2989 3581 3043 Nec
3609 2998 3767 3043 vereor

2233 3089 2299 3126 ne
2341 3074 2608 3149 diligentia
2655 3086 2738 3129 tua
2785 3077 2875 3129 tali
2928 3078 3080 3131 laude
3128 3078 3410 3140 lentescat;
3449 3081 3575 3148 quin
3624 3081 3768 3148 potius

2234 3178 2388 3226 spero
2417 3165 2841 3219 benevolentiam
2876 3167 2943 3232 (si
2976 3168 3099 3235 quid
3127 3169 3282 3235 pleno
3305 3169 3572 3238 adjicitur)
3602 3169 3764 3236 largio-

2233 3269 2372 3317 rem,
2400 3256 2521 3322 quia
2554 3256 2705 3308 bonis
2747 3257 3001 3312 familiare
3030 3268 3111 3310 est
3139 3258 3310 3312 studia
3341 3259 3562 3325 benigna
3612 3272 3766 3312 cumu-

2232 3345 2362 3405 lare.
2392 3359 2612 3412 quorum
2642 3346 2861 3414 gratiam
2888 3347 3117 3400 sentiunt
3151 3363 3253 3401 non
3283 3349 3476 3415 perite.
3507 3349 3650 3401 Vale.

2777 3434 2988 3488 EPIST.
3027 3435 3257 3489 LXXIII.

2711 3540 3012 3580 εῐιιιιλειιυς
3043 3541 3303 3581 EUSIGXIO.

2304 3615 2462 3670 Facio
2489 3615 2628 3682 quod
2660 3616 2845 3670 suadet
2879 3618 3199 3679 humanitas,
3228 3625 3282 3668 ut
3311 3615 3555 3669 amicitiae
3583 3625 3679 3668 tua
3705 3614 3764 3664 ιι-

2233 3723 2320 3758 ros
2350 3707 2503 3759 bona:
2551 3707 2715 3774 frugis
2759 3706 3060 3774 adjungam.
3112 3707 3308 3758 Ilorum
3339 3715 3475 3758 unus
3506 3716 3587 3759 cst
3622 3703 3765 3761 Felix.

2235 3797 2559 3848 honorabilis
2587 3795 2772 3863 gradu,
2794 3806 2950 3862 atque
2976 3796 3357 3849 exercitatione
3384 3796 3601 3848 militias.
3628 3797 3710 3849 Cui
3733 3793 3764 3844 si

2232 3886 2354 3954 quid
2381 3887 2575 3939 amoris
2603 3885 2958 3954 impenderis,
2994 3885 3058 3937 ad
3105 3899 3274 3938 meam
3312 3884 3533 3952 gratiam
3566 3886 3763 3951 pertine-

2232 3975 2328 4029 bit.
2362 3975 2513 4028 Vale.

2769 4062 2983 4118 EPIST.
3031 4063 3262 4116 LXXIV.

2719 4167 3023 4206 SYIIIACHUS
3051 4167 3307 4206 ευςιςιςιο.

2303 4243 2527 4298 Mirabar
2554 4244 2677 4312 quid
2707 4253 2846 4298 esset
2875 4246 2948 4298 rei
2987 4244 3125 4311 quod
3167 4244 3414 4297 amicitia:
3444 4241 3762 4297 observantia

2233 4336 2400 4388 simus
2427 4335 2516 4388 diu
2543 4334 2837 4389 scribendis
2862 4333 3048 4386 litteris
3077 4334 3398 4387 abstinebas.
3431 4333 3533 4388 Sed
3563 4331 3764 4398 epistula

2234 4434 2339 4478 tua
2364 4429 2530 4480 series
2556 4424 2803 4478 indicavit
2826 4464 2844 4489 ,
2872 4425 3008 4492 quod
3038 4425 3263 4477 tristium
3291 4439 3466 4479 rerum
3497 4425 3648 4478 index
3674 4435 3763 4477 esse
3795 4475 3797 4478 .

2234 4517 2501 4578 vitaveris,
2533 4531 2662 4586 quas
2686 4499 2922 4582 longiore
2948 4515 3154 4569 silentio
3180 4516 3456 4578 contineri,
3488 4531 3584 4569 nec
3610 4515 3764 4578 religio

2234 4609 2667 4673 familiaris,'nec
2695 4608 2989 4660 communis
3027 4621 3182 4660 causa
3220 4607 3478 4674 permisit.
3526 4606 3650 4659 Nam
3678 4605 3795 4671 ple-.l

2235 4714 2454 4766 rumque
2486 4699 2615 4752 utile
2642 4709 2725 4752 est
2757 4700 2808 4752 in
2836 4699 3096 4767 publicam
3125 4697 3362 4765 proferte
3389 4698 3623 4751 notitiam
3650 4694 3757 4765 quod

2235 4790 2365 4842 velis
2383 4804 2501 4842 esse
2528 4798 2846 4850 correctum,
2866 4798 2924 4841 ut
2942 4789 3342 4843 denuntiatione
3369 4789 3529 4842 fntUri
3555 4791 3713 4856 pericu
3733 4787 3758 4840 i.

2233 4881 2297 4934 ad
2329 4881 2707 4934 consulendum
2737 4892 3048 4933 cunctorum
3095 4895 3221 4933 cura
3271 4889 3568 4933 moveatur.
3613 4881 3759 4945 Bagoa

2235 4975 2389 5041 igitur
2420 4975 2750 5036 necessitate,
2779 4974 2932 5026 futuri
2966 4972 3087 5024 anni
3118 4971 3345 5040 inopiam
3372 4982 3684 5038 protestatus
3703 4981 3757 5020 es.

2234 5064 2368 5128 Quid
2391 5065 2542 5118 enim’
2565 5065 2676 5132 spei
2697 5063 2949 5130 reliquum
2971 5062 3055 5124 sit,
3086 5077 3203 5114 cum
3232 5062 3515 5129 provinciis
3535 5060 3761 5116 Africanis
3783 5047 3787 5060 ’

2240 5169 2335 5207 nec
2361 5158 2424 5205 ad
2457 5154 2646 5204 victum
2680 5161 2885 5203 tenuem
2920 5149 3122 5218 [rogum
3154 5151 3335 5204 tritura
3363 5151 3700 5216 responderit,
3723 5153 3761 5194 cf
3776 5175 3785 5200 .1

2237 5241 2475 5308 suppleta
2506 5254 2566 5292 ex
2600 5239 2712 5292 aliis
2757 5239 2910 5292 terris
2951 5241 3151 5292 semina
3179 5221 3381 5291 vicinus
3411 5252 3581 5290 annus
3611 5250 3760 5301 exspe-

2235 5333 2378 5385 ctet?
2418 5333 2542 5383 Jure
2572 5331 2726 5397 igitur
2755 5332 2817 5382 ad
2850 5341 3163 5382 aeternorum
3192 5329 3486 5397 principum
3514 5329 3762 5398 providen-

2237 5425 2360 5476 tiam
2390 5421 2782 5489 provincialiom
2813 5419 3108 5473 sollicitudo
3144 5420 3394 5487 confugit.
3443 5421 3642 5474 Interea
3664 5419 3762 5472 dum

2237 5516 2402 5581 major
2427 5515 2492 5566 ab
2520 5515 2621 5566 illis
2657 5513 2933 5565 salubritas
2973 5511 3163 5578 petitur
3185 5553 3201 5576 ,
3250 5512 3552 5566 humanitas
3593 5523 3669 5566 tua
3702 5514 3766 5582 l0;

2236 5617 2354 5659 veat
2378 5606 2662 5659 exhaustos
2685 5647 2698 5665 .
2731 5613 2784 5657 et
2812 5614 3055 5669 tanquam
3087 5605 3346 5671 particeps
3375 5603 3574 5657 doloris
3617 5597 3756 5659 alieni,

2237 5698 2548 5764 persuadeat
2585 5694 2962 5751 laborantibus.
2984 5695 3080 5745 sibi
3109 5693 3362 5747 accidisse
3392 5695 3641 5765 quidquid
3666 5683 3775 5793 pro-1‘

2234 5787 2418 5840 vincia
2452 5788 2796 5855 pertulerunt.
2835 5787 2939 5852 ligo
2964 5786 3131 5846 valeo,
3159 5783 3395 5849 quamvis
3421 5787 3628 5840 animus
3653 5783 3772 5855 τίθεν]

2235 5880 2426 5930 bonum
2476 5877 2712 5929 sanitatis
2762 5876 3003 5942 ignoret:
3045 5872 3138 5925 sed
3185 5881 3244 5925 ut
3285 5873 3480 5940 aliquid
3528 5870 3758 5931 Solariiuit!

2236 5971 2465 6035 capiam,
2507 5983 2602 6021 oro
2649 5967 3002 6034 indulgentius
3040 5965 3242 6016 scribas
3293 5973 3345 6018 et
3371 5967 3435 6018 ad
3468 5964 3752 6036 respondell'

2241 6065 2361 6117 dum
2393 6060 2636 6128 exemplo
2667 6071 2766 6113 tuae
2797 6057 3114 6112 assiduitatis
3144 6057 3347 6110 invites.
3383 6055 3533 6109 Vale.

3755 5979 3771 6283 i
