3826 6334
181 613 210 664 9

245 615 273 666 5

179 714 2142 737 Ἦ.-

703 952 912 1005 EPIST.
959 954 1180 1006 PRIMA.

585 1056 886 1094 SVHMACUUS
923 1058 1294 1096 lllEﬂOPﬂANTI.

236 1127 386 1182 Recte
411 1132 587 1184 valeo.
635 1133 742 1185 lloc
767 1134 906 1185 enim
937 1132 1201 1186 scribendi
1232 1132 1392 1185 debet
1421 1147 1538 1186 esse
1583 1136 1724 1200 prin-

172 1221 348 1283 cipium
373 1263 386 1281 ,
426 1224 567 1289 quod
609 1225 836 1278 maxime
863 1233 1113 1290 expetunt
1142 1233 1258 1276 vota
1300 1225 1505 1277 lecturi.
1554 1226 1723 1292 AEque

173 1309 254 1359 tibi
283 1322 557 1376 suppetere
603 1324 841 1378 optatum
889 1315 1118 1382 vigorem
1165 1314 1319 1366 nimis
1346 1315 1569 1380 gaudeo,
1604 1330 1721 1366 nam

173 1411 249 1449 nte
277 1398 360 1450 tali
391 1400 586 1453 indicio
616 1418 782 1468 nuper
806 1401 1065 1455 hilara'sti.
1098 1403 1226 1454 Illud
1256 1417 1463 1471 quoque
1495 1404 1543 1457 in
1574 1419 1721 1457 sum-

173 1503 246 1540 ma
276 1505 406 1556 pono
434 1493 619 1558 gratia:
648 1533 661 1555 ,
703 1493 841 1560 quod
888 1501 937 1546 te
967 1495 1130 1547 nostri
1159 1495 1618 1562 diligentissimum
1649 1495 1725 1548 fa-

175 1577 373 1631 miliaris
400 1581 519 1648 styli
553 1580 804 1650 frequens
833 1596 956 1634 usus
988 1583 1253 1645 ostendit;
1295 1583 1378 1635 cui
1408 1585 1482 1636 rei
1515 1584 1721 1637 laudem

173 1670 352 1722 referre
388 1672 669 1723 consilium
698 1681 812 1734 est,
856 1681 912 1724 ut
950 1672 1051 1724 hoc
1089 1673 1431 1726 invitamento
1471 1675 1723 1728 memoris

171 1758 314 1810 attrmi
342 1759 404 1812 ad
434 1761 886 1827 perseverantiam
926 1764 1251 1828 provoceris.
1296 1763 1438 1815 Vale.

789 1849 995 1904 EPIST.
1026 1851 1089 1903 ll.

582 1955 888 1992 δ’έιιιιηιιυς
931 1955 1301 1993 ΙΙΙΕΙΚΟΡΙΙΔΝΤΙ.

230 2026 477 2092 Οριιιειιιο
506 2028 681 2080 afficis
721 2043 802 2080 me
841 2029 1013 2094 bono,
1059 2029 1264 2096 quoties
1302 2029 1582 2083 amicitiam
1625 2045 1719 2083 no-

171 2125 314 2168 stram
361 2119 546 2170 salutis
599 2131 699 2171 tua:
744 2119 938 2172 indicio
993 2123 1309 2174 muneraris.
1380 2124 1514 2175 Deos
1567 2123 1724 2189 igitur

168 2219 456 2270 cmnprecor
486 2217 544 2258 ut
575 2215 624 2258 te
654 2222 745 2273 pro
771 2217 912 2258 tanta
936 2208 990 2260 in
1020 2223 1116 2261 nos
1151 2211 1400 2277 religione
1430 2211 1717 2264 fortunent.

172 2294 508 2351 Vicissitndini
558 2308 735 2350 autem
785 2298 1056 2350 litterariae
1088 2315 1268 2367 parem
1298 2301 1621 2368 diligentiam
1658 2303 1719 2355 li-
1755 2299 1801 2356 Β

168 2386 338 2442 benter
383 2390 638 2458 impendo
684 2398 738 2442 ut
781 2391 844 2443 ad
884 2391 1056 2444 officia
1100 2393 1394 2460 promptius
1441 2392 1716 2455 ineiteris,

169 2493 271 2531 cum
301 2482 472 2534 videas
503 2485 648 2550 apud
696 2497 983 2538 memorem
1013 2483 1329 2551 scriptorum
1356 2481 1580 2551 gratiam
1613 2497 1717 2536 non

170 2571 340 2638 perire.
385 2574 512 2627 Vale

775 2662 988 2717 EPIST.
1029 2663 1112 2715 lll.

584 2766 886 2804 SVIIMCHLIS
927 2767 1293 2805 lllEROI‘llANTI.

228 2840 481 2907 Seriptum
517 2841 650 2892 mihi
683 2850 822 2892 tuum
857 2841 1129 2894 Probatius
1161 2857 1330 2908 nuper
1355 2839 1612 2905 exhibuit,
1644 2852 1721 2893 at-

165 2947 257 2998 que
279 2947 336 2985 ex
365 2948 428 2986 eo
461 2935 747 2999 plurimum
783 2932 1150 3000 gratulationis
1177 2935 1430 2995 accessit,
1461 2933 1599 3000 quod
1632 2933 1719 2986 tibi

165 3036 248 3089 pro
273 3035 390 3076 voto
411 3023 596 3076 omnia
625 3037 903 3089 superesse
931 3024 1178 3090 cognovi.
1213 3023 1264 3075 ld
1291 3031 1346 3074 ut
1389 3038 1529 3090 saepe
1561 3023 1721 3075 facias

165 3126 361 3168 monere
388 3130 498 3166 non
550 3112 760 3167 debeo:
788 3128 909 3166 cum
955 3122 1242 3181 spontanea
1289 3113 1462 3166 officia
1507 3112 1722 3166 stimulo

163 3203 534 3258 exhortationis
562 3218 666 3258 non
694 3211 936 3272 Oporteat
963 3203 1189 3256 incitari.
1223 3202 1370 3257 Vale.

768 3293 978 3347 EPIST.
1022 3293 1108 3346 IV.

622 3397 924 3436 διιιιιιλειιυε
950 3397 1249 3437 THEODORO.

224 3473 488 3527 Bonorum
538 3471 788 3539 frequens
815 3472 1118 3539 astipulatio
1146 3472 1212 3524 de
1258 3471 1455 3524 sanctis
1485 3471 1721 3525 moribus

162 3567 273 3630 tuis,
293 3566 339 3618 in
364 3567 465 3617 hoc
484 3579 571 3619 me
600 3564 918 3617 desiderium
949 3574 1222 3632 provocat,
1248 3571 1306 3616 ut
1324 3562 1578 3616 amicitias
1605 3571 1719 3615 tuas

1366 608 1831 665 EPISTULARUH
1874 613 2069 665 LIBER
2115 615 2174 666 γ.

1136 796 1599 899 LIBER
1684 731 2426 919 omnis.

3291 621 3322 669 Ξ

3329 627 3356 672 δ

3364 622 3392 670 ὅ

1754 963 1801 1013 Α
1832 957 1880 1006 in
1912 958 2100 1009 lucem.
2154 957 2345 1011 Nescio
2371 975 2434 1010 an
2480 976 2598 1013 cum
2629 963 3002 1016 commendare
3033 966 3120 1016 tibi
3151 965 3390 1027 debeam.

1827 1046 1911 1096 cui
1957 1047 2146 1098 summi
2176 1047 2351 1114 gaudii
2393 1058 2574 1101 auctor
2621 1049 2782 1103 fuisti.
2828 1052 2988 1104 Serva
3038 1054 3225 1120 igitur,
3274 1069 3390 1117 oro,

1827 1133 2156 1200 deprompta:
2192 1136 2244 1188 in
2274 1151 2395 1190 eum
2446 1137 2781 1206 benignitatis
2815 1152 3069 1205 tenorem,
3109 1143 3204 1195 etsi
3238 1142 3337 1195 hoc
3362 1159 3391 1193 a

1826 1224 2122 1276 constantia
2155 1233 2241 1277 tua
2273 1229 2590 1293 sperandum
2624 1231 2788 1296 magis
2837 1247 2992 1296 quam
3026 1233 3392 1295 postulandum

1827 1323 1925 1364 est.
1976 1314 2030 1365 In
2062 1315 2278 1368 dubium
2309 1319 2448 1370 enim
2481 1319 2761 1374 voluntarii
2793 1323 2988 1375 amoris
3015 1322 3144 1377 fides
3174 1337 3274 1376 non
3303 1339 3391 1377 ve-

1826 1404 1922 1455 nit.
1955 1404 2100 1457 Vale.

2422 1489 2636 1551 ICPIST.
2678 1499 2785 1551 Vll.

2291 1601 2590 1640 εγιιιιλειιυε
2620 1602 2917 1644 τηεουοῐιο.

1899 1669 2014 1735 ipse
2045 1672 2173 1725 mihi
2205 1677 2448 1742 rescripti
2485 1677 2639 1744 hujus
2671 1679 2898 1746 bajulum
2932 1683 3241 1748 praestitisti.
3281 1685 3387 1738 Dii-

1828 1758 1952 1825 plici
1991 1762 2208 1814 nomine
2255 1765 2474 1831 gratiam
2520 1766 2716 1821 debere
2765 1784 2848 1820 tne
2897 1771 3081 1824 fateor.
3132 1772 3309 1825 Nama
3341 1783 3393 1826 te

1827 1849 2094 1917 profectus
2122 1866 2200 1930 eSt
2229 1895 2242 1915 ,
2275 1855 2362 1921 qui
2406 1856 2606 1910 litteras
2638 1860 2917 1913 exhiberet
2942 1902 2954 1921 ,
2988 1871 3040 1915 et
3067 1877 3159 1930 per
3185 1873 3234 1917 te
3257 1903 3272 1925 .
3302 1865 3392 1933 qui

1827 1940 2047 1994 refertet
2077 1941 2305 1995 oblatus.
2357 1943 2621 2008 Maneant,
2655 1961 2772 2010 oro,
2807 1949 2943 2000 inter
2975 1964 3071 2002 nos
3101 1952 3390 2004 officiorum

1827 2029 2008 2082 talium
2038 2032 2203 2094 vices,
2237 2041 2291 2084 et
2318 2035 2454 2088 inter
2481 2036 2612 2088 alias
2640 2037 2820 2089 laudes
2852 2046 2967 2089 tuas
2991 2041 3310 2095 Continuata:
3336 2041 3390 2095 ln

1825 2119 2026 2171 amicos
2051 2119 2318 2188 religionis
2347 2123 2528 2175 titulus
2555 2134 2851 2178 censeatur.
2883 2125 3032 2178 Vale;

2420 2211 2633 2265 EPIST.
2680 2213 2810 2265 Vlll.

2294 2313 2595 2351 SYIIMACIIUS
2630 2314 2925 2352 THEODORO.

1892 2385 2109 2440 Gaudeo
2138 2387 2265 2440 mihi
2305 2389 2568 2442 sermonis
2599 2390 2674 2441 tui
2708 2390 2966 2457 primitias
2996 2393 3306 2460 contigisse,
3336 2404 3420 2455 et,

1823 2478 2090 2544 impendio
2120 2481 2328 2546 postulo
2363 2489 2419 2532 ut
2451 2480 2886 2535 humanissimum
2918 2483 3018 2536 hoc
3045 2492 3272 2551 emptum
3302 2500 3388 2540 re-

1823 2567 2005 2633 ligiosa
2046 2583 2172 2620 cura
2218 2583 2322 2622 non
2353 2569 2585 2623 deserat.
2635 2571 2725 2624 llis
2765 2570 2907 2624 enim
2949 2574 3174 2626 maxime
3213 2575 3380 2626 nutri-

1822 2658 2015 2710 mentis
2045 2658 2392 2712 amicitiarnm
2423 2660 2594 2714 cultus
2623 2661 2898 2714 adolescit.
2949 2661 3077 2715 Cum
3113 2664 3220 2716 hazc
3255 2666 3386 2717 scil-

1823 2747 2001 2800 berem
2020 2788 2036 2813 ,
2068 2735 2195 2801 mibi
2223 2751 2426 2802 sanitas
2457 2759 2601 2804 recte
2630 2753 2962 2818 suppetebat.
3013 2755 3173 2821 Cujus
3200 2757 3273 2808 rei
3305 2760 3390 2808 in-

1821 2838 2014 2893 diciutn
2044 2842 2614 2910 proptereasingulari
2662 2845 3000 2911 generositati
3047 2854 3149 2900 tunc
3191 2851 3389 2908 credidi

1822 2931 2192 2996 deferendum,
2225 2941 2284 2984 ut
2309 2933 2666 3001 cognitionem
2697 2943 2798 2988 tuae
2825 2937 3093 3005 sospitatis
3119 2938 3242 2991 mihi
3268 2955 3386 2994 mu-

1824 3035 1946 3078 tuus
1976 3025 2234 3094 rependat
2261 3025 2501 3085 affectus.
2538 3027 2688 3083 Vale.

2447 3114 2655 3168 EPIST.
2698 3116 2785 3168 IX.

2291 3218 2345 3255 δῖ
2357 3220 2385 3254 II
2395 3218 2596 3255 NACHUS
2631 3220 2927 3258 TIIEODORO.

1897 3291 2098 3344 Vereor
2124 3291 2440 3358 eloquentia:
2463 3301 2565 3343 tua":
2588 3295 2782 3358 scripta
2813 3303 2993 3346 nostra
3022 3273 3352 3353 committere
3375 3319 3388 3363 ;

1824 3383 1916 3438 sed
1949 3399 2052 3437 non
2087 3388 2261 3438 minus
2298 3400 2462 3438 caveo
2491 3387 2658 3438 amori
2689 3393 2779 3437 tuo
2826 3400 3062 3438 meorum
3111 3389 3391 3456 quidquam

1826 3488 2040 3541 negare.
2069 3476 2206 3526 Duas
2233 3474 2390 3541 igitur
2418 3475 2772 3527 oratiunculas
2802 3489 2969 3541 nuper
2993 3479 3158 3530 editas
3186 3492 3212 3530 a
3245 3480 3392 3533 nobis

1826 3564 1961 3615 misi.
2002 3565 2194 3615 Earum
2223 3577 2324 3614 una
2347 3562 2413 3614 ad
2437 3563 2666 3615 urbanos
2699 3564 2866 3616 fasces
2897 3567 3239 3620 resultantem
3269 3583 3393 3621 can-

163 3655 485 3722 impatienter
515 3664 782 3721 exoptem.
807 3652 935 3706 Nam
956 3653 1042 3721 qui
1065 3653 1300 3707 omnium
1323 3667 1568 3705 sermone
1593 3652 1726 3706 cele-
1750 3645 1796 3705 C
1827 3653 2062 3706 didatum
2088 3654 2288 3716 tenuit;
2319 3653 2469 3706 alteri
2495 3662 2859 3722 argumentum
2891 3654 3033 3708 dedit
3057 3657 3162 3724 jam
3195 3659 3391 3724 pridem

162 3745 386 3808 hrantur,
404 3757 460 3799 et
479 3745 832 3811 improbitatis
856 3744 1010 3798 laude
1039 3743 1308 3810 conspicui
1340 3752 1479 3804 sunt,
1499 3741 1727 3808 incogni-

161 3846 234 3889 tos
256 3852 463 3905 quoque
489 3837 554 3888 ad
588 3851 787 3889 morem
820 3836 1045 3902 promite
1071 3833 1443 3886 familiaritatis
1476 3832 1720 3883 invitant.

162 3925 214 3978 E~
229 3942 289 3994 go
310 3929 353 3981 si
387 3927 502 3979 haec
535 3925 820 3978 voluntatis
859 3939 992 3978 meae
1031 3939 1136 3977 non
1178 3922 1720 3992 aspernarisindicia,

161 4019 402 4083 repende,
432 4030 636 4082 quazso,
668 3998 984 4082 colloquium
1005 4054 1021 4078 ,
1063 4022 1118 4066 ut
1155 4012 1280 4066 facti
1312 4014 1412 4064 mei
1442 4011 1723 4066 confirma-

163 4106 294 4159 tione
316 4107 588 4166 delecter;
635 4103 873 4170 quamvis
913 4113 1110 4157 mutuae
1153 4100 1450 4156 aerCtionis
1479 4101 1720 4168 sponsio-

160 4208 271 4246 nem
296 4197 406 4263 jam
438 4204 678 4251 teneam.
705 4191 852 4245 Vale.

679 4351 689 4360 κ
778 4281 993 4336 EPIST.
1039 4283 1104 4337 v.

617 4390 923 4429 SVMHACHCS
959 4389 1255 4429 'I'IIEODORO.

222 4466 465 4536 Spectata
487 4476 568 4519 est
592 4466 707 4526 tibi.
731 4475 788 4518 ut
806 4465 1324 4542 arbitror,_amieiti:e
1349 4475 1478 4520 meae
1503 4465 1717 4519 veritas.

160 4553 284 4608 llioe
329 4557 527 4609 factum
576 4564 633 4607 ut
657 4569 741 4607 me
781 4548 1184 4606 in‘consortium
1219 4555 1471 4606 feslormn
1506 4565 1715 4607 tuorum

156 4643 332 4696 consul
369 4642 611 4705 ascires._,
637 4642 959 4702 Praestetur,
1004 4656 1100 4694 oro
1124 4684 1140 4707 ,
1183 4642 1265 4697 his
1309 4643 1494 4706 litteris
1531 4644 1715 4695 eadem

158 4731 286 4784 fides
315 4748 435 4799 qua:
463 4746 560 4785 nos
589 4731 898 4785 evocatione
925 4721 1112 4799 dignos
1134 4732 1411 4799 judicavit.
1451 4734 1545 4785 Diu
1581 4734 1716 4804 inter

158 4822 466 4876 detulerium
497 4823 569 4875 tui
611 4831 666 4875 et
697 4821 834 4874 unici
867 4823 970 4876 mei
999 4836 1179 4874 curam
1224 4821 1413 4874 dubius
1440 4823 1717 4875 electionis

158 4911 393 4978 pependi.
436 4911 582 4964 Tuus
614 4911 784 4964 honor
822 4911 1076 4964 suadebat
1117 4909 1492 4978 profeCtionein
1518 4948 1534 4973 ,
1577 4909 1716 4964 illius

1830 3744 2046 3797 decreto
2090 3753 2307 3797 senatus
2353 3745 2646 3811 improbata
2697 3758 2940 3796 censura.
2995 3747 3098 3799 Sed
3138 3748 3389 3816 judicium

1829 3848 2001 3885 meum
2027 3870 2043 3891 ,
2075 3847 2193 3883 eum
2224 3848 2310 3885 res
2338 3843 2451 3884 acta
2483 3841 2563 3885 est
2591 3872 2603 3894 ,
2637 3833 2872 3885 habitum
2919 3835 3204 3901 proringavi
3233 3833 3392 3903 opere

1829 3921 2074 3988 largiore.
2134 3922 2238 3974 Nec
2288 3921 2415 3972 mihi
2470 3921 2595 3973 vitio
2635 3930 2811 3974 vertas
2859 3922 3044 3989 prisca:
3096 3927 3391 3979 severitatis

1824 4015 2116 4079 repulsam.
2159 4012 2288 4065 Nam
2333 4015 2461 4066 solis
2505 4015 2746 4080 quaedam
2789 4016 3025 4079 speciosa
3072 4019 3389 4081 nominibus,

1826 4117 1922 4155 usu
1953 4114 2007 4155 et
2034 4103 2366 4170 experiundo
2403 4103 2686 4168 plurimum
2730 4112 2940 4155 nocent.
2992 4104 3242 4157 Rationes
3271 4121 3390 4158 sen-

1825 4194 2002 4247 tentia:
2031 4209 2164 4246 mea:
2207 4195 2375 4246 lector
2417 4193 2673 4246 invenies.
2721 4192 2852 4245 Volo
2896 4201 3068 4246 tamen
3117 4194 3178 4247 ad
3209 4194 3387 4261 inspe-

1822 4283 2051 4336 ctionem
2117 4282 2378 4335 dictorum
2444 4285 2578 4348 parti
2639 4283 2848 4350 utrique
2909 4297 3092 4350 aequus
3149 4285 3384 4340 accedas.

1823 4373 2138 4436 Merebitur,
2174 4383 2228 4426 ut
2261 4371 2446 4439 Spero,
2477 4371 2736 4425 orationis
2764 4374 3018 4439 assertio,
3049 4384 3104 4428 ut
3149 4387 3201 4428 ιιι
3230 4378 3384 4429 etiam

1821 4463 2098 4517 vetustatis
2128 4473 2380 4532 patronus
2407 4464 2707 4516 auctoritati
2739 4464 2940 4517 ordinis
2969 4480 3178 4518 manum
3214 4468 3386 4532 porri-

1819 4569 1932 4621 gas.
1976 4557 2124 4611 Vale.

2438 4641 2651 4695 EPIST.
2698 4641 2765 4696 Χ.

2293 4745 2595 4783 εῑιιιιριειιυε
2634 4744 2929 4782 τιιεοιιοιιο.

1891 4821 2056 4886 Quam
2092 4821 2251 4874 timeo
2289 4839 2354 4873 ne
2396 4835 2554 4874 aures
2586 4830 2703 4872 tuas
2728 4820 3000 4873 existimer
3027 4820 3214 4872 lactare
3241 4819 3385 4870 blan-

1821 4913 1996 4966 ditiis!
2046 4912 2360 4985 Consulatus
2402 4911 2486 4964 ltic
2527 4921 2646 4962 tuus
2678 4909 2796 4960 talis
2814 4918 2904 4960 est
2944 4917 3000 4960 ut
3028 4924 3194 4960 meum
3223 4911 3383 4975 gemi-

157 5001 406 5056 iastitutio
439 5003 800 5068 prmtendebat
830 5003 1014 5056 obvias
1043 5018 1249 5056 manus.
1300 5002 1532 5056 Tandem
1564 5018 1709 5056 secu-
1742 5002 1795 5059 D
1820 5016 1974 5055 nasse
2004 5001 2265 5053 videatur.
2304 5000 2452 5052 Nunc
2493 4998 2597 5051 voti
2637 4997 2739 5050 mei
2778 5012 2980 5050 summa
3024 5013 3086 5051 eo
3130 5000 3384 5064 processit

159 5101 238 5144 tua
260 5106 374 5146 eum
405 5094 544 5160 quod
574 5093 686 5159 ipse
717 5091 950 5144 fecisses.
975 5089 1158 5143 Officia
1202 5093 1340 5144 enim
1373 5091 1456 5143 illa
1488 5092 1708 5155 lattitiaz,

158 5181 252 5235 ἱριι
294 5184 523 5250 pietatis.
578 5183 703 5236 Tuae
751 5181 1114 5246 amplitudinis
1165 5182 1397 5234 curulem
1446 5183 1716 5247 stipabunt

157 5271 397 5341 obsequia
427 5273 734 5324 tnultorum.
785 5271 917 5324 lluic
959 5271 1010 5323 in
1040 5271 1155 5324 solo
1198 5279 1342 5335 patre
1389 5279 1567 5321 votum
1609 5281 1709 5320 est.

163 5359 302 5414 l'lura
331 5376 428 5429 pro
450 5360 600 5412 nobis
623 5359 1105 5426 indulgentissimus
1128 5359 1178 5408 in
1208 5372 1333 5410 suos
1363 5367 1479 5410 tuus
1505 5357 1714 5408 animus

160 5457 320 5504 tecum
348 5451 615 5520 loquetur.
663 5448 759 5502 Cui
809 5463 907 5516 ego
957 5449 1310 5503 excusationis
1358 5465 1488 5501 meae
1533 5461 1707 5514 partes

163 5535 396 5610 injengo,
424 5541 548 5610 quia
601 5539 780 5594 verbis
815 5540 1016 5606 agenda
1058 5555 1161 5593 non
1201 5547 1324 5604 sunt
1361 5554 1482 5608 qua:
1520 5538 1707 5616 melius

161 5629 526 5700 interpretatur
552 5631 782 5688 affectio.
809 5622 956 5684 Vale.

762 5721 973 5776 EPIST.
1018 5722 1100 5774 Vl.

619 5828 920 5868 δγιιιΑειιυε
946 5829 1010 5866 τῙΙ
1019 5829 1236 5867 εουοιιο.

227 5904 414 5962 Filium
441 5921 619 5963 meum
655 5906 955 5961 Flavianum
999 5905 1304 5966 consulatus
1346 5915 1462 5960 tuus
1497 5910 1712 5959 revocat

1820 5103 1875 5146 ut
1902 5093 2083 5145 titulos
2107 5093 2222 5158 ejus
2251 5093 2463 5158 longum
2497 5090 2687 5144 fruaris
2710 5134 2724 5156 ,
2760 5099 2812 5143 et
2838 5105 3015 5156 :eques
3041 5090 3154 5142 vite
3184 5092 3383 5141 dintnr-

1819 5186 1980 5237 nitate
2004 5197 2202 5236 moram
2226 5181 2299 5233 tui
2326 5182 2548 5246 prmmit.
2578 5182 2795 5247 Dignum
2819 5179 3010 5245 quippe
3032 5189 3110 5230 est
3137 5195 3382 5247 compen-

1817 5277 1919 5328 sari
1945 5275 2150 5343 prolixo
2175 5272 2367 5339 gaudio
2388 5286 2558 5323 seram
2583 5270 2920 5322 solutionem.
2952 5270 3090 5323 Vale.

2435 5359 2644 5412 EPIST.
2690 5359 2778 5411 Χῐ.

2283 5465 2583 5506 ειίικλειιιῖδ
2614 5463 2908 5501 THEODORO.

1884 5543 2180 5598 Adventum
2219 5548 2363 5594 tuum
2396 5555 2570 5593 serum
2602 5552 2719 5589 esse
2749 5536 2999 5589 mirabar.
3043 5535 3143 5587 Sed
3175 5536 3257 5586 uhi
3289 5551 3378 5598 pa-

1814 5634 2001 5686 tefacta
2050 5645 2205 5682 causa
2257 5629 2554 5689 tarditatis,
2602 5636 2655 5680 et
2705 5636 2754 5680 te
2797 5625 2944 5678 brevi
2978 5623 3140 5675 affore
3187 5625 3376 5688 scripta

1817 5721 2107 5788 pratnuntia
2139 5718 2568 5785 spoponderunt;
2617 5718 2667 5769 in
2693 5713 2934 5782 gaudium
2966 5727 3090 5763 cura
3122 5727 3374 5763 conversa

1817 5821 1914 5863 est.
1957 5811 2094 5877 Ergo
2137 5806 2350 5874 hospitii
2377 5820 2597 5859 securus
2623 5817 2934 5871 appropera,
2977 5810 3030 5853 et
3058 5801 3377 5866 aliquantulo

1818 5903 1992 5957 Romae
2030 5899 2312 5956 intervallo
2343 5898 2538 5961 quietis
2569 5895 2790 5959 refotus,
2822 5891 3268 5957 auspicatissitnos
3293 5897 3376 5940 at-
