3826 6350
459 397 558 448 9.ὶῖ

1625 403 1688 464 0.
1733 402 2078 460 AUREUUS
2114 400 2342 458 SVMMA
2355 399 2552 455 CIIUS.

3607 403 3705 458 ω

461 519 479 560 ι
504 511 583 563 .lle
611 509 795 564 fasces.
823 510 1010 565 Nostra
1039 527 1160 581 erga
1187 521 1235 566 te
1259 512 1530 581 diligentia
1555 513 1810 583 quidquid
1837 515 2033 568 instru-
2062 516 2113 573 Α
2140 525 2251 573 sus,
2283 518 2335 562 et
2361 509 2424 562 ad
2454 507 2651 562 bonam
2683 505 2822 560 viam
2848 521 3080 573 morum,
3114 508 3491 564 causidiciuam
3519 510 3714 564 credidi

459 608 573 652 ctus
604 601 897 655 consularis
928 602 1126 671 Ilagitat
1159 603 1476 671 providehit.
1511 604 1670 666 Vale,

1069 711 1279 766 EPIST.
1316 713 1427 767 XII.

919 818 1226 856 εῖιυηεηιῖε
1259 820 1560 858 τηεουηκο.

529 891 743 946 Frustra
789 897 1000 962 speravi
1047 897 1114 950 de
1157 898 1584 965 peregrinatione
1609 897 1883 961 solatium.
1913 912 2032 952 cum

457 984 692 1036 omnium
740 997 928 1038 mmsta
978 985 1143 1039 facies
1186 987 1356 1041 nullas
1398 1003 1543 1057 aegro
1593 991 1774 1044 animo
1820 996 2037 1057 pnestet

459 1073 714 1125 inducias.
753 1075 830 1126 Au
858 1076 1136 1143 quisquam
1167 1085 1274 1130 tam
1323 1078 1458 1130 duro
1505 1078 1717 1146 ingenio
1746 1086 1902 1131 natus
1929 1085 2034 1139 est,

457 1173 512 1213 ut
537 1163 825 1216 multarunt
865 1165 1007 1217 curis
1036 1164 1240 1219 doloris
1277 1180 1476 1220 vacuus
1513 1167 1762 1222 intersit?
1807 1167 1957 1231 Quod
1988 1166 2033 1219 si

455 1266 638 1304 verum
666 1253 918 1308 concedis
943 1297 959 1322 ,
1003 1269 1091 1308 me
1117 1256 1279 1310 etiam
1304 1256 1466 1311 crede
1505 1258 1644 1312 inter
1665 1258 1853 1311 anxios
1880 1271 2033 1310 usum

455 1340 624 1407 ipsum
663 1341 859 1395 ἰωιίιῑω
887 1331 1283 1412 quodammodo
1326 1345 1593 1401 amisisse.
1633 1345 1818 1401 Restat
1845 1356 1902 1400 ut
1930 1356 2034 1402 tua:

456 1431 646 1484 litterae
697 1432 1015 1488 medicinam
1061 1434 1192 1490 mihi
1236 1435 1469 1502 faciant,
1509 1451 1644 1506 quas
1688 1438 1758 1491 ita
1806 1437 2035 1492 libenter

455 1520 696 1589 accipio,
739 1533 796 1576 ut
838 1524 982 1578 nulla
1025 1525 1314 1581 assiduitas
1355 1528 1489 1582 satis
1526 1528 1726 1582 factura
1768 1527 2031 1582 videatur.

455 1611 567 1680 Ego
610 1627 718 1680 pra
761 1625 956 1667 eventu
1000 1615 1384 1681 occasionum,
1425 1631 1559 1686 quas
1603 1616 1712 1670 fors
1755 1615 2032 1679 obtulerit,

452 1701 758 1769 exemplum
787 1701 927 1758 dabo
953 1703 1244 1773 frequentis
1267 1706 1452 1762 ofﬁcii.
1498 1707 1643 1761 Tunc
1671 1706 1815 1762 enim
1843 1708 2034 1774 proha-

412 1861 416 1866 ,
454 1791 536 1844 bis
560 1800 735 1860 gratas
759 1806 880 1849 esse
913 1793 1008 1850 tibi
1036 1794 1241 1851 litteras
1270 1811 1416 1853 meas
1434 1812 1556 1852 cum
1584 1807 1701 1853 tuas
1727 1811 2028 1870 sumpsero.

455 1882 604 1938 Vale.

1052 1956 1267 2013 EPIST.
1306 1957 1438 2014 XIII.

917 2061 1229 2104 σῐιιΑοιιυε
1266 2064 1566 2107 τηεουοιιο.

522 2135 845 2204 Iampridem
877 2139 1007 2192 nihil
1051 2141 1263 2204 scribis,
1295 2157 1506 2211 :equum
1537 2153 1680 2197 esset
1711 2143 1832 2199 huic
1859 2143 2032 2212 culpa:

454 2227 704 2280 talionem
729 2230 930 2296 reponi.
964 2227 1068 2283 Sed
1093 2229 1326 2284 arbitror
1351 2231 1604 2286 imitanda
1632 2247 1738 2285 non
1766 2247 1886 2288 esse
1913 2248 2032 2302 qua:

453 2318 636 2372 doleas
669 2337 679 2370 :
711 2328 766 2373 et
792 2321 970 2374 animo
995 2321 1292 2389 persuadeo
1319 2322 1453 2377 alias
1481 2325 1656 2391 potius
1682 2324 2034 2379 intervenisse

454 2422 642 2461 causas
676 2409 838 2464 ofﬁcii
866 2411 1178 2479 differendi,
1213 2427 1374 2481 quam
1412 2415 1641 2469 residem
1682 2414 2028 2470 voluntatem.

454 2501 765 2569 Quanquam
797 2517 988 2556 vereor
1030 2519 1097 2557 ne
1127 2503 1326 2559 factum
1369 2515 1516 2559 tuum
1561 2506 1674 2561 haec
1704 2508 1816 2577 ipsa
1845 2518 2032 2578 gravet

455 2587 771 2642 humanitas.
814 2590 945 2645 Nam
977 2593 1066 2660 qui
1109 2593 1236 2646 mihi
1282 2610 1379 2657 pro
1405 2605 1458 2650 te
1483 2597 1775 2662 satisfacio,
1806 2600 2031 2654 ostendo

453 2692 538 2730 me
565 2678 691 2732 nihil
717 2680 821 2734 tale
840 2682 1118 2737 meruisse.
1149 2683 1334 2738 Scribe
1358 2701 1486 2750 ergo
1509 2688 1617 2754 jam
1641 2689 1834 2756 sepius
1861 2698 1916 2744 et
1940 2704 2032 2744 eo—

453 2770 672 2838 piosius,
690 2776 992 2841 priusquam
1025 2775 1241 2841 prafata
1273 2792 1374 2844 ope
1398 2778 1482 2832 dei
1512 2779 1562 2832 in
1595 2780 1837 2835 Lucanos
1862 2782 2031 2837 saltus

454 2861 567 2914 vela
600 2860 873 2916 faciamus.
926 2863 1061 2928 Quid
1093 2866 1235 2919 enim
1263 2867 1414 2933 juvat
1442 2868 1700 2937 proximis
1726 2871 2031 2939 regionib‘us

454 2953 744 3014 immorari,
768 2966 886 3006 cum
912 2968 1038 3008 ecce
1064 2955 1223 3009 nulla:
1246 2957 1432 3011 littera:
1456 2957 1763 3012 deferantur
1790 2969 1842 3013 et
1867 2961 2030 3013 silen-

453 3043 579 3094 tium
630 3053 776 3107 tuum
826 3043 1049 3099 honeste
1109 3046 1276 3115 possit
1327 3061 1585 3104 excusare
1630 3049 2028 3120 longinquitas?

455 3131 600 3188 Vale.

1037 3205 1254 3264 EPIST.
1300 3208 1434 3262 XIV.

919 3308 1228 3352 εςιιιιλςαυς
1254 3312 1554 3352 τηεουοιιο.

523 3386 840 3456 Ademptum
894 3399 976 3443 est
1029 3391 1122 3444 tibi
1172 3392 1422 3459 generale
1480 3391 1796 3460 perfugium.
1849 3391 2071 3460 Neque.

453 3477 593 3529 enim
640 3486 797 3546 potes
821 3480 1060 3532 solemne
1101 3479 1229 3533 illud
1261 3490 1316 3534 et
1349 3481 1713 3550 pervulgatum
1743 3497 1912 3550 genus
1938 3485 2032 3536 de-

454 3566 708 3621 fensionis
730 3567 983 3622 inducere
1007 3585 1021 3622 :
1053 3582 1199 3622 meas
1227 3578 1279 3623 te
1305 3570 1478 3624 adhuc
1504 3571 1707 3624 litteras
1736 3573 1955 3636 aperiri,
1974 3581 2032 3626 ut

455 3659 675 3724 quadam
694 3658 949 3725 religione
969 3659 1214 3712 solvaris.
1233 3658 1550 3714 Iamdudum
1577 3660 1667 3713 tibi
1689 3661 1855 3729 stylus
1879 3677 2028 3715 meus

456 3745 579 3800 facit
604 3748 920 3814 auspicium,
945 3748 1028 3801 eui
1056 3761 1161 3823 non
1198 3747 1376 3803 abnuo
1405 3749 1663 3803 redditam
1695 3750 1862 3802 vicem
1889 3766 1901 3802 :
1932 3753 2025 3804 sed

455 3835 688 3888 aemulari
732 3836 966 3890 studium
1019 3845 1258 3890 nostrum
1306 3837 1466 3891 etiam
1503 3839 1805 3892 voluntario
1842 3847 2027 3907 postea

455 3925 632 3980 ofﬁcio
654 3925 902 3980 debuisti.
925 3927 1007 3981 An
1035 3936 1316 3996 exspectas
1337 3937 1394 3982 ut
1416 3937 1467 3984 te
1494 3929 1581 3983 illa
1604 3930 2028 3997 expostulatione

455 4016 840 4083 perstringam?
869 4017 948 4069 'l‘u
992 4017 1091 4071 nisi
1129 4019 1271 4072 malo
1294 4029 1510 4072 coactus
1544 4027 1690 4074 recte
1721 4017 1898 4073 facere
1934 4033 2027 4072 ne-

454 4108 594 4161 scis?
622 4106 820 4160 Omitto
851 4108 1020 4174 plura,
1053 4115 1107 4162 et
1149 4109 1200 4161 in
1242 4108 1502 4177 reliquum
1544 4107 1672 4162 mihi
1697 4108 2024 4178 diligentiam

455 4208 596 4250 tuam
617 4197 853 4264 spondeo
874 4215 885 4250 :
911 4214 1069 4266 quam
1089 4185 1218 4252 mihi
1244 4199 1433 4268 religio
1453 4199 1601 4268 parvi
1624 4198 1828 4267 habuit,
1850 4198 2038 4254 saltem

455 4287 749 4342 admonitio
768 4296 947 4342 nostra
977 4288 1264 4356 reparabit.
1298 4289 1447 4344 Vale.
1658 4281 1663 4285 “

1049 4400 1260 4455 EPIST.
1310 4400 1426 4455 XV.

916 4506 1222 4546 εῑιιλειιυδ
1258 4506 1557 4546 τηεουοιο.

2139 603 2488 670 profuturam.
2541 598 2691 653 Unde
2739 599 2932 654 factum
2964 611 3046 656 est
3087 609 3144 655 ut
3191 601 3415 657 Domino
3444 615 3494 657 et
3551 602 3708 658 fratre

2139 709 2260 746 meo
2282 691 2531 761 praefecto
2560 699 2682 744 ante
2708 693 2953 746 consulto
2977 694 3040 746 ad
3075 703 3245 748 castra
3273 694 3503 750 forensia
3528 696 3703 748 mitte-

2138 798 2303 846 rcuir,
2354 797 2419 835 eo
2469 782 2762 850 praesertim
2805 791 3044 850 tempore
3095 799 3200 854 quo
3255 794 3345 839 tuo
3389 785 3707 839 adminiculo

2137 872 2305 939 possit
2342 870 2564 923 institui.
2600 870 2934 940 Quapropter
2976 875 3164 943 piguus
3193 885 3337 928 tuum
3383 876 3598 943 suscipe
3625 874 3706 927 in-

2137 960 2467 1018 formandum
2493 961 2645 1015 bonis
2676 961 2909 1017 fraterna
2937 963 3192 1032 religione
3221 964 3520 1032 praceptis.
3556 962 3700 1019 Vale.

2716 1055 2928 1109 EPIST.
2969 1054 3130 1123 xv",

2602 1157 2654 1197 Si
2663 1158 2904 1198 ιιλειιυς
2941 1161 3222 1199 ιιλαπιιιυ.

2209 1236 2430 1290 Brevem
2475 1235 2634 1289 decet
2659 1249 2780 1289 esse
2809 1249 3107 1289 sermonem
3144 1251 3250 1305 quo
3275 1236 3476 1318 reditus
3505 1235 3704 1290 indica-

2137 1336 2245 1383 tur.
2290 1326 2426 1393 Quid
2477 1327 2620 1382 enim
2666 1326 2886 1400 mandes
2909 1327 3141 1395 paginae,
3192 1342 3311 1381 cum
3359 1321 3536 1381 Omnia
3586 1340 3702 1396 qua:

2133 1420 2332 1486 scripto
2353 1417 2614 1472 committi
2643 1417 2837 1482 solent,
2862 1417 3051 1471 fabulis
3078 1419 3248 1485 potius
3273 1417 3502 1472 debeant
3531 1431 3704 1472 reser-

2133 1508 2286 1562 vari?
2315 1506 2427 1562 Hoc
2464 1515 2549 1561 est
2592 1496 2963 1575 argumentum
3005 1507 3344 1575 presentium
3387 1507 3702 1572 litterarum,

2131 1612 2287 1668 quas,
2314 1597 2361 1652 si
2388 1597 2461 1652 dii
2483 1607 2665 1653 votum
2691 1596 2950 1664 iuverint,
2984 1612 3110 1650 mox
3140 1611 3450 1666 sequemur.
3482 1596 3632 1651 Vale.

2291 1679 2296 1687 ’
2698 1683 2912 1739 EPIST.
2955 1683 3133 1743 XVIII.
3238 1687 3245 1693 ’

2609 1790 2914 1834 στικλοιιυε
2951 1791 3230 1831 Ιιςιιιιω.

2062 1853 2109 1913 Β
2204 1867 2409 1924 Suades
2451 1874 2510 1920 ut
2556 1865 2794 1930 redeam,
2842 1881 2909 1920 ne
2933 1866 3020 1933 jus
3053 1866 3234 1935 νηριίί
3263 1866 3430 1923 nostri
3477 1865 3702 1938 violenta

2135 1958 2412 2028 perturbet
2461 1956 2706 2024 irruptio.
2755 1954 2825 2009 At
2876 1969 2977 2024 ego
3015 1965 3143 2023 puto
3180 1970 3284 2010 non
3338 1955 3515 2010 minus
3563 1965 3703 2010 tuam

2131 2068 2316 2109 curam
2338 2067 2494 2123 quam
2519 2067 2690 2105 meam
2721 2052 3059 2122 praesentiam
3090 2065 3426 2120 promovere.
3466 2050 3704 2120 Conjicie

2132 2145 2440 2216 exaggerari
2485 2143 2729 2211 religiose
2779 2143 2933 2196 istam
2978 2141 3405 2211 trepidationem,
3453 2141 3581 2195 dum
3619 2155 3706 2196 me

2135 2237 2356 2291 Romam
2384 2234 2565 2288 studes
2594 2232 2886 2287 retrahere.
2937 2231 3047 2302 Ego
3086 2239 3263 2286 autem
3312 2231 3472 2299 hujus
3523 2231 3703 2297 tedis,

2133 2341 2240 2381 non
2285 2323 2445 2378 modo
2486 2337 2669 2377 amore
2715 2322 2806 2376 otii
2845 2320 3038 2377 abesse
3077 2321 3372 2391 plusculum
3415 2322 3612 2391 cupio:
3649 2328 3703 2378 ot

2131 2417 2256 2484 quia
2304 2414 2458 2466 inane
2500 2415 2604 2466 erit
2648 2410 2901 2480 quidquid
2951 2419 3158 2465 remoto
3201 2421 3360 2481 atque
3405 2409 3704 2465 inconsulto

2136 2519 2446 2572 possessore
2475 2512 2728 2558 tentatur.
2758 2501 3052 2555 Consilium
3082 2517 3211 2574 vero
3238 2502 3319 2556 rei
3340 2502 3563 2570 agenda:
3585 2511 3703 2556 tuus

2132 2605 2188 2649 et
2226 2594 2474 2658 aliorum,
2499 2591 2690 2662 quibus
2731 2590 2876 2644 cordi
2917 2604 3125 2671 sumus,
3157 2600 3411 2646 tractatus
3442 2591 3700 2647 inveniet.

2133 2687 2259 2740 Mea:
2280 2683 2443 2754 quieti
2467 2679 2642 2736 hullus
2664 2680 2898 2735 invideat
2920 2719 2936 2744 ,
2963 2681 3086 2750 quia
3132 2680 3340 2750 longius
3358 2679 3700 2749 producenda

2132 2787 2232 2841 εει,
2270 2791 2389 2829 cum
2434 2773 2607 2827 vicem
2652 2781 2887 2826 nostram
2927 2771 3186 2826 bonbrum
3227 2771 3521 2826 amicorum
3572 2783 3701 2825 cura

2131 2865 2395 2935 fungatur.
2425 2863 2574 2919 Vale.
2755 2852 2767 2859 I

2610 3021 2611 3024 γ
2719 2951 2932 3007 EPIST.
2972 2950 3115 3005 xix.

2600 3058 2902 3098 sritncuus
2937 3044 3220 3098 ιηεκὶιιο.

2201 3135 2425 3204 Semper
2454 3143 2505 3189 te
2533 3135 2586 3187 in
2618 3135 2850 3204 primore
2873 3131 3214 3189 affectiOnum
3244 3146 3482 3188 mearum
3524 3131 3703 3187 fronte

2131 3227 2417 3279 constituo.
2469 3224 2655 3278 Merito
2697 3225 2928 3277 incertus
2969 3222 3153 3287 animi,
3193 3221 3559 3291 cognitionem
3592 3231 3694 3276 tua:

2131 3316 2316 3370 salutis
2337 3324 2586 3383 exSpccto
2616 3332 2628 3366 :
2660 3329 2817 3384 quam
2841 3315 2892 3368 ~si
2924 3323 3135 3368 mutuus
3172 3327 3350 3368 sermo
3375 3313 3700 3382 praestiterit,

2129 3408 2355 3461 reditum
2387 3416 2625 3461 nostrum
2651 3406 2898 3476 alacritas
2923 3405 3188 3459 ineitabit.
3221 3403 3374 3458 Vale.

2731 3496 2943 3551 EPIST.
2981 3495 3103 3553 XX.

2599 3577 2912 3644 statuentis
2941 3599 3229 3640 memnto.

2200 3678 2304 3730 Nos
2334 3686 2482 3730 tuum
2514 3687 2869 3745 praaoptamus
2899 3674 3203 3736 adventum.
3235 3673 3317 3728 Tu
3357 3673 3537 3728 missis
3583 3688 3703 3731 mu-

2130 3768 2346 3820 neribus
2389 3766 2649 3820 desideria
2698 3775 2875 3820 nostra
2915 3765 3122 3819 solai'is.
3158 3763 3455 3819 Admodum
3486 3751 3704 3832 quidem

2129 3858 2364 3912 delector
2385 3857 2574 3910 oblatis
2597 3898 2613 3920 ,
2641 3856 2732 3910 sed
2763 3855 2865 3910 hoc
2894 3855 3011 3920 ipso
3029 3854 3208 3908 ofﬁcio
3231 3854 3422 3908 damna
3448 3853 3709 3911 absentia:

2129 3961 2233 4002 tuze
2260 3948 2473 4017 gravius
2515 3947 2837 4000 sentiuntur.
2880 3945 3123 4000 Pleniora
3161 3948 3303 4002 enim
3347 3950 3594 4018 przcsidia
3626 3961 3707 4003 at-

2128 4054 2231 4107 que
2274 4047 2587 4092 ornamenta
2632 4037 2700 4095 de
2741 4040 2918 4093 amico
2968 4049 3228 4108 praesente
3255 4053 3588 4107 caperemus.
3640 4043 3707 4094 At

2129 4142 2270 4185 nunc
2301 4128 2439 4184 inter
2462 4130 2636 4183 votiva
2664 4129 2929 4183 candidati
2958 4129 3059 4182 mei
3091 4129 3324 4195 negotia,
3351 4136 3406 4180 et
3424 4129 3707 4195 quaestoris

2130 4229 2415 4290 apparatus
2457 4218 2693 4272 fraudari
2740 4233 2838 4272 nos
2866 4233 3166 4286 conqueror
3205 4219 3461 4272 societate
3487 4226 3703 4296 tuorum

2130 4309 2498 4365 consiliorum.
2535 4308 2602 4363 Et
2629 4316 2804 4361 tamen
2845 4307 3091 4362 obeunda
3121 4322 3221 4362 nec
3260 4306 3440 4375 procul
3493 4307 3704 4362 locatus

2131 4399 2353 4454 omittis.
2405 4397 2538 4452 Nam
2589 4407 2644 4451 et
2685 4407 2860 4453 vestes
2904 4399 3225 4461 subsericas,
3271 4413 3406 4468 quas
3457 4397 3706 4454 homines

2131 4490 2235 4544 mei
2261 4477 2392 4557 post
2418 4489 2706 4542 illatinnem
2727 4472 2883 4555 pretii
2913 4475 3268 4551 retentabant,
3299 4497 3351 4542 et
3376 4488 3703 4542 instructum

525 4564 772 4634 Proxime
811 4570 1035 4634 Romam
1074 4595 1349 4651 regressus
1373 4597 1403 4635 a
1439 4580 1712 4636 scribendi
1745 4590 2028 4636 consuetu-
2053 4553 2107 4613 D
2130 4553 2393 4648 reliquum
2423 4553 2776 4631 muneralium
2809 4578 3148 4643 praemiorum
3176 4586 3295 4631 tuus
3314 4578 3490 4646 coegit
3514 4577 3707 4633 instin-

453 4672 576 4726 dioe
630 4686 736 4725 non
787 4680 894 4725 tam
942 4671 1143 4726 desidia
1206 4687 1364 4740 quam
1409 4676 1759 4742 occupatione
1804 4672 2025 4727 descivi.

455 4770 625 4831 Atque
650 4764 770 4818 ideo
799 4772 922 4832 peto
951 4762 1006 4817 in
1027 4764 1222 4818 bonam
1262 4773 1466 4833 partem
1497 4765 1863 4833 purgationem
1892 4780 2028 4833 prae-

458 4856 624 4907 terita:
649 4855 1021 4909 taciturnitatis
1047 4856 1298 4924 accipias,
1325 4871 1642 4924 mecumque
1670 4856 1863 4913 lateris
1884 4858 2024 4925 quod

457 4943 664 4996 Domini
720 4925 889 4998 nostri
944 4942 1229 4998 Theodosii
1277 4959 1432 4999 sacro
1491 4944 1781 5014 divinoque
1827 4945 2027 5014 judicio

459 5033 625 5085 merui
653 5031 1036 5086 Consulatum:
1065 5032 1217 5100 cujus
1253 5033 1531 5101 multiplex
1558 5043 1842 5102 apparatus
1884 5044 2028 5088 tuam

457 5122 680 5189 requirit
709 5120 1044 5176 industriam.
1072 5120 1181 5174 Sed
1211 5135 1397 5175 rursus
1425 5124 1656 5176 occurrit
1682 5132 1807 5176 voto
1837 5134 1892 5178 et
1919 5133 2031 5178 stu-

457 5211 559 5264 diis
590 5211 742 5275 meis,
776 5225 843 5265 ne
872 5211 1091 5264 honoris
1109 5209 1183 5262 tui
1207 5217 1442 5277 tempora
1467 5211 1875 5265 contrahantur.
1890 5212 2030 5276 Qua-

455 5315 670 5372 propter
710 5311 813 5356 tua:
853 5302 1103 5370 permitto
1143 5301 1420 5356 sententia
1450 5309 1508 5354 ut
1554 5302 1597 5353 si
1638 5300 1819 5354 votivo
1857 5302 2031 5354 ollicio

460 5396 644 5448 domus
683 5404 881 5448 nostra
925 5392 1188 5446 interesse
1222 5391 1519 5458 desidem,
1555 5390 2031 5447 administrationis

481 5485 636 5536 shore
661 5481 906 5536 solvaris.
937 5479 1092 5534 Vale.
1357 5540 1363 5546 ,

1047 5572 1262 5630 EPIST.
1303 5573 1442 5628 XVI.

924 5679 1229 5719 smne-us
1266 5677 1564 5744 "somno.

528 5753 723 5843 Sancto
752 5753 1042 5826 Lampadio
1059 5768 1314 5823 germano
1335 5764 1447 5819 tuo,
1474 5764 1528 5831 et
1553 5754 1616 5810 atl
1643 5767 1792 5824 spem
1821 5771 2035 5822 procos-

2127 4680 2263 4724 ctus.
2287 4671 2424 4738 Opto
2454 4669 2611 4738 igitur
2629 4668 2722 4723 tibi
2745 4678 3044 4738 promptum
3066 4669 3159 4724 Dei
3184 4670 3415 4723 favorem
3446 4669 3722 4726 reditum-'

2128 4776 2231 4827 que
2252 4760 2457 4831 felicem
2483 4775 2499 4814 :
2522 4759 2782 4828 simulque
2803 4774 2922 4824 oro,
2944 4758 2989 4813 si
3013 4759 3123 4814 fors
3140 4759 3349 4814 dederit
3369 4759 3705 4824 facultatem,

2129 4851 2386 4905 functioni
2424 4859 2622 4904 nostra:
2683 4849 2948 4906 interesse
2987 4850 3346 4920 deproperes;
3394 4849 3550 4918 cujus
3605 4866 3722 4923 vo.‘

2130 4942 2301 5010 luptas
2329 4953 2517 5009 magna
2541 4939 3085 5008 parte'cumulabitur,
3110 4942 3156 4994 si
3179 4941 3378 4994 latitia
3404 4954 3559 4994 novze
3579 4954 3707 5010 par-

2133 5029 2301 5101 ticeps
2329 5029 2660 5086 desideratus
2679 5033 2988 5086 accesseris.
3024 5030 3172 5084 Vale.

2657 5147 2660 5149 λ
2719 5119 2929 5174 EPIST.
2969 5119 3110 5173 XXI.

2612 5226 2920 5265 εηιιλοηυε
2957 5228 3239 5268 κλωπιιο.
3625 5283 3632 5289 κ

2204 5299 2384 5355 Potuit
2410 5300 2525 5354 sine
2555 5300 2744 5356 litteris
2772 5299 2971 5354 nostris
2992 5310 3207 5356 sanctus
3229 5302 3478 5357 Aurelius
3496 5303 3543 5357 si
3568 5304 3704 5374 quid

2140 5393 2209 5449 de
2249 5407 2335 5448 me
2375 5407 2640 5463 quaereres
2669 5393 2950 5462 explicare.
2999 5393 3107 5449 Sed
3135 5394 3256 5463 quia
3294 5393 3568 5450 fastidiosa
3616 5413 3704 5453 sa-

2141 5484 2328 5538 lutatio
2368 5491 2488 5548 est,
2531 5499 2653 5554 qua
2698 5484 2840 5538 nudo
2888 5499 3136 5542 sermone
3172 5483 3419 5538 dolatur
3444 5524 3463 5550 ,
3514 5487 3702 5544 innexi

2139 5575 2335 5643 scripta
2363 5575 2641 5630 mandatis.
2680 5575 2792 5630 Ave
2820 5575 2978 5645 igitur
3014 5574 3133 5629 dieo
3156 5573 3271 5637 tibi,
3300 5574 3571 5644 simulque
3609 5577 3705 5632 de-

2141 5679 2348 5733 precor,
2377 5666 2668 5721 secundum
2720 5664 3204 5729 commonitorium,
3242 5678 3349 5733 quo
3387 5669 3703 5721 summatim

2137 5756 2344 5813 muneri
2372 5756 2713 5828 preparanda
2743 5756 3006 5828 rescripsi,
3047 5765 3104 5812 ut
3142 5755 3276 5825 ipse,
3305 5755 3448 5814 salva
3470 5755 3706 5820 judicia-

2410 6337 2481 6339 _
2798 6335 2863 6337 _
3576 6159 3826 6350 Δ
