3896 6344
158 420 247 472 249

155 617 386 670 exhibeas
408 631 423 677 ;
445 626 500 668 et
531 615 776 669 homines
805 622 1012 669 nostros
1033 614 1422 682 comparandis,
1453 629 1571 684 qua:
1609 631 1704 680 po-

153 709 243 760 scit
276 704 459 768 editio,
485 705 691 773 justum
723 705 1044 774 impendium
1073 706 1372 758 ministrare
1401 705 1698 774 praecipias.

155 798 289 854 Vale.

717 886 929 942 EPIST.
967 885 1130 940 XXII.

607 990 912 1030 δςιυιλειισε
950 989 1229 1030 ιιΑςιςιιιο.

211 1067 567 1134 Οιιεαιοτίιιω
585 1062 788 1138 parvuli
807 1068 969 1121 nostri
996 1083 1184 1121 munus
1209 1066 1532 1130 acceleraus,
1556 1081 1705 1120 com-

149 1158 281 1211 muni
306 1160 480 1212 amico
509 1158 730 1213 Aurelio
755 1159 992 1225 quaedam
1018 1157 1372 1224 comparanda
1400 1166 1491 1208 aut
1521 1155 1701 1224 provi-

149 1249 306 1302 denda
331 1248 603 1303 mandavi.
651 1248 757 1303 Sed
785 1244 907 1317 quia
935 1247 1156 1316 publicis
1190 1245 1416 1314 negotiis
1459 1253 1511 1298 et
1553 1244 1702 1298 varia

149 1338 495 1407 injunctorum
536 1337 882 1406 occupatione
907 1336 1260 1405 distringitur,
1297 1335 1582 1390 Eusebium
1625 1332 1705 1388 fa-

148 1428 391 1482 miliarem
426 1427 708 1497 speciatim
761 1430 883 1482 misi
907 1465 925 1491 ,
969 1427 1124 1497 cujus
1175 1426 1538 1482 admonitione
1573 1439 1703 1480 cura

149 1527 228 1572 tua
255 1518 306 1572 in
331 1516 586 1572 electum
609 1516 849 1571 omnium
875 1524 1209 1584 provocetur.
1241 1514 1305 1569 Et
1324 1516 1447 1584 quia
1489 1515 1704 1583 longum

150 1609 310 1662 visum
333 1617 418 1663 est
442 1607 661 1662 litterali
686 1606 829 1663 serie
864 1606 1067 1677 agenda
1092 1606 1410 1686 complecti,
1439 1620 1544 1660 non
1582 1620 1705 1675 gra-

151 1699 278 1754 veris
334 1700 805 1754 cttmmonitorium
873 1698 1096 1753 strictim
1159 1697 1426 1766 signatum
1487 1710 1704 1765 pereur-

149 1805 257 1846 rere
274 1832 290 1855 ,
317 1791 462 1859 quod
488 1792 624 1845 satis
643 1803 766 1845 esse
790 1789 1018 1844 arbitror
1050 1788 1116 1842 ad
1144 1788 1541 1843 incitamentum
1579 1786 1702 1839 dili-

1341 418 1807 475 EPISTOLABUM
1847 419 2046 475 LIBER
2087 422 2144 476 V.

157 529 226 582 ria
263 524 671 590 existimatione,
704 539 882 581 curam
929 511 1103 581 fratris
1131 508 1382 591 religiosi,
1427 536 1483 580 ut
1533 529 1697 591 soles,
1725 531 1778 587 Α

3259 436 3363 492 τω

2342 530 2551 586 EPIST.
2595 533 2827 588 XXVIII.

2265 636 2577 676 SYIIIACIIUS
2616 640 2899 679 IAGSILLO.

1871 707 2198 774 Antecapcre
2234 710 2494 764 scribendi
2551 714 2791 768 ordinem
2834 717 2933 770 mei
2973 734 3205 774 muneris
3244 721 3360 777 fuit.

1805 797 1976 853 Habes
2004 799 2230 854 festinati
2259 801 2414 856 oflicii
2443 804 2685 871 gloriam,
2727 821 2844 858 cum
2875 821 2974 874 ego
3015 815 3180 866 fatear
3205 814 3362 866 tardi-

1801 897 1982 943 tatem.
2016 890 2076 942 Et
2109 902 2253 945 certe
2291 894 2434 959 potui
2471 894 2703 962 allegare
2733 895 2928 962 aliquid
2969 897 3021 950 in
3069 903 3362 953 excusatiu-

1802 993 1920 1030 nt-m
1953 993 2237 1032 morarum.
2271 981 2552 1048 Supererat
2590 985 2715 1036 mibi
2751 984 3028 1051 plurimum
3055 989 3170 1051 vim,
3204 989 3362 1041 malui

1804 1058 1853 1120 te
1880 1068 1948 1122 de
1975 1069 2172 1123 laboris
2201 1071 2363 1123 nostri
2390 1070 2719 1125 absolutione
2745 1071 2920 1128 facere
2951 1090 3214 1130 securum.
3259 1077 3362 1131 Sed

1802 1159 1889 1224 pio
1927 1157 2104 1212 studio
2149 1161 2439 1223 prrevenire
2482 1161 2658 1214 nullus
2685 1171 2765 1216 est
2791 1163 2973 1218 rubor.
3028 1169 3159 1220 Ama
3208 1168 3365 1236 igitur

1801 1256 1989 1311 sponte
2017 1248 2315 1316 cedentem,
2344 1251 2427 1303 cui
2453 1249 2700 1321 baqipsa
2724 1238 3035 1320 simplicitas
3072 1257 3362 1311 conciliare

1801 1336 1959 1391 debet
1993 1337 2293 1405 frequentes
2329 1339 2532 1396 litteras
2561 1349 2705 1406 tuas;
2739 1357 2871 1410 quas
2898 1345 2942 1397 si
2982 1359 3085 1396 non
3122 1344 3362 1414 adsequa-

1804 1441 1932 1481 veru
1961 1428 2070 1494 pari
2116 1443 2357 1498 numero,
2404 1443 2588 1484 rursus
2634 1431 2729 1485 tibi
2773 1434 3050 1500 praemium
3097 1433 3368 1489 confessio

1802 1532 1919 1573 mea
1940 1517 2114 1574 l‘aciet.
2149 1518 2293 1573 Vale.
2604 1548 2610 1557 -

2274 1586 2278 1590 ’
2363 1587 2572 1644 EPIST.
2614 1589 2804 1647 XXIX.

2267 1693 2576 1736 πηλίκης
2614 1697 2895 1737 Ιλσειιιο.

1874 1766 2118 1822 Amicum
2145 1782 2318 1821 meum
2344 1769 2410 1822 ad
2429 1769 2642 1824 Brutios
2661 1781 3020 1827 revertentem
3044 1773 3232 1827 litteris
3252 1789 3372 1828 ere-

147 1849 504 1947 ‘emi'c'ma.
550 1879 734 1948 neque
781 1878 925 1932 enim
975 1891 1156 1947 pm
1185 1885 1398 1946 ονοηει
1441 1874 1706 1940 adhiberi,
1737 1854 1915 1948 Bdidi
1942 1857 2387 1948 prosequendum,
2433 1866 2490 1912 ut
2533 1859 2626 1948 tibi
2673 1849 3008 1916 salutationis
3053 1877 3242 1916 munus
3275 1878 3368 1916 ex-

149 1982 256 2022 cum
282 1967 394 2022 sola
419 1967 580 2022 aiei
601 1966 843 2022 voluntas
864 1967 1093 2022 studium
1118 1975 1263 2020 tuum
1283 1966 1471 2020 debeat
1491 1979 1704 2020 acuere.

152 2059 287 2114 Vale.

678 2140 917 2202 “EPIST.
960 2145 1146 2200 XXIII.

615 2249 923 2290 διιυυευε
945 2247 1230 2290 ειςδιιω.

210 2327 549 2382 Anastasium
607 2334 851 2380 nostrum
914 2325 1148 2394 dignaris
1208 2338 1518 2393 agnoscere.
1572 2322 1707 2378 Nam

150 2416 277 2469 domi
304 2430 447 2484 sarpe
473 2413 675 2468 vidisti.
704 2413 827 2467 Ilrec
851 2413 923 2466 illi
953 2414 1140 2466 notitia
1165 2412 1300 2481 apud
1329 2420 1380 2465 te
1409 2412 1568 2466 debet
1587 2426 1708 2466 esse

151 2505 412 2575 sulragio,
467 2503 678 2559 etiamsi
732 2501 888 2556 nullis
913 2491 1191 2570 iuvaretur
1242 2501 1507 2570 alloquiis.
1555 2499 1709 2554 Nunc

150 2577 377 2649 dubitare
409 2611 519 2648 non
557 2607 768 2663 possum
806 2594 1208 2648 cumulatiorem
1242 2593 1384 2647 circa
1425 2606 1548 2646 eum
1592 2591 1707 2646 fore

150 2699 316 2738 curam
345 2695 514 2747 tuam,
528 2698 650 2739 cum
671 2691 726 2739 et
744 2691 949 2738 vetusta
969 2682 1220 2752 cognitio,
1243 2691 1295 2738 et
1322 2696 1508 2738 recens
1528 2695 1708 2736 sermo

152 2773 499 2830 cunmendet.

713 2861 927 2918 EPIST.
966 2862 1154 2917 XXIV.

609 2969 918 3009 SVIIACBUS
947 2967 1225 3008 IAGNILLO.

211 3043 502 3098 Familiaris
545 3045 763 3098 emersit
803 3044 1031 3109 occasio,
1049 3058 1184 3112 ,qnae
1226 3043 1318 3096 tibi
1349 3043 1534 3097 salutis
1573 3055 1707 3098 mea:

153 3146 442 3202 apportaret
478 3135 694 3189 indicia.
724 3135 904 3204 Neque
928 3137 1069 3190 enim
1094 3136 1332 3190 dubitare
1363 3150 1577 3204 possum
1608 3135 1700 3188 tibi

151 3224 334 3280 litteras
355 3241 502 3279 meas
528 3241 650 3280 esse
681 3225 976 3280 reddendas
1004 3240 1138 3293 quas
1165 3226 1411 3281 Silvanus
1442 3225 1508 3279 ad
1537 3225 1706 3278 animi

153 3315 301 3369 nostri
328 3308 656 3384 diligentiam
691 3317 958 3382 pertinens
996 3316 1287 3371 exhibebit.
1321 3315 1417 3369 Cui
1448 3316 1561 3369 bare
1591 3315 1703 3383 ipsa

152 3409 330 3475 recepti
362 3406 524 3461 officii
547 3407 940 3462 commendatio
961 3407 1099 3475 apud
1125 3417 1177 3460 te
1201 3407 1356 3460 debet
1379 3421 1496 3460 esse
1517 3405 1704 3459 suffra—

153 3497 242 3562 gio.
272 3497 530 3551 Ceterum
568 3506 626 3551 ut
669 3497 991 3567 reSpondeas
1035 3513 1139 3551 non
1182 3497 1385 3560 laboro,
1415 3511 1536 3550 cum
1568 3496 1703 3549 mihi

154 3591 450 3658 scriptorum
479 3601 688 3648 tuorum
722 3590 1141 3646 vicissitudinem
1187 3599 1364 3644 mutua
1396 3590 1702 3658 polliceatur

155 3678 370 3733 azicctio.
403 3679 550 3734 Vale.

700 3772 918 3827 EPIST.
972 3771 1138 3826 XXV.

603 3878 905 3918 SYIIACBUS
933 3879 1212 3919 ΙΑϐιιιιιο.

215 3949 405 4011 Parens
439 3969 568 4009 sana
602 3965 706 4021 est,
744 3966 797 4010 et
825 3957 889 4009 ad
925 3957 1225 4024 patientiam
1257 3956 1456 4016 doloris
1481 3960 1700 4016 adduci-

156 4055 247 4097 tur.
280 4045 444 4111 Quare
486 4045 622 4099 hanc
650 4056 855 4114 partem
892 4060 1137 4118 curarum
1177 4048 1407 4119 depone,
1445 4061 1702 4106 mentem-

154 4150 245 4200 que
283 4135 344 4188 ad
371 4135 582 4190 meliora
609 4150 891 4202 compone.
920 4123 1075 4198 Certe
1111 4142 1154 4196 si
1182 4142 1382 4210 aliquid
1421 4143 1487 4196 ab
1527 4156 1586 4196 re
1614 4150 1700 4194 tua

151 4234 236 4286 otii
259 4243 356 4297 est,
381 4236 572 4291 nostris
603 4234 828 4304 negotiis
850 4234 1170 4303 diligentiam
1191 4232 1406 4301 dignare
1428 4241 1697 4300 praestare,

155 4332 210 4377 ut
230 4337 396 4392 opera
425 4325 496 4377 sit
523 4305 748 4392 pretium
776 4323 913 4391 quod
954 4323 1006 4376 in
1045 4330 1291 4376 exactore
1328 4321 1588 4375 mittendo
1616 4321 1702 4374 lit-

151 4411 277 4467 teris
293 4422 342 4467 et
365 4413 578 4467 onitis
600 4413 704 4466 tuis
723 4409 976 4466 satisfeci.
1001 4410 1148 4465 Vale.

700 4519 911 4576 EPIST.
947 4517 1136 4574 XXVI.

594 4627 899 4668 SYIIACBUS
952 4625 1239 4668 IAGNILLO.

223 4720 364 4776 llulta
387 4723 619 4789 Oceano,
649 4734 709 4778 ut
733 4723 1049 4792 recordaris,
1077 4731 1131 4776 et
1149 4719 1360 4786 litteris,
1387 4731 1441 4777 et
1462 4735 1708 4776 commo-

164 4812 348 4868 nitoriis
374 4814 638 4885 implenda
687 4815 1084 4878 mandavimus;
1114 4813 1306 4884 quibus
1345 4811 1700 4882 exsequendis

161 4918 245 4972 par
268 4915 381 4960 esse
406 4920 509 4961 non
537 4906 753 4976 poterit,
776 4905 875 4958 nisi
904 4913 996 4958 tuo
1023 4905 1249 4972 impulsu
1273 4912 1327 4958 et
1369 4903 1582 4958 monitis
1611 4918 1701 4957 nr-

164 5005 339 5060 geatur.
369 4996 494 5062 Qua
514 5011 637 5052 cum
664 4995 719 5050 in
744 4993 988 5049 effectum
1011 5001 1063 5048 te
1079 4994 1296 5062 juvante
1321 4993 1698 5064 processerint,

160 5098 319 5150 «iusso
340 5096 395 5141 ut
420 5087 619 5141 indicio
640 5085 1040 5155 perscriptionis
1061 5085 1508 5154 exspectationem
1524 5098 1698 5139 meam

161 5190 249 5229 non
273 5180 492 5248 graveris
513 5179 803 5233 instruere.
827 5175 999 5231 Vale.-

679 5279 898 5340 EPIS’I‘.
940 5283 1148 5340 XXVII.

594 5389 904 5434 IYIIACIUS
938 5389 1213 5431 IAGNILLO.

214 5489 433 5547 Numida
450 5489 738 5548 familiaris
766 5487 932 5541 nostri
957 5487 1219 5543 adventus
1247 5484 1386 5539 baud
1414 5484 1700 5540 mediocri-

151 5587 219 5634 ter
241 5579 354 5636 tnibi
376 5583 574 5653 gaudio
601 5580 725 5636 fuit.
750 5577 901 5634 Hanc
921 5577 1153 5632 latitiam
1175 5585 1298 5632 tuus
1324 5590 1503 5654 sermo
1529 5577 1696 5648 gemi-

148 5669 288 5726 navit.
313 5669 717 5744 Duobus‘igitur
740 5685 772 5725 a
802 5676 856 5724 te
883 5667 1191 5724 muneribus
1201 5667 1444 5734 aﬂectus,
1468 5669 1698 5727 amicum

147 5759 228 5818 ω
250 5775 359 5826 cum
384 5763 650 5824 litteratis
677 5758 1004 5819 salutatione
1029 5759 1273 5815 restituo.
1307 5758 1456 5816 Vale.

1805 1947 2092 2010 solverem,
2122 1955 2178 2001 et
2206 1947 2279 2001 illi
2307 1947 2784 2004 commendationis
2811 1949 3008 2019 aliquid
3035 1951 3366 2006 exhiberem.

1805 2038 1996 2102 Quaeso
2018 2038 2174 2104 igitur
2202 2046 2275 2100 te,
2302 2048 2357 2090 ut
2384 2047 2438 2091 et
2463 2040 2598 2092 meis
2626 2039 2814 2093 litteris
2834 2041 3144 2096 vicissitudo
3181 2042 3372 2097 redda-

1805 2138 1910 2195 tur,
1941 2139 1994 2183 et
2015 2129 2090 2182 illi
2119 2127 2357 2184 defensio
2385 2130 2534 2199 plena
2563 2131 2857 2200 proveniat.
2890 2132 3035 2187 Vale.

2372 2253 2588 2318 EPIST.
2629 2263 2800 2318 XXX.

2260 2365 2581 2422 'IYIIACHUS
2613 2369 2898 2410 ΙΑΩιιιιιο.

1875 2439 2120 2494 Proxime
2139 2440 2350 2508 quidem
2383 2441 2515 2495 urbe
2557 2441 2822 2512 digressus
2850 2458 2926 2497 es.
2979 2443 3083 2498 Sed
3123 2459 3223 2512 ego
3260 2443 3372 2514 jam

1804 2530 1952 2599 quasi
1983 2530 2277 2583 inveterato
2304 2522 2379 2583 tui
2417 2529 2685 2585 desiderio
2714 2548 2906 2586 novum
2935 2533 3147 2602 aliquod
3183 2549 3374 2597 uulnus

1804 2621 2088 2675 convenire
2131 2620 2372 2686 credens,
2414 2621 2649 2675 ollicium
2694 2623 2957 2677 scribendi
3006 2627 3229 2692 arripui.
3276 2642 3374 2682 nec

1807 2719 2114 2779 exspectato
2143 2710 2352 2773 ordine,
2374 2725 2473 2764 nec
2498 2725 2645 2764 more
2661 2722 2886 2777 servato,
2913 2714 3001 2782 qui
3029 2701 3166 2768 solet
3186 2716 3374 2770 amicis

1806 2816 1925 2856 esse
1952 2817 2046 2870 pro
2071 2802 2205 2868 lege,
2226 2811 2282 2855 ut
2310 2817 2545 2871 βαδιεῖ-ε
2565 2803 2721 2859 locati
2751 2809 2895 2872 prius
2923 2806 3154 2859 tribuant
3179 2806 3370 2873 scripta

1805 2904 1964 2957 quam
1995 2898 2226 2942 sumant.
2261 2890 2324 2944 Et
2351 2905 2533 2946 revera
2556 2890 2768 2945 affectio
2789 2894 2961 2947 omnis
2986 2894 3268 2959 impatiens
3291 2903 3374 2949 est

1803 2981 1963 3036 etiam
2007 2981 2164 3048 justte
2192 2995 2254 3035 ac
2299 2982 2550 3050 legitimae
2589 2983 2868 3037 tarditatis.
2920 2985 3053 3053 llnpi
3085 3000 3210 3053 ergo
3246 3000 3373 3038 cnn-

1803 3063 2136 3125 suetudinem
2166 3071 2416 3140 religione
2438 3072 2659 3139 majore,
2689 3090 2844 3140 quam
2871 3075 2914 3127 si
2938 3090 3152 3128 servare
3176 3075 3374 3151 voluis-

1730 3193 1775 3256 ε
1805 3175 1938 3214 sem.
1970 3161 2098 3226 Qum
2126 3175 2210 3236 res
2238 3161 2282 3213 si
2312 3161 2404 3213 tibi
2433 3171 2578 3229 grata
2614 3173 2726 3224 εει,
2769 3171 2822 3214 et
2862 3163 2990 3215 mibi
3022 3161 3173 3216 fenus
3223 3163 3372 3215 solvo

1808 3251 2082 3317 colloquii,
2114 3259 2167 3304 et
2194 3250 2442 3318 perlaturi
2467 3251 2644 3304 talium
2674 3252 2961 3304 litterarum
2993 3251 3252 3315 benignus
3282 3267 3371 3304 ar-

1805 3342 1940 3394 ride.
1970 3340 2062 3393 Cui
2083 3350 2138 3394 ut
2161 3336 2290 3393 nihil
2317 3344 2480 3410 magis
2507 3346 2647 3409 potui
2679 3355 2928 3410 prtestare
2958 3360 3112 3412 quam
3138 3345 3367 3411 litteras,

1805 3431 1875 3484 ita
1904 3431 2034 3484 nihil
2064 3433 2262 3500 poteris
2288 3434 2405 3500 plus
2435 3434 2662 3487 tribuere
2683 3450 2838 3502 quam
2864 3435 3116 3488 favorem.
3148 3435 3297 3489 Vale.

2374 3543 2585 3599 EPIST.
2619 3545 2808 3599 XXXI.

2276 3649 2579 3688 sntncnns
2618 3651 2895 3689 IacaILLo.
3234 3679 3247 3698 _

1873 3724 2224 3794 Propinquam
2268 3723 2436 3778 sancti
2477 3725 2805 3794 Asclepiadis
2835 3725 3135 3794 pb‘losopbi
3167 3726 3370 3796 absque

1801 3813 1993 3869 litteris
2022 3818 2155 3868 meis
2204 3815 2352 3869 abire
2385 3829 2477 3882 par
2505 3830 2609 3869 non
2662 3815 2776 3868 luit.
2828 3814 2956 3869 Nam
2990 3816 3130 3869 illius
3182 3819 3368 3872 merita

1804 3913 2182 3973 poposcerunt,
2220 3913 2276 3958 ut
2299 3906 2364 3957 ad
2391 3920 2569 3958 curam
2595 3906 2836 3972 prmclari
2861 3907 2957 3959 viri
2982 3908 3253 3972 pertinens
3279 3917 3369 3961 tuo

1802 3995 2099 4063 patrocinio
2131 3995 2448 4048 traderetur.
2478 3993 2580 4046 Pro
2621 4009 2720 4062 qna
2753 4011 2855 4047 non
2887 3994 3114 4047 arbitror
3159 3995 3364 4049 ambitu

1802 4085 1973 4153 longae
2021 4083 2275 4137 orationis
2327 4083 2612 4149 utendum,
2663 4099 2782 4136 cum
2821 4098 2937 4137 eam
2986 4080 3364 4136 humanitatem

1802 4183 1906 4229 tua:
1933 4174 2306 4241 contemplatio
2356 4175 2587 4242 parentis
2624 4173 2738 4228 sine
2771 4173 3083 4242 cujusquam
3113 4173 3366 4241 petitione

1799 4266 2120 4321 commodat.
2148 4264 2302 4318 'Vale.

2353 4331 2564 4389 EPIST.
2602 4332 2814 4388 XXXII.

2264 4436 2576 4476 SYIIACBUS
2620 4435 2900 4478 ILGRILLO.

1724 4534 1781 4596 ι)
1870 4513 2053 4568 Tzedet
2078 4511 2329 4582 pigetque
2347 4513 2458 4582 jam
2479 4513 2733 4567 scribere.
2774 4512 3056 4582 Quousque
3075 4513 3216 4594 enim
3241 4513 3365 4585 styli

1800 4602 2031 4672 imagine
2075 4600 2459 4670 jucunditatem
2528 4603 2634 4657 vivi
2683 4605 2948 4659 sermonis
3000 4605 3366 4659 imitabimur?

1797 4691 1935 4758 Quid
1962 4691 2102 4762 quod
2130 4691 2290 4746 etiam
2338 4691 2569 4746 felicitas
2598 4689 2836 4760 publica;
2856 4701 2908 4746 et
2950 4706 3049 4759 pax
3069 4692 3211 4745 orbis
3241 4693 3365 4746 bor—

1797 4791 1938 4835 tatur
1965 4791 2021 4835 ut
2066 4780 2231 4834 larem
2269 4790 2479 4848 repetas
2505 4782 2529 4831 ?
2572 4781 2687 4846 Qua
2731 4781 2781 4833 in
2812 4795 2871 4834 re
2902 4781 2996 4834 tibi
3037 4792 3365 4850 opportunus

1799 4870 2042 4923 incentor
2084 4867 2249 4922 frater
2277 4877 2457 4922 noster
2490 4867 2779 4923 Pontianus
2819 4872 3058 4938 accedet,
3101 4872 3362 4928 bonorum

1804 4956 1968 5026 petitu
2011 4958 2226 5012 sortitus
2275 4957 2409 5010 hanc
2445 4970 2702 5024 operam;
2750 4968 2807 5012 ut
2839 4961 2928 5013 tibi
2964 4962 3032 5013 ob
3079 4975 3190 5014 rein
3236 4977 3366 5013 uxo-

1807 5049 1940 5102 riam
1966 5048 2287 5114 demoranti,
2317 5048 2642 5103 desiderium
2667 5050 2964 5105 revisendze
2995 5051 3148 5108 Urbis
3176 5053 3368 5107 admo-

1808 5148 1948 5193 veat.
1983 5139 2130 5193 Vale.

2342 5207 2553 5263 EPIST.
2595 5207 2850 5265 XXXIIL

2282 5311 2580 5350 SYIIACHUS
2625 5312 2904 5351 IAGNILLO.

1870 5386 2006 5442 Nolo
2029 5403 2245 5457 puerum
2267 5389 2564 5442 crimineris
2585 5389 2654 5442 ob
2675 5388 2902 5444 reditum
2923 5391 3226 5445 tardiorem.
3250 5394 3362 5448 Mea

1799 5478 2131 5531 conturbatio
2159 5493 2254 5546 pro
2296 5476 2642 5546 Symmacho,
2696 5494 2870 5549 neque
2917 5480 2980 5532 ad
3030 5481 3363 5536 scribendum

1802 5576 2009 5637 tempus
2029 5568 2261 5633 invenit,
2284 5575 2336 5620 et
2364 5582 2637 5622 recursum
2667 5568 2924 5624 tabellarii
2947 5583 3113 5637 usque
3133 5568 3198 5621 ad
3216 5583 3363 5635 spem

1802 5665 1995 5719 bonam
2017 5662 2252 5717 ‘distulit.
2293 5661 2444 5717 Nunc
2466 5662 2588 5731 quia
2617 5661 2915 5731 periculum
2940 5663 3054 5730 ejus
3079 5662 3129 5714 in
3156 5662 3364 5728 aigritu-

1802 5757 1980 5815 dinem
2004 5754 2182 5819 vertit,
2216 5751 2313 5808 huc
2350 5752 2521 5824 ipsum
2557 5751 2699 5822 loqui
2735 5751 2870 5822 apud
2903 5760 2953 5806 te
2983 5750 3143 5804 licuit.
3186 5748 3362 5804 Faciet
