3826 6364
577 639 671 692 ii

1722 638 1782 702 ρ.
1830 638 2163 693 M'RIZIJUS
2200 638 2635 694 SYRISIACIIUS.

3676 636 3763 691 ἴὲῖ

577 749 746 798 ιιινίιοῦ
793 746 1080 805 miseratio,
1110 736 1223 812 qua:
1255 746 1366 811 pias
1398 759 1549 797 aures
1593 747 1819 812 applicat
1860 748 1995 799 votis
2034 762 2123 816 pa-
2152 756 2199 811 Α
2231 761 2480 814 pervetus
2504 747 2759 801 debitum.
2783 744 3093 799 Iamdudum
3125 744 3261 798 cnim
3287 744 3544 810 Rempub.
3574 744 3763 796 virtuti-

579 846 799 897 ru-ntnm,
836 848 888 887 ut
919 837 1008 887 tibi
1038 851 1160 886 mox
1193 835 1387 898 denuo,
1415 836 1552 903 quod
1581 837 1726 903 juvet
1755 835 2010 902 animum,
2041 854 2128 889 sc-

580 944 658 977 ι·ιιι
675 908 789 978 δίης.
802 942 917 977 ιιιιτιι
946 925 1165 977 ιὶυηῖῖῦῐ.
1192 923 1336 977 Vale.

1115 1013 1327 1067 Iii‘lS'l‘.
1373 1014 1412 1065 Χ
1428 1015 1604 1066 XXIV.

998 1120 1304 1157 εγιιιιιιιέηω
1342 1120 1712 1157 ΙΗΖΙἾΙΕΒἸΊΗΝΙ.

628 1197 840 1249 Δγιοιιιιιι
865 1197 992 1249 tnilti
1018 1212 1120 1247 non
1153 1196 1314 1247 defuit
1346 1198 1550 1249 i:incris
1574 1198 1831 1259 ordiendi,
1863 1198 1953 1249 scd
1985 1196 2132 1249 tarda

582 1288 822 1337 t-vmatio
860 1285 1199 1351 perveniendi
1242 1294 1449 1352 tempus
1496 1287 1737 1339 at'ctavit.
1799 1290 1969 1353 Atque
2019 1286 2137 1338 ideo

583 1375 930 1427 vtreiundius
961 1376 1128 1427 visum
1161 1383 1241 1427 cst
1289 1376 1493 1428 veniam
1535 1390 1772 1443 poscere,
1813 1390 1967 1443 quam
2014 1390 2133 1441 per-

584 1482 609 1513 ιι
649 1476 701 1513 ιο
740 1464 970 1516 consulis
1001 1464 1179 1516 offic.o
1227 1464 1530 1531 pervenire.
1560 1468 1729 1530 Super
1759 1466 1856 1517 hoc
1898 1465 2140 1531 plenissi-

587 1571 697 1609 mas
725 1566 777 1609 et
797 1558 861 1609 ad
896 1557 957 1609 D.
993 1556 1055 1610 N.
1082 1557 1553 1612 clementissimum
1589 1559 1875 1627 principem
1902 1559 2007 1622 jam
2040 1560 2139 1607 du-

586 1649 709 1700 dum
741 1649 939 1703 litteras
960 1646 1105 1710 dedi,
1135 1661 1189 1703 et
1219 1651 1284 1702 ad
1308 1660 1551 1711 czeteros,
1580 1652 1665 1718 qui
1710 1666 1793 1702 me
1833 1650 2019 1702 adesse
2053 1664 2142 1701 vo-

587 1742 824 1803 luerunt;
851 1756 984 1805 quas
1001 1743 1157 1794 etiam
1192 1757 1329 1795 nime
1360 1743 1549 1796 Festus
1579 1757 1738 1812 agens
1767 1742 1815 1794 in
1842 1742 1996 1795 rebus
2023 1756 2145 1808 pro-

591 1829 857 1881 liciscendi
886 1830 1221 1883 cunctatione
1247 1841 1561 1884 remoratur.
1602 1832 1667 1883 Et
1701 1833 1817 1899 quia
1851 1842 2033 1884 vereor
2080 1846 2145 1883 ne

589 1928 675 1968 aut
722 1918 917 1970 lateant
944 1933 1224 1986 suppressa
1257 1934 1373 1986 qua:
1418 1921 1624 1987 scripsi,
1664 1929 1751 1971 aut
1793 1936 1884 1987 per
1925 1920 2146 1972 aemulos

592 2009 817 2060 resoluta
860 2007 1136 2073 vitientur,
1177 2010 1458 2062 consilium
1494 2009 1589 2063 fuit
1620 2020 1675 2062 ut
1699 1992 1761 2063 ad
1801 2022 1849 2063 te
1876 2011 2144 2062 dominum

2234 841 2331 892 bus
2356 840 2634 907 obligasti:
2663 854 2779 903 qua:
2805 847 2953 889 nacta
2977 838 3166 889 divitue
3194 836 3314 889 fidei
3347 837 3652 904 principem.
3684 840 3765 899 sibi

2231 929 2617 996 quodammodo
2645 927 2995 987 consulatum,
3028 941 3180 991 quem
3216 926 3304 977 tibi
3335 926 3584 987 solveret,
3623 927 3765 991 impe-

2236 1020 2405 1071 travit.
2443 1020 2515 1069 Ad
2542 1018 2694 1085 hujus
2718 1017 3073 1070 celebritatem
3099 1025 3218 1066 voto
3238 1014 3395 1067 alacri
3418 1016 3764 1076 cucurrissent,

2238 1110 2335 1162 nisi
2366 1110 2667 1175 diplomatis
2721 1108 2855 1159 sacri
2891 1104 3033 1157 tarda
3075 1104 3294 1173 perlatio
3331 1115 3582 1155 arctassct
3628 1107 3768 1156 inter-

2237 1199 2430 1250 νλΙΙυιιι
2462 1199 2685 1249 dierum.
2732 1196 2967 1249 Accessit
2997 1193 3199 1262 bycmis
3235 1193 3628 1260 contemplatio,
3672 1208 3770 1259 qua!

2238 1302 2428 1350 magno
2474 1285 2689 1353 frigore,
2722 1285 3047 1339 etbrcvibns
3094 1284 3225 1336 lucis
3272 1283 3417 1335 boris
3448 1289 3675 1334 moratur
3696 1297 3770 1334 et-

2238 1390 2445 1428 cursus.
2479 1375 2623 1427 Meus
2654 1384 2826 1426 tamen
2868 1372 3097 1434 animus,
3135 1355 3307 1422 mrum
3339 1370 3578 1437 gaudium
3620 1381 3769 1422 tecom

2240 1476 2340 1517 est.
2382 1465 2491 1531 Ego
2530 1466 2674 1517 solus
2712 1464 2894 1515 dolere
2915 1461 3085 1515 debeo
3111 1462 3246 1528 quod
3296 1460 3424 1513 milii
3466 1469 3662 1512 tantum
3697 1461 3773 1513 bn-

2242 1570 2366 1608 num
2397 1568 2548 1607 casus
2592 1553 2854 1606 inviderit.
2892 1552 3007 1605 Tibi
3052 1561 3104 1605 et
3139 1550 3476 1620 praesentium
3514 1550 3772 1605 satisfaciet

2244 1661 2515 1711 numerus,
2544 1656 2597 1700 et
2617 1647 2790 1699 Cultus
2818 1645 3132 1697 absentium.
3159 1642 3303 1695 Vale.

2778 1734 2986 1787 EPIST.
3032 1734 3263 1787 XXXIX.

2722 1839 3025 1878 εἵιιιιιειιυε
3066 1838 3344 1878 NEOTERIO.

2320 1914 2515 1969 Amicis
2537 1916 2675 1983 justa
2706 1914 3039 1982 cupientibus
3066 1914 3180 1967 usui
3210 1929 3329 1968 esse
3370 1914 3639 1974 debemus,
3666 1929 3771 1978 prro-

2250 2007 2401 2072 cipue
2427 2006 2575 2058 fratri
2618 2016 2795 2058 nostro
2823 2006 3144 2064 Alexandro,
3174 2021 3327 2074 quem
3366 2007 3562 2073 judicio
3610 2009 3771 2075 prolxv

589 2112 637 2149 t't
670 2101 882 2152 fratrem
911 2115 1084 2153 meum
1113 2101 1433 2167 exemplaria
1461 2102 1636 2152 omnia
1660 2100 2006 2154 mitteremus.
2028 2101 2139 2153 Erit
2173 2101 2217 2159 Β
2246 2111 2361 2149 mus
2386 2107 2438 2150 et
2475 2111 2655 2148 amore
2679 2083 3107 2163 complectimur.
3135 2086 3283 2150 Hunc
3314 2098 3436 2151 licet
3467 2099 3671 2151 noveris
3702 2100 3770 2149 lto~

592 2200 643 2238 tu
665 2210 691 2234 ι’
729 2190 865 2241 circa
896 2204 979 2242 me
1018 2189 1314 2242 affectionis
1340 2190 1406 2242 de
1435 2191 1665 2241 omnium
1697 2205 1872 2241 rerutn
1912 2192 2011 2242 ti-te
2042 2190 2142 2242 late

591 2279 841 2333 si-t-ibet'e.
885 2280 1193 2334 Reddantur
1219 2281 1377 2333 etiam
1415 2280 1561 2333 vobis
1591 2280 1841 2333 «hartulac
1870 2296 2023 2334 curas
2049 2282 2143 2332 do-

593 2374 836 2425 tnestiias
876 2375 1241 2437 continentes,
1294 2373 1486 2441 quibus
1543 2374 1625 2425 dei
1645 2372 1777 2424 ursis
1822 2372 2148 2425 aestimabitis

595 2463 715 2527 quid
745 2463 1001 2515 bonorum
1035 2472 1330 2531 temporum
1357 2461 1562 2529 justitia
1602 2468 1655 2513 et
1698 2458 1832 2511 fama
1862 2459 2145 2513 desideret.

597 2551 743 2605 Vttlc.

1144 2622 1357 2676 EPIST.
1402 2622 1614 2675 XXXV.

1010 2728 1312 2767 ιγιιιιΑειιυε
1343 2729 1715 2768 ΙΙΕΡΙΙΕκΤΙΟΧΙ.

2248 2202 2434 2238 norum
2462 2186 2855 2239 desiderionon
2889 2187 3110 2250 moveri,
3136 2187 3431 2240 connnunis
3453 2196 3625 2241 tamen
3655 2204 3771 2241 vere.

2246 2278 2431 2333 cundia
2474 2294 2574 2331 non
2603 2280 2725 2330 sinit
2756 2278 3057 2331 testimonio
3090 2292 3273 2330 carere
3303 2278 3530 2339 militiae,
3568 2293 3683 2332 cum
3718 2279 3772 2331 ili

2248 2368 2446 2421 tribuni
2473 2383 2532 2422 ac
2563 2368 2751 2421 notarii
2790 2369 3097 2435 dignitatem
3138 2368 3382 2421 dominus
3413 2366 3773 2436 Valentinianus

2251 2458 2513 2524 Angustus
2543 2467 2663 2509 ante
2694 2459 3038 2525 irruptionem
3074 2456 3401 2524 tyrannicam
3433 2467 3620 2525 sponte
3644 2456 3773 2509 detu-

2251 2547 2387 2600 lerit.
2418 2548 2609 2611 Qum-so
2651 2549 2809 2617 igitur
2839 2558 2894 2600 ut
2922 2549 3321 2616 prterogativam
3354 2549 3488 2601 sacri
3521 2548 3773 2603 testimonii

2252 2628 2303 2691 te
2330 2641 2599 2693 annitentc
2642 2633 2925 2697 tncreaiur.
2962 2639 3135 2693 Facile
3163 2650 3243 2693 est
3280 2641 3418 2693 enim
3462 2650 3516 2693 ut
3565 2644 3661 2694 sub
3698 2652 3776 2695 tatu

2253 2731 2337 2796 pio
2358 2730 2707 2798 gubernatore
2731 2732 2880 2798 Rcip.
2909 2731 3198 2785 infort'unia
3217 2731 3488 2785 hominum
3516 2732 3684 2785 vincat
3703 2746 3776 2786 se

666 2798 967 2867 Sequuntur
994 2803 1267 2857 abcessum
1298 2810 1442 2855 tmun
1490 2803 1834 2854 litteratorum
1866 2800 2149 2863 cohortes;
2198 2820 2223 2839 -
2251 2820 2355 2872 cui;
2387 2822 2701 2873 hmnanims_
2734 2820 2881 2874 vale.

594 2900 723 2944 etut
752 2893 921 2945 solent
951 2894 1185 2946 Athenas
1208 2893 1405 2945 Atticas
1438 2893 1704 2957 reliquave
1746 2892 2010 2958 gymnasia
2038 2891 2149 2942 Mu-

594 2998 769 3035 sarum
794 2992 1004 3049 petere;
1037 2983 1108 3035 ita
1140 2983 1587 3051 peregrinationes
1618 2993 1733 3034 tuas
1763 2983 2024 3035 desiderio
2048 2993 2153 3033 tra-

596 3068 755 3124 hente
786 3072 1123 3126 comitantur.
1165 3072 1272 3126 Nec
1310 3073 1426 3135 tibi,
1456 3060 1781 3152 utgzsnnto,
1825 3073 2021 3124 militia:
2061 3072 2153 3124 sti-

596 3161 803 3225 pendiis
828 3162 1085 3224 afﬂuenti,
1122 3162 1413 3215 amicorum
1451 3170 1742 3215 conventus
1772 3176 2026 3215 onerosus
2047 3171 2147 3215 est.

599 3247 763 3302 Pasce
794 3250 950 3317 igitur
982 3251 1216 3303 eruditos
1249 3250 1517 3319 dignitatis
1555 3260 1657 3304 tuze
1693 3253 1878 3319 copiis,
1908 3260 1962 3305 et
1997 3267 2150 3319 spera

596 3333 769 3405 plures
808 3341 897 3393 ubi
948 3340 1184 3408 hospites
1230 3356 1291 3393 ac
1334 3352 1501 3395 tutum
1549 3340 1841 3405 adfuturos,
1876 3353 2149 3411 postquam

597 3430 845 3481 “mnuum
880 3431 1169 3497 iuventutis
1198 3433 1466 3499 magistris
1501 3432 1735 3485 subsidia
1782 3433 2031 3487 solemnis
2057 3436 2152 3487 ali-

596 3519 784 3571 monia:
812 3518 1043 3574 detracta
1074 3529 1213 3574 sunt.
1240 3520 1387 3576 Vale.

1132 3611 1339 3665 EPIST.
1381 3612 1617 3667 XXXVI.

1014 3716 1321 3754 BVMSIACIIUS
1356 3718 1488 3755 ΠΕΡΙ]
1497 3718 1691 3755 ΕΞΤΙΟΧ
1701 3719 1735 3757 Ι.

667 3788 885 3859 Egrum
930 3792 1174 3857 proxime
1211 3791 1441 3845 animum
1491 3802 1633 3845 tuum
1686 3794 1975 3846 litterarum
2024 3809 2155 3861 quas

596 3884 816 3932 miseras
854 3882 1076 3935 lectione
1106 3884 1366 3951 cognovi,
1399 3885 1724 3952 multumque
1766 3888 1982 3939 miratus
2023 3889 2154 3942 inter

596 3971 1059 4036 coniunctissimos
1106 3972 1374 4025 fortuitam
1410 3974 1584 4028 subito
1632 3977 1911 4031 emersisse
1949 3977 2152 4031 discor-

597 4059 765 4124 diam;
790 4059 1060 4115 dominum
1084 4070 1138 4117 et
1162 4061 1378 4116 fratrem
1404 4077 1575 4116 meum
1610 4064 1879 4119 obsecravi
1912 4082 1976 4119 ne
2004 4082 2033 4119 a
2059 4081 2155 4119 suo

597 4163 743 4203 more
786 4150 1089 4207 dissentiat.
1122 4153 1199 4207 Te
1227 4170 1354 4207 vero
1399 4169 1502 4207 non
1549 4170 1666 4209 meo
1702 4163 1925 4218 tantum,
1974 4171 2153 4209 vt-rum

597 4245 755 4317 etiam
780 4255 870 4297 tuo
901 4247 1113 4300 nomine
1139 4261 1266 4312 rogo
1295 4256 1350 4298 nt
1374 4247 1582 4300 caeteris
1622 4246 1775 4301 bonis
1805 4264 2009 4299 morum
2042 4259 2158 4301 tuo—

599 4351 737 4399 rum,
785 4336 1012 4390 similem
1063 4337 1366 4403 patientiam
1422 4347 1660 4403 prtestcs,
1698 4336 1937 4405 ferasqute
1976 4340 2149 4390 omnia

600 4442 715 4491 quze
747 4428 880 4478 solet
909 4427 1102 4479 habere
1131 4430 1570 4495 peregrinationis
1592 4430 1843 4482 conditio.
1877 4430 2041 4495 Spero
2063 4444 2155 4481 au-

602 4528 704 4567 tem
738 4526 787 4569 et
821 4518 908 4569 lilii
938 4518 1039 4571 mei
1072 4518 1302 4571 Flaviani
1331 4519 1717 4585 conciliatione,
1751 4531 1801 4573 et
1826 4520 2032 4573 Eusebii
2058 4523 2155 4574 Ar-

604 4610 783 4661 cliiatri
817 4608 1082 4662 blanditiis
1106 4611 1279 4663 omnia
1313 4624 1467 4678 posse
1489 4612 1733 4680 mitigari.
1770 4612 1914 4667 Vale.

1114 4719 1331 4775 EPIST.
1373 4720 1633 4777 XXXVII.

1032 4822 1329 4864 ξγιιιιιιοηυε
1353 4828 1732 4865 περηιετιοκι.

678 4899 887 4952 Littera:
935 4907 1037 4951 ture
1083 4896 1339 4963 Spartana
1390 4900 1649 4954 brevitate
1696 4902 1971 4963 succincta:
2011 4909 2153 4964 sunt,

609 4988 699 5041 scd
740 4988 899 5040 rebus
940 4988 1260 5052 exuberant;
1290 5000 1343 5044 et
1383 5005 1501 5043 cum
1549 5002 1789 5043 moveant
1828 4993 1892 5043 de
1941 4990 2157 5043 raritate

608 5077 1012 5142 querimoniam,
1073 5086 1247 5130 tamen
1298 5079 1454 5131 oll'lcii
1498 5080 1811 5147 plenitudine
1854 5079 2156 5133 memoriam

609 5169 959 5221 successionis
981 5167 1282 5221 obliterant.
1311 5168 1457 5231 Quod
1484 5170 1525 5220 si
1550 5183 1639 5222 eas
1666 5171 1848 5221 creber
1872 5184 1991 5219 usus
2012 5183 2161 5221 exer-

610 5270 753 5321 ceat;
783 5259 1100 5311 des‘derium
1130 5275 1303 5312 meum
1332 5258 1448 5313 sine
1482 5259 1689 5312 fastidio
1717 5251 1969 5313 satietatis
1986 5260 2163 5327 exple-

614 5350 758 5402 bunt.
782 5352 882 5403 Sed
925 5349 1079 5405 video
1107 5350 1233 5417 quid
1273 5350 1493 5403 obsistat
1527 5352 1724 5415 animo,
1758 5352 1879 5420 quid
1915 5352 2166 5418 impediat

615 5440 957 5491 voluntatem.
993 5440 1250 5495 Eusebius
1280 5448 1459 5491 noster
1488 5449 1537 5493 te
1561 5439 1747 5493 fabulis
1772 5451 1823 5494 et
1857 5441 2051 5507 poculis
2076 5440 2167 5494 de-

616 5537 868 5578 moratur.
902 5530 1066 5594 Quem
1094 5544 1216 5593 cum
1259 5528 1547 5582 reddideris
1575 5544 1713 5581 cura:
1751 5530 2015 5583 hortorum
2044 5545 2166 5593 suo—

618 5630 752 5676 rum,
787 5615 898 5668 fore
922 5616 1147 5672 arbitror
1170 5626 1226 5668 ut
1246 5618 1449 5669 animus
1481 5618 1930 5685 tunsjocularibus
1959 5620 2168 5688 ineptiis

619 5706 886 5759 absolutus
914 5709 978 5761 ad
1006 5712 1212 5781 negotia
1235 5709 1370 5763 seria
1396 5708 1713 5761 conferatur.
1745 5709 1889 5763 Vale.

1126 5799 1341 5855 EPIST.
1386 5798 1667 5851 XXXVIII.

1097 5901 1399 5942 ενιιιιιςιιυδ
1430 5904 1703 5942 NEOTERIO.

692 5973 855 6039 Supra
888 5977 1095 6029 nontam
1141 5976 1345 6043 gaudeo
1376 5977 1633 6031 redditum
1664 5996 1780 6036 esse
1825 5984 2021 6037 meritis
2070 5985 2173 6040 tuis

2852 2911 3062 2965 EPIST.
3103 2912 3211 2965 XL.

2725 3016 3031 3055 ειίιιιλειιυε
3059 3016 3337 3054 ΝΕΟΤΕΠΙΟ.

2325 3097 2667 3165 Impatienter
2695 3100 2987 3152 amicorum
3025 3098 3173 3151 soleo
3219 3098 3449 3165 perferre
3497 3096 3776 3150 discessum.

2253 3187 2355 3240 Sed
2384 3203 2476 3241 eos
2504 3189 2591 3257 qui
2618 3188 2681 3240 ad
2715 3187 3047 3259 praesentiam
3074 3196 3214 3240 tuam
3237 3186 3570 3263 relicla‘urbe
3593 3196 3775 3239 conten.

2253 3278 2383 3331 dunt
2410 3278 2476 3330 ad
2513 3294 2596 3332 me
2624 3279 2785 3331 c'redo
2813 3288 3084 3331 venturos.
3116 3276 3272 3341 Quid,
3304 3273 3445 3343 quod
3484 3282 3777 3341 sequestrata

2255 3370 2533 3423 affectione
2557 3370 2763 3423 invideo
2790 3379 2959 3424 tecum
2981 3366 3199 3421 futuris?
3224 3365 3330 3420 Soli
3353 3366 3492 3419 enim
3523 3366 3655 3418 bona
3681 3378 3786 3432 pra:-

2177 3437 2222 3498 (ἶ
2252 3461 2437 3515 sentiae
2465 3469 2563 3512 tua:
2590 3462 2819 3528 capient,
2849 3474 3072 3529 quorum
3112 3455 3241 3510 mihi
3281 3456 3580 3531 communis
3613 3454 3779 3508 fructus

2252 3565 2372 3605 esse
2401 3552 2634 3604 deberet.
2668 3552 2737 3605 Ut
2773 3561 2828 3605 ut
2861 3560 2943 3604 cst
2986 3560 3159 3604 tamen
3204 3547 3301 3602 ista
3340 3546 3597 3611 conditio,
3623 3546 3780 3600 fratres

2253 3651 2463 3696 nostros
2490 3642 2699 3696 Celsum
2730 3652 2887 3710 atque
2915 3642 3186 3695 Ticianum
3211 3638 3512 3708 probabiles
3536 3637 3675 3691 viros
3698 3650 3778 3688 non

2255 3732 2450 3785 invitus
2480 3733 2655 3795 emisi,
2682 3741 2859 3785 certus
2897 3731 3092 3797 aliquid
3120 3730 3184 3783 ad
3218 3742 3313 3781 nos
3339 3742 3409 3781 ex
3441 3726 3631 3781 fabulis
3654 3735 3781 3793 atque

2253 3822 2457 3875 actibus
2478 3824 2580 3874 tuis
2612 3836 2791 3873 eorum
2833 3820 3087 3873 relatione
3118 3820 3426 3873 rediturum.
3452 3816 3599 3883 Quos
3620 3824 3672 3869 ut
3695 3828 3781 3867 ma-

2254 3922 2369 3976 ture
2406 3911 2531 3965 Urbi
2559 3911 2852 3977 stndiisque
2883 3910 3125 3964 restituas
3156 3906 3384 3963 vicissim
3414 3907 3644 3977 postulo.
3678 3905 3781 3958 Nam

2253 3999 2298 4051 si
2326 3999 2461 4076 apud
2490 4010 2540 4053 te
2571 4000 2707 4054 hanc
2742 3998 3051 4066 petitionem
3078 3999 3424 4065 dissimulem,
3457 3997 3673 4051 videbor
3707 4008 3779 4047 eoo

2254 4106 2368 4143 rum
2405 4090 2879 4158 peregrinationem
2904 4105 3008 4142 non
3051 4100 3151 4143 tum
3181 4089 3433 4144 detulisse
3474 4088 3781 4147 reverentia,

2251 4179 2345 4233 scd
2372 4194 2488 4235 meo
2519 4178 2827 4249 prazstitisse
2856 4177 3083 4232 fastidio.
3120 4178 3264 4231 Vale.

2839 4268 3053 4322 EPIST.
3094 4266 3227 4321 XLI.

2514 4372 2539 4391 ‘
2730 4372 3033 4411 SVMIACHUS
3064 4370 3342 4409 NEOTERIO.

2325 4446 2457 4501 Cum
2497 4448 2661 4525 sciam
2699 4456 2750 4501 te
2796 4448 2973 4501 animo
3005 4447 3265 4515 plaealiili,
3312 4445 3487 4514 recepi
3527 4461 3622 4510 ire
3646 4442 3784 4499 amico
3816 4462 3817 4481 ξ

2254 4555 2469 4608 Operam
2500 4540 2665 4593 venite
2711 4540 3057 4607 postulandae.
3090 4538 3269 4605 Neque
3306 4539 3447 4591 enim
3492 4539 3571 4591 sic
3609 4553 3635 4589 a
3671 4542 3783 4590 reita

2255 4632 2394 4684 devii
2422 4646 2621 4693 sumus,
2662 4642 2718 4683 ut
2752 4642 2803 4685 te
2834 4646 3058 4698 unquam
3101 4638 3301 4682 temere
3336 4629 3538 4682 moveri
3582 4627 3781 4693 suspici»

2208 4744 2225 4789 ;
2265 4738 2400 4774 mur.
2452 4721 2541 4772 Vir
2576 4722 2895 4774 clarissimus
2940 4721 3211 4789 Epictetus
3242 4718 3633 4773 causidicorum
3670 4706 3784 4770 more

2261 4812 2564 4880 prolapsus,
2593 4810 2717 4863 dum
2742 4811 2856 4863 vult
2874 4810 3157 4878 impensius
3180 4811 3385 4877 placere
3407 4820 3782 4875 susceptomno

2262 5008 2418 5046 mone
2458 4992 2790 5060 perstrinxit.
2849 4992 2917 5044 Ea
2959 5006 3045 5043 res
3084 5004 3317 5043 omnium
3357 4998 3596 5043 vestrum
3634 4986 3785 5056 quibus

2264 5085 2355 5137 ille
2376 5099 2517 5136 curae
2540 5094 2619 5135 est
2646 5084 2852 5135 animos
2871 5082 3101 5135 creditur
3119 5094 3483 5147 exasperasse.
3509 5079 3620 5134 Nec
3640 5081 3785 5131 iuuat.»

2203 4954 2210 4960 .
2259 4912 2400 4956 ctum
2433 4900 2684 4954 Sabinum
2707 4903 2980 4970 probatum
3003 4899 3247 4952 omnibus
3271 4898 3445 4967 bonis,
3476 4898 3686 4952 incauto
3700 4908 3783 4947 ser-
3814 4898 3815 4903 ‘

2263 5174 2383 5228 rito.
2413 5173 2642 5240 Qucrcla
2686 5173 2903 5226 rectoris
2938 5172 3095 5224 etiam
3139 5167 3654 5235 prtetorianasacuit
3677 5173 3813 5235 potco‘

2268 5276 2456 5319 states.
2491 5263 2625 5328 Quid
2668 5264 2863 5317 multa?
2893 5261 3159 5327 Epictetus
3184 5269 3319 5325 toga:
3363 5258 3592 5313 forenSis
3626 5250 3813 5328 honore;

2269 5356 2500 5422 privatus
2528 5361 2624 5417 est,
2647 5354 2911 5422 plurimis
2936 5349 3313 5417 prieterendus,
3344 5352 3433 5415 qui
3464 5342 3627 5401 firmo
3647 5354 3791 5422 patri»I

2270 5418 2409 5495 cinio
2445 5418 2816 5509 proteguntur.
2856 5440 3001 5493 Nunc
3041 5442 3125 5493 illa
3170 5439 3441 5493 clientium
3483 5436 3635 5490 turba
3671 5434 3742 5488 uni

2272 5531 2489 5585 fortuito
2514 5531 2683 5585 errori
2714 5530 2951 5584 insultat.
2982 5528 3126 5593 Quod
3154 5545 3216 5583 ne
3238 5529 3324 5581 diu
3351 5536 3568 5579 maneat
3589 5538 3671 5579 tua
3693 5539 3740 5592 pr

2277 5622 2443 5675 stabit
2470 5623 2783 5675 humanitas.
2813 5620 2953 5675 Salis
2984 5620 3158 5671 datum
3191 5627 3273 5670 est
3310 5618 3654 5671 correctioni.
3679 5614 3754 5686 [Sui

2278 5712 2538 5779 ingenium
2573 5724 2717 5764 tuum
2765 5710 2986 5779 reSpicc.
3032 5707 3162 5762 Illud
3208 5720 3365 5759 eausa
3412 5702 3731 5766 mcruerit.l

2280 5802 2450 5855 tribue
2480 5800 2707 5854 lenitati.
2737 5799 2857 5853 Scio
2887 5800 3139 5853 illustrem
3170 5796 3338 5848 virum
3372 5795 3673 5865 przefcctum
3701 5805 3745 5857 pr

2280 5892 2413 5945 torio
2444 5891 2527 5943 bis
2553 5905 2759 5958 quoque
2790 5890 2976 5944 litteris
3006 5892 3106 5941 tuis
3128 5880 3368 5955 prompte
3396 5898 3686 5940 cessurum.
3715 5877 3741 5931 Ε

2281 5983 2371 6037 tibi
2403 5982 2666 6051 Epictetus
2701 6000 2746 6039 v.
2778 5998 2826 6038 c.
2856 5985 3013 6038 etiam
3049 5977 3437 6035 emendationis
3461 5991 3572 6033 sum
3604 5970 3755 6030 debito

3811 5308 3813 5343 l
