3826 6338
527 400 632 456 253

1686 411 1752 477 ρ.
1794 413 2133 470 sunmus
2170 379 2631 475 sruuacuus.~

3651 427 3741 484 236

524 515 806 578 rependam
838 516 1048 574 fastidio
1075 530 1165 575 tuo
1192 521 1372 589 verba,
1404 540 1523 594 qua:
1544 526 1692 594 soleo
1716 566 1732 591 ,
1769 538 1822 582 et
1862 530 2077 596 paginas
2107 533 2157 590 Α
2181 532 2352 585 exitus
2380 533 2600 601 deserit,
2638 534 2898 588 instaurat
2927 536 3170 601 exordia,
3200 552 3479 592 romanum
3503 542 3740 597 crimina-

524 605 808 673 longiores.
844 607 992 663 Vafe.

1128 703 1340 758 EPIST.
1381 705 1464 760 LI.

562 838 564 842 ,
1045 809 1352 850 ειιιιλειιῦε
1389 812 1580 851 ςειιεῐ.

586 885 752 934 Amor
789 882 1005 951 quidem
1053 895 1172 939 tuus
1200 888 1368 940 suasit
1401 897 1459 942 ut
1498 889 1788 945 scriberem
1813 931 1831 957 ,
1859 882 2081 961 prater-

503 973 691 1040 euntis
722 972 1013 1049 festinatio,
1040 987 1096 1031 ut
1124 993 1287 1046 pauca
1333 979 1612 1036 dictarem.
1659 984 1835 1048 Quare
1877 986 2076 1039 saluta-

512 1059 655 1114 tione
679 1073 956 1117 contentus
981 1070 1120 1136 (qua:
1148 1070 1249 1121 etsi
1277 1084 1382 1123 non
1411 1071 1590 1138 explet
1617 1071 1870 1136 ofﬁcium,
1900 1058 2075 1129 tamen

511 1160 838 1208 contestatur
863 1154 1136 1224 aﬂ’eetum)
1155 1159 1335 1214 ’redde
1381 1161 1603 1215 invicem
1647 1177 1765 1230 qua
1796 1165 2032 1232 legamus
2054 1207 2070 1233 ,

509 1251 562 1293 et
586 1243 629 1293 si
663 1258 882 1298 necesse
909 1257 1012 1310 est,
1036 1249 1288 1304 tumulare
1312 1251 1650 1307 brevitatem.
1674 1253 1804 1309 Nam
1825 1270 1946 1310 cum
1971 1259 2071 1311 sim

509 1330 809 1386 nitidissimi
841 1334 914 1388 tui
933 1341 1196 1392 sermonis
1225 1340 1482 1410 cupidus,
1524 1345 1853 1400 conscientia
1891 1357 2070 1404 tamen

507 1417 664 1488 bujus
692 1432 798 1479 ta
826 1437 1062 1501 angustae
1085 1431 1287 1498 paginae
1313 1446 1418 1486 non
1447 1433 1622 1489 audeo
1647 1449 1677 1489 a
1701 1443 1754 1490 te
1782 1437 2070 1494 verborum

504 1511 708 1581 copiam
740 1516 1032 1584 postulare.
1067 1519 1220 1574 Vale.

1101 1609 1314 1666 EPIST.
1354 1613 1463 1668 LII.

1018 1715 1324 1758 εγηιειιυς
1357 1721 1548 1761 πειιει.

575 1781 785 1838 Vectori
811 1785 1143 1854 judicialium
1168 1790 1464 1848 litterarum
1499 1796 1824 1855 reddendam
1851 1802 1942 1857 tibi
1971 1818 2064 1872 pa-

2185 631 2270 674 tur
2293 624 2552 686 tribunal;
2588 631 2690 677 non
2721 626 3070 693 possessionis
3091 629 3458 699 antiquitatem
3483 671 3498 696 ,
3529 648 3632 687 non
3663 649 3738 690 se-

2185 712 2402 764 natoria:
2446 712 2717 780 dignitatis
2756 718 3199 783 prserogativam,
3259 733 3365 773 non
3418 722 3736 789 praefectura

2182 801 2627 856 existimationem
2659 805 2786 857 sinit
2816 805 3186 860 inconcussam
3212 823 3454 864 manere.
3485 810 3577 865 His
3597 815 3734 867 ausi-

2180 888 2280 942 bus
2315 891 2464 944 color
2502 891 2697 945 fiscalis
2726 893 2993 960 allinitur,
3033 896 3196 951 veluti
3241 898 3312 951 ob
3352 899 3732 968 inquisitionem

2180 978 2454 1033 mobilium
2485 996 2548 1035 ex
2580 981 2888 1052 bouis,qu:e
2914 986 3104 1039 meruit
3124 986 3408 1053 Eusebius,
3433 989 3623 1045 divina
3641 991 3734 1045 du-

2177 1072 2283 1122 tnui
2314 1072 2634 1128 debitorum.
2667 1074 2764 1128 Ubi
2795 1075 2906 1129 haec
2937 1076 3206 1146 diligentia
3236 1079 3328 1133 diu
3354 1080 3554 1156 iacuit?
3580 1081 3732 1150 Cujus

2174 1161 2354 1214 scrinii
2383 1161 2618 1215 colludio
2639 1163 2851 1232 publica
2895 1166 3088 1220 damna
3119 1167 3426 1223 latuerunt?
3459 1170 3730 1238 δηΐοισι-

2173 1261 2319 1305 rator
2362 1267 2465 1306 non
2505 1253 2814 1310 admoveret
2866 1259 3079 1328 negotio
3125 1272 3225 1313 suo
3275 1259 3516 1328 publicas
3565 1261 3728 1328 fares;

2171 1343 2332 1396 etiam
2366 1359 2508 1400 nunc
2535 1355 2612 1400 tot
2634 1346 2836 1413 olticia,
2865 1356 2948 1402 tot
2975 1349 3320 1417 inquisitores
3355 1350 3488 1427 fisco
3517 1354 3728 1421 quesita

2172 1431 2461 1488 nescirent.
2495 1434 2560 1489 Et
2584 1450 2723 1491 sane
2752 1451 2964 1506 aequum
2985 1446 3109 1502 est,
3161 1437 3498 1502 utdefensio
3545 1442 3728 1498 divina

2094 1539 2098 1543 '
2169 1523 2359 1581 domus
2383 1527 2697 1583 attentiores
2722 1529 2910 1585 oculos
2930 1539 3147 1599 prastat
3171 1532 3443 1601 injctis.
3459 1533 3596 1600 Quid
3623 1551 3728 1592 mo-

2169 1614 2362 1671 bilibus
2387 1631 2670 1675 commune
2690 1634 2812 1676 cum
2835 1621 3069 1690 pradio?
3091 1623 3724 1694 Nulluserlorsensuuat,

2167 1706 2310 1760 nulla
2333 1707 2618 1764 verborum
2651 1712 3021 1781 interpretatio
3050 1725 3227 1784 potest
3254 1718 3471 1772 nomina
3508 1718 3604 1773 ista
3633 1721 3726 1776 III—

2163 1809 2338 1851 scere.
2363 1797 2569 1855 Dehinc
2595 1814 2625 1852 a
2650 1802 2964 1872 proscriptis
2996 1803 3264 1872 quondam
3292 1807 3444 1861 bonis
3488 1808 3728 1880 Porphy-

498 1873 674 1939 giuam
703 1875 848 1940 dedi,
871 1880 1118 1934 amicitiai
1162 1882 1409 1938 deferens
1453 1887 1652 1942 cultum
1680 1890 2014 1949 salutationis
2041 1915 2044 1960 ς

2165 1885 2260 1948 ria,
2285 1896 2339 1951 et
2366 1887 2745 1945 Postbuminus
2773 1893 2932 1948 alieni
2961 1895 3109 1950 sunt.
3137 1896 3302 1951 Multo
3328 1901 3497 1968 magis
3517 1873 3722 1968 emptor

497 1961 761 2031 simulque
780 1979 1068 2036 suggerens
1090 1970 1158 2024 ad
1187 1986 1297 2026 rem
1340 1975 1443 2027 mei
1477 1972 1716 2044 pigneris
1751 1983 2054 2050 pertinere,

495 2052 633 2118 quod
659 2054 846 2110 relatio
869 2055 1082 2114 docebit
1100 2059 1166 2114 de
1185 2063 1375 2116 tutoris
1397 2063 1635 2120 faucibus
1646 2070 2054 2131 extrahendum.

494 2140 604 2196 Nec
635 2143 816 2201 laboro
847 2162 944 2215 pro
973 2153 1272 2206 assertione
1313 2154 1567 2222 justitim,
1615 2159 1769 2227 cujus
1805 2162 1896 2217 tibi
1929 2181 2056 2220 cura

495 2235 756 2302 pracipua
786 2245 888 2291 est.
935 2238 1041 2295 Sed
1071 2239 1173 2297 hoc
1209 2253 1412 2299 tantum
1448 2247 1617 2303 audeo
1656 2253 1955 2321 postulare,
2000 2267 2058 2312 ut

492 2328 882 2396 quamprimum
914 2347 1171 2405 responsa
1197 2338 1433 2395 cmlestia
1465 2341 1629 2396 robur
1659 2344 1886 2400 afl'eraut
1912 2347 2057 2417 judi-

490 2417 644 2473 catis.
676 2418 824 2476 Vale.
1024 2432 1032 2440 ’

1086 2513 1299 2571 EPIST.
1342 2517 1467 2574 LIII.

1026 2613 1334 2664 sruuc‘nns
1372 2627 1562 2666 reucr.

557 2688 797 2747 Fratrem
825 2705 1065 2750 nostrum
1088 2697 1387 2766 Ilelpidium
1412 2717 1514 2756 non
1531 2705 1704 2760 minus
1725 2706 2050 2765 desiderium

485 2780 559 2833 tui
602 2796 760 2848 quam
801 2785 1024 2852 epistola
1048 2789 1284 2845 consulis
1311 2793 1572 2848 evocavit.
1619 2795 1715 2849 Cui
1753 2799 1851 2852 etsi
1896 2813 2050 2854 amo.

485 2885 608 2924 rem.
630 2879 774 2925 tuum
799 2863 1136 2941 prisca‘inter
1159 2893 1254 2934 vos
1275 2881 1579 2950 conjunctio
1609 2885 2052 2953 pollicetur,non-

484 2961 614 3014 nihil
639 2969 838 3029 tamen,
871 2974 928 3017 ut
955 2965 1206 3034 arbitror,
1235 2969 1394 3023 etiam
1427 2973 1611 3040 petitio
1631 2989 1746 3028 meo
1777 2990 2051 3032 commen-

482 3052 711 3108 dationis
731 3053 964 3124 adjiciet.
991 3056 1218 3114 Exstrue
1245 3060 1426 3130 igitur,
1455 3077 1636 3131 quaeso
1661 3073 1732 3129 te,
1757 3066 1906 3118 novis
1919 3081 2045 3136 erga

481 3144 705 3198 amicum
765 3147 1038 3203 beneﬁciis
1084 3159 1324 3206 veterem
1369 3152 1732 3223 diligentiam,
1781 3164 2041 3223 quatenus

482 3236 686 3304 possint
716 3239 946 3306 perlecta
974 3242 1278 3308 cumulari,
1309 3252 1362 3297 et
1392 3243 1495 3297 hoc
1513 3243 1642 3297 mihi
1666 3244 2044 3302 minuslubens
2072 3229 2119 3292 (ἶ

481 3330 730 3394 attribue,
764 3340 822 3384 ut
851 3332 1062 3396 merita,
1087 3348 1205 3402 quae
1232 3336 1342 3387 suis
1371 3334 1509 3403 apud
1541 3343 1592 3388 te
1624 3324 1866 3390 fundavit
1892 3338 2047 3394 obse-

478 3421 636 3487 quiis,
663 3422 859 3476 sentiat
891 3438 1012 3478 meo
1041 3423 1223 3479 favore
1246 3425 1502 3481 crevisse.
1539 3425 1686 3481 Vale.

1048 3514 1262 3570 EPIST.
1306 3515 1436 3567 LIV.

969 3619 1275 3659 BVIIACBUS
1314 3620 1505 3659 FELICI.

541 3689 791 3760 Quisquis
815 3693 969 3746 amici
993 3692 1188 3746 famam
1209 3693 1449 3761 negligit,
1471 3679 1572 3748 fide
1594 3695 1793 3750 lubric’a
1814 3705 1914 3750 est.
1933 3697 2042 3752 Hoc

471 3794 540 3834 ne
571 3781 700 3834 vitio
730 3781 856 3834 mibi
878 3781 999 3849 jure
1028 3784 1255 3836 ducatur
1293 3783 1453 3836 etiam
1486 3785 1539 3837 in
1566 3787 1791 3839 aliorum
1831 3786 2040 3855 injuriis

470 3885 567 3938 pro
595 3879 682 3923 tua
712 3872 1110 3926 existimatione
1139 3873 1420 3926 sollicitor.
1455 3856 1735 3944 Quadrge,
1765 3893 1870 3946 quo
1898 3879 2040 3936 bono

409 3975 419 3986 ί
469 3957 680 4026 publico
701 3960 983 4016 Eusebium
1020 3963 1086 4015 V.
1118 3962 1179 4016 C.
1209 3962 1302 4031 qui
1334 3967 1596 4024 meruisse
1628 3968 1765 4020 inter
1801 3972 2037 4025 notarios

467 4051 667 4117 fertur,
720 4053 957 4108 incertus
999 4065 1157 4123 atque
1193 4055 1556 4122 inexploratus
1603 4071 1915 4126 procurator
1941 4062 2037 4116 eli-

463 4143 570 4195 cuit
596 4143 850 4199 ut-civilis
883 4145 1068 4212 petitio
1094 4147 1300 4200 urbano
1328 4147 1601 4202 abstrahat
1622 4151 1738 4203 foro
1761 4153 2038 4218 possiden-

464 4242 570 4286 tem
593 4234 929 4287 matronam?
949 4233 1062 4300 Qua
1094 4235 1145 4288 in
1172 4250 1328 4288 causa
1360 4251 1482 4291 cum
1511 4239 1830 4310 supplicatio
1863 4243 2035 4310 priva-

461 4332 569 4377 tam
596 4331 778 4379 teneat
804 4325 1098 4391 actionem,
1127 4340 1313 4382 sacros
1343 4327 1529 4383 titulos
1568 4331 1824 4398 responsa
1878 4333 2036 4387 mini-

461 4422 661 4468 tantur.
690 4412 888 4481 Qumso
917 4425 988 4482 te,
1023 4416 1248 4486 cogites,
1285 4417 1412 4486 quid
1454 4419 1522 4472 de
1555 4418 1795 4489 Augusto
1831 4422 1993 4491 adyto
2015 4465 2032 4488 ,

456 4503 611 4571 cujus
636 4503 872 4573 loqueris
901 4507 1111 4560 oracula
1137 4547 1152 4572 ,
1194 4505 1379 4562 deceat
1425 4507 1720 4578 impetrari.
1775 4510 2032 4566 Fraterna
2148 4513 2154 4519 ”

2160 1977 2353 2032 mdium
2375 1980 2651 2050 Ampelius
2671 1985 2853 2052 procul
2872 1985 3024 2041 abest
3045 2002 3074 2039 a
3097 1988 3417 2058 contagione
3431 1992 3718 2048 mobilium.

2157 2068 2296 2132 Quid
2320 2080 2504 2134 restat,
2533 2072 2635 2126 nisi
2665 2083 2721 2127 ut
2747 2077 2970 2144 equitata
3007 2087 3186 2131 vestra
3221 2081 3481 2146 privatam
3518 2085 3722 2153 petitio-

2161 2172 2280 2213 nem
2314 2162 2471 2216 nullis
2492 2166 2741 2219 sustineri
2769 2167 3034 2222 radicibus
3061 2169 3296 2236 judicet,
3339 2173 3423 2225 cui
3450 2187 3618 2228 sam
3643 2192 3722 2231 re-

2157 2252 2412 2305 verentia:
2457 2253 2643 2309 umbra
2686 2259 3034 2324 praetexitur?
3078 2259 3200 2314 Hac
3233 2275 3317 2315 me
3361 2262 3413 2316 in
3447 2266 3718 2334 epistolam

2156 2339 2404 2396 conferre
2426 2355 2578 2398 amor
2600 2346 2780 2399 saeculi
2803 2355 2857 2401 et
2875 2348 3107 2403 amicitia
3133 2359 3219 2403 tua
3235 2353 3514 2420 compulit.
3531 2355 3718 2410 Eadem

2155 2429 2272 2484 viro
2299 2431 2494 2487 illustri
2523 2432 2670 2488 fratri
2702 2444 2885 2490 nostro
2909 2435 3169 2504 Sperchio
3193 2453 3402 2494 tuorum
3421 2441 3539 2510 ejus
3565 2457 3717 2497 secu-

2073 2593 2078 2596 Q
2155 2529 2244 2576 tus
2268 2523 2442 2590 palam
2466 2523 2642 2580 facere
2664 2540 2961 2593 curassem,
2991 2529 3036 2582 si
3057 2543 3216 2598 quam
3241 2530 3369 2585 mibi
3399 2547 3497 2600 per
3519 2533 3717 2588 litteras

2153 2612 2434 2669 obtulisset
2461 2615 2706 2672 fiduciam
2735 2618 2971 2688 sui.lpse
2999 2630 3175 2675 autem
3199 2621 3516 2693 principium
3548 2623 3721 2682 facere

2153 2703 2491 2758 conferendis
2518 2717 2703 2761 mutuo
2733 2710 2946 2776 scriptis
2982 2724 3013 2763 a
3050 2711 3138 2764 tali
3171 2725 3368 2780 genere
3411 2725 3515 2800 non
3538 2713 3712 2768 debui.

2154 2789 2270 2844 Erit
2299 2792 2477 2861 itaque
2500 2795 2648 2862 optio
2675 2798 3034 2866 amplitudinis
3062 2809 3173 2854 tum
3192 2801 3244 2854 in
3272 2816 3430 2857 aures
3454 2792 3569 2872 ejus
3599 2818 3714 2873 per-

2130 2879 2293 2959 .ferre
2331 2898 2450 2951 qua:
2496 2887 2828 2955 scripsimus.
2880 2889 3101 2958 Dignum
3137 2892 3332 2961 quippe
3363 2902 3447 2948 est
3481 2893 3710 2964 utquod

2150 2972 2527 3028 existimationi
2560 2977 2836 3047 utriusque
2870 2979 3141 3049 proﬁciet,
3171 2983 3449 3036 ambarum
3488 2988 3712 3038 muscu-

2143 3075 2240 3115 sus
2262 3064 2530 3119 emendet.
2560 3065 2688 3121 Vale

2752 3158 2966 3214 EPIST.
3007 3160 3117 3214 LV.

2607 3260 2911 3302 SYIIACEUS
2948 3265 3248 3305 SALLUSTIO.

2219 3331 2353 3386 Nolo
2377 3349 2441 3387 ex
2475 3336 2710 3391 moribus
2739 3343 3055 3400 czet'erorum
3075 3384 3089 3407 ,
3118 3344 3206 3411 qui
3256 3356 3448 3398 sensus
3487 3346 3712 3409 Senato-

2147 3421 2257 3476 rios
2277 3429 2527 3486 tractant,
2553 3427 2710 3480 etiam
2743 3427 2898 3495 hujus
2923 3430 3191 3498 ingenium
3217 3470 3232 3494 ,
3260 3447 3416 3500 quem
3439 3449 3711 3491 commeo.

2145 3511 2237 3576 do,
2270 3515 2586 3582 perpendas.
2621 3517 2712 3569 ESt
2738 3519 2878 3571 enim
2911 3533 3014 3571 non
3044 3521 3297 3574 mediocri
3329 3522 3448 3577 loco
3475 3538 3567 3580 aut
3602 3524 3710 3579 inli-

2144 3617 2228 3655 ma
2252 3616 2396 3658 sorte
2427 3607 2763 3674 progenitus;
2787 3608 2881 3661 sed
2903 3607 3235 3663 honestatem
3263 3612 3517 3665 natalium
3541 3613 3706 3682 pudo-

2142 3707 2201 3746 re
2227 3695 2557 3750 custodieus.
2582 3697 2756 3766 Atque
2795 3698 2914 3752 ideo
2950 3713 3048 3753 nec
3071 3713 3170 3768 ego
3195 3700 3506 3755 indecorum
3531 3704 3707 3772 putavi

2142 3783 2277 3839 bene
2304 3787 2573 3854 cognitum
2608 3791 2852 3857 prosequi
2897 3791 3206 3844 teStimouio
3241 3791 3561 3851 litterarum.
3598 3797 3706 3852 Nec

2141 3875 2425 3944 singularis
2449 3879 2782 3947 generositas
2805 3888 2893 3933 tua
2921 3880 3080 3936 debet
3107 3882 3173 3936 de
3200 3882 3316 3951 ejus
3341 3899 3528 3940 amore
3553 3887 3707 3940 dubi-
3797 3940 3804 3950 ,

2141 3978 2283 4032 tare,
2332 3984 2488 4039 quem
2545 3972 2692 4026 videt
2738 3972 2890 4027 nobis
2941 3974 3348 4043 astipulantibus
3398 3976 3704 4045 approbari.

2139 4061 2205 4115 Et
2231 4045 2344 4115 bace
2369 4062 2584 4131 quidem
2612 4079 2711 4131 pro
2732 4065 3017 4118 Ammonio
3059 4065 3188 4118 satis
3234 4064 3375 4118 dicta
3417 4065 3547 4118 sint.
3582 4064 3701 4134 Ipse

2137 4164 2314 4206 autem
2338 4153 2663 4209 desiderium
2687 4156 2758 4207 tui
2791 4156 3055 4207 sermonis
3080 4155 3240 4208 silere
3263 4168 3368 4207 non
3392 4152 3586 4218 debeo,
3613 4168 3700 4210 cu-

2131 4243 2218 4311 jus
2247 4243 2603 4310 appetentiam
2629 4245 2947 4314 scriptorum
2971 4254 3179 4299 tuorum
3206 4244 3400 4299 raritas
3424 4245 3684 4302 vebemeu

2138 4319 2533 4416 tius.excitavit.
2566 4336 2716 4392 Vale.

2718 4426 2932 4481 EPIST.
2973 4425 3106 4482 LVI.

2595 4532 2904 4572 εῐιιιιειιυδ
2940 4532 3243 4573 διιιυετιοτ

457 4601 633 4646 tecum
672 4591 1031 4648 sollicitudine
1073 4595 1281 4662 loquor.
1319 4597 1733 4678 _Rescriptorum
1787 4602 2021 4656 omnium
2049 4591 2105 4651 Β
2199 4607 2534 4663 Cumulatius
2561 4608 2794 4664 ofﬁcium
2825 4608 2992 4676 mibi,
3013 4625 3171 4678 quam
3200 4623 3576 4678 poposceram,
3602 4612 3704 4669 tle-

456 4680 593 4734 fauia
618 4689 669 4734 te
700 4682 936 4750 respicit.
960 4682 1097 4749 Quid
1138 4685 1182 4738 si
1225 4673 1386 4740 etiam
1433 4690 1512 4743 rei
1556 4677 1811 4744 memoria
1868 4691 2023 4746 ﬁdem

454 4777 598 4822 tuam
626 4773 913 4826 convenit?
938 4774 1237 4842 Ampelium
1266 4776 1428 4831 clara:
1455 4786 1510 4832 et
1530 4763 1751 4834 illustris
1783 4781 2029 4835 recorda-

455 4858 614 4912 tionis
638 4858 805 4914 virum
837 4876 1024 4928 parvas
1052 4864 1197 4918 ades
1215 4909 1230 4932 ,
1250 4883 1383 4936 quas
1419 4870 1656 4938 pretioso
1684 4871 1829 4925 auxit
1865 4887 2023 4927 orna-

452 4958 531 5010 tu,
563 4951 662 5003 sub
691 4950 832 5005 clivo
861 4952 1047 5007 salutis
1073 4952 1291 5021 emisse,
1321 4967 1380 5011 ut
1401 4959 1568 5023 civis,
1599 4969 1657 5014 ut
1685 4961 1890 5030 collega
1932 4978 2023 5017 re-

453 5041 774 5095 minisceris.
807 5042 1047 5112 Triginta
1075 5060 1338 5103 annorum
1384 5048 1573 5103 diebus
1619 5051 1859 5106 incanuit
1895 5063 2025 5108 aetas

452 5134 826 5214 possessionis.
860 5135 1059 5191 Auctor
1086 5139 1134 5192 ei
1162 5139 1543 5196 Postbuminus
1566 5158 1730 5211 nepos
1748 5145 1887 5200 Jovii
1908 5146 2026 5214 fuit,

453 5221 590 5274 inter
619 5210 820 5278 cetera.
838 5227 1074 5291 parentis
1094 5241 1205 5281 sua!
1230 5227 1541 5298 Porphyrie
1563 5210 1701 5286 bona
1733 5234 1868 5289 banc
1896 5210 2027 5304 quo;

449 5327 554 5381 que
575 5313 798 5382 adeptus
809 5315 1024 5370 domum
1049 5334 1143 5384 per
1161 5323 1576 5376 successionem.
1595 5325 1760 5394 Hujus
1784 5325 2027 5398 Porphy-

450 5402 547 5457 ri:e
575 5405 701 5459 uibil
729 5422 957 5476 unquam
987 5411 1184 5478 negotii
1213 5425 1334 5465 cum
1363 5413 1688 5479 Theodosio,
1711 5420 1863 5486 cujus
1895 5421 2023 5473 olim

454 5496 734 5551 facultates
776 5499 1035 5554 Eusebius
1081 5502 1404 5570 impetravit.
1442 5505 1593 5560 Nunc
1633 5519 1942 5575 procurator
1989 5526 2018 5563 a

452 5593 699 5645 columna
729 5592 914 5647 Manis
943 5596 1126 5649 multis
1153 5595 1671 5663 bujusmodi’sutelis
1697 5601 1812 5656 foro
1837 5603 2022 5670 cogni-

449 5690 560 5744 tus,
583 5683 875 5738 inveterata
895 5687 1038 5754 jura,
1071 5687 1554 5756 supplicationibus
1575 5693 1766 5760 quatit,
1785 5693 2030 5762 degustat

448 5772 639 5839 judicia
697 5779 935 5834 omnium
991 5778 1340 5845 potestatum
1409 5793 1700 5853 cmptaruut
1754 5785 2024 5841 actionum

2134 4700 2326 4754 tulisti.
2353 4699 2483 4754 Nam
2510 4716 2632 4756 cum
2654 4701 2978 4755 domesticos
2999 4713 3148 4754 meos
3171 4699 3344 4768 juvari
3368 4709 3470 4756 ate
3503 4702 3555 4758 in
3575 4717 3706 4759 cou-

2131 4791 2417 4860 quisitione
2452 4807 2712 4860 equorum
2748 4792 3008 4846 curulium
3038 4792 3704 4865 postulassem,quadrigis

2131 4890 2359 4948 quatuor
2404 4880 2653 4948 gratuitis
2681 4881 2878 4936 auxisti
2904 4896 3180 4937 numerum
3207 4891 3595 4951 comparatum.
3626 4886 3705 4938 Ex

2133 4970 2239 5024 illis
2260 4985 2426 5038 equos
2452 4970 2697 5026 undecim
2719 4972 3032 5041 superstites
3058 4973 3267 5027 caeteris
3296 4983 3704 5040 prosecutorum

2134 5075 2260 5114 cura
2293 5061 2554 5129 perduxit.
2596 5062 2704 5116 Nec
2744 5063 2901 5131 longo
2937 5063 3217 5116 intervallo
3260 5077 3381 5131 pars
3423 5062 3704 5119 succubuit

2137 5153 2470 5206 traditorum.
2511 5153 2746 5208 Gratiam
2787 5161 2965 5208 tamen
3012 5154 3283 5223 religionis
3329 5165 3432 5209 tua:
3478 5155 3704 5235 ἴοι-βαίη

2136 5259 2241 5297 non
2267 5244 2475 5298 minuit.
2500 5245 2633 5310 Quia
2659 5245 2710 5296 in
2759 5245 3066 5299 muneribus
3091 5240 3382 5300 amicorum
3429 5262 3534 5302 non
3574 5257 3703 5304 sunt

2136 5334 2331 5391 damna
2357 5350 2578 5389 casuum
2607 5336 2887 5403 cogitanda
2917 5352 2932 5390 :
2964 5337 3204 5406 quinimo
3232 5350 3294 5390 ea
3338 5337 3392 5390 in
3420 5349 3700 5408 acceptum

2134 5442 2339 5480 summa
2368 5426 2642 5480 referenda
2664 5436 2778 5488 est,
2829 5444 2947 5495 qua:
2995 5429 3063 5482 ab
3111 5427 3368 5482 on‘erente
3412 5433 3697 5498 processit.

2141 5518 2218 5571 Ad
2251 5528 2302 5586 te
2333 5518 2604 5587 dypticum
2636 5518 2936 5582 candidati,
2968 5527 3022 5574 et
3058 5518 3492 5586 apopboreticum
3538 5521 3676 5574 libra

2140 5623 2258 5660 rum
2283 5598 2488 5675 ar’genti
2520 5608 2740 5662 duarum
2791 5625 2889 5678 per
2938 5599 3205 5663 hominem
3237 5618 3384 5663 tuum
3423 5611 3700 5676 misimus,

2135 5697 2435 5763 approbare
2463 5699 2738 5769 cupientes
2755 5700 2978 5757 editioni
2996 5710 3191 5757 nostra
3209 5708 3261 5758 te
3278 5701 3459 5760 animo
3478 5716 3584 5760 ιω
3605 5701 3697 5762 de-

2131 5785 2294 5841 fuisse
2341 5786 2490 5844 Vale.
