3826 6340
563 218 664 275 229

1108 322 1315 376 EPIST.
1350 321 1526 375 LXVI.

1040 423 1336 463 SVMMACUUS
1362 426 1563 463 PATEBN
1574 426 1625 463 0.

636 496 855 567 Ampelii
884 498 1100 551 illustris
1122 500 1394 551 memoria:
1420 499 1521 551 viri
1566 498 1998 561 necessitudines,
2032 499 2112 552 in-

565 598 827 640 cessuntut
866 588 956 640 lite
986 588 1212 654 privata.
1233 588 1344 641 Non
1376 597 1527 655 putes
1551 587 1659 642 sola
1682 591 1912 656 parentis
1934 604 2111 642 recor-

565 677 773 731 datione
814 690 1001 729 curam
1045 691 1143 743 pro
1180 677 1284 729 illis
1313 687 1547 729 nostram
1580 678 1801 731 moveri.
1849 678 2113 731 Externos

566 781 790 833 quoque,
822 776 877 819 et
906 766 1189 818 memorari
1230 767 1327 819 viri
1370 766 1599 831 nescios,
1632 783 1807 822 causa:
1836 768 1941 822 urit
1974 770 2111 821 indi-

566 854 755 923 gnitas.
793 853 957 921 Cujus
987 855 1236 919 breviter,
1269 866 1327 909 ut
1356 870 1591 925 possunt,
1619 858 1821 927 fastigia
1852 867 1904 911 et
1939 860 2112 927 capita

566 952 881 1018 contingam.
914 950 1187 1018 Ampelius
1213 950 1279 1004 de
1299 953 1647 1005 summatibus
1671 952 1931 1020 quondam
1961 968 2113 1006 sena-

568 1048 686 1103 tus,
730 1054 883 1107 quem
926 1039 1080 1092 fama:
1123 1040 1430 1093 celebritate
1469 1040 1608 1094 didie
1632 1042 1697 1094 sti
1745 1042 2111 1095 domunculam

567 1126 749 1179 Romae
775 1128 839 1179 de
860 1126 1163 1179 Posthumio
1190 1127 1250 1179 V.
1274 1128 1335 1181 (Σ.
1362 1129 1667 1198 Porphyrize
1692 1129 1896 1183 bterede
1914 1144 2112 1182 merca-

571 1228 652 1269 tus
682 1223 780 1269 est.
812 1215 1123 1269 Contractus
1144 1216 1296 1268 istius
1323 1218 1468 1284 origo
1490 1218 1629 1284 justa
1657 1227 1803 1280 tetas,
1833 1231 1993 1285 prepe
2014 1232 2112 1267 δίυ-
2148 1284 2152 1293 Α

565 1305 781 1367 cularis,
808 1319 909 1371 qua
934 1305 1185 1358 intentata
1212 1308 1475 1372 possessio
1494 1316 1595 1359 est.
1616 1308 1763 1359 Nunc
1786 1322 1950 1370 nuper
1971 1319 2113 1359 vete-

567 1403 707 1444 rator
734 1392 941 1459 quidam
974 1394 1336 1459 procuratorio
1362 1394 1572 1447 nomine
1601 1404 1759 1462 caput
1780 1392 1987 1456 extulit,
2012 1394 2113 1447 Et:-

566 1480 697 1534 sehii
721 1494 784 1532 ex
811 1481 1015 1532 notario
1048 1480 1107 1533 V.
1143 1479 1203 1535 C.
1232 1497 1482 1547 quassans
1512 1492 1771 1536 vetustam
1802 1482 2110 1549 petitionem

564 1568 631 1621 de
661 1569 948 1636 impetratis
976 1570 1101 1623 olim
1132 1570 1415 1624 Theodosii
1453 1572 1688 1639 ejusdem
1718 1573 1894 1637 bonis,
1923 1574 2111 1640 quibus

1706 215 1768 279 Q.
1812 213 2143 268 AURELIUS
2181 214 2255 267 ΞΥ
2268 210 2601 267 ηλιεκείιιῖε.

3038 164 3053 199 ’
3645 207 3737 260 sco

2209 338 2380 375 rarum
2406 320 2597 385 indago
2623 327 2857 370 testatur.
2895 316 3013 369 Il.ec
3045 318 3199 384 igitur
3228 318 3392 383 prima
3420 316 3543 370 mihi
3572 318 3635 370 tle
3658 336 3739 369 vo-

2212 414 2289 467 bis
2317 411 2486 481 gaudii
2516 423 2671 461 causa
2694 418 2792 469 est,
2818 408 2952 473 quod
2972 454 2977 473 λ
2998 410 3205 461 rusticis
3230 409 3581 476 voluptatibus
3606 411 3739 463 sani-

2212 510 2370 553 tatem
2414 498 2629 564 juvatis.
2670 496 2947 549 Secundus
2983 496 3177 549 Iattitice
3204 498 3401 566 gradus
3432 506 3532 560 est,
3562 510 3738 551 venatu

2212 598 2363 657 capta
2390 586 2661 640 meruisse.
2692 584 2819 637 Nam
2843 594 2899 637 ut
2926 583 3106 637 honori
3134 584 3414 637 Nutuinunt
3435 586 3609 651 datur,
3636 600 3740 639 cor-

2213 692 2312 729 nua
2348 690 2559 729 sacrare
2604 688 2880 727 cervorum
2901 712 2917 737 ,
2947 682 2999 726 ct
3035 674 3247 741 aprinos
3274 673 3459 728 dentes
3489 673 3739 727 liminibus

2210 765 2451 833 afﬁgere;
2499 766 2568 817 ita
2604 763 2891 815 amicomm
2934 762 3091 814 cultui
3133 762 3443 815 dedicantur
3473 761 3737 815 libamenta

2210 856 2499 924 sylvarum.
2538 854 2740 910 Interea
2786 866 2972 905 recuso
3001 852 3314 905 sententiam
3355 868 3473 922 qua:
3518 868 3629 907 rem
3664 869 3738 906 ve-

2213 946 2434 998 naticnm
2463 943 2652 997 servile
2688 942 2829 996 ducit
2853 941 3105 999 ofﬁcium.
3129 942 3378 995 Statuerit
3406 943 3507 996 hoc
3526 944 3737 1009 scriptor

2211 1034 2347 1101 stylo
2389 1041 2588 1084 tantum
2637 1029 2955 1098 probandus,
2995 1044 3116 1083 nam
3164 1044 3367 1085 morum
3410 1030 3527 1097 ejus
3564 1030 3735 1083 damna

2212 1138 2315 1176 non
2339 1124 2517 1177 sinunt
2543 1130 2597 1173 ut
2631 1122 2697 1175 ab
2724 1122 2814 1193 illo
2835 1120 3048 1189 agendae
3069 1121 3188 1173 vita:
3214 1130 3421 1187 petatur
3444 1121 3734 1175 auctoritas.

2215 1214 2318 1265 \‘os
2348 1212 2487 1266 malo
2526 1228 2644 1265 cum
2681 1211 2850 1287 Atilio.
2883 1212 3121 1264 rusticari
3150 1220 3205 1263 et
3242 1210 3419 1264 ludum
3450 1211 3639 1264 virium
3667 1226 3735 1264 se-

2212 1302 2329 1368 qui,
2370 1315 2527 1368 quam
2553 1300 2701 1354 bonis
2731 1301 2905 1353 verbis
2934 1299 3121 1354 deduci
3151 1299 3215 1351 ad
3255 1300 3493 1353 instituta
3514 1300 3731 1353 des‘dire.

2212 1390 2367 1444 Certe
2410 1389 2652 1443 aetatibus
2705 1389 2896 1443 vestris
2937 1389 3021 1441 hic
3065 1388 3207 1441 lahor
3241 1389 3506 1441 convenit.
3560 1388 3732 1441 Distzu.

2212 1480 2413 1548 guenda
2444 1489 2522 1533 est
2552 1477 2993 1546 lectiojuvenum,
3020 1493 3123 1532 non
3143 1478 3368 1539 alveolo,
3398 1488 3489 1531 aut
3506 1479 3631 1547 pila,
3658 1492 3735 1532 nec

2215 1568 2398 1623 trocho
2420 1554 2612 1631 Attico,
2638 1570 2721 1621 vel
2758 1568 2957 1621 (ἱι-ωοίε
2994 1566 3285 1635 palaestris;
3308 1565 3401 1619 sed
3432 1566 3593 1620 alaeri
3628 1567 3735 1619 fati-

565 1656 667 1710 hoc
712 1657 963 1725 pratdium
1005 1659 1255 1711 mentitur
1294 1659 1530 1712 haesisse.
1565 1660 1867 1713 Theodosio
1900 1670 1954 1712 et
1987 1660 2114 1712 I’or-
2148 1651 2188 1707 Β
2214 1659 2423 1726 gatioue
2452 1657 2817 1711 etiunocentis
2845 1656 3077 1710 audacia:
3108 1656 3330 1723 gaudiis.
3360 1656 3440 1709 Ad
3462 1657 3576 1710 haec
3594 1667 3735 1710 etiam

566 1746 765 1817 phyria:
790 1746 928 1798 nulla
957 1748 1214 1800 rationum
1237 1747 1461 1802 societas
1495 1748 1609 1811 fuit,
1644 1748 1783 1802 nulla
1811 1748 2109 1816 conjunctio

565 1837 885 1889 facultatum.
919 1836 1021 1889 Res
1051 1836 1101 1889 in
1128 1836 1323 1904 judicio
1362 1837 1581 1906 urbano,
1613 1850 1667 1893 et
1690 1854 1721 1892 a
1750 1840 1972 1905 petitore
1997 1854 2108 1905 caa-

568 1938 677 1992 pta,
700 1935 751 1977 ct
779 1925 894 1991 ipso
920 1924 1148 1991 fugiente
1170 1926 1315 1977 finita
1348 1936 1447 1978 est.
1482 1926 1665 1979 Denuo
1690 1927 1894 1981 cineres
1915 1928 2108 1996 negotii

565 2011 836 2077 obreptiva
866 2011 1249 2079 supplicatione
1290 2011 1492 2066 refovet
1518 2013 1569 2065 in
1601 2014 1896 2078 flammam;
1925 2026 1979 2068 et
2017 2030 2109 2083 per

561 2101 905 2156 diffidentiam
945 2102 1093 2170 justi,
1147 2105 1341 2158 divinae
1394 2106 1580 2160 donius
1633 2122 1727 2175 pro
1778 2122 1837 2160 se
1892 2106 2110 2159 attrahit

561 2192 798 2245 actiones
824 2191 893 2243 ob
916 2192 1305 2258 inquisitionem
1332 2192 1575 2247 videlicet
1602 2196 1896 2263 mobilium,
1918 2194 2107 2262 quibus

564 2280 692 2332 nihil
718 2294 997 2335 commune
1023 2290 1103 2335 est
1127 2296 1246 2335 eum
1288 2282 1505 2347 prtedio.
1535 2282 1859 2351 Pervestiget
1886 2284 1985 2337 ista
2023 2284 2104 2336 le-

561 2384 683 2435 gum
720 2368 901 2421 ordine
940 2378 1113 2423 rector
1157 2371 1342 2437 privati
1385 2372 1556 2424 aerarii
1591 2372 1819 2424 :azdiutn
1863 2372 2110 2427 dominus

561 2455 823 2523 relinquat
845 2454 1005 2521 judici
1046 2470 1162 2509 suo.
1194 2455 1394 2524 Duplex
1426 2457 1599 2525 itaque
1623 2472 1778 2511 causa
1806 2469 1907 2521 est,
1938 2458 2105 2511 divisa

564 2557 736 2596 rerum
764 2544 1053 2609 voeabulis,
1078 2546 1285 2598 actione
1310 2544 1636 2613 discrepans,
1665 2547 1867 2614 origine
1889 2562 1991 2599 non
2015 2561 2105 2600 co-

566 2632 793 2697 lttereus,
835 2644 1072 2700 separata
1104 2634 1359 2701 personis.
1390 2633 1571 2701 Neque.
1600 2634 1795 2689 mohile
1822 2635 1949 2711 emit
1981 2638 2103 2688 Am-

564 2724 749 2788 pelius,
773 2738 941 2789 neque
970 2725 1181 2776 domum
1215 2725 1372 2777 fiscus
1402 2725 1636 2780 incessit.
1668 2728 1771 2781 Cur
1792 2739 2100 2795 procurator

561 2813 746 2866 aienis
777 2814 1053 2866 invalidam
1086 2816 1410 2881 petitionem,
1444 2819 1664 2884 publicis
1693 2820 1893 2873 viribus
1919 2820 2099 2887 juvat?

560 2903 688 2954 Cum
729 2902 890 2955 fratre
927 2912 1107 2955 nostro
1136 2904 1393 2971 Sperchio
1416 2908 1601 2974 illustri
1630 2923 1740 2959 viro
1778 2923 1955 2975 qumso
1999 2909 2097 2961 ista

2216 1762 2387 1800 meum
2441 1746 2811 1815 Symmachum
2856 1746 2899 1799 si
2942 1748 3281 1812 succreverit,
3310 1762 3609 1816 quanquam
3639 1749 3735 1801 uui—

2215 1853 2353 1899 cum,
2399 1838 2736 1891 cohortabor.
2767 1837 2876 1890 Erit
2904 1839 3027 1899 olim
3058 1847 3283 1904 tempus,
3316 1827 3423 1906 quo
3449 1844 3731 1892 renunt'are

2211 1930 2362 1981 annis
2384 1944 2571 1995 graves
2596 1928 2717 1981 huic
2760 1930 2905 1995 operi
2942 1928 3197 1982 debeatis.
3229 1928 3377 1981 Tunc
3415 1930 3605 1983 servile
3637 1946 3732 1981 mu-

2212 2032 2307 2069 nus
2330 2016 2445 2083 jure
2477 2016 2730 2069 habeatur
2751 2032 2873 2069 cura
2901 2017 3144 2070 venandi.
3174 2014 3482 2071 Famulatus
3510 2029 3585 2072 est
3610 2019 3731 2072 enim

2210 2104 2443 2172 quidam,
2475 2105 2517 2157 si
2559 2105 2865 2159 cedentibus
2909 2106 3105 2160 viribus
3135 2120 3441 2161 recusemus
3487 2109 3561 2161 uti
3601 2108 3731 2161 Iahn.

2210 2208 2326 2246 rum
2368 2193 2661 2258 vacatione,
2705 2208 2861 2261 quam
2894 2194 3041 2247 nobis
3085 2202 3298 2262 praestat
3346 2206 3607 2250 senectus.
3647 2196 3729 2247 Va-

2208 2283 2328 2337 lete.

2779 2410 2989 2465 I‘ZPIST.
3018 2411 3195 2464 LXIX.

2540 2517 2838 2556 SHIIIACHL‘S
2872 2517 3055 2556 OLVBIO
3086 2519 3147 2556 ET
3178 2519 3414 2557 PRUBIIO.

2271 2612 2691 2667 Commendastis
2735 2623 2884 2665 vetus
2909 2612 3159 2679 judicium
3200 2630 3395 2677 meum,
3426 2616 3514 2682 qui
3555 2616 3725 2670 eadem

2202 2702 2268 2756 de
2308 2704 2498 2755 littoris
2547 2690 2813 2755 Formiani
2862 2705 3028 2771 gratia
3074 2714 3127 2758 et
3172 2704 3478 2758 salubritate
3515 2705 3723 2758 seti-itis.

2202 2792 2365 2846 Parce
2395 2792 2617 2845 antehac
2640 2807 2749 2845 ora:
2772 2793 2911 2845 illius
2939 2792 3072 2845 bona
3103 2794 3353 2846 transitus
3382 2804 3557 2848 vester
3582 2795 3725 2862 dego-

2178 2890 2453 2935 rstaverat.
2478 2881 2549 2934 Ea
2576 2894 2715 2933 nunc
2740 2882 2948 2947 pensius
2984 2896 3077 2948 per
3120 2895 3324 2933 morazu
3351 2883 3559 2950 cognita
3579 2882 3724 2934 amari

563 2989 937 3040 communi‘ces.
978 2989 1069 3041 Est
1095 2990 1229 3055 aequi
1266 2992 1711 3058 servantissimus,
1741 3004 1792 3046 et
1820 2996 1905 3061 qui
1936 2996 2097 3049 libea-

2205 2985 2227 3022 a
2254 2972 2401 3023 vobis
2420 2986 2517 3023 usu
2548 2970 2783 3038 longiore
2815 2979 3138 3055 meruerunt.
3169 2970 3303 3024 Fero
3330 2986 3469 3039 aegre
3500 2981 3723 3040 tanquam

562 3077 664 3129 tius
692 3078 952 3129 communi
976 3077 1079 3143 juri
1109 3081 1278 3142 ωιτη,
1305 3094 1458 3145 quam
1493 3082 1732 3146 potestati
1767 3097 1873 3134 suae
1904 3082 2094 3137 faveat.

560 3164 672 3217 Scit
716 3167 854 3218 enim
898 3168 1037 3231 leges
1089 3166 1373 3219 ltonmibus
1418 3181 1535 3221 esse
1577 3170 1828 3235 potiores.
1878 3169 2097 3223 Confido

558 3267 676 3305 tum
722 3267 998 3319 suppressa
1046 3255 1369 3320 cognoverit,
1417 3255 1605 3307 elicitis
1651 3271 1754 3307 non
1806 3256 2096 3309 defututatn

559 3341 957 3394 correztiouetn.
988 3340 1042 3394 Si
1078 3351 1273 3407 qumret
1303 3358 1395 3394 cur
1425 3343 1489 3394 ad
1517 3357 1635 3395 eum
1666 3358 1823 3411 super
1849 3347 1944 3397 hoc
1970 3346 2095 3397 nihil

556 3428 883 3494 scripserim,
917 3430 1235 3495 reSpoutleas
1271 3446 1363 3482 oro
1393 3432 1623 3484 nondum
1653 3434 1783 3503 facta
1816 3433 1951 3486 inter
2001 3449 2096 3485 uos

556 3518 676 3585 styli
716 3518 1089 3570 consuetudine
1126 3520 1345 3571 veritum
1377 3534 1497 3572 esse
1534 3537 1617 3574 tne
1648 3537 1714 3574 ne
1738 3523 1862 3587 quid
1900 3538 1928 3573 a
1957 3524 2097 3588 priu-

557 3606 695 3674 cipip
722 3606 927 3657 viderer
948 3620 1189 3674 arguere.
1223 3606 1374 3659 Dabit
1397 3608 1526 3660 mihi
1550 3591 1719 3661 causae
1742 3608 1893 3681 hujus
1916 3625 2095 3662 emen-

558 3695 721 3758 datio,
771 3696 1155 3747 sermocinandi
1196 3710 1316 3749 cum
1364 3712 1429 3749 eo
1478 3700 1750 3750 materiam
1790 3698 2090 3750 Itetiorem:

554 3786 833 3850 gratiarum
871 3787 1007 3838 actio
1046 3786 1335 3854 auspicium
1371 3786 1558 3840 litteris
1600 3790 1731 3841 meis
1770 3786 1944 3841 faciet.
1981 3788 2093 3841 Non

556 3877 870 3941 exspectabo
918 3876 1055 3927 ultra
1111 3885 1165 3927 ut
1210 3875 1425 3942 alloquii
1469 3877 1551 3929 sui
1595 3876 1837 3931 fiduciam
1884 3888 2094 3944 prazstet

557 3963 771 4017 hzerenti
800 3982 811 4015 :
843 3964 908 4017 ad
938 3978 1096 4017 omne
1133 3963 1365 4017 ofﬁcium
1392 3965 1595 4030 justitia
1632 3965 1747 4033 ejus
1777 3965 2089 4021 hortabitur.

558 4056 702 4110 Vale.

1091 4144 1304 4199 EPIST.
1342 4145 1543 4199 LXVII.

893 4248 1198 4286 εῑιηίλειιυε
1234 4249 1417 4287 υιγιηο
1446 4251 1510 4287 ΕΤ
1552 4250 1785 4289 ΡΠΟΒΙΝΟ.

621 4321 884 4377 Juvenal:s
915 4323 1181 4375 industriae
1206 4334 1283 4375 est
1314 4324 1491 4377 excire
1514 4326 1733 4378 saltibus
1758 4326 1920 4391 feras,
1944 4338 1992 4381 et
2027 4330 2086 4381 Ii-

552 4412 744 4467 beralia
784 4411 955 4464 studia
997 4412 1235 4479 sylvestri
1291 4413 1553 4479 voluptate
1614 4416 1956 4483 distinguere.
2002 4418 2090 4471 Sic

553 4502 675 4553 olim
703 4501 903 4574 Marsos
938 4500 1155 4568 impiger
1181 4511 1235 4555 et
1263 4500 1411 4554 fortis
1440 4503 1682 4557 Sabellus
1708 4506 1869 4559 rohur
1894 4506 2089 4561 habue-

554 4598 695 4643 runt.
719 4587 917 4640 Nostris
948 4589 1097 4639 annis
1122 4598 1268 4654 parta
1291 4589 1582 4654 proficiant.
1621 4592 1710 4643 Est
1736 4592 1889 4659 hujus
1915 4595 2087 4646 indul-

552 4681 739 4747 gentia}
762 4679 814 4731 in
846 4678 1104 4746 aliquibus
1132 4678 1315 4731 avibus
1338 4682 1655 4747 exemplum,
1688 4691 1745 4733 ut
1770 4684 2082 4737 nutrimenta

548 4770 939 4824 senescentibus
980 4780 1103 4822 telas
1143 4770 1309 4841 prima
1348 4769 1575 4822 vicissim
1624 4781 1933 4838 componet.
1982 4772 2083 4827 Sed

550 4859 778 4910 nondum
816 4860 1060 4908 convenit
1082 4857 1366 4910 valetudini
1398 4874 1527 4911 mea:
1560 4860 1633 4911 uti
1663 4860 1843 4914 ferinis
1871 4862 2083 4915 visceri-

548 4944 645 5001 bus
676 4966 689 4999 :
722 4962 817 5001 nec
839 4956 1008 5001 tamen
1037 4949 1255 5015 gratiam
1287 4950 1516 5001 muneris
1542 4950 1702 5002 Vestri
1736 4952 1920 5003 miuttit
1947 4952 2082 5017 apud

546 5052 632 5090 me
656 5036 937 5089 necessitas
958 5038 1311 5103 parcimoniae.
1336 5036 1462 5089 Nam
1486 5038 1582 5090 etsi
1612 5040 1788 5091 utendi
1814 5040 2082 5092 abstinen-

546 5128 614 5179 tia
638 5126 839 5179 sanitati
861 5128 1120 5191 consulit,
1146 5127 1314 5179 honor
1344 5136 1516 5179 tamen
1538 5130 1769 5180 muneris
1792 5128 1969 5181 animo
1994 5142 2080 5181 sa-

542 5217 751 5270 tisfecit.
786 5215 983 5270 Valete.
1020 5242 1024 5253 κ

1070 5302 1280 5357 EPIST.
1314 5302 1537 5355 LXVIII.

872 5406 1172 5448 ειυιιλοιωε
1199 5407 1377 5444 οιγιιιο
1405 5408 1470 5443 ET
1498 5407 1734 5446 PBODINO.

604 5484 893 5545 Supputere
932 5483 1077 5536 vobis
1106 5484 1314 5542 plenam
1354 5480 1557 5533 roboris
1588 5480 1963 5547 valetudinem,
1997 5480 2071 5537 fc-

2201 3064 2361 3117 vestri
2391 3063 2633 3130 cupiens,
2664 3062 2801 3130 quod
2822 3039 3025 3130 ‘procul
3054 3063 3263 3132 degitis.
3302 3071 3358 3115 et
3389 3063 3649 3116 desiderio
3682 3068 3751 3115 itt-

2199 3165 2290 3203 vos
2316 3164 2436 3203 meo
2474 3150 2646 3202 indico
2678 3150 3004 3217 patientiam.
3035 3155 3103 3203 At
3128 3150 3171 3203 si
3196 3150 3303 3203 fors
3340 3151 3476 3204 votis
3502 3150 3723 3204 effectum

2198 3243 2474 3300 secundet;
2508 3249 2631 3305 apto
2672 3244 2722 3292 in
2765 3240 2858 3292 illo
2899 3242 3015 3293 sinu
3056 3231 3254 3307 agitare
3294 3240 3560 3294 vobiscum
3600 3241 3722 3309 quod

2199 3336 2362 3381 restat
2388 3329 2591 3389 :etatis;
2619 3334 2674 3379 nt
2702 3338 2753 3380 et
2783 3327 2930 3381 locus
2967 3328 3093 3380 mihi
3122 3337 3337 3405 praestet
3368 3330 3720 3391 valetudinem,

2197 3428 2250 3470 et
2276 3433 2365 3471 vos
2391 3416 2549 3470 animi
2587 3418 2925 3485 voluptatem.
2960 3415 3157 3468 Valete.

2764 3545 2970 3599 EPIST.
3006 3544 3162 3598 LXX.

2535 3650 2839 3689 δῖυλιλειιυε
2877 3651 3055 3688 οινθιο
3086 3652 3148 3687 ET
3184 3651 3419 3688 PRODINO.

2264 3725 2342 3780 Ad
2370 3735 2475 3779 tum
2520 3725 2647 3779 mihi
2677 3728 2742 3779 ad
2786 3728 3117 3780 scribendum
3150 3742 3271 3781 sero
3305 3730 3570 3783 reseratis.
3632 3729 3721 3780 \‘os

2195 3814 2331 3867 enim
2364 3814 2599 3880 oportuit
2626 3816 2875 3867 inchoare
2904 3815 3151 3868 libamina
3189 3817 3483 3885 litterarum
3515 3835 3528 3869 :
3559 3819 3641 3887 qui
3663 3820 3716 3868 ad

2194 3906 2468 3971 peregrina
2498 3905 2740 3968 discedit,
2779 3905 3099 3957 alteroandis
3128 3906 3364 3973 epistolis
3391 3920 3601 3975 pmtet
3633 3924 3714 3962 ao-

2193 3994 2435 4060 spicium.
2479 3994 2616 4061 Ergo
2665 3996 2933 4047 absolutus
2981 3996 3329 4049 observantia:
3370 4000 3641 4072 religione,
3674 4010 3718 4053 et

2193 4100 2332 4139 nunc
2374 4085 2519 4139 vobis
2550 4086 2715 4138 vicem
2756 4085 3085 4138 salutationis
3123 4088 3375 4152 rependo,
3423 4099 3476 4142 et
3524 4090 3574 4144 in
3606 4093 3714 4145 reti-

2190 4190 2381 4242 quum,
2437 4176 2479 4227 si
2529 4174 2635 4227 fors
2675 4175 2928 4227 obtulerit
2955 4186 3344 4239 commeantes,
3373 4179 3715 4232 assiduitatem

2115 4296 2164 4354 Β
2190 4266 2425 4330 spondeo
2453 4265 2781 4317 familiarium
2820 4266 3131 4332 paginarum
3165 4283 3177 4317 :
3212 4275 3269 4318 ut
3295 4267 3444 4321 vobis
3476 4272 3633 4333 possit
3657 4268 3713 4319 li-

2193 4368 2356 4421 quere
2385 4369 2488 4406 non
2518 4354 2839 4422 meaculpa,
2879 4354 2971 4406 sed
3004 4366 3175 4408 vestra
3203 4370 3347 4408 mora
3390 4372 3474 4410 tne
3498 4359 3713 4411 siluisse.

2194 4442 2395 4497 Valete.

2747 4570 2951 4624 EPIST.
2980 4571 3160 4625 LXXI.

2525 4670 2824 4711 SYHMACIIIJS
2856 4675 3034 4713 OLYDIO
3072 4676 3135 4712 ιτ
3176 4674 3412 4711 ΡΠΟΒΙΝΟ.

2254 4768 2521 4823 Sermonis
2544 4770 2703 4821 vestri
2735 4768 3040 4821 assiduitate
3065 4767 3315 4832 delector,
3350 4778 3403 4821 et
3432 4767 3633 4820 abunde
3652 4782 3705 4819 ex

2185 4873 2247 4911 eo
2287 4872 2508 4911 munere
2549 4871 2744 4923 usurpo
2786 4855 3039 4908 laetitiam.
3080 4858 3227 4920 Quod
3267 4858 3405 4909 enim
3453 4859 3532 4909 vel
3565 4858 3706 4909 VCsll’I

2181 4932 2340 5000 animi
2396 4946 2645 5013 speciem,
2697 4945 2778 4997 vel
2828 4944 2929 4997 mei
2980 4944 3229 5000 desiderii
3267 4947 3499 4998 solamen
3551 4954 3708 5013 potest

2182 5054 2298 5093 esse
2330 5038 2544 5101 clarius,
2574 5051 2730 5102 quam
2760 5044 2815 5087 ut
2850 5036 2985 5104 apud
3022 5051 3105 5089 me
3137 5037 3189 5089 in
3217 5036 3328 5087 dies
3355 5036 3586 5102 singulos
3608 5049 3707 5088 me-

2184 5129 2401 5181 ritorum
2437 5136 2729 5178 vestrorum
2774 5127 2945 5177 coltus
2984 5125 3272 5194 augescat?
3304 5126 3541 5179 Amicitia
3574 5122 3702 5177 enim

2180 5232 2296 5282 qum
2318 5215 2610 5266 celebratur
2637 5213 2847 5277 officiis,
2882 5228 3144 5281 nunquam
3167 5222 3312 5265 certo
3345 5215 3447 5266 fine
3473 5224 3701 5267 contenta

2178 5316 2276 5358 est.
2308 5306 2477 5371 Atque
2504 5304 2620 5357 ideo
2650 5304 2799 5355 decet
2827 5318 2918 5355 vos
2954 5305 3004 5354 in
3034 5303 3327 5355 deferendis
3370 5305 3607 5372 alloquiis
3633 5304 3702 5356 ei.

2180 5395 2259 5447 ﬁci
2293 5394 2667 5461 promptiores,
2702 5408 2817 5444 cum
2854 5392 2917 5442 ad
2955 5392 3259 5445 solvendam
3301 5393 3698 5449 vicissitudinem

2177 5500 2278 5537 non
2310 5483 2541 5545 probetis
2575 5481 2955 5535 immemorem.
2988 5478 3188 5534 Valete.
