3826 6332
3114 154 3171 204 ‘.‘«‘
3184 154 3214 205 l

1584 285 1634 338 Α
1661 275 1774 329 nosi
1807 273 2209 339 investigatione
2249 268 2519 321 dissensu.
2565 266 2700 319 Ilinc
2729 265 2786 316 lit
2825 274 2880 315 ut
2923 264 3211 329 iltqttis‘lm,

1666 381 1785 434 quae
1816 380 1908 431 per
1948 377 2108 414 unum
2139 370 2352 412 strenue
2383 367 2559 423 posset
2600 355 2811 424 agitari,
2839 353 3058 405 artificio
3086 369 3215 420 quu-

1668 456 1788 507 dam
1815 452 2105 520 interpositi
2125 447 2428 504 certaminis
2454 446 2746 498 differatur.
2774 447 2944 508 Atque
2973 442 3089 493 ideo
3111 458 3217 494 iuc-

1667 547 1766 598 tuit
1794 546 1869 596 vir
1903 543 2157 595 hones'us
2206 542 2438 592 Bonosus
2477 551 2543 589 nc
2572 535 2672 588 sibi
2700 533 2907 587 invidiae
2948 533 3035 595 sit,
3080 534 3217 599 quud

1669 634 1799 687 tanti
1829 632 2020 699 negotii
2049 631 2217 682 adhuc
2244 637 2391 679 nutat
2413 626 2653 680 elfectus.
2678 625 3005 690 Quapmpter
3023 629 3139 672 orat
3166 628 3245 669 ut

1670 726 1714 779 si
1738 728 1855 793 quis
1874 733 1954 777 est
1973 721 2062 792 qui
2092 722 2149 772 V.
2169 721 2228 773 C.
2248 718 2523 787 Cyriadem
2554 724 2701 784 putat
2720 715 2834 782 ejus
2859 712 3057 781 operis,
3079 709 3220 776 quod

1674 818 1809 871 idem
1842 825 1963 869 ante
1999 813 2227 872 curavit,
2270 810 2428 863 etiam
2459 808 2812 861 discussorem
2849 816 2968 856 esse
3002 800 3220 863 deLere,

1673 907 1773 961 sibi
1806 906 1921 960 ιιωο
1962 904 2203 958 molestia
2244 901 2571 955 detrahatur.
2614 895 2668 950 Si
2710 908 2835 948 vero
2865 893 2977 961 ipse
3016 890 3225 957 negotio

86 197 147 251 3m
1182 150 1660 226 ἰῖινιςτοωιιωι
1702 162 1901 218 LIBER
1945 162 2001 215 v.

591 288 792 345 EPlST.
822 285 1023 339 LXXII.

543 392 837 431 διιιιιλεειυς
861 388 1060 429 ιιιεικιθ.

124 469 515 542 Regiliamamiei
560 469 659 521 mei
699 466 859 529 filius,
885 465 1074 542 et-‘ipse
1108 475 1219 514 suae
1269 470 1561 513 nonesatts

76 535 221 619 intuitu
253 558 507 629 probatus,
553 555 743 607 dudum
789 552 879 606 tibi
926 535 1134 603 ﬁtteras
1174 561 1339 611 meas,
1367 544 1561 613 quibus

76 650 491 709 commendaretur,
522 645 779 699 exhibuit.
823 642 889 695 Et
929 642 1045 693 ideo
1085 637 1332 692 secunda:
1369 637 1569 701 astipu-

77 742 238 796 lationis
255 740 514 801 auxilium,
541 746 593 788 ut
620 744 737 802 pote
758 733 863 801 jam
892 731 1156 796 cognitus,
1189 743 1291 780 non
1326 725 1567 793 requirit.

80 833 151 885 llei
180 832 314 898 igitur
346 828 500 881 studii
545 826 677 878 ratio
709 833 761 876 et
793 819 1120 876 consuetudo
1148 816 1324 885 exegit
1354 804 1413 867 ut
1438 814 1573 866 scri-

77 923 231 976 berctn.
262 918 429 986 Neque
450 916 590 970 enim
619 915 695 965 fas
724 922 824 973 est,
850 909 1089 979 quamvis
1116 905 1433 975 jampridem
1461 904 1572 969 ipse

78 1011 345 1072 dissimules,
371 1024 451 1061 me
488 1020 702 1074 quoque
736 1000 1034 1069 hujusmodi
1062 998 1251 1051 olftciis
1277 994 1566 1047 abstinere.

78 1104 208 1169 Spero
228 1101 373 1164 enim,
402 1098 539 1167 quod
579 1103 767 1164 Sponte
805 1091 1053 1144 amicitia:
1109 1086 1265 1140 tribui
1296 1086 1433 1139 solet
1472 1082 1576 1137 Sal-

80 1195 148 1247 tirt
170 1191 435 1248 assiduitati
467 1205 599 1243 mea:
637 1202 755 1240 esse
786 1182 1146 1237 relerendum.
1181 1181 1324 1235 Vale.

284 1276 289 1279 ’
562 1274 772 1329 EPIST.
805 1270 1036 1325 LXXIII.

509 1377 815 1419 SVIIACIIUS
845 1375 1058 1415 LICINIO.

132 1462 232 1515 Cum
269 1460 332 1514 ad
378 1460 616 1528 proxima
663 1456 778 1509 orbi
817 1452 1146 1521 digrederer,
1178 1445 1471 1501 scribendis
1514 1442 1579 1494 ad

80 1562 123 1605 te
140 1553 294 1606 litteris
316 1550 581 1619 abstinere
612 1562 715 1600 non
749 1544 927 1609 debui,
962 1552 1020 1595 ut
1050 1551 1101 1596 te
1124 1536 1455 1593 observantia
1478 1534 1582 1604 pri-

1677 995 1883 1049 videtur
1894 992 2284 1055 accommodus,
2299 989 2362 1041 ad
2378 1003 2436 1041 se
2449 1001 2608 1041 unum
2626 982 3003 1051 disquisitiunis
3022 996 3227 1034 summa

1679 1088 1955 1156 pertineat.
1990 1085 2125 1154 Ergo
2151 1096 2332 1136 amore
2363 1077 2606 1146 Reipubl.
2640 1076 2789 1142 cujus
2816 1073 3066 1125 utilitates
3098 1071 3230 1122 inter

1685 1177 1943 1243 praecipua
1983 1184 2036 1227 ct
2064 1173 2229 1238 prima
2257 1167 2646 1234 complecteris,
2687 1162 2983 1216 clarissimo
3019 1146 3073 1213 et
3115 1160 3229 1210 illu-

1683 1270 1779 1322 stri
1809 1270 1924 1322 viro
1946 1266 2196 1336 prmfectu
2222 1264 2440 1331 dignare
2463 1257 2735 1318 conferre;
2767 1262 3021 1321 quatenus
3046 1251 3229 1303 lacuu-t

1684 1366 1947 1411 tantorum
1985 1364 2283 1421 sumptuum
2312 1350 2529 1403 remotis
2552 1344 2996 1403 ciuitentiouibtts,
3021 1341 3233 1402 detega-

1648 1512 1651 1515 λ
1685 1455 1790 1507 tur.
1820 1446 1984 1511 Spero
2014 1442 2153 1496 enim
2195 1443 2306 1493 fore
2349 1449 2441 1502 ut,
2486 1434 2815 1489 cessantibus
2844 1431 2994 1483 novis
3037 1444 3236 1496 expen-

1685 1525 1945 1599 sionibus,
1984 1532 2255 1598 utriusque
2296 1527 2473 1595 operis
2511 1522 2818 1594 perfectioni
2868 1529 3235 1589 usurpatm'uut

82 1644 139 1696 sci
160 1644 294 1696 moris
316 1641 666 1695 absolverem.
698 1636 826 1689 Nam
850 1642 1030 1688 vetere
1060 1631 1299 1685 instituto
1328 1628 1414 1681 hic
1453 1639 1582 1679 usus
1615 1612 1661 1671 Β
1690 1640 1892 1678 summa
1924 1621 2175 1691 sufficiat.
2200 1618 2345 1671 Vale.

85 1732 311 1799 increbuit,
340 1738 393 1783 ut
433 1726 660 1796 ingressi
691 1726 809 1787 iter,
856 1721 1139 1791 prarlibent
1156 1718 1415 1787 primitias
1443 1714 1580 1767 scri-

86 1821 255 1887 ptionis.
302 1819 471 1884 Quare
505 1814 784 1869 familiaris
831 1811 989 1866 officii
1037 1808 1285 1863 invitatus
1323 1804 1579 1871 auspicio,

85 1908 320 1962 fraternam
356 1907 683 1975 religionem,
717 1917 872 1972 quam
897 1899 1023 1954 mihi
1054 1910 1265 1967 semper
1290 1903 1466 1949 mente
1490 1906 1583 1945 ex-

88 2001 223 2064 hibes,
252 2000 455 2055 assiduo
493 2010 741 2051 sermone
771 2004 984 2048 testare.
1015 1990 1166 2045 Vale.

555 2085 771 2141 EPIST.
818 2082 1050 2137 LXXIV.

524 2189 837 2231 ειιιιιιειιιςε
869 2184 1085 2226 LICINIO.

142 2270 307 2326 Octavo
329 2269 535 2323 dentom
564 2266 652 2320 die
680 2264 871 2318 multas
909 2262 1170 2315 eluctatus
1216 2254 1419 2308 itineris
1449 2250 1589 2304 diffi-

92 2362 270 2413 cultates
292 2360 446 2412 larem
472 2355 697 2424 patrium
736 2350 977 2405 salutavi.
1018 2346 1299 2409 Continuo,
1331 2353 1387 2395 ut
1413 2341 1594 2394 amici-

94 2448 147 2499 tia
170 2450 453 2515 postulabat,
483 2444 737 2500 convenit
776 2456 862 2495 me
902 2437 1195 2493 recordatio
1227 2434 1592 2488 mandatorum

92 2545 281 2589 tuorum.
318 2536 439 2589 Nam
464 2533 757 2589 discedenti
796 2532 1096 2597 injonxeras
1134 2536 1189 2579 ut
1231 2526 1492 2590 negotium
1525 2523 1597 2573 le-

92 2626 398 2680 ctissimorum
427 2618 678 2692 juveuuin
709 2620 907 2674 Tieiaui
933 2629 1092 2685 atque
1119 2613 1345 2681 IIelpidii
1377 2612 1477 2663 lida
1505 2626 1599 2663 ex-

97 2718 347 2782 ploratione
374 2716 741 2784 disquirerem.
772 2711 1005 2776 Quorum
1036 2718 1325 2773 prmeeptor
1357 2704 1434 2753 vir
1470 2716 1597 2768 pru-

94 2809 203 2861 dens
234 2821 280 2863 et
317 2810 516 2863 nescius
548 2801 944 2875 gt-atillcatiouis
973 2794 1199 2851 ειδηυτιιὶι
1244 2809 1361 2847 esse
1405 2793 1455 2845 iu
1497 2792 1602 2843 illis

94 2903 323 2955 scientiam
346 2902 469 2968 juris
513 2900 755 2951 idoneam
805 2892 961 2947 uitnis
1006 2891 1059 2944 in
1089 2874 1276 2944 omnes
1317 2883 1603 2951 ususjudi-

96 2990 220 3044 clarii
238 3004 285 3045 et
307 2993 521 3046 forensis
546 2988 725 3043 officii.
750 2985 896 3037 Nunc
925 2992 1070 3037 tuum
1101 2979 1183 3035 est
1204 2978 1430 3047 optimos
1453 2977 1604 3043 juve-

97 3094 177 3132 nes
214 3081 481 3142 advocare,
520 3089 745 3144 quorum
790 3072 1022 3125 indolem
1059 3068 1263 3122 militia:
1316 3064 1605 3117 honoribus

96 3167 183 3237 jam
206 3178 413 3236 paratam
453 3182 562 3223 non
602 3164 759 3219 debet
797 3162 1017 3216 ulterius
1054 3153 1442 3226 procraStinat'e
1480 3166 1607 3204 cun-

100 3260 252 3313 ctatio.
282 3260 413 3314 Vale.

611 3347 825 3401 EPIS’I‘.
864 3340 1069 3397 LXXV.

556 3449 862 3489 svuutcnus
892 3420 1096 3485 nemo.

158 3529 379 3595 Prempte
430 3529 707 3581 favendum
754 3533 835 3579 est
887 3524 1108 3577 Imueita
1154 3516 1506 3585 cupit-utilius,
1556 3522 1612 3563 ut

104 3620 367 3685 probabiles
394 3620 691 3672 voluntates
738 3616 909 3667 alieno
945 3612 1104 3665 etiam
1130 3610 1379 3677 juventur
1402 3608 1609 3678 annisu.

100 3706 394 3777 Quapropter
431 3709 545 3773 opis
576 3705 847 3773 indignum
878 3716 995 3755 esse
1037 3714 1141 3752 non
1185 3698 1355 3765 patior
1386 3693 1613 3746 Felicem

104 3800 454 3853 sanctissimum
491 3797 741 3865 juvenem
775 3792 839 3845 ad
867 3793 1119 3845 electiora
1150 3786 1448 3841 tendentem
1474 3797 1494 3837 t
1525 3780 1613 3848 qui

104 3889 179 3940 ubi
205 3891 373 3944 urbani
416 3890 512 3944 furi
555 3887 938 3950 dissensiones,
965 3893 1022 3936 ιιι
1048 3894 1170 3950 pute
1213 3880 1355 3933 mztis
1397 3875 1609 3945 ingeni,

104 3979 366 4045 exhorruit,
390 3980 697 4035 modestiori
734 3978 1071 4032 causidicina:
1099 3972 1227 4027 dare
1266 3984 1457 4023 nomen
1485 3966 1616 4020 aie-

103 4074 226 4129 ctat;
254 4085 395 4137 quem
440 4085 590 4123 meus
637 4082 846 4135 quoque
892 4067 1132 4118 hortatus
1169 4060 1443 4114 animavit.
1489 4056 1619 4125 Spo-

108 4156 243 4220 poudi
271 4157 399 4210 enim
438 4159 587 4210 bonae
629 4156 813 4219 indoli,
844 4165 897 4206 et
924 4153 1161 4206 moribus
1197 4148 1486 4207 defwctitis,
1526 4160 1619 4198 ne-

107 4258 338 4311 quaquam
357 4247 530 4300 defore
561 4256 664 4299 tua:
690 4242 882 4297 mentis
903 4240 1178 4294 auxilium.
1210 4237 1347 4305 Ergo
1374 4243 1620 4290 exoratus

109 4347 162 4385 ac
186 4334 338 4390 facilis
352 4354 448 4390 non
465 4347 519 4390 ut
550 4336 873 4401 transfugam
895 4334 1037 4387 sedis
1066 4329 1304 4392 alterius,
1333 4325 1431 4380 sed
1462 4333 1518 4377 ut
1542 4324 1621 4376 af-

110 4426 224 4478 lecta
246 4442 381 4480 orem
409 4430 503 4483 fori
532 4428 810 4497 quietioris
851 4423 1171 4493 amplectere
1202 4435 1214 4471 :
1241 4418 1328 4486 qui
1362 4417 1453 4469 tibi
1494 4416 1624 4468 tuis-

110 4528 200 4579 que
222 4516 471 4571 beneficiis
491 4518 723 4578 debebit,
752 4513 1006 4588 quitiqu
1028 4509 1204 4564 officio
1232 4507 1380 4560 homo
1404 4504 1625 4556 fortuna:

111 4612 190 4657 aut
212 4608 583 4661 commoditatis
613 4603 919 4658 accesserit.
950 4600 1096 4653 Vale.

623 4693 836 4748 EPIST.
881 4678 1112 4744 LXXVI.

608 4792 915 4837 εγιιιιιειιυδ
950 4794 1161 4833 ιιιικιο.

173 4875 361 4931 Bonoao
394 4879 593 4947 optimo
632 4877 769 4940 viro,
820 4886 874 4927 et
913 4882 1029 4951 post
1070 4870 1305 4925 militiam
1344 4867 1632 4922 Palatinam

111 4967 317 5030 gemina:
349 4966 826 5021 administrationis
869 4962 1168 5030 integritate
1204 4964 1511 5025 conspicuo,
1555 4957 1637 5009 tli-

113 5060 413 5116 scussionem
440 5062 615 5131 pontis
659 5074 723 5112 ac
768 5048 997 5111 basilica:
1027 5070 1176 5108 nova:
1206 5054 1488 5121 praeceptio
1530 5055 1638 5106 Au-

113 5155 246 5212 gusta
273 5151 547 5217 mandavit,
578 5146 722 5217 quod
763 5159 955 5199 munus
990 5144 1092 5197 fide
1130 5151 1185 5196 et
1212 5141 1478 5209 vigilantia
1507 5156 1632 5208 pos-

114 5243 190 5289 set
209 5236 434 5306 implere,
459 5240 505 5292 si
550 5239 700 5291 solus
745 5232 1038 5288 istiusmodi
1068 5232 1431 5297 examinisjus
1478 5230 1637 5283 habe-

117 5324 366 5381 ret.Nunc
382 5326 639 5395 Cyriades
661 5323 723 5378 C.
756 5322 823 5375 V.
857 5334 1038 5375 comes
1076 5328 1133 5373 et
1158 5319 1510 5379 mechanicas,
1550 5320 1640 5386 qui

118 5415 295 5470 dudm
313 5412 772 5485 impensasoperis
800 5409 1075 5475 utriusque
1095 5408 1361 5468 tractavit,
1387 5407 1439 5460 in
1465 5407 1639 5460 socie-

123 5510 267 5559 tatem
290 5503 625 5563 discussionis
655 5490 940 5560 admissus,
970 5508 1133 5562 saepe,
1174 5502 1229 5548 ut
1252 5494 1462 5561 dicitur,
1490 5509 1521 5548 a
1543 5494 1641 5551 Bo-

1650 4287 1705 4351 D

2212 1705 2423 1759 EI’IST.
2455 1701 2705 1757 LXXVII.

2180 1810 2488 1850 SYMMXCIIUS
2517 1805 2727 1846 ιιεικιο.

1760 1920 1991 1987 Longum
2022 1915 2166 1969 siles.
2193 1910 2294 1966 Sed
2322 1923 2420 1977 ego
2446 1904 2567 1960 talis
2594 1894 2831 1967 exempli
2864 1899 3095 1953 imitator
3123 1912 3243 1951 esse

1691 2024 1794 2062 nun
1832 2008 2021 2060 debeo.
2061 2002 2235 2071 Quare
2274 2001 2327 2052 in
2370 1996 2599 2050 officium
2626 1992 2828 2062 primus
2878 1990 3049 2057 erupi,
3091 1998 3246 2057 teque

1691 2098 1933 2167 religiosa
1964 2090 2323 2147 admonitione
2369 2084 2631 2143 convenio
2660 2099 2675 2136 :
2707 2089 2765 2134 ιιι
2805 2080 3097 2134 litterarum
3122 2070 3249 2131 iuu-

1693 2202 1813 2249 nus,
1842 2182 1984 2254 quod
2011 2190 2199 2251 sponte
2224 2175 2471 2232 amicitia:
2506 2180 2700 2228 nostra:
2729 2168 2939 2224 deferre
2967 2168 3248 2232 debueras,

1694 2276 1866 2329 saltim
1908 2277 2220 2342 provocatus
2245 2265 2507 2319 exsolvas.
2542 2261 2689 2314 Vale.
2720 2261 2725 2266 ’
3041 2260 3058 2283 ⁴

2220 2356 2426 2410 EPIST.
2454 2350 2729 2406 LXXVIII.

2174 2459 2474 2501 SYISIACIIUS
2510 2455 2771 2495 “ELI‘IDIO.

1771 2541 1972 2606 Quaeris
2002 2547 2057 2591 ut
2079 2537 2303 2597 valeam,
2336 2534 2417 2587 vel
2444 2533 2568 2601 quid
2596 2546 2773 2585 rerum
2796 2544 2993 2598 geram.
3019 2528 3254 2594 Reslion-

1702 2632 1801 2683 deo
1833 2626 2212 2695 percontationi
2244 2637 2344 2675 tua:
2367 2637 2429 2675 ex
2452 2634 2634 2673 amore
2659 2618 2913 2673 venienti.
2940 2617 3061 2682 Agri
3084 2619 3257 2684 quiete

1704 2720 1958 2774 delector.
2006 2718 2127 2770 ll.cc
2154 2716 2279 2768 milii
2310 2713 2449 2769 aeris
2480 2710 2755 2780 prmstaliit
2793 2709 3179 2766 salubritatem,
3207 2719 3258 2758 et

1706 2811 1956 2880 pabulum
1984 2806 2247 2860 lectionis.
2274 2803 2427 2878 Smpe
2452 2802 2633 2855 oculos
2660 2813 2818 2866 pasco
2857 2796 3095 2857 culturis,
3131 2811 3259 2862 qtt;-.S

1712 2904 1945 2971 Ityberna
1972 2906 2181 2951 exercet
2209 2892 2467 2962 Operatio.
2509 2892 2625 2944 Tibi
2654 2899 2707 2942 et
2734 2887 3028 2941 secundare
3062 2886 3260 2939 valetu-

1708 2994 1906 3050 dinem,
1934 3000 1986 3043 et
2016 2988 2323 3041 memoriam
2347 2994 2541 3037 nostra:
2570 2980 2815 3034 amicitize
2843 2991 3121 3045 superesse
3151 2992 3260 3028 ant-

1710 3082 1943 3150 plissime
1988 3075 2240 3144 gratulor.
2286 3073 2493 3126 Silentii
2535 3086 2661 3124 vero
2710 3069 2813 3121 mei
2856 3082 2960 3119 non
2998 3074 3082 3118 est
3122 3066 3263 3130 ijIa

1709 3171 1963 3225 causatio.
1990 3167 2126 3220 Nihil
2154 3164 2291 3218 enim
2319 3161 2457 3231 quod
2486 3161 2775 3213 scriberem
2806 3151 3119 3223 suppetebat
3149 3170 3163 3205 :
3195 3153 3266 3204 si-

1713 3264 1925 3330 mulque
1964 3267 2229 3341 “ccupato
2275 3254 2366 3305 tibi
2414 3250 2683 3304 auditione
2727 3261 3005 3301 causarum
3050 3243 3267 3296 verebar

1712 3332 2039 3417 obstrepere,
2058 3361 2122 3399 ne
2144 3344 2321 3399 multis
2340 3341 2564 3410 negotiis
2585 3352 2720 3391 onus
2740 3336 2960 3389 adderet
2983 3332 3269 3400 loquacitas

1713 3439 1887 3493 otiosi.
1925 3436 2067 3489 Vale.

2249 3516 2459 3573 EPIST.
2503 3513 2736 3570 LXXIX.

2186 3622 2490 3662 SDINACUL'S
2530 3616 2792 3678 nuptum.
3033 3630 3074 3664 ιη

1788 3702 2127 3758 Prwsentiam
2175 3709 2319 3750 tuam
2359 3709 2533 3763 spero.
2582 3693 2760 3760 Neque
2794 3688 2935 3743 enim
2976 3686 3113 3739 so'cs
3152 3700 3210 3752 pr
3234 3703 3273 3721 ·-

1719 3798 1875 3851 missa
1903 3795 2171 3848 deserere.
2212 3789 2317 3842 Sed
2354 3786 2603 3854 frequens
2640 3781 2775 3835 fama
2804 3786 2898 3860 ‘est
2937 3793 3030 3844 pra
3049 3777 3274 3827 turiauas

1722 3886 1921 3939 Iztteras
1951 3884 2161 3937 obstare
2188 3875 2482 3947 dispositis.
2508 3874 2683 3938 Quare
2710 3882 2779 3921 ne.
2809 3868 3037 3919 haeream
3066 3863 3154 3915 diu
3181 3878 3277 3915 ex-

1719 3977 2061 4047 spectationis
2092 3974 2353 4031 incertus,
2390 3962 2694 4021 coniirmari
2720 3959 2930 4025 scriptis
2971 3955 3280 4009 recentiori-

1722 4069 1818 4121 bus
1846 4066 1965 4117 volo
1998 4072 2102 4114 :‘ut
2130 4062 2293 4113 sciam
2324 4071 2489 4133 morte
2516 4067 2637 4106 esse
2677 4049 2924 4119 pretium,
2958 4048 3002 4095 si
3026 4042 3279 4094 atTuturus

1720 4170 1807 4220 es,
1835 4164 1925 4207 aut
1954 4151 2127 4205 solvar
2163 4128 2409 4200 manendi
2438 4141 2673 4199 fastidio,
2707 4141 2749 4189 si
2778 4135 2999 4189 teneris.
3028 4128 3183 4187 Vale.

2274 4234 2487 4289 EPIST.
2531 4227 2742 4284 LXXX.

2206 4338 2508 4379 SVMUACIXUS
2547 4332 2805 4374 IIELPIDIO.

1804 4420 2104 4487 Prosequor
2131 4416 2321 4469 litteris
2358 4414 2525 4465 civem
2558 4408 2891 4471 amicumque
2920 4412 3285 4473 communem;

1734 4514 1885 4580 Cujus
1906 4514 2063 4576 bona,
2088 4508 2204 4577 quia
2230 4504 2430 4573 judicio
2460 4510 2549 4553 tuo
2571 4507 2690 4551 uota
2718 4501 2864 4555 sunt,
2887 4507 2993 4545 non
3016 4489 3289 4556 requirunt

1735 4576 2114 4656 assertionem.
2139 4596 2322 4652 Merito
2353 4590 2481 4645 mihi
2512 4590 2577 4642 de
2607 4603 2671 4642 eo
2700 4585 2838 4653 apud
2870 4583 3123 4636 scientem
3158 4576 3291 4628 fari-

1739 4693 1802 4746 Iis
1828 4707 2023 4755 sermu,
2053 4701 2105 4742 et
2134 4686 2306 4740 brevis
2331 4692 2431 4736 est.
2465 4679 2740 4734 Admoneo
2779 4684 2953 4724 tamen
2996 4679 3049 4719 ut
3089 4669 3137 4717 in
3171 4681 3253 4732 gn:
3276 4692 3289 4701 -

1740 4782 1865 4833 tiam
1892 4795 2061 4831 meam
2090 4775 2311 4827 validius
2340 4770 2613 4835 diligatur,
2638 4763 2847 4828 meique
2870 4758 3005 4825 apud
3040 4768 3089 4805 te
3113 4767 3292 4803 eurum

1740 4873 1916 4939 vigere
1933 4870 2247 4921 docutuento
2259 4861 2395 4914 aucti
2413 4860 2550 4912 circa
2573 4872 2630 4909 se
2647 4854 2842 4907 amoris
2858 4843 3291 4911 iutelligat.\'ale.

2275 4948 2490 5004 EPIST.
2535 4941 2765 4998 LXXXI.

2217 5051 2521 5094 δῖιιιιλιῖιιιιε
2561 5043 2818 5086 ιιειριιιιο.

1813 5138 1941 5192 Cum
1972 5147 2113 5201 sape
2139 5127 2506 5184 occasionibus
2529 5122 2593 5197 ad
2621 5117 2959 5174 scribendum
2990 5122 3110 5167 utar
3150 5112 3296 5163 iuco-
3376 5112 3379 5127 ⁵

1742 5228 1919 5295 guitis,
1949 5200 2205 5275 committi
2238 5220 2288 5269 in
2322 5214 2603 5267 amicitiam
2637 5219 2795 5278 puto,
2816 5206 2861 5259 si
2889 5201 3195 5257 domesticis
3227 5200 3297 5250 vi-

1744 5290 1870 5370 dear
1892 5314 2177 5368 abstinere.
2206 5306 2398 5360 Libens
2421 5303 2573 5371 igitur
2606 5299 2765 5353 Acrio
2792 5292 3169 5371 honestissimo
3193 5290 3299 5339 vim

1745 5403 1933 5465 cultoni
1966 5412 2055 5453 tuo
2084 5399 2319 5450 nuntiam
2345 5368 2615 5461 sosltitatis
2642 5406 2772 5441 mea:
2794 5366 3036 5455 paginam
3060 5382 3201 5441 dedi,
3223 5381 3304 5431 cui

1749 5476 2205 5579 honorificentiam
2251 5480 2579 5542 salutationis
2619 5478 2846 5545 adjuugu
2876 5492 2886 5524 :
2921 5488 3038 5540 qua:
3077 5473 3209 5532 sola,
3254 5478 3301 5520 ct
