3826 6340
499 409 604 464 265

505 624 578 663 ris
593 612 769 678 explet
793 612 972 670 oflicii.
1007 615 1154 671 Vale.
1218 649 1222 653 -

1021 730 1228 787 EPIST.
1263 733 1527 789 LXXXII.

965 831 1275 876 SYIIACBUS
1304 836 1567 880 ιιιινωιο.

568 919 789 976 Plenum
826 923 1097 994 religionis
1126 921 1360 985 ofﬂeﬁtm
1381 938 1464 985 est
1490 930 1630 1001 quod
1657 941 1850 999 sponte
1876 942 2057 986 votum

500 1007 678 1064 fratris
723 1014 1019 1069 antevenis.
1069 1013 1317 1072 Proxime
1358 1017 1519 1088 igitur
1559 1019 1846 1074 familiares
1890 1021 2056 1073 nostri

498 1096 562 1149 ad
593 1112 847 1167 equorum
874 1090 1268 1173 coemptionem
1294 1118 1418 1160 cum
1447 1107 1633 1175 pretiis
1657 1108 2055 1174 commeabant,

497 1200 556 1243 ut
578 1204 643 1244 ex
665 1193 911 1249 omnibus
933 1194 1226 1265 quadrigis,
1251 1211 1382 1265 quas
1402 1200 1662 1268 scripsisti
1682 1215 1800 1254 esse
1820 1200 2055 1265 venales,

487 1283 895 1348 Jirazslantiores
918 1299 1078 1339 cursu
1105 1296 1159 1340 et
1178 1301 1380 1355 genere
1404 1288 1665 1357 pollentes
1692 1289 1917 1345 deﬂoret
1944 1289 2056 1344 elc-

498 1371 622 1424 ctio.
663 1369 796 1428 nec
819 1383 994 1429 autem
1027 1375 1121 1430 tibi
1147 1391 1275 1430 cura
1300 1378 1556 1433 sumenda
1596 1386 1700 1442 est,
1750 1388 1810 1432 ut
1841 1389 2058 1447 printer-

481 1461 584 1532 itis
629 1447 947 1520 editi‘onihus
982 1467 1179 1521 nostris
1202 1481 1387 1523 recens
1408 1471 1650 1524 ludorum
1675 1469 1810 1525 fama
1838 1486 2059 1540 respon-

481 1551 638 1628 .deat.-
685 1554 740 1606 In
791 1554 975 1622 primis
1002 1556 1162 1622 igitur
1193 1557 1330 1612 lianc
1365 1558 1434 1614 dc
1468 1568 1520 1613 te
1562 1560 1785 1628 gratiam
1812 1570 1956 1628 peto,
1991 1574 2058 1613 ne

498 1642 666 1709 magis
695 1657 996 1708 numerum,
1024 1659 1181 1713 quam
1213 1646 1400 1701 merita
1429 1650 1750 1716 perpendas.
1780 1649 1910 1702 Nam
1936 1664 2055 1702 cum

498 1735 564 1784 tle
607 1732 872 1800 Hispaniis
908 1735 1118 1805 copiam
1153 1751 1406 1805 equorum
1447 1752 1572 1806 spes
1603 1748 1750 1792 certa
1782 1740 1909 1791 mihi
1937 1751 2062 1806 prob

493 1823 683 1887 mittat,
714 1823 834 1886 hos,
865 1839 1001 1893 quos
1020 1826 1088 1879 de
1115 1827 1356 1892 proximo
1379 1827 1670 1895 polliceris,
1700 1829 1939 1906 securior
1975 1828 2056 1882 di-

493 1910 707 1978 ligentia
729 1911 886 1965 debet
909 1927 1217 1980 excerpere.
1247 1915 1402 1968 Vale.
1865 1907 1870 1911 ⁸

1006 2039 1217 2097 EPIST.
1259 2043 1541 2098 Lxxxnt.
1615 2121 1626 2125 _

963 2147 1270 2202 svuqscms
1310 2150 1571 2189 nummo.

507 2224 758 2306 "Curam
799 2244 1036 2288 nostram
1087 2221 1370 2302 senatoria:
1415 2236 1716 2311 functiones
1763 2255 1828 2293 αα
1879 2241 2058 2293 votiva

467 2314 470 2316 ’
496 2317 812 2403 sollicitant:
831 2323 1121 2398 Ρηωηω
1151 2324 1347 2394 quippe
1372 2324 1690 2403 lilii-gygsi
1720 2328 1830 2382 fors
1860 2328 2069 2382 dictum‘

492 2414 659 2485 juvet,
696 2401 979 2483 proximus
1011 2407 1182 2469 annus
1223 2401 1731 2484 236st
1753 2416 2052 2471 instruendi

496 2519 657 2556 causa
687 2503 880 2558 amicis
900 2498 1094 2558 nostris
1123 2505 1394 2572 negotium
1422 2505 1668 2560 dedimus
1692 2520 1752 2560 ut
1783 2521 1953 2561 cauos
1991 2511 2056 2560 ex

500 2593 746 2661 Hispania
799 2593 1160 2678 electissimas
1183 2595 1471 2650 nobilitatis
1513 2595 1847 2650 edccument.
1884 2597 2061 2665 Expea

413 2739 424 2744 ,
491 2683 694 2738 riantur
715 2683 871 2751 igitur
900 2678 1207 2764 sutiragittm
1232 2694 1398 2753 tuum,
1422 2688 1466 2739 si
1489 2680 1613 2753 quid
1639 2688 1756 2755 opis
1781 2696 1836 2740 et
1861 2687 2055 2740 favoris

489 2773 781 2835 oraverint.
814 2774 974 2826 Decet
1001 2774 1153 2829 .enim
1180 2783 1234 2828 te
1270 2790 1367 2843 pro
1400 2790 1585 2833 amore
1621 2786 1806 2831 mutuo
1847 2792 2053 2832 mecum

391 2843 402 2856 ’
488 2861 725 2932 curanda
756 2863 964 2931 partiri.
993 2863 1143 2918 Vale.

1005 2975 1220 3032 EPIST.
1240 2977 1507 3068 LXX.le
1519 3016 1534 3031 .

965 3080 1275 3122 srnuacuus
1309 3084 1571 3145 RILI’IDIO.

1652 420 1712 486 ρ.
1756 420 2094 477 sunmus
2131 421 2561 483 SYIIMACHUS.

457 557 461 561 ι
502 535 625 575 cum
644 520 858 589 dicitur,
885 532 1077 580 etcum
1105 526 1333 584 vicissim
1363 529 1609 598 refertur,
1631 533 1808 588 munia
1835 532 2064 587 fantilia-
2090 537 2143 595 Α

3617 439 3718 499 NI

2675 543 2884 600 EPIST.
2928 547 3202 602 LXXXVI.

2638 647 2942 690 SHISIACIIUS
2983 653 3242 693 HELPIDIO.

2229 738 2497 798 Insidiaris
2533 743 2765 799 infantia:
2809 762 2960 813 meae,
3001 763 3160 816 quam
3198 759 3318 818 tego
3340 751 3536 807 silentii
3570 767 3720 809 verc-

2157 827 2371 882 cundia.
2419 826 2549 885 Nam
2597 834 2661 888 ad
2708 835 2966 891 elicienda
3016 852 3293 906 responsa,
3323 849 3625 908 venturum,
3670 845 3717 898 si

2157 929 2410 994 annuam,
2458 923 2753 990 polliceris;
2804 942 2925 1008 cum
2976 928 3069 983 tibi
3119 929 3294 1008 facere
3336 932 3404 986 de
3449 934 3720 1004 proximo.

2157 1023 2316 1076 quam
2344 1012 2608 1079 spondere
2635 1001 2928 1083 promptius
2958 1017 3134 1073 fuerit.
3175 1001 3300 1076 Mihi
3329 1001 3465 1077 vero.
3484 1001 3711 1092 adipisci

2156 1109 2387 1167 gratum.
2427 1116 2643 1171 sperare
2684 1106 2944 1174 prolixum
2992 1117 3095 1164 est.
3136 1110 3202 1165 Et
3245 1121 3422 1168 tamen
3461 1114 3719 1167 voluntati

2157 1197 2264 1243 tua:
2292 1205 2491 1258 pareo:
2520 1207 2619 1248 nec
2644 1208 2834 1250 vereor
2860 1211 2928 1250 ne
2955 1208 3157 1254 temere
3183 1216 3212 1255 a
3241 1218 3325 1257 me
3357 1203 3526 1272 eﬂusa
3560 1204 3721 1258 verba

2157 1273 2210 1330 in
2242 1280 2448 1346 paginis
2474 1281 2675 1336 librarii
2712 1284 2785 1360 tui
2812 1283 3039 1342 referas.
3072 1287 3223 1357 Nam,
3265 1292 3309 1345 si
3334 1290 3463 1360 quid
3508 1291 3721 1357 borum,

2157 1381 2277 1435 qua:
2302 1368 2442 1438 apud
2466 1378 2518 1425 te
2550 1357 2857 1429 .incurio'sus
2880 1375 3086 1444 loquor,
3112 1357 3556 1446 cuipiam-lectori
3589 1396 3718 1434 nsu-

2157 1471 2305 1511 seam
2334 1460 2596 1526 moverit;
2625 1477 2731 1517 non
2764 1474 2867 1518 tam
2892 1466 2948 1520 in
2979 1467 3262 1522 scribendo
3290 1471 3610 1542 negligentia
3641 1470 3723 1524 di-

2156 1547 2426 1615 splicebit.
2461 1548 2609 1605 Vale.

2521 1641 2547 1679 ε’
2661 1641 2877 1697 EPIST.
2926 1644 3228 1700 LXXXVII.

2637 1749 2944 1788 εγωηειιυε
2983 1753 3243 1791 IILI.PlDl0.

2229 1819 2542 1875 Nostrorum
2571 1809 2823 1877 duritiam
2849 1825 2986 1880 ferre
3014 1842 3115 1879 non
3145 1842 3449 1896 possumus;
3475 1829 3566 1898 qui
3595 1843 3716 1883 cum

2158 1911 2359 1979 reliqua
2399 1911 2670 1980 superiora
2707 1929 2813 1968 non
2841 1916 3182 1983 exsolverint,
3217 1917 3379 1972 etiam
3409 1920 3718 1987 pensionem

2158 2000 2382 2068 proximi
2410 2002 2535 2055 anni
2560 2002 2699 2058 ferre
2720 2003 3036 2060 detrectant.
3062 2007 3261 2062 Idcirco
3295 2025 3477 2078 quasso
3505 2019 3563 2064 ut
3596 2026 3719 2065 cum

2156 2090 2371 2144 homine
2410 2106 2551 2162 meo,
2587 2107 2747 2159 quem
2795 2093 2860 2148 ad
2907 2098 3237 2151 exactionem
3279 2098 3556 2152 titulorum
3601 2100 3718 2151 misi

2153 2191 2335 2232 curam
2365 2182 2760 2266 communicare
2797 2182 3053 2250 digneris,
3080 2193 3133 2237 et
3162 2184 3468 2256 religiosam
3497 2199 3718 2254 operm:

2160 2262 2388 2316 libenter
2430 2264 2673 2331 arripias.
2725 2262 2898 2318 Grave
2925 2275 3009 2322 est
3037 2283 3199 2331 enim,
3240 2282 3338 2322 nos
3374 2271 3588 2338 quidem
3629 2287 3724 2337 pio

2157 2353 2299 2420 agris
2346 2359 2542 2406 nostris
2571 2354 2938 2410 {unctionibus
2981 2359 3206 2425 publicis
3244 2374 3364 2414 esse
3406 2359 3722 2415 muniﬁcus:

2155 2451 2367 2494 actores
2403 2452 2578 2495 autem
2622 2444 2877 2508 locorum,
2910 2460 2974 2499 ne
3015 2445 3067 2499 id
3110 2447 3324 2516 quidem
3363 2450 3503 2503 velle
3543 2450 3720 2503 rediti-

2157 2531 2307 2597 bere,
2349 2532 2491 2596 quod
2536 2533 2711 2587 sciunt
2745 2540 2844 2602 per
2871 2549 3038 2589 annos
3076 2537 3313 2605 singulos
3348 2551 3471 2591 esse
3507 2537 3722 2592 solven-

2157 2619 2317 2671 dum.’
2336 2620 2480 2672 Vale.

2649 2713 2860 2768 EPIST.
2902 2714 3229 2772 LXXXVIII.

2627 2816 2932 2857 SYIIIACHUS
2969 2820 3235 2860 HBLI’IDIO.

2223 2890 2437 2945 Nullum
2464 2900 2670 2961 tempus
2699 2909 2817 2949 esse
2840 2897 3011 2964 patior
3030 2897 3097 2951 ab
3114 2898 3292 2952 officio
3317 2898 3591 2969 feriarum.
3613 2897 3716 2957 lle.

2151 2981 2256 3037 rito
2295 2985 2598 3051 properanti
2630 2985 2904 3039 tabellario
2930 2988 3127 3042 cursim
3154 2987 3328 3042 debita
3369 2989 3525 3043 verba
3571 3004 3716 3045 corn-

2151 3068 2271 3122 misi
2286 3084 2302 3132 ;
2317 3071 2509 3138 quibus
2529 3072 2711 3140 Quazso
2731 3071 3025 3128 referendae
3040 3075 3414 3130 vicissitudinis
3427 3093 3613 3132 curant
3629 3095 3713 3133 ca-

554 3168 833 3232 Silentiu'm
856 3192 1034 3232 meum
1053 3173 1356 3261 etiamipse
1376 3185 1844 3254 reprehenderem,
1865 3189 1906 3243 si
1930 3197 2047 3242 tuas
2075 3207 2120 3269 ρ
2154 3156 2858 3269 ξξξξδῗξνὲῗῗξεωξξξξῇω
2893 3173 2983 3219 ¹¹³⁰
3010 3166 3182 3219 reditu
3215 3180 3372 3236 quam
3398 3169 3713 3238 “rimorum

491 3262 696 3326 titteras
737 3269 1024 3340 aliquando
1057 3274 1428 3341 sumpsissem.
1468 3278 1648 3347 Itaque
1674 3278 1737 3332 'in
1771 3280 1937 3333 altero
1964 3295 2050 3332 ar-

483 3374 648 3430 guere
695 3374 802 3432 non
849 3369 1025 3429 potes,
1056 3362 1198 3431 quod
1238 3378 1269 3418 a
1309 3374 1362 3421 te
1398 3366 1692 3422 admissum
1734 3367 2044 3423 meministi.

487 3450 600 3518 Ego
630 3457 805 3504 tamen
835 3450 889 3504 in
919 3449 1035 3506 haec
1058 3452 1235 3507 ofﬁcia
1271 3456 1477 3523 primus
1510 3457 1683 3525 crupi,
1723 3465 1782 3511 'tt
1806 3467 1862 3512 et
1899 3466 1951 3512 te
1978 3457 2046 3512 ad

481 3538 743 3593 scribendi
774 3538 1008 3593 studium
1036 3543 1372 3609 cohortarer,
1410 3553 1467 3599 et
1491 3546 1720 3600 amicum
1753 3556 1925 3600 leum
1955 3555 2042 3601 te-

484 3626 720 3682 stimonii
751 3629 1129 3698 astipulatione
1152 3645 1526 3704 prosequerer.
1547 3636 1642 3691 Est
1660 3640 1801 3691 enim
1827 3637 1944 3706 ejus
1967 3637 2047 3692 ia-

482 3715 704 3774 dustria:
728 3727 888 3786 atque
912 3707 1212 3789 probitatis,
1239 3729 1301 3776 ut
1327 3723 1563 3779 favorem
1603 3732 1752 3779 tuum
1775 3728 1898 3794 jure
1926 3743 2042 3781 me-

482 3813 679 3862 rcatu.
707 3805 812 3860 Pro
840 3820 950 3875 quo
974 3820 1076 3876 ego
1095 3808 1292 3876 petitor
1313 3812 1532 3880 accedo,
1558 3828 1884 3882 praesumens
1905 3819 2044 3886 apud

487 3892 724 3952 animu-
750 3904 899 3951 tuum
925 3903 1141 3985 nigras
1167 3897 1374 3956 litteras
1400 3902 1686 3971 plurimum
1714 3905 2042 3975 profutura.

486 3979 633 4036 Vale.
1049 3979 1055 3985 ’
1366 4001 1386 4046 '.

965 4129 972 4138 .
1000 4070 1512 4153 mJJxxv.

949 4171 1262 4249 sva-tuus
1295 4203 1560 4268 wrote.
1615 4243 1624 4248 ,
1730 4197 1732 4199 ’

501 4344 507 4349 .
545 4293 698 4359 Quod
740 4295 1000 4364 epistolas
1027 4283 1174 4356 meas
1208 4273 1420 4376 condis,
1451 4309 1650 4364 amoris
1679 4320 1761 4365 est
1788 4311 1863 4366 tui
1889 4329 1905 4378 ;
1950 4316 2041 4383 qui

475 4384 824 4444 describenda
853 4389 1028 4443 nescit
1053 4393 1273 4460 eligere.
1300 4395 1405 4452 Sed
1431 4413 1517 4452 me
1538 4400 1686 4471 fpcus
1711 4400 1798 4456 hic
1822 4402 2036 4472 decipit.

477 4474 609 4527 Nam
637 4479 939 4544 praecipitor
965 4479 1036 4533 ad
1046 4482 1316 4539 scribendi
1340 4487 1606 4553 fiduciam,
1623 4493 1864 4560 placendi
1886 4510 2036 4549 secu-

475 4561 630 4613 ritate
659 4577 674 4615 :
703 4572 759 4615 et
791 4572 964 4618 tamen
1003 4566 1069 4635 (si
1100 4574 1312 4637 quando
1342 4577 1620 4647 resipisco)
1651 4582 1809 4635 nimis
1844 4599 2034 4639 vereor

471 4665 540 4704 ne
570 4650 670 4702 ista
715 4653 1030 4718 simplicitas
1072 4658 1271 4713 incidat
1296 4663 1626 4720 in-lectorem
1652 4669 2033 4736 alterum,'tibi

471 4739 755 4806 disparem.
796 4745 970 4833 Quare
1009 4749 1169 4804 velim
1215 4752 1307 4806 tibi
1349 4755 1546 4811 habeas
1592 4749 1708 4827 quas
1750 4760 2032 4833 incogitata

471 4828 788 4913 proferimus
813 4849 824 4882 :
853 4832 976 4887 licet
1003 4839 1191 4893 eadem
1215 4843 1320 4897 mei
1347 4861 1560 4913 quoque
1588 4849 1784 4905 librarii
1815 4828 2033 4938 servire

476 4918 710 4938 tu.“
763 4922 823 4938 ﬁ,
855 4922 867 4938 .
1122 4928 1133 4938 .
1369 4934 1379 4938 λ

468 4904 731 4972 dicantur.
763 4922 868 4975 Sed
901 4923 974 4977 illi
1007 4941 1102 4993 per
1122 4904 1787 5006 ignorantiam-examinis,
2073 4956 2075 4958 ’

469 5007 650 5061 facere
697 5025 799 5062 non
843 5025 1053 5077 Oportet
1079 5017 1407 5077 Mercurialis
1439 5026 1574 5079 artis
1616 5007 1861 5096 peritum.
1899 5033 2030 5089 Nam

470 5096 825 5155 mediocribus
848 5104 1062 5170 scriptis
1087 5108 1377 5166 amicorum
1399 5113 1694 5184 benignitas
1714 5123 1812 5175 scit
1829 5122 2028 5190 favere,

468 5183 765 5240 alienorum
803 5191 998 5245 invidia
1041 5200 1210 5249 nescit
1254 5183 1549 5267 ignoscere.
1589 5208 1741 5270 Quod
1765 5183 2028 5281 superest,

466 5286 566 5325 oro
588 5272 699 5341 jam
735 5278 940 5347 venias,
984 5292 1039 5335 et
1081 5289 1358 5352 praesentia
1406 5299 1491 5342 tua
1537 5292 1791 5350 honorem
1829 5272 2030 5368 augeas

467 5360 720 5416 festorum
756 5365 983 5425 dierum.
1024 5369 1226 5440 Nempe
1267 5375 1514 5434 Minervae
1549 5384 1641 5437 tibi
1683 5360 1931 5444 solemne
1959 5392 2028 5446 de

465 5451 666 5505 scholis
692 5463 871 5534 notum
892 5467 995 5523 est,
1015 5468 1071 5512 ut
1101 5459 1209 5537 fere
1230 5446 1494 5522 memores
1519 5486 1701 5528 sumus
1725 5479 1883 5533 etiam
1906 5495 2027 5548 pro-

438 5558 441 5563 ι
464 5542 686 5600 sedente
711 5559 825 5597 sevo
852 5549 1435 5629 pueriliumferiarum.
1467 5561 1546 5615 Ad
1575 5578 1697 5618 cum
1722 5567 1862 5623 diem
1892 5542 2023 5626 con-

467 5632 654 5686 victuttt
701 5635 793 5688 tibi
842 5647 1450 5733 paramus,.agrcstibus
1488 5652 1745 5709 olusculis
1791 5671 2022 5733 partum,

464 5725 585 5793 quia
613 5727 847 5785 luxuries
875 5724 1268 5793 oll'endit'deatn
1299 5726 1551 5799 sobriam.
1589 5745 1734 5805 Vale.
1791 5724 1806 5728 ‘
1974 5731 1978 5735 ι

2151 3246 2354 3304 bonore
2381 3247 2567 3326 laetari.
2601 3248 2748 3305 Vale.
3189 3316 3199 3326 ἱ

2340 3356 2343 3359 ι
2415 3311 2458 3352 ‘-‘
2667 3339 2880 3396 EPIST.
2909 3316 3194 3398 Lxxxm.

2625 3444 2932 3487 SYIIACHUS
2968 3451 3214 3490 HELPIDIP

2217 3517 2333 3571 Non
2377 3533 2444 3575 ex
2489 3520 2651 3576 officii
2688 3523 2944 3590 parcitate
2970 3528 3263 3583 amicorum
3293 3529 3482 3600 religio
3503 3541 3560 3586 et
3587 3548 3709 3586 cura

2146 3606 2425 3674 pendenda
2479 3619 2580 3664 est.
2638 3609 2954 3684 Plaumque
3007 3617 3148 3670 enim
3193 3618 3462 3675 scribendi
3510 3625 3712 3692 cupidis

2145 3693 2275 3748 defit
2296 3698 2536 3763 occasio;
2562 3715 2661 3756 nec
2685 3711 2863 3758 tamen
2881 3706 3127 3762 amicitiai
3150 3710 3405 3764 memoria
3431 3718 3709 3782 temporali

2143 3785 2357 3840 silentio
2385 3791 2739 3847 consenescit.
2773 3794 2952 3864 Itaque
2977 3797 3120 3866 quod
3152 3797 3425 3869 hucusque
3454 3806 3709 3872 conticui,

2147 3876 2408 3936 tolttntati
2451 3893 2556 3933 non
2593 3879 2754 3940 debet
2791 3885 2988 3940 ascribi
3026 3901 3042 3941 :
3083 3888 3249 3942 multa
3295 3890 3439 3948 enim
3477 3893 3709 3947 studium

2145 3977 2386 4024 nostrum
2430 3967 2647 4037 fortuita
2694 3971 3074 4041 impedimenta
3121 3978 3416 4034 frcnarunt.
3467 3980 3574 4036 Sed
3621 3985 3707 4038 ubi

2142 4057 2511 4125 tempestivam
2539 4063 2806 4129 comperit
2834 4063 3156 4133 facultatem,
3187 4069 3386 4124 contuli
3418 4072 3472 4125 in
3496 4070 3594 4126 Itas
3625 4074 3708 4140 lit,-

2143 4152 2288 4199 teras
2318 4147 2421 4200 mei
2452 4147 2593 4202 circa
2622 4157 2676 4204 te
2719 4153 2973 4221 propositi
3004 4165 3163 4224 atque
3190 4158 3391 4212 amoris
3419 4144 3706 4226 indicium;

2139 4245 2605 4310 conpensaturus,
2627 4241 2769 4308 quod
2793 4242 3049 4297 hactenus
3070 4244 3212 4309 silui,
3240 4246 3532 4316 frequentia
3561 4253 3711 4321 pagi-

2140 4334 2348 4403 narum,
2382 4329 2426 4382 si
2457 4344 2543 4384 me
2569 4331 2836 4386 incentivo
2857 4333 3085 4403 quodam
3112 4342 3295 4392 mutuo
3310 4342 3571 4396 sermonis
3589 4343 3710 4398 ani-

2119 4400 2396 4479 .tﬂa‘ﬁoris.
2431 4418 2578 4474 Vale.

2740 4513 2959 4571 EPIST.
2992 4515 3109 4570 'XC.
3125 4538 3157 4561 ι

2626 4613 2934 4658 δςκκλοιῑε
2971 4596 3225 4663 nummo.-

2211 4691 2738 4747 Attentatamdcnuo
2761 4695 3114 4758 valetudinem
3142 4709 3280 4754 tuam
3311 4716 3544 4757 meorum
3568 4719 3699 4760 cura

2139 4784 2418 4851 suggessit.
2451 4783 2626 4866 Quare
2652 4775 2967 4866 solliﬁatus
2992 4786 3206 4842 incertis
3225 4791 3467 4847 emittere
3495 4795 3696 4863 scripta

2138 4887 2240 4949 non
2264 4858 2692 4942 distuli,;-.iulbus
2720 4858 2873 4931 ut'de
2894 4865 2950 4932 te
2990 4878 3109 4931 Ireta
3148 4880 3522 4947 respondeant,
3554 4858 3700 4949 pra--

2137 4948 2297 5016 stabit
2322 4963 2824 5032 divina‘miseratio.
2862 4969 2975 5021 Erit
3000 4970 3236 5022 muneris
3261 4971 3338 5023 tui
3365 4980 3422 5024 ut
3447 4948 3702 5032 otioimeo

2137 5036 2476 5108 securitatem
2499 5057 2740 5112 sanitatis
2764 5057 3004 5124 adjicias.
3035 5059 3184 5114 Vale.

2732 5211 2947 5267 EPIST.
2969 5214 3102 5269 XCI.

2614 5312 2918 5356 BVIIACBUS
2955 5321 3223 5360 HELPIDIO.

2152 5457 2154 5460 ,
2204 5401 2270 5459 Et
2312 5407 2470 5461 rebus
2498 5417 2565 5462 .et
2601 5409 2795 5463 litteris
2837 5423 3014 5479 partes
3052 5409 3324 5483 religionis
3361 5426 3698 5487 exsequeris.

2131 5490 2262 5548 Nam
2287 5494 2592 5551 hominibus
2621 5499 2752 5552 meis
2770 5501 3089 5555 adminicula
3117 5506 3312 5577 favoris
3339 5508 3627 5579 impendis,
3646 5525 3701 5567 et

2132 5598 2218 5639 me
2243 5589 2504 5640 sermonis
2535 5589 2607 5641 tui
2639 5591 2844 5645 honore
2872 5595 3168 5662 participas.
3202 5598 3317 5667 Ago
3348 5599 3508 5667 igitur
3535 5609 3699 5671 amne

2126 5672 2304 5749 balteo
2340 5677 2562 5743 gratias,
2606 5678 2829 5743 daturus
2868 5676 3110 5751 operam,
3157 5701 3224 5739 ne
3262 5687 3454 5744 officiis
3493 5698 3696 5748 nostris

2131 5762 2440 5847 vicissitudo
2466 5781 2694 5833 unquam
2723 5759 2992 5832 dissimilis
3012 5773 3295 5840 iudicetur.
3328 5777 3476 5835 Vala.

3566 6337 3611 6340 __
3701 6209 3826 6340 ,Δ
