3826 6334
677 532 889 587 EPIST.
920 533 1071 586 XCII.

571 635 834 674 SYMHACIII
854 640 876 674 S
921 640 1185 676 IIELPIDIO.

177 711 294 763 Cum
335 710 401 762 ad
443 710 610 762 liliunt
660 726 833 764 meum
868 714 1152 777 scriberes,
1200 713 1372 768 solum
1419 729 1505 769 me
1543 714 1668 784 styli

116 800 297 853 honore
337 800 612 852 frauda-ti.
668 801 817 852 Potui
866 811 915 854 te
945 801 1142 855 silentii
1171 803 1368 857 talione
1399 803 1664 866 mordere,

112 891 195 944 scd
241 889 531 943 amicorum
579 891 915 958 negligentie
952 908 1220 959 nunquam
1257 908 1435 956 parem
1469 907 1671 961 repono

111 991 470 1047 contemptum.
515 987 542 1032 τὶ
563 998 685 1049 ;que
709 984 909 1036 utinam
942 984 1159 1036 reddita:
1191 983 1300 1037 filio
1331 999 1453 1040 meo
1479 986 1671 1038 litterte

113 1071 230 1124 nihil
271 1073 571 1138 asperitatis
614 1088 680 1126 ex
729 1075 1083 1128 conventione
1111 1076 1330 1130 fraterni
1371 1075 1668 1130 debitivha-

114 1162 347 1214 bnissent.
382 1160 492 1229 Ego
522 1177 736 1230 quoque
766 1165 893 1216 tttilti
924 1179 1256 1235 nequaquam
1277 1165 1488 1218 viderer
1508 1166 1672 1218 mnis-

111 1267 208 1304 sus.
238 1252 516 1306 Nuncduo
561 1257 764 1323 pariter
795 1257 1124 1323 acciderunt,
1171 1268 1232 1312 ut
1272 1274 1360 1312 me
1403 1269 1458 1312 et
1502 1257 1673 1311 honor

109 1343 251 1395 ofﬁcii
282 1345 606 1409 pr.cteriret,
643 1357 694 1400 et
731 1350 1045 1417 participata
1074 1365 1194 1403 cum
1232 1349 1340 1404 lilio
1370 1351 1672 1404 amaritudo

113 1433 425 1498 percelleret.
459 1434 609 1490 Vale.

250 1535 278 1548 ‘
671 1525 886 1580 EI’IST.
918 1528 1094 1581 XC‘II.

579 1629 632 1667 S‘t
647 1632 890 1669 \IIIMZIIL'S
932 1633 1191 1670 HELI'IDH).

175 1701 504 1757 Formianum
537 1706 688 1758 littus
719 1710 1064 1761 accessimus.
1108 1709 1243 1762 llinc
1270 1708 1521 1764 Puteolos
1549 1728 1668 1765 mox

115 1793 552 1854 paternusﬁraw
572 1807 654 1847 est
676 1810 819 1848 enim
844 1796 944 1849 sub
965 1797 1181 1850 auribus
1206 1797 1400 1866 iudicis
1425 1799 1669 1854 Baiarum

108 1884 446 1946 appeteiitiam
472 1883 742 1935 confiteri.
773 1884 949 1938 llabcs
973 1887 1216 1940 ordinent
1247 1879 1516 1955 propositi
1543 1891 1666 1944 mei.
1703 1880 1748 1938 Β

111 1971 504 2032 Ιιδθιηθιηειιιο
547 1973 824 2038 promissi,
865 1989 971 2040 quo
1004 1984 1054 2026 te
1094 1975 1165 2027 ob
1206 1990 1396 2031 causas
1432 1980 1672 2043 publieas

110 2059 536 2127 pertgrittatiouis
562 2075 695 2115 mea:
718 2061 833 2114 fore
862 2063 1110 2116 solatium
1138 2067 1488 2132 5p0poudisti.
1525 2067 1668 2122 Vale.

665 2172 884 2228 EPIS'I‘.
913 2172 1096 2227 XCIV.

572 2278 881 2318 SYISIACIIUS
920 2281 1184 2321 “ELPIDIO.

170 2350 380 2405 Romam
411 2367 683 2421 egressus,
713 2365 833 2420 post
865 2355 1145 2423 legationis
1176 2359 1432 2423 officium,
1466 2365 1669 2429 sumpsi

114 2439 301 2497 litteras
332 2453 470 2505 tuas,
501 2444 696 2510 quibus
729 2446 893 2511 patric
942 2447 1201 2499 "vernum
1248 2448 1420 2516 largas
1463 2453 1538 2503 rei
1575 2467 1672 2503 an-

112 2533 329 2586 nonarite
350 2536 534 2600 copias
557 2535 849 2602 polliceris.
870 2537 1046 2604 itaque
1066 2539 1276 2605 gemino
1303 2539 1521 2596 affectus
1542 2557 1670 2612 gau-
1695 2602 1700 2610 _

109 2624 206 2685 ilio,
245 2634 297 2676 et
346 2627 494 2691 quasi
541 2627 673 2679 (‘IVIS
714 2626 924 2693 publica
967 2631 1376 2694 securitate,\ct
1417 2634 1539 2692 fami
1574 2638 1668 2690 .tui

113 2714 260 2777 gloria
295 2716 442 2781 quasi
483 2715 650 2770 frater
691 2723 1088 2786 superexsulto,
1129 2732 1286 2791 teque
1321 2727 1384 2778 ad
1420 2728 1517 2782 hoc
1557 2738 1669 2782 stu-

114 2803 246 2858 dium
270 2807 511 2874 religiosa
543 2809 924 2865 exhortatione
945 2812 1237 2878 distimulo,
1266 2817 1387 2869 licet
1414 2818 1550 2872 bona
1578 2835 1669 2874 vo-

107 2894 285 2959 luntas,
315 2911 432 2964 qua:
455 2911 518 2950 ex
564 2899 776 2967 ingenio
808 2901 974 2965 venit,
998 2918 1099 2957 non
1130 2907 1195 2957 sit
1225 2908 1466 2974 agitanda
1497 2912 1669 2964 calca-

108 2986 258 3038 r.bus.
303 2987 409 3054 Ego
452 2988 669 3042 lectioni
711 2992 976 3046 sermonis
1015 2996 1085 3047 tui
1127 2996 1320 3048 citium
1361 3009 1663 3053 nostrorum

103 3090 270 3126 curant
303 3077 521 3131 levavi;
548 3079 732 3148 Neque
771 3084 912 3134 enim
941 3083 1100 3137 silere
1133 3085 1316 3142 debuit
1347 3097 1449 3140 tam
1479 3091 1662 3144 lauda-

105 3167 216 3219 bilis
249 3177 300 3220 ct
340 3179 486 3222 certa
531 3169 840 3237 promissio.
870 3173 1143 3240 Superest,
1183 3185 1240 3228 tn
1282 3180 1552 3246 proposito
1581 3198 1664 3235 re-

102 3257 294 3321 ligionis
332 3268 433 3311 tuze
466 3260 662 3312 melior
696 3260 898 3328 aspiret
925 3274 1168 3320 eventus.
1209 3276 1264 3320 et
1305 3269 1358 3321 Itt
1389 3280 1658 3337 posterum

97 3356 387 3412 competens
411 3348 576 3402 decus
601 3365 698 3417 pro
724 3359 871 3404 tanto
893 3353 943 3404 itt
969 3364 1074 3420 pati
1090 3356 1192 3408 iant
1219 3359 1403 3415 labore
1432 3376 1661 3430 respon-

95 3431 226 3486 deat.
254 3435 394 3490 \‘aie.

677 3509 889 3563 EPIST.
917 3510 1073 3566 XCV.

557 3613 871 3655 SYIIIACIIL'S
905 3618 1164 3659 IIEIQPIDIO.

155 3684 497 3743 ﬂediolanum
532 3704 655 3744 sum
695 3692 891 3745 missus
926 3710 953 3743 a
988 3699 1224 3762 patribus
1254 3701 1319 3753 ad
1351 3717 1651 3762 exoneran-

89 3775 200 3829 dam
236 3777 397 3832 divini
426 3783 690 3849 principis
732 3798 911 3852 opem,
943 3801 1101 3854 quam
1141 3798 1438 3851 communis
1465 3803 1651 3867 patria:

88 3867 376 3924 sollicitudo
411 3873 688 3939 poscebat.
719 3871 959 3930 Celerem
991 3879 1118 3932 tttilti
1149 3886 1398 3954 reditum,
1430 3895 1644 3958 pra-fata

113 4002 1639 4040 W

1107 4137 1578 4251 LIBER
1656 4154 2294 4268 SEXTUS.

566 4308 893 4362 EPISTULA
931 4311 1160 4366 PRIMA.

427 4410 744 4450 εγωμειιυε
789 4413 1067 4454 NICUMACIII
1120 4421 1140 4455 ι’
1154 4422 1286 4459 ILIIS.

149 4483 217 4538 De
245 4486 401 4540 rebus
430 4487 645 4554 liquidis
696 4499 852 4556 atque
891 4495 1182 4548 manifestis
1219 4500 1414 4553 rectius
1454 4514 1640 4561 natura

82 4592 223 4645 quam
251 4578 384 4633 fama
411 4583 735 4636 consulitur.
760 4585 895 4654 Ergo
925 4588 974 4640 in
1004 4593 1142 4642 tenui
1171 4595 1352 4659 patria:
1379 4598 1639 4665 \iCltt,Sn-

83 4671 286 4736 perieris
307 4674 660 4740 providentia:
685 4677 896 4730 Iaudem
914 4670 1140 4733 refotam
1168 4699 1270 4737 non
1295 4703 1355 4739 ex
1381 4705 1474 4743 ore
1503 4695 1638 4746 ntul-

80 4758 325 4828 liiudinis,
357 4765 450 4818 sed
482 4780 548 4818 ex
584 4765 790 4820 ration
815 4767 1029 4827 humani
1076 4772 1267 4841 ingenii
1301 4781 1632 4848 colligamus.

77 4854 289 4910 Necesse
316 4866 398 4910 est
434 4857 579 4910 enim
626 4871 778 4910 seros
818 4871 1170 4919 aestimatores
1213 4867 1589 4924 beneﬁciorum
1618 4919 1630 4939 ,

76 4960 186 4997 cum
205 4947 495 5000 succedant
522 4947 779 5015 angustia:
795 4948 981 5016 copiis,
1005 4950 1387 5026 (Iissimulatam
1412 4963 1632 5026 gratiam

77 5034 347 5115 collatione
376 5038 596 5090 sentire.
647 5036 713 5089 Et
763 5038 962 5104 plebes,
989 5040 1201 5107 quidem
1235 5057 1410 5100 nostra
1443 5067 1634 5115 pauco-

78 5141 186 5178 rum
212 5110 400 5183 studiis
425 5128 653 5182 antehac
683 5130 736 5181 in
769 5130 946 5184 odium
976 5134 1102 5186 tanti
1135 5138 1266 5189 civis
1293 5140 1528 5204 subacta,
1558 5153 1632 5195 te«

71 5227 229 5272 statur
249 5221 519 5288 propalam
545 5220 837 5288 paenitendi
867 5227 1270 5279 correctionem.
1296 5230 1626 5294 Collegarutn

72 5321 190 5362 vero
225 5311 534 5365 notissimus
563 5311 815 5378 pervicax
844 5310 978 5366 livor
1004 5328 1106 5366 non
1130 5315 1254 5368 sinit
1279 5317 1453 5384 fateri,
1485 5324 1623 5390 quod

73 5400 203 5465 cogit
219 5401 412 5460 veritas
423 5402 690 5469 judicare.
715 5399 890 5467 Quare
911 5405 1070 5457 tacito
1086 5404 1391 5461 afficiuntur
1413 5413 1625 5475 rubore.

73 5499 118 5539 ct
139 5491 496 5546 cunctorum
528 5493 732 5547 similes
771 5493 838 5545 de
867 5493 1016 5547 vobis
1055 5499 1287 5563 proferre
1318 5515 1581 5568 nequeunt
1608 5549 1622 5569 ,

71 5595 179 5645 qua
205 5581 404 5636 sentire
428 5589 715 5650 coguntur.
745 5579 849 5635 Sed
883 5582 992 5637 haec
1037 5585 1243 5655 longius
1268 5593 1485 5658 exsequi
1519 5610 1620 5646 non

68 5677 144 5720 est.
163 5683 396 5726 accuse.
424 5669 642 5727 Sufﬁcit
687 5671 830 5725 enim
860 5672 1077 5728 rediisse
1098 5677 1161 5728 ad
1191 5680 1618 5738 conciliationem

70 5757 212 5815 fama:
235 5770 426 5816 vestra:
451 5762 729 5829 publicum
760 5764 1138 5821 testimonium.
1179 5767 1332 5824 Vivat
1351 5773 1529 5839 modo,
1564 5785 1617 5829 et

321 5853 602 5914 Pariter...
649 5853 878 5913 XVIII.

84 6325 393 6334 ,γν-κ-κ
456 6326 495 6331 ’τ

1281 425 1700 481 EPISTULAI‘iU
1714 426 1755 478 Μ
1801 427 1998 480 LIBER
2044 427 2130 480 VI.

1691 541 1737 594 Α
1774 536 1862 589 Dei
1903 538 2074 610 venia,
2120 552 2208 592 res
2249 552 2518 607 prosperae
2553 537 2891 605 pollicentur.
2935 536 3039 591 Sed
3075 541 3351 604 prmsentia

1668 4737 1715 4791 D

3251 426 3354 478 966

1777 629 1895 678 lana
1924 628 2245 693 cumulabis,
2277 629 2319 681 si
2351 643 2445 695 per
2476 628 2684 682 litteras
2717 627 2844 680 ntilti
2877 628 3108 696 cognitio
3143 641 3240 681 tuae
3269 643 3346 680 sa-

1775 717 1898 770 Iulis
1927 720 2243 772 accesserit.
2281 719 2431 772 Vale.

2347 810 2562 864 EPIST.
2605 811 2787 864 XCVI.

2105 960 2117 974 .
2259 919 2308 954 εὶ
2323 919 2565 958 IISIACIIUS
2605 918 2868 956 IIEIJ'IDIO.

1849 990 2068 1044 Romam
2106 991 2326 1045 rediisse
2359 1009 2444 1045 me
2479 993 2684 1046 nuntio.
2716 994 2890 1062 Atque
2921 994 3117 1046 utinam
3157 995 3352 1045 sanita-

1777 1082 1842 1133 tis
1872 1097 2083 1149 quoque
2110 1098 2243 1136 mea:
2274 1084 2434 1137 iudex
2462 1097 2584 1137 esse
2615 1084 2927 1151 potuissem,
2951 1100 3110 1153 quam
3149 1085 3349 1138 labefa-

1773 1174 1939 1225 Ctavit
1979 1174 2424 1239 peregrinationis
2463 1173 2655 1240 injuria
2691 1182 2744 1227 et
2786 1173 3030 1227 hiemalis
3067 1177 3349 1241 asperitas.

1773 1263 1877 1317 Sed
1901 1264 2012 1318 otio
2039 1264 2281 1318 redditus
2301 1279 2462 1333 spero
2486 1265 2860 1334 meliora.lpse
2889 1274 2948 1318 ut
2975 1267 3154 1318 valeas
3175 1261 3349 1317 divina

1777 1354 2272 1421 praestabunt.Nam
2297 1366 2352 1410 ut
2377 1356 2621 1410 homines
2646 1371 2794 1410 meos
2821 1357 2979 1409 solito
3006 1357 3182 1409 favore
3208 1365 3350 1409 tuea—

1776 1445 1869 1501 ris.
1903 1445 2178 1511 postulare
2217 1447 2322 1501 non
2361 1448 2574 1513 debeo;
2614 1463 2734 1502 cum
2768 1449 3164 1502 incitttnentum
3193 1463 3349 1516 spon-

1778 1545 1929 1586 t'mca
1952 1533 2125 1588 officia
2157 1549 2260 1589 non
2285 1538 2582 1605 requirant.
2612 1539 2758 1593 Vale.

2335 1671 2548 1727 EPIST.
2583 1671 2785 1726 XCVII.

2260 1778 2571 1817 srnuacnus
2612 1775 2874 1820 nummo.

1845 1850 2118 1906 Maltterim
2149 1853 2366 1920 quidem
2399 1863 2545 1908 tuum
2579 1856 2819 1910 solamen
2843 1857 3084 1923 adipisci,
3117 1862 3236 1929 quia
3273 1863 3355 1915 lit-

1777 1941 1902 1995 teris
1933 1944 2200 1997 sccttndus
2235 1945 2300 1997 ad
2349 1947 2571 2013 gratiam
2617 1946 2764 2001 locus
2809 1958 2911 2002 est.
2966 1950 3236 2005 Desiderio
3279 1956 3350 2007 tui

1763 2034 2094 2100 scriptorum
2126 2039 2494 2101 compensatio
2518 2039 2811 2105 satisfecit,
2863 2044 3196 2111 maximeque
3221 2047 3355 2112 juvit

1772 2125 2034 2189 animum,
2068 2126 2208 2193 quod
2241 2137 2416 2180 tecum
2449 2129 2643 2182 bonam
2674 2129 3035 2186 valetudinem
3060 2131 3279 2190 rediisse
3301 2138 3351 2190 itt

1773 2215 1995 2279 gratiam
2029 2216 2308 2271 nuntiasti.
2354 2218 2472 2286 Ipse
2501 2217 2735 2274 Formiis
2763 2219 2936 2275 adhuc
2960 2222 3194 2277 residere
3220 2239 3353 2279 con-

1774 2303 1943 2366 stitui,
1987 2312 2045 2357 ut
2092 2306 2350 2374 mitigatis
2389 2309 2629 2362 autumni
2682 2310 2900 2364 testibus
2942 2312 3008 2365 ad
3050 2313 3352 2370 suburbana

1771 2396 2082 2449 concedam.
2131 2396 2314 2464 Neque
2362 2399 2503 2452 enim
2556 2401 2813 2467 temporis
2870 2402 3000 2453 ratio
3035 2404 3249 2471 patitur,
3301 2419 3353 2461 ut

1773 2482 2107 2551 commoneto
2142 2490 2369 2556 patriam
2401 2500 2625 2546 mmstus
2655 2492 2938 2567 ingrediar.
2989 2494 3134 2548 Vale.

2326 2621 2542 2676 EI‘IST.
2577 2621 2808 2677 XCVIII.

2257 2725 2562 2768 SYMMACIIL’S
2601 2729 2864 2769 ιιεινιωο.

1843 2821 1895 2872 Si
1935 2821 2172 2874 conditio
2210 2823 2463 2889 temporis
2502 2824 2728 2889 sineret,
2771 2827 2905 2880 votis
2943 2829 3158 2880 metuis
3185 2829 3342 2882 etiam

1773 2927 1875 2962 non
1909 2922 2127 2979 rogatus
2159 2912 2478 2980 ingererent.
2510 2914 2625 2980 Qua
2650 2915 2700 2968 itt
2733 2930 2790 2970 re
2814 2926 2996 2970 certus
3027 2919 3186 2971 animi
3220 2924 3344 2984 mei,

1767 3003 2119 3056 assertionem
2145 3005 2457 3071 verborum,
2485 3007 2639 3059 sicuti
2669 3007 2920 3073 arbitror,
2955 3025 3068 3063 non.
3090 3014 3338 3079 requiris.

1768 3086 1921 3144 Nunc
1954 3091 2181 3146 fortuna:
2211 3107 2344 3147 mea:
2367 3093 2594 3162 qualitas
2625 3097 2675 3149 in
2711 3107 2912 3150 tantum
2959 3113 3057 3152 nos
3089 3115 3116 3151 a
3147 3102 3346 3156 festivis

1770 3189 1998 3232 CXCllral
2041 3182 2252 3246 officiis,
2293 3192 2352 3236 ut
2398 3183 2617 3253 insuper
2650 3186 2835 3238 solatia
2867 3187 3119 3256 deposcat
3149 3191 3344 3246 aliena.

1774 3272 1911 3338 Ergo
1943 3273 2061 3338 quia
2088 3274 2138 3325 in
2172 3288 2331 3328 manu
2361 3290 2475 3329 mea
2514 3279 2724 3330 inti-rint
2760 3294 2864 3331 non
2893 3291 2974 3332 est
3005 3281 3342 3350 frequentare

1770 3360 1922 3412 hctus
1962 3374 2290 3427 contentus;
2337 3375 2438 3418 tua:
2477 3369 2593 3434 epis
2633 3373 2734 3418 erit
2777 3368 2958 3421 levare
3005 3386 3339 3427 mmrentem.

1769 3455 2038 3518 Quorsum
2072 3456 2210 3508 istud
2247 3456 2486 3524 inquies?
2517 3470 2571 3510 ut
2611 3459 2828 3512 fratrem
2875 3479 3048 3515 incum
3085 3464 3340 3520 Florenti-

1768 3561 1914 3612 mnn,
1946 3548 2303 3601 clarissimum
2337 3559 2493 3618 atque
2523 3552 2922 3604 ornatissimum
2960 3572 3125 3605 tarum
3187 3573 3336 3618 pere-

1763 3637 2052 3703 grinationi
2098 3653 2231 3692 meat
2274 3642 2546 3694 cohaerere
2580 3644 2812 3708 patiaris.
2854 3647 3076 3697 'l‘antum
3112 3661 3249 3713 pcto,
3285 3662 3340 3703 ut

1762 3725 1830 3778 ab
1859 3740 1924 3778 eo
1962 3728 2330 3796 interpreteris
2369 3731 2600 3798 impendi
2648 3749 2712 3786 ex
2763 3736 2856 3785 lim:
2897 3742 3334 3804 commoratione,

1759 3831 1916 3882 quam
1951 3819 2076 3869 ntibi
2113 3822 2323 3884 tribuit,
2356 3831 2609 3887 quantum
2637 3838 2704 3877 ex
2734 3826 2848 3891 ejus
2883 3830 3160 3892 praesentia
3189 3831 3334 3884 volu-

1761 3910 1921 3973 ptatis
1955 3909 2251 3962 habuisses.
2289 3910 2432 3964 Vale.

1809 4039 2614 4061 Ἣ,

2615 4053 3320 4075 _____.._____________

1753 4335 1804 4388 in
1849 4339 2012 4403 patris
2038 4343 2233 4393 celebri
2289 4347 2543 4396 memoria
2575 4349 2822 4402 solatium
2871 4360 3039 4414 tuum,
3071 4362 3126 4407 et
3155 4354 3203 4406 itt
3238 4365 3324 4409 tua

1750 4427 1922 4480 salute
1953 4439 2172 4496 paterna
2206 4434 2490 4502 reparatio.
2527 4435 2726 4492 Valete.

2371 4550 2587 4621 EPIST.
2635 4571 2694 4623 ll.

2112 4690 2416 4730 δι’ληιλειιιτε
2454 4694 2731 4732 NICOHACIII
2771 4696 2944 4735 FILIIS.

1814 4779 2083 4834 Hilaratus
2111 4793 2189 4835 est
2223 4787 2349 4835 mihi
2375 4786 2489 4840 dies
2520 4787 2710 4841 litteris
2743 4791 2953 4854 Vt'Sll‘IS,
2982 4802 3035 4846 et
3063 4794 3315 4850 festivita-

1742 4880 1848 4921 tem
1877 4873 2164 4924 natalitiam
2195 4875 2386 4930 domus
2415 4886 2610 4932 nostra:
2639 4881 2972 4938 desideratus
3018 4903 3195 4942 sermo
3219 4906 3312 4959 ge-

1741 4961 1978 5013 minavit.
2005 4963 2106 5015 Sed
2127 4965 2346 5018 decursa
2372 4967 2573 5035 paginm
2599 4970 2823 5023 lectione
2843 4982 3156 5044 conrugavit
3180 4983 3309 5033 milii

1739 5051 1965 5105 frootent
1997 5055 2197 5122 adjecta
2227 5058 2569 5123 subscriptio,
2608 5076 2724 5127 qum
2757 5077 2850 5116 vos
2878 5065 2942 5119 de
2976 5069 3181 5134 peculio
3206 5070 3307 5122 Pe-

1741 5147 1926 5198 troniat
1969 5148 2153 5214 agitari
2199 5148 2390 5217 jurgiis
2422 5153 2694 5208 indicavit.
2738 5157 2981 5211 Arbitror
3012 5173 3220 5225 tamen,
3264 5166 3308 5218 si

1739 5234 2017 5289 Marciana:
2069 5243 2268 5292 sororis
2299 5251 2488 5293 vestra:
2521 5259 2623 5296 non
2655 5245 2721 5298 sit
2755 5247 2943 5300 clauda
2985 5254 3268 5317 promissio
3293 5301 3306 5321 ,

1734 5327 2088 5379 successionis
2127 5327 2426 5396 ambiguum
2461 5330 2768 5386 domestica:
2798 5351 2954 5401 posse
3007 5346 3297 5404 removeri,

1731 5429 1850 5467 eum
1880 5416 1944 5470 ad
1966 5431 2189 5470 examen
2214 5434 2408 5478 meum.
2436 5422 2574 5487 quod
2605 5423 2717 5488 ipsa
2741 5423 2959 5494 detegit,
2982 5431 3297 5484 documenta

1731 5507 1925 5574 negotii
1957 5510 2375 5576 miseritis.Qua3
2392 5524 2565 5565 autent
2596 5515 2767 5581 capita
2791 5521 3142 5584 qumstionmn
3177 5536 3299 5589 pars

1726 5597 1946 5651 adversa
1976 5609 2342 5664 commoveat,
2396 5603 2602 5656 subdita
2637 5609 3039 5662 enumeratione
3070 5611 3293 5677 signari,

1725 5697 1781 5739 ut
1809 5701 1991 5743 sancta
2032 5690 2349 5744 unanimitas
2384 5703 2555 5765 vestra
2592 5695 2867 5748 informata
2925 5701 3200 5765 oppositis,
3243 5703 3291 5756 in

1723 5776 1890 5832 vicem
1924 5795 2017 5847 pro
2048 5796 2104 5834 se
2136 5763 2502 5848 reSpondenda
2542 5786 2837 5837 meditetur.
2870 5785 3071 5840 Valctc.

3020 5882 3056 5935 9
