3826 6350
524 401 630 456 167

1102 493 1308 550 EI'IST.
1354 492 1435 547 Ill.

847 601 1146 642 SHUIACIICS
1193 597 1472 640 NICOXIACHI
1514 595 1685 634 ιἰιιις.
1730 617 1734 622 -

563 679 787 733 Ρηῐδιο
831 693 963 747 opus
998 687 1097 741 est,
1123 676 1165 729 si
1197 674 1361 727 ardua
1395 670 1761 740 postulentur:
1796 666 1976 733 pronis
1999 680 2056 715 ac

495 770 735 825 facilibus
774 768 1042 822 admoveri
1097 765 1354 817 ambitum
1400 775 1504 814 non
1543 766 1773 827 Oportet.
1822 755 2058 816 Breviter

497 862 654 927 igitur
677 868 733 914 et
757 858 986 911 strictim
1015 855 1137 923 quid
1171 855 1334 907 f-ater
1374 866 1523 905 meus
1554 849 1769 902 Fulvius
1800 846 1863 899 de
1911 843 2059 896 vobis

500 953 695 1007 favoris
738 957 925 1019 poscat
952 949 1228 1001 advertite.
1264 946 1515 997 Sororem
1574 937 1901 1005 I‘ompe‘ani,
1934 936 2059 987 olim

497 1044 612 1097 \iro
638 1050 924 1104 maturam,
952 1048 1005 1092 te
1032 1036 1246 1105 auspice
1280 1038 1328 1087 in
1378 1050 1591 1087 manum
1623 1039 1769 1099 optat
1799 1028 2060 1096 accipere,

498 1148 598 1187 nee
623 1144 818 1201 genere
838 1129 1034 1194 minor,
1067 1137 1122 1181 et
1146 1143 1201 1181 re
1236 1128 1475 1178 fortassis
1506 1122 1766 1190 superior.
1796 1120 1923 1172 Nam
1958 1119 2064 1169 lau-

506 1223 710 1277 dabiles
728 1220 853 1274 vita:
874 1219 991 1288 ejus
1011 1227 1175 1277 artes,
1201 1226 1256 1270 ct
1290 1233 1352 1271 ex
1377 1216 1637 1269 bonorum
1661 1210 1906 1264 amicitiis
1944 1222 2065 1275 spes

453 1294 457 1297 ’
500 1330 575 1370 set
591 1314 757 1368 undas
783 1313 922 1366 inter
945 1310 1210 1379 sponsalia
1234 1315 1547 1363 ornamenta
1574 1318 1679 1359 non
1702 1299 2065 1355 nunrcrmSibi

501 1407 643 1459 enim
667 1405 895 1472 quisque
921 1402 1080 1455 babet
1111 1398 1364 1468 quidquid
1414 1397 1524 1473 Spei
1571 1405 1625 1448 et
1665 1392 1805 1446 laudi
1838 1390 2063 1462 ducitur.

501 1496 626 1550 niui
646 1503 820 1548 autem
844 1500 987 1547 tanta
1017 1500 1095 1546 est
1127 1488 1467 1559 perficiendte
1496 1483 1884 1553 enitjunctioais
1916 1480 2068 1546 hujus

502 1584 789 1654 antiquitas
810 1624 829 1649 ,
858 1576 998 1639 ut'in
1038 1584 1180 1651 grati
1214 1581 1356 1634 dono
1387 1577 1659 1630 habiturus
1702 1574 1826 1639 sine,
1858 1572 1899 1624 si
1932 1571 2071 1623 illius

503 1676 645 1730 votis
685 1688 809 1729 cura
853 1682 1028 1727 vestra
1056 1669 1333 1741 profuerit.
1365 1666 1495 1720 Cum
1541 1665 1698 1734 igitur
1738 1678 1823 1717 res
1862 1662 2070 1728 inceptu

506 1766 747 1830 honesta;
777 1762 971 1817 effectu
1002 1761 1171 1815 facilis
1203 1759 1531 1827 posmlelur:
1555 1769 1754 1824 quisse,
1791 1766 1845 1805 ιιι
1871 1754 1921 1803 in
1951 1766 2073 1817 pio-

1640 383 1701 453 Q.
1748 377 2088 437 uouemus
2128 372 2559 429 svuutcnts.

2082 489 2124 541 Α
2160 482 2251 533 tui.
2274 481 2378 533 Nos
2401 480 2609 534 interim
2636 491 2810 533 mutua
2831 478 3091 534 desideria
3116 478 3404 547 scr'ptione
3428 476 3711 531 foveantur.

3619 367 3713 426 268

2164 574 2251 625 Sol
2272 573 2375 625 ttiis
2404 573 2540 623 enim
2567 570 2837 624 leniendas
2867 582 2945 623 est
2973 571 3201 634 animus,
3222 570 3434 636 nuuties
3459 568 3711 636 protelan-

2164 675 2245 716 tur
2274 678 2321 726 ο,
2346 671 2473 716 tata.
2514 661 2712 714 Valete.

2767 750 2976 805 EPIST.
3020 749 3125 805 VII.

2529 857 2831 894 ειίιιιιειιιε
2870 854 3146 893 ΜΕΟἈΙΑΕΗΙ
3188 853 3364 893 FILIIS.

2236 951 2535 1003 'I‘abnrnius
2558 963 2829 1004 evocatum
2861 965 2945 1003 me
2968 966 3070 1002 non
3098 949 3240 1003 siluit
3260 966 3273 1012 ;
3294 957 3349 1003 et
3376 948 3603 1001 fortasse
3633 947 3719 998 nti-

2168 1041 2376 1103 remini,
2411 1038 2537 1091 nihil
2565 1054 2723 1106 super
2741 1054 2802 1091 ea
2826 1054 2883 1093 re
2909 1040 3038 1093 meis
3066 1038 3271 1107 paginis
3301 1037 3717 1091 indieatum.Sed

2167 1132 2287 1198 quia
2334 1131 2514 1185 multis
2547 1146 2609 1185 ac
2640 1132 2956 1186 necessariis
2996 1133 3168 1187 εδιιεὶς
3198 1132 3342 1184 domi
3398 1146 3614 1184 mani-rc
3640 1132 3719 1181 tle-

2173 1237 2471 1281 creveram,
2505 1222 2675 1274 inanis
2704 1236 2823 1312 essp
2849 1237 3025 1290 operte
3059 1223 3310 1290 judicavi,
3345 1223 3492 1275 irrita
3522 1221 3588 1274 ad
3616 1236 3717 1281 vos.

2168 1326 2217 1366 et
2248 1312 2574 1365 di5siinu|ata
2624 1314 2876 1379 perferre.
2899 1314 3072 1367 (Iredn
3101 1323 3274 1365 autem
3307 1323 3508 1365 sancta:
3544 1312 3719 1364 nnaui-

2172 1403 2341 1456 mirati
2369 1414 2558 1457 vestra
2584 1404 2910 1469 incomperta
2941 1418 3046 1456 non
3081 1417 3219 1468 esse,
3252 1418 3368 1470 qua:
3404 1417 3488 1456 me
3514 1417 3543 1455 a
3576 1416 3715 1471 pere-

2171 1491 2413 1561 grinandi
2444 1492 2671 1545 consilio
2694 1501 3046 1546 retraxerunt.
3075 1491 3203 1544 Nam
3220 1502 3273 1546 et
3294 1492 3720 1546 fractam-valeto.

2172 1585 2351 1636 dinem
2380 1576 2553 1637 meam
2584 1585 2776 1651 nostis,
2824 1593 2877 1638 et
2902 1584 3036 1637 unici
3082 1583 3185 1638 mei
3224 1583 3564 1637 solitudinem
3603 1599 3721 1638 con-

2174 1671 2528 1741 templamini,
2559 1682 2611 1728 et
2635 1673 2941 1740 eruptiones
2964 1674 3234 1728 ﬂuminum
3258 1689 3426 1742 usque
3452 1674 3517 1728 ad
3541 1685 3722 1729 metunt

2174 1763 2355 1817 dduvii
2376 1763 2732 1833 comperistis.
2758 1764 3001 1818 Pontium
3032 1780 3241 1833 quoque
3270 1767 3477 1829 ruinas,
3507 1774 3562 1820 et
3591 1781 3722 1820 mou-

507 1854 765 1909 movendo
793 1852 1003 1921 negotio
1032 1863 1279 1918 quantam
1312 1864 1395 1903 me
1422 1850 1559 1901 velle
1600 1844 1884 1913 conjicitis,
1920 1840 2067 1894 adbi-

2202 1854 2306 1905 inm
2335 1853 2481 1907 labes
2499 1852 2637 1920 apud
2668 1867 2783 1917 vos,
2810 1865 2862 1906 ut
2885 1854 3135 1918 arbitror,
3159 1854 3293 1907 fama
3327 1870 3429 1909 non
3454 1857 3638 1909 Iacuit.
3661 1856 3724 1909 Et

509 1945 676 1999 beatis
695 1942 1026 1997 industriam.
1049 1939 1256 1993 Valete.

1120 2028 1331 2084 EPIST.
1377 2028 1459 2079 IV.

872 2135 1178 2176 ειηιιΑειιυε
1215 2133 1489 2172 NICOMMIIII
1531 2130 1697 2169 FlLIiS.

589 2213 997 2282 Egritudinem,
1024 2225 1179 2279 quam
1208 2208 1443 2263 dexterae
1476 2221 1663 2260 manus
1687 2204 1872 2259 dolore
1922 2202 2079 2255 susti-

520 2320 644 2369 neo,
673 2303 974 2357 nuntiorum
1007 2302 1295 2355 acerbitate
1323 2300 1371 2352 dt
1398 2299 1650 2367 plieastis.
1688 2294 1876 2349 Acrior
1902 2303 2077 2345 autem
2143 2296 2148 2302 ‘

515 2410 638 2450 cura
656 2410 741 2449 me
759 2393 1045 2460 distringit,
1064 2391 1203 2461 quod
1227 2390 1340 2443 seio
1360 2388 1478 2442 Iili.e
1504 2403 1637 2442 mea:
1658 2386 1899 2441 ciborum
1919 2396 1973 2438 et
1995 2400 2081 2451 po-

518 2499 665 2539 tunm
690 2483 1071 2537 continentiam
1100 2495 1203 2535 non
1246 2495 1401 2549 posse
1430 2478 1663 2532 suaderi.
1690 2476 1897 2530 Anxius
1922 2473 2084 2541 igitur

519 2577 737 2629 vulnere
761 2573 922 2627 animi
949 2580 1007 2627 et
1031 2572 1274 2640 corporis
1309 2570 1497 2622 inorbo
1517 2609 1531 2632 ,
1559 2579 1728 2634 usque
1758 2564 1823 2617 ad
1846 2561 2081 2617 subseri-

519 2666 675 2720 bcndi
700 2664 1103 2732 possibilitatem
1134 2661 1338 2715 litteras
1367 2658 1584 2713 dtll‘erre
1627 2671 1731 2709 non
1774 2654 1957 2723 potui:
1992 2650 2083 2705 sed

517 2757 803 2809 dit-talione
832 2763 1108 2821 pmperata
1155 2752 1321 2820 magis
1352 2746 1697 2803 sollicitudini
1742 2760 1897 2812 mete,
1927 2756 2083 2810 quam

518 2842 883 2898 consuetudini
927 2839 1181 2894 satisfeci.
1218 2839 1285 2892 Et
1317 2838 1488 2907 primo
1518 2838 1764 2888 timorem
1797 2846 1972 2886 meum
2005 2846 2087 2883 re-

521 2936 729 3001 Sponsis
758 2932 968 2993 levetis,
997 2942 1182 2984 exoro.
1220 2928 1418 2982 Debiuc
1448 2935 1519 2990 te,
1545 2924 1761 2977 domina
1803 2921 1929 2984 filia,
1961 2933 2087 2987 pre-

521 3041 636 3088 cor,
667 3022 824 3088 saluti
851 3020 1070 3075 adversa
1102 3020 1336 3073 declines
1355 3058 1369 3082 ,
1397 3025 1453 3072 et
1488 3015 1875 3082 interpellatam
1931 3011 2088 3064 toties

522 3112 873 3167 valetudinem
911 3124 1126 3179 repares
1156 3108 1372 3161 auxilio
1401 3104 1791 3169 temperantia.
1826 3101 1956 3164 Quia
1984 3112 2086 3150 non

524 3205 695 3258 solum
723 3202 935 3255 sanitati
965 3199 1287 3262 commodat,
1332 3211 1517 3251 verum
1549 3196 1705 3247 etiam
1751 3191 1814 3244 ad
1854 3189 2089 3243 testimo-

526 3296 670 3349 nium
698 3292 990 3363 prudentia:
1015 3290 1238 3359 pertinet
1264 3288 1437 3339 noxiis
1469 3286 1753 3338 abstinere.
1785 3281 1991 3335 Valete,

1154 3377 1367 3432 EPIS'f.
1408 3375 1472 3426 V.

894 3485 1201 3525 SYNMACHUS
1229 3480 1509 3522 NICQMACIII
1551 3479 1724 3517 FILIIS.
1792 3484 1801 3489 ‘
1836 3518 1869 3549 ἐ

596 3566 937 3621 Severianum
978 3562 1260 3631 primorem
1298 3556 1603 3611 C2iternina:
1634 3554 1779 3609 urbis
1810 3568 1837 3606 a
1885 3551 2093 3620 publica

528 3655 957 3725 interpellatione
980 3649 1247 3714 revocavi,
1280 3664 1346 3703 ne
1372 3656 1558 3700 sancto
1580 3644 1753 3698 amico
1783 3651 1964 3695 nostro
1994 3641 2094 3695 Se.

531 3763 662 3803 vero
696 3745 906 3799 invidia:
931 3742 1128 3811 aliquid
1153 3738 1464 3808 conquestio
1481 3736 1596 3805 ejus
1617 3734 1846 3789 afferret.
1874 3730 2098 3786 Promisi

531 3850 706 3893 autern
732 3834 905 3897 media
930 3831 1275 3888 unanimitate
1304 3838 1412 3891 tua,
1437 3827 1599 3881 decus
1627 3818 1889 3883 nostrum;
1908 3822 1951 3875 si
1972 3819 2096 3888 quid

534 3932 673 3982 inter
696 3940 789 3981 eos
812 3921 1224 3979 concertationis
1250 3928 1353 3985 εει,
1387 3930 1542 3985 posse
1569 3913 1730 3967 finiri.
1776 3915 1949 3979 Atque
1981 3909 2100 3962 ideo

534 4033 716 4087 qan
756 4026 816 4071 ut
859 4015 974 4067 viro
1012 4012 1213 4081 optimo
1240 4009 1442 4063 Severo
1489 4004 1835 4060 terminanda:
1866 4000 2001 4068 apud
2050 4010 2101 4053 te

539 4112 644 4163 litis
663 4117 846 4161 amtor
868 4119 986 4158 esse
1011 4104 1266 4170 digneris.
1300 4098 1503 4152 Valete.

878 4259 885 4264 ,
1141 4189 1356 4244 EPIST.
1396 4186 1483 4239 vr.

900 4297 1208 4339 ενιιιιλειιυε
1254 4275 1533 4333 amonem
1571 4289 1741 4329 FILII’S.

612 4380 881 4445 Tanquam
896 4375 1071 4429 adhuc
1089 4374 1420 4441 negotiorum
1439 4378 1734 4422 vestrorum
1762 4367 1921 4420 nescii
1944 4380 2105 4435 agen-

543 4474 626 4524 dis
652 4470 807 4524 rebus
831 4465 1085 4519 formulas
1114 4461 1409 4531 prmfmitis.
1444 4461 1509 4512 At
1533 4473 1632 4528 ego
1660 4458 1989 4511 unanimitatt
2022 4474 2105 4510 ve-

2179 1961 2282 2011 quu
2307 1944 2511 1998 factum
2544 1954 2645 2013 εει,
2697 1956 2747 1997 ιιι
2789 1947 2965 1999 ea'teri
3001 1962 3209 2013 quoque
3247 1949 3453 2002 veniam
3500 1948 3724 2017 postula-

2094 2028 2103 2042 ³
2180 2044 2317 2095 rent,
2361 2050 2492 2102 quos
2522 2034 2709 2088 simil:s
2741 2022 2940 2089 accitus
2986 2037 3275 2100 exciverat,
3307 2047 3497 2103 przcter
3544 2039 3725 2091 Arcen-

2182 2134 2310 2176 ltum
2338 2134 2391 2175 et
2416 2124 2797 2185 Evangelium:
2838 2140 3060 2189 quorum
3101 2125 3323 2178 alterum
3371 2128 3517 2192 vigor
3558 2124 3724 2179 adole-

2182 2212 2425 2265 scentice.
2453 2211 2674 2264 alterum
2707 2212 2949 2265 incautus
2996 2214 3204 2268 animus
3252 2214 3448 2267 ob'ecit
3504 2214 3724 2268 incertis.

2186 2300 2427 2369 Intelligo
2460 2314 2554 2353 vos
2598 2300 2927 2367 profectione
2971 2299 3199 2354 hominis
3244 2316 3346 2354 non
3387 2303 3543 2355 amici
3591 2316 3729 2369 posse

2186 2394 2396 2445 terreri.
2425 2392 2527 2445 Sed
2561 2401 2618 2444 ιιι
2656 2394 2960 2461 scrupulum
3006 2392 3144 2447 lnmc
3175 2394 3424 2461 rejiciatis
3464 2394 3729 2448 admoneo.

2184 2482 2314 2536 Nam
2359 2492 2411 2536 et
2442 2486 2575 2536 meis
2607 2484 2797 2537 litteris
2836 2484 2999 2538 multa
3031 2496 3211 2538 curata
3245 2495 3409 2559 sunt:
3452 2494 3505 2538 et
3532 2485 3730 2554 prolici-

2185 2573 2458 2627 seentibus
2486 2575 2666 2626 datum
2706 2576 2971 2642 negotium
3011 2585 3112 2643 est,
3144 2585 3199 2629 ut
3230 2579 3402 2630 remuli
3432 2579 3732 2632 obtrectatio

2188 2664 2499 2729 repellatur.
2533 2664 2708 2728 Quare
2731 2678 2979 2717 curarum
3011 2666 3157 2718 vacui
3180 2666 3318 2731 agite
3342 2668 3529 2729 otium,
3562 2682 3734 2731 meque

2189 2762 2246 2804 ut
2274 2752 2445 2808 fact-re
2472 2753 2781 2822 dignamiui,
2807 2766 3122 2824 scr«ptorum
3148 2758 3457 2813 assiduitate
3493 2759 3730 2814 refovete.

2192 2844 2399 2896 Valete.

2785 2936 2990 2991 EPIST.
3037 2936 3169 2992 VIII.

2566 3062 2622 3100 δι
2632 3061 2872 3101 ιιιοιιυε
2906 3062 3182 3101 κιεοιιλοιιι
3214 3062 3381 3101 ειιιιε.

2118 3179 2163 3241 C
2265 3156 2322 3209 ῐί·
2344 3156 2376 3209 tl
2401 3159 2506 3210 litm
2530 3166 2651 3211 sunt
2680 3157 2833 3211 nobis
2859 3157 3047 3210 litterae
3076 3150 3287 3218 vestrae,
3315 3172 3433 3210 eum
3463 3157 3738 3211 inOstit-mi

2198 3245 2285 3300 die
2310 3247 2539 3314 septimo
2566 3247 2902 3315 degercmus.
2936 3247 3003 3301 Et
3032 3248 3175 3301 illico
3205 3262 3297 3316 per
3316 3247 3569 3302 illustrem
3585 3250 3740 3301 virum

2199 3340 2451 3391 vicarium
2488 3339 2650 3407 petitu
2692 3354 2810 3391 meo
2839 3352 3075 3393 actorum
3127 3340 3383 3413 processit
3431 3340 3611 3393 editio.
3650 3338 3741 3393 Sed

2200 3447 2329 3498 puer
2360 3439 2555 3492 vester,
2605 3430 2911 3482 inconsultis
2950 3439 3107 3497 atque
3152 3431 3516 3499 ignorantibus
3564 3430 3739 3490 nobis,

2201 3538 2251 3573 Ul
2270 3523 2331 3571 be
2354 3520 2618 3581 discessit,
2640 3526 2694 3570 ut
2711 3528 2790 3571 est
2813 3520 2983 3573 servis
3009 3518 3278 3572 familiaris
3299 3520 3628 3587 improbitas.
3655 3518 3741 3571 νε·

2201 3621 2305 3664 stra
2340 3610 2390 3663 in
2422 3624 2578 3662 manu
2611 3618 2711 3672 est,
2743 3617 2919 3662 utrum
2960 3609 3058 3663 boe
3089 3609 3310 3662 inultum
3340 3608 3628 3678 patiamini.
3672 3606 3741 3661 Iu-

2205 3714 2345 3755 ti-rea
2394 3703 2552 3755 tiliam
2594 3716 2763 3755 meam
2790 3702 2975 3768 jactari
3027 3702 3316 3755 instaurate
3365 3701 3613 3769 languore
3655 3716 3744 3755 non

2195 3792 2367 3844 “siluit.
2396 3792 2559 3858 Cujus
2590 3790 2757 3844 nuntii
2786 3791 2973 3843 vulnus
3004 3791 3109 3845 alte
3155 3791 3343 3845 insedit
3386 3791 3743 3857 pectori-mea.

2206 3894 2303 3931 nec
2334 3878 2631 3930 abolebitur
2660 3888 2851 3941 melus,
2900 3878 3001 3931 nisi
3051 3886 3228 3931 mutua
3274 3879 3561 3947 scriptione
3603 3877 3743 3930 fidem

2206 3968 2446 4021 sanitatis
2468 3967 2583 4033 ejus
2612 3979 2886 4033 accepero.
2909 3966 3087 4021 Facite
3113 3967 3292 4035 igitur,
3316 3982 3412 4021 oro
3428 3982 3541 4032 vos,
3564 3976 3620 4021 ut
3646 3967 3743 4021 for-

2208 4058 2459 4112 midinem
2497 4072 2671 4112 meam
2718 4056 2979 4111 securitas
3024 4060 3265 4124 protinus
3318 4068 3582 4125 reportata
3614 4074 3746 4110 cout-

2210 4160 2395 4203 tttttlel.
2429 4149 2655 4203 Valete."

2812 4226 3026 4296 EPIST.
3066 4240 3154 4295 rx.

2579 4368 2879 4407 εγιιιιλοιιυε
2918 4368 3192 4408 ΝΙΕΟΜΛΟΙΙΙ
3229 4369 3398 4409 ιι-ιιιιε.

2286 4466 2471 4519 Frater
2516 4480 2669 4518 meus
2714 4464 3035 4517 Censorinus
3074 4465 3142 4519 de
3170 4465 3400 4519 ennftnio
3449 4465 3747 4521 Baiannrum

547 4540 671 4613 atrae
693 4556 965 4623 utriusque
999 4555 1199 4606 exitum
1248 4566 1422 4604 causa:
1449 4549 1766 4617 jampridem
1799 4548 2025 4613 retexui,
2056 4559 2110 4603 et
2137 4531 2188 4591 D
2220 4557 2585 4625 praetoriorum
2606 4555 3037 4623 conquestionem
3064 4562 3230 4607 [emat
3256 4556 3471 4618 iterare,
3500 4571 3653 4623 quam
3678 4553 3750 4607 dt-

548 4650 705 4703 credo
731 4648 785 4701 in
811 4658 999 4699 manus
1025 4652 1229 4697 vestras
1254 4655 1347 4709 per
1377 4641 1571 4693 milites
1599 4638 1896 4691 viearianos
1915 4637 2112 4701 delata,

548 4756 581 4806 ιι
606 4753 667 4791 tte
688 4737 1024 4803 scripseram.
1046 4732 1231 4788 Merito
1256 4742 1501 4785 enarrata
1528 4738 1583 4783 et
1602 4737 1873 4797 comperta
1897 4743 2002 4782 non
2028 4744 2115 4783 re-

554 4835 693 4894 peto.
746 4825 856 4878 Iloe
878 4821 1054 4877 solum
1082 4821 1242 4875 etiam
1273 4834 1412 4872 nunc
1460 4819 1677 4872 notitite
1714 4827 1905 4871 vestra:
1935 4828 2114 4870 osten-

555 4917 764 4970 tationis
789 4915 989 4981 pudore
1010 4914 1400 4971 subtraxeram,
1432 4909 1641 4962 misisse
1674 4923 1759 4962 ine
1798 4907 2114 4961 necessariis

557 5018 780 5073 litteras,
812 5005 1003 5074 qubus
1046 5000 1291 5056 aniici‘de
1320 5002 1507 5057 tutoris
1543 5002 1817 5055 fraudibus
1847 5002 2114 5055 instruan-

556 5115 658 5151 tur.
692 5099 753 5151 Et
778 5105 925 5164 puto,
968 5094 1011 5146 si
1039 5092 1147 5145 fors
1189 5090 1453 5160 inceptum
1500 5093 1685 5160 juvet,
1716 5090 2109 5144 decernendum

557 5187 750 5255 aliquid
788 5199 893 5253 quo
922 5183 1192 5251 frangatur
1228 5182 1509 5234 obnoxius.
1560 5181 1710 5245 Quod
1758 5196 1882 5234 ιετο
1918 5179 2023 5233 iter
2049 5181 2113 5232 ad

560 5277 793 5343 proxima
821 5273 939 5328 urbi
970 5272 1164 5340 prmdia
1187 5272 1487 5331 distulistis,
1518 5288 1818 5340 quanquam
1842 5273 2001 5332 vestri
2024 5287 2111 5323 ett-

561 5366 941 5435 pientissimus,
971 5365 1267 5429 improbare
1294 5380 1395 5415 non
1426 5379 1659 5430 possunt.
1697 5366 1946 5433 Alli-gulis
1977 5366 2115 5417 enim

562 5466 697 5525 piam
718 5472 927 5511 causam
952 5472 1239 5518 morarum,
1264 5466 1422 5525 atque
1446 5457 1564 5509 ideo
1592 5457 1859 5510 desiderio
1890 5471 2007 5509 meo
2026 5472 2115 5510 ne-

563 5550 859 5603 cessitatem
888 5546 1147 5614 religiosae
1164 5545 1467 5601 affectionis
1515 5546 1753 5601 antefero
1780 5566 1791 5599 :
1824 5548 1960 5601 baud
2008 5540 2117 5601 scio

563 5658 626 5689 ηιι
679 5636 1003 5690 morantibus
1042 5636 1195 5702 vobis
1224 5636 1395 5704 aliqua
1430 5637 1669 5690 invitatio
1714 5652 1811 5691 nos
1851 5638 2043 5705 potius
2070 5640 2117 5691 in

568 5744 575 5773 :.
594 5728 899 5793 .ampauiam
919 5728 1080 5793 possit
1103 5726 1349 5782 educere.
1364 5727 1579 5806 Sedch
1608 5730 1932 5797 relinquatur
1954 5745 2087 5784 even
2102 5761 2114 5769 -

2217 4646 2344 4700 dicit
2371 4645 2507 4701 inter
2528 4660 2613 4701 me
2651 4656 2703 4698 et
2735 4655 2943 4699 actores
2974 4645 3063 4698 lilii
3102 4645 3203 4698 mei
3234 4644 3536 4713 Pompeiani
3569 4645 3751 4700 dudum

2218 4752 2336 4792 esse
2360 4737 2583 4790 finitam.
2621 4735 2857 4789 Adbibiti
2888 4748 3113 4805 namque
3156 4736 3559 4804 inspectatores,
3586 4749 3749 4797 muro,

2218 4831 2305 4897 qui
2332 4829 2471 4881 inter
2498 4828 2641 4881 ardes
2663 4840 2693 4880 a
2722 4842 2929 4881 summo
2949 4839 3126 4881 monte
3153 4828 3446 4891 descendit,
3477 4828 3632 4881 dividi
3655 4827 3751 4880 lout

2221 4928 2398 4971 nostra
2425 4917 2711 4972 dixerunt:
2744 4932 2967 4982 quorum
3017 4916 3265 4984 judicium
3311 4931 3481 4970 novus
3504 4928 3754 4982 possessor

2220 5010 2387 5063 credit
2418 5022 2573 5078 posse
2616 5008 2868 5061 rescindi.
2912 5009 3102 5072 Quaeso
3132 5007 3289 5075 igitur
3329 5007 3562 5061 adhibito
3599 5006 3755 5061 Felice

2222 5100 2399 5169 amico
2430 5107 2634 5165 nostro,
2656 5105 2712 5150 et
2735 5095 2974 5159 Castore,
3014 5096 3125 5149 veri
3150 5098 3348 5151 arbiter
3373 5111 3493 5151 esse
3521 5090 3753 5165 digneris,

2204 5226 2207 5227 ν
2225 5200 2280 5243 ιιι
2296 5190 2577 5244 sanctitate
2593 5196 2678 5239 tua
2693 5202 2869 5241 coram
2890 5187 3055 5241 locata
3070 5187 3527 5241 inauisattentatio
3541 5183 3753 5253 compri-

2224 5290 2416 5333 matur.
2449 5276 2650 5331 Dehine
2674 5290 2793 5330 eum
2827 5275 2974 5329 fratri
2998 5291 3116 5331 meo
3142 5274 3436 5330 Censorino
3462 5272 3756 5328 satisfecerit

2227 5370 2504 5437 prmteritte
2556 5366 2893 5434 judicationis
2936 5367 3187 5429 assertio,
3230 5368 3351 5419 tu‘nc
3385 5366 3530 5433 operi
3573 5364 3683 5433 ejus
3714 5368 3758 5414 et

2227 5457 2591 5512 molitionitus
2617 5454 2769 5509 novis
2796 5455 2978 5509 decem
3009 5465 3207 5508 tantum
3236 5454 3425 5522 pedum
3450 5454 3584 5507 ultra
3610 5449 3757 5505 aditi-

2226 5552 2307 5602 cia
2338 5563 2431 5601 sua
2453 5546 2783 5615 permittatur
2809 5546 3067 5613 adiectio:
3100 5548 3168 5597 ita
3206 5554 3261 5598 ut
3290 5546 3513 5615 partium
3546 5544 3690 5602 ﬁnes,
3714 5547 3755 5591 et

2230 5636 2420 5705 placito
2449 5636 2865 5703 comprehensus
2892 5648 3162 5700 assensus,
3194 5646 3247 5689 et
3268 5633 3589 5690 construCtio
3609 5626 3755 5684 inier-

2220 5714 2363 5790 Iiccta
2393 5728 2737 5782 discrintinct.
2774 5727 2976 5779 Valete.
