3826 6346
490 411 608 473 Ἷὶῖί

1629 418 1692 481 ρ.
1737 414 2073 470 AUREIJUS
2113 412 2549 468 SYMIIACIIUS.
3628 414 3718 469 ΞΗ

508 528 662 583 tando
698 527 906 596 quidem
950 526 1151 580 videtur
1184 539 1437 594 mquasse.
1488 525 1667 593 Itaque
1712 524 1797 577 ubi
1839 525 2063 591 primum
2102 527 2139 581 Α
2174 519 2466 572 dividenda:
2516 520 2650 573 inter
2678 531 2769 572 vos
2816 518 3201 575 communionis
3238 532 3397 575 causa
3444 523 3713 589 praestabit.

508 620 735 673 formare
776 619 980 671 litteras
1010 632 1104 685 per
1134 616 1486 670 valetudinem
1531 616 1709 681 licuit,
1750 629 1855 666 non
1892 613 2069 665 distuli

507 710 671 765 lenire
718 710 854 778 apud
884 723 977 763 vos
1018 707 1175 777 stylo,
1210 722 1327 776 qua:
1370 707 1580 775 vulgata
1624 705 1971 760 credideram.
2008 704 2069 757 Et

508 799 745 865 quamvis
774 798 1134 853 modiﬁcandm
1155 797 1495 853 sollicitudini
1518 804 1708 851 vestra)
1729 796 1871 865 prior
1894 809 2069 848 sermo

507 891 804 953 sufﬁceret;
837 889 903 943 ad
931 888 1102 943 aedem
1142 898 1317 941 tamen
1349 886 1644 941 securitatis
1682 885 1949 939 attesraiio
1984 900 2068 938 se-

508 982 673 1035 cunda
718 980 977 1049 proficiet.
1025 978 1230 1033 Interea
1271 980 1338 1033 de
1380 978 1675 1033 ordinando
1715 978 1885 1031 reditu
1916 977 2067 1030 facite

507 1072 741 1125 noverim
782 1071 909 1139 quid
950 1070 1155 1124 consilii
1185 1071 1471 1138 cmperitis.
1515 1068 1705 1122 Fateor
1753 1066 1895 1122 enim
1938 1056 2067 1118 mol-

508 1164 691 1216 liorem
722 1176 805 1216 me
834 1176 950 1216 esse
973 1160 1250 1215 allectione
1280 1169 1397 1228 post
1418 1160 1703 1214 discrimen
1733 1159 1938 1223 salutis,
1970 1172 2067 1211 nec

508 1253 727 1309 ulterius
757 1266 912 1321 posse
953 1252 1211 1315 suadere,
1248 1260 1305 1305 ut
1351 1250 1613 1305 desiderio
1666 1262 1783 1304 meo
1832 1258 2064 1303 vestrum

509 1344 668 1397 otium
696 1342 1007 1412 praeferetis.
1039 1340 1247 1395 Valete.

1084 1431 1290 1487 EPIST.
1329 1430 1489 1486 XVII.

865 1536 1168 1576 εγωιλοιωε
1205 1535 1485 1575 NICOMACIII
1526 1535 1697 1573 FILIIS.

574 1612 819 1666 Amicitia
846 1612 1056 1676 animis,
1092 1626 1199 1665 non
1238 1611 1393 1663 annis
1420 1610 1731 1664 aestimatur.
1779 1607 1940 1662 Rudis
1969 1607 2061 1677 igi-

510 1714 591 1757 tur
639 1701 733 1755 tibi
748 1716 943 1776 eorum
987 1715 1091 1755 non
1122 1701 1359 1754 videatur
1384 1698 1630 1763 allectus,
1661 1712 1882 1766 quorum
1926 1697 1977 1750 in
2012 1706 2063 1750 te

511 1794 677 1847 cultus
705 1807 936 1847 annosus
964 1803 1065 1846 est.
1115 1792 1223 1845 Iloc
1258 1806 1322 1845 eo
1360 1799 1591 1858 spectat,
1621 1798 1677 1842 ut
1707 1788 1915 1843 noveris
1948 1788 2058 1841 Au-

508 1883 739 1937 xentium
782 1892 837 1937 et
881 1882 1203 1947 Marianum,
1238 1882 1373 1937 filios
1422 1894 1599 1944 meos,
1653 1878 2062 1946 pudentissimos
2094 1871 2137 1929 Β

507 1975 745 2040 juvenes,
772 1971 907 2026 inter
938 1971 1238 2023 laudatores
1270 1980 1384 2021 tuos
1416 1971 1644 2036 primore
1675 1970 1790 2021 loco
1819 1966 2059 2030 censeri;

508 2071 663 2129 atque
695 2062 810 2115 idco
833 2077 936 2114 non
965 2060 1360 2128 cognoscondos
1391 2074 1525 2112 novo
1551 2060 1717 2123 aditu,
1746 2059 1837 2111 sed
1867 2057 2063 2111 amoris
2105 2116 2108 2120 λ

509 2154 707 2209 I‘mdere
746 2162 801 2209 et
849 2152 1104 2222 religione
1147 2152 1478 2207 recolendas.
1519 2151 1665 2204 Nunc
1712 2149 1818 2203 illis
1849 2148 2059 2217 prolici-

508 2246 687 2301 sccndi
728 2246 902 2299 attulit
930 2258 1143 2297 causam
1195 2242 1520 2295 medicorum
1568 2248 1755 2295 coactu
1784 2242 2063 2306 impetrata

507 2314 729 2389 curatio.
776 2332 907 2387 Nam
947 2332 1153 2386 Stabias
1197 2332 1275 2385 ire
1326 2330 1658 2397 desiderant,
1715 2336 1771 2382 ut
1820 2326 2066 2395 reliquias

510 2426 677 2490 longa:
703 2421 1026 2493 a‘gritudinis
1050 2421 1323 2475 armcntali
1352 2421 1485 2474 lacte
1507 2420 1793 2488 depellant.
1820 2416 1926 2473 Sed
1954 2434 2063 2472 ma-

510 2518 674 2579 iorem
711 2511 949 2580 iudicant
994 2511 1046 2564 in
1094 2519 1186 2563 tuo
1232 2524 1517 2579 congressu
1564 2508 2062 2576 essemedicinam.

508 2602 623 2657 Tibi
654 2602 809 2673 igitur
846 2601 1195 2671 assignabitur
1238 2615 1424 2655 eorum
1454 2600 1683 2667 sanitas,
1725 2600 1775 2654 si
1817 2599 2066 2653 remediis

510 2692 788 2746 herbarum
815 2691 1103 2746 salubrium
1144 2688 1377 2744 fomenta
1414 2689 1753 2758 benignitatis
1780 2688 2061 2759 adjeccris.

511 2782 711 2837 Valete.

1056 2868 1271 2925 EPIST.
1314 2868 1493 2922 XVIII.

874 2974 1192 3032 SYMMACIIUS'
1220 2974 1497 3013 NICOMACIII
1530 2973 1700 3011 FILIIS.

579 3052 780 3107 Castori
814 3063 997 3105 nostro
1024 3051 1087 3104 ad
1118 3050 1458 3117 Campaniam
1492 3050 1810 3112 revertenti,
1840 3049 2066 3117 largiora

511 3144 753 3199 mandata
780 3144 847 3198 de
873 3142 1179 3197 domesticis
1213 3142 1371 3195 rebus
1413 3155 1569 3209 quam
1613 3141 1809 3207 scripta
1845 3144 2065 3193 commi-

513 3240 692 3292 simus.
724 3236 881 3289 I’lura
919 3235 1078 3303 igitur
1110 3234 1328 3286 auribus
1357 3247 1513 3299 quam
1544 3230 1773 3284 lectione
1814 3234 2066 3286 noscetis.
2096 3220 2142 3284 C

512 3328 707 3383 llorum
753 3328 1005 3396 pleraque
1042 3325 1107 3379 ad
1152 3333 1347 3378 statum
1379 3324 1645 3392 pertinent
1674 3324 1883 3389 patriae;
1912 3339 2067 3391 quam

514 3419 717 3472 defectu
758 3417 1133 3470 alimentorum
1177 3416 1410 3483 graviter
1440 3414 1769 3468 laborantem
1811 3414 2069 3481 periculo.

513 3526 628 3565 sum
656 3518 738 3565 est
765 3510 1083 3574 inhabitare,
1112 3509 1331 3576 impium
1354 3520 1407 3562 et
1434 3506 1652 3563 crudele
1675 3506 1941 3562 deserere.
1976 3507 2073 3559 Va-

514 3602 634 3656 lete.

1100 3687 1315 3742 EPIST.
1358 3688 1497 3743 XIX.

885 3793 1191 3832 “IIACBDS
1217 3793 1493 3832 NCOIACBI
1526 3794 1696 3831 FILIIS.

588 3869 853 3925 Germano
900 3856 1192 3932 Taburnio,
1238 3869 1321 3922 cui
1372 3884 1459 3924 me
1500 3870 1728 3925 auxilio.
1750 3886 1867 3925 esse
1905 3874 2072 3926 volui-

517 3963 632 4027 stis,
662 3962 822 4017 etiam
848 3961 1032 4014 salutis
1060 3960 1249 4013 dubius
1293 3959 1579 4014 adfuissem
1599 3999 1612 4021 ,
1644 3962 1687 4015 si
1718 3975 1903 4015 eorum
1944 3976 2075 4029 pra:-

518 4052 737 4105 sentiam
765 4050 869 4103 fors
898 4049 1156 4114 dedisset,
1187 4062 1319 4117 quos
1340 4065 1402 4101 ex
1424 4039 1527 4103 usu
1552 4050 1666 4118 ejus
1690 4052 1925 4118 Oportuit
1948 4065 2077 4105 con-

518 4140 704 4195 veniri.
737 4139 1041 4194 Satisfaciat
1094 4139 1253 4208 igitur
1288 4140 1622 4194 uuanimitati
1649 4151 1841 4197 vestra:
1868 4143 2077 4198 animus

519 4242 689 4294 meus,
727 4230 933 4282 etiamsi
974 4229 1080 4281 voti
1108 4228 1399 4282 efficaciam
1445 4232 1654 4297 negavit
1691 4242 1929 4284 eventus.
1962 4232 2079 4299 Ipse

520 4323 695 4375 adhuc
723 4320 1005 4384 invalidus,
1040 4320 1132 4372 sed
1175 4322 1284 4387 jam
1317 4321 1533 4389 prmfata
1565 4321 1669 4375 Dei
1687 4322 1839 4376 venia
1885 4336 2079 4375 conva-

522 4413 739 4468 lescenti
769 4426 985 4467 securus
1013 4411 1125 4466 haec
1154 4414 1356 4478 scribo;
1388 4422 1635 4483 tantoque
1666 4416 1831 4484 magis
1860 4428 2080 4483 assurgo

524 4504 741 4569 vii-ibus,
784 4500 979 4571 quanto
1019 4504 1146 4556 milii
1191 4504 1503 4558 celeriorem
1554 4507 1849 4561 sanctitatis
1888 4516 2081 4561 vestrm

525 4591 751 4644 reditum
782 4604 901 4658 spes
932 4591 1099 4643 vicina
1133 4594 1408 4659 promittit.
1438 4594 1629 4647 Valete.

1118 4682 1324 4738 EI’IST.
1368 4682 1485 4737 XX.

890 4787 1193 4827 SYHMA‘IIIUB
1232 4790 1511 4827 NICOIIACHI
1550 4790 1719 4830 FILIIS.

600 4862 802 4915 Dudum
844 4866 1122 4916 sanitatem
1164 4866 1285 4915 Illize
1325 4880 1457 4918 meae
1498 4866 1807 4934 intcgratam
1836 4882 1956 4921 esse
2001 4883 2086 4924 re-

527 4955 837 5023 scripseras.
864 4955 985 5007 Mox
1011 4956 1357 5022 sequentibus
1396 4955 1586 5009 litteris
1613 4958 1951 5010 sollicitudini
1990 4973 2087 5011 no-

530 5054 653 5096 stra:
683 5044 967 5097 recidivum
998 5045 1237 5098 aculeum
1265 5043 1573 5099 subdidisti.
1610 5045 1897 5100 Conﬂictor
1925 5049 2084 5117 igitur

532 5135 712 5186 nuntio
768 5134 1089 5195 recentiore,
1135 5136 1255 5199 quia
1302 5135 1468 5204 magis
1515 5136 1734 5191 adversa
1776 5139 2082 5193 creduntur.

537 5226 793 5288 Exsiecto
823 5223 997 5285 anxie,
1030 5234 1088 5275 ut
1114 5228 1155 5275 si
1182 5218 1306 5291 quid
1346 5222 1471 5277 boni
1500 5227 1614 5279 dies
1655 5228 1857 5287 attulit.
1890 5229 2088 5283 indice-

2178 610 2378 665 Valete.

2757 700 2963 754 EPIST.
3010 697 3148 755 XXI.

2531 829 2834 868 SVIMACIIUS
2872 828 3148 865 Μεωιλελιη
3192 826 3362 865 ιτιιιις.

2243 947 2444 1001 Fratris
2474 948 2574 1001 mei
2614 948 2839 1001 Entrecii
2874 948 3183 1013 Spectabilis
3210 947 3306 1000 viri
3340 947 3535 1000 liberos
3561 946 3713 1015 impa-

2175 1036 2357 1089 tientia
2391 1035 2595 1103 paterui
2636 1039 2832 1089 amoris
2869 1038 3156 1097 aerirerat,
3190 1037 3383 1103 quibus
3415 1039 3713 1103 properandi

2167 1139 2356 1178 causis
2399 1125 2575 1193 inopia
2625 1128 2770 1179 urbis
2814 1126 3025 1189 adiecit.
3073 1126 3244 1193 Atque
3280 1127 3403 1195 ideo
3453 1140 3712 1181 recursum

2166 1215 2429 1282 siucjuSti
2462 1215 2713 1283 temporis
2755 1216 3148 1283 exspectatione
3193 1216 3359 1269 moliti
3408 1226 3552 1270 sunt.
3589 1218 3711 1282 Qua-

2168 1312 2382 1372 propter
2406 1303 2531 1357 dnm
2555 1304 2815 1389 navigatio
2845 1304 3190 1358 intractabilis
3216 1313 3297 1358 est
3315 1345 3329 1368 ,
3362 1306 3415 1357 in
3445 1307 3552 1387 oris
3575 1304 3712 1359 Cam-

2167 1393 2335 1460 paniae
2374 1392 2642 1460 paulisper
2679 1392 2974 1447 bzerebunt.
3038 1393 3145 1447 Sed
3188 1408 3254 1447 ne
3291 1394 3713 1461 peregrinationis

2166 1495 2343 1535 amara
2415 1484 2748 1543 sustineant,
2823 1483 3125 1537 humanitas
3179 1493 3352 1537 vestra
3433 1485 3709 1552 praestabit.

2162 1572 2338 1638 Quare
2364 1573 2534 1626 vicem
2563 1588 2733 1627 meam
2765 1576 2973 1640 suscipe
3000 1591 3012 1625 :
3040 1583 3097 1627 ut
3121 1574 3210 1642 qui
3241 1586 3381 1627 nunc
3409 1588 3438 1626 a
3461 1574 3609 1628 nobis
3632 1588 3711 1628 ne-

2163 1665 2412 1719 cessitate
2438 1664 2630 1718 divulsi
2657 1675 2811 1727 sunt,
2842 1667 3077 1719 animum
3108 1679 3168 1721 se
3200 1678 3379 1719 tneum
3408 1668 3458 1719 in
3488 1674 3538 1720 te
3575 1678 3710 1733 rete-

2163 1754 2297 1808 risse
2325 1755 2586 1809 laetentur.
2617 1754 2818 1808 Valete.

2701 1872 2704 1876 ~
2744 1846 2957 1900 EI’IST.
3000 1845 3162 1900 XXII.

2525 1968 2833 2009 εγωιλειιυδ
2869 1969 3148 2009 NICOMACIII
3192 1972 3365 2011 FILIIS.

2236 2084 2373 2139 Duia
2398 2086 2686 2141 commotio
2710 2095 2814 2154 est,
2840 2103 2999 2159 quam
3032 2089 3202 2159 gignit
3228 2091 3450 2160 injuria:
3477 2092 3571 2149 sed
3597 2095 3712 2149 mol-

2168 2176 2263 2229 lire
2305 2178 2466 2231 debet
2506 2178 2745 2232 dolorem
2793 2179 3052 2235 medicina
3101 2182 3389 2249 patientim.
3433 2183 3541 2238 Nec
3579 2187 3713 2239 deest

2168 2269 2315 2321 vobis
2346 2282 2471 2322 usus
2497 2270 2717 2323 adversa
2746 2270 3023 2324 tolerandi.
3049 2270 3183 2325 Nam
3212 2273 3405 2327 crebro
3437 2274 3595 2329 ictum
3620 2277 3713 2328 Ior-

2169 2368 2305 2411 tuna:
2336 2360 2476 2413 ferre
2500 2359 2777 2413 didicistis.
2808 2362 2958 2425 Quod
2988 2360 3033 2413 si
3066 2362 3115 2413 in
3146 2364 3393 2416 secundis
3422 2365 3579 2419 rebus
3605 2381 3713 2432 age-

2170 2454 2312 2515 retis,
2342 2452 2460 2519 jure
2490 2451 2715 2506 insolitis
2745 2454 2896 2505 malis
2926 2452 3148 2506 felicitas
3178 2453 3479 2509 laederetur.
3514 2455 3632 2511 Ilaec
3657 2471 3715 2510 eo

2169 2544 2366 2609 scribo,
2393 2552 2449 2596 ut
2477 2545 2722 2597 miratum
2750 2559 2834 2598 me
2857 2545 3014 2611 scias,
3041 2547 3177 2613 quod
3206 2550 3554 2602 constantiam
3586 2558 3636 2602 tu
3655 2564 3714 2601 .m

2168 2633 2235 2686 lis
2265 2635 2468 2701 privata
2503 2635 2813 2700 mutaverit,
2840 2652 2995 2703 quam
3022 2637 3121 2691 sub
3142 2638 3377 2693 afﬁnium
3409 2643 3619 2697 nomine
3647 2646 3715 2710 (ut

2169 2725 2349 2793 opinio
2377 2740 2493 2779 mea
2526 2728 2628 2795 est)
2661 2727 2838 2782 Baiani
2880 2728 3073 2782 littoris
3104 2734 3419 2798 persultator
3456 2736 3712 2788 animavt.

2169 2816 2275 2872 Sed
2302 2818 2375 2872 illi
2400 2818 2538 2872 aliud
2570 2821 2829 2875 mercedis
2850 2824 2971 2877 erit.
2995 2824 3177 2876 Causae
3199 2832 3373 2878 autem
3400 2834 3585 2879 vestra:
3607 2841 3716 2893 pro-

2170 2909 2516 2980 pugnaculum
2542 2910 2789 2979 judiciale
2822 2928 2925 2967 non
2949 2914 3133 2967 deluit.
3164 2914 3507 2982 ltnpetratum
3532 2916 3714 2985 quippe

2167 3011 2250 3055 est
2277 3002 2344 3055 ab
2380 3003 2547 3055 altero
2574 3002 2933 3070 cognitorum,
2966 3019 3030 3058 ne
3072 3005 3287 3071 impune
3322 3007 3423 3074 sit,
3454 3008 3591 3074 quod
3629 3010 3716 3059 dc-

2168 3091 2397 3159 signavit
2431 3091 2737 3159 apparitor:
2770 3092 2836 3146 ab
2865 3093 3031 3147 altero
3068 3108 3123 3146 ut
3160 3095 3443 3149 Iimreditas
3476 3109 3559 3164 tua
3592 3110 3717 3164 pra:-

2170 3112 2397 3159 Βιδιιὶινιι
2431 3112 2737 3159 apparitor:
2770 3112 2836 3146 an
2865 3112 3031 3147 altero
3068 3112 3123 3146 ιιι
3160 3112 3443 3149 ιιίιξωαιιόδ
3476 3112 3490 3148 ι
3532 3112 3559 3147 a
3592 3112 3717 3164 pra:-

2170 3190 2362 3235 stetur.
2401 3179 2577 3249 Ipsum
2608 3195 2816 3249 quoque
2855 3183 3124 3235 dominum
3154 3112 3627 3252 qu;i-stionis,‘§um
3669 3200 3720 3239 se

2172 3271 2240 3323 ab
2259 3285 2384 3339 agro
2409 3272 2687 3339 receperit,
2711 3273 3026 3337 admonebo,
3053 3282 3106 3326 ut
3126 3284 3217 3327 aut
3239 3275 3462 3328 desistat
3482 3280 3717 3342 incoepta,

2174 3370 2265 3414 aut
2292 3364 2389 3415 sibi
2421 3363 2662 3430 graviora
2693 3377 2811 3417 esse
2840 3365 3111 3419 referenda
3144 3370 3369 3420 noverit.
3409 3370 3530 3422 Ilmc
3558 3369 3622 3422 de
3649 3382 3721 3421 re.

2174 3451 2270 3503 bus
2300 3454 2604 3506 domesticis
2644 3454 2773 3507 satis
2811 3456 2947 3509 dicta
2987 3460 3112 3510 sint.
3154 3457 3344 3510 Patria:
3376 3474 3500 3512 vero
3542 3473 3721 3513 nostrae

2175 3542 2311 3593 inter
2350 3553 2546 3594 cmtera
2586 3543 2942 3596 frumentariae
2987 3548 3222 3613 penuria:
3251 3548 3421 3615 mala,
3458 3550 3722 3617 legationis

2174 3635 2403 3689 ambitus
2443 3640 2747 3706 nequiorem
2795 3642 2960 3696 facem
3003 3643 3254 3696 subdidit.
3306 3643 3437 3697 Nam
3480 3646 3723 3713 principio

2179 3723 2609 3783 I‘osiliumiauum
2633 3740 2687 3785 et
2715 3732 2987 3788 liinianuni
3010 3735 3218 3789 duobus
3240 3737 3372 3790 aula:
3393 3739 3722 3791 summatibus

2172 3814 2345 3881 junxit
2374 3820 2586 3881 electio,
2618 3822 2715 3874 sub
2743 3815 2805 3875 ea
2832 3828 3173 3891 expressioue
3193 3826 3375 3892 judicii
3396 3864 3411 3891 ,
3445 3837 3501 3881 ut
3528 3829 3579 3880 in
3607 3826 3683 3893 ips
3702 3838 3723 3877 s

2178 3905 2305 3956 solis
2344 3905 2497 3972 plena
2524 3924 2643 3962 esse
2674 3915 2861 3979 legatio
2890 3917 3173 3968 diceretur.
3206 3917 3502 3985 luterjcctis
3530 3919 3722 3978 diebus,

2178 4010 2297 4049 cum
2322 3999 2565 4076 mandata
2588 4003 2788 4052 ordinis
2814 4012 3067 4057 tractatus
3089 4008 3436 4073 expenderet,
3467 4009 3723 4061 l’aulinuui

2098 4120 2101 4121 ν
2179 4088 2283 4141 illis
2320 4091 2489 4142 studia
2516 4093 2717 4161 privata
2744 4094 3057 4161 junxerunt.
3083 4097 3215 4149 llinc
3244 4109 3359 4151 orta
3388 4101 3613 4153 certatio
3651 4116 3725 4153 us-

2179 4199 2281 4252 que
2305 4190 2367 4237 ail
2400 4186 2626 4244 nefarias
2662 4202 2865 4258 pugnas
2894 4205 2977 4245 me
3020 4192 3237 4245 absente
3267 4193 3545 4260 processit.
3574 4193 3725 4247 Pudet

2180 4279 2381 4341 dicere,
2406 4294 2523 4347 quae
2549 4282 2601 4332 in
2642 4295 2700 4335 se
2728 4285 3008 4349 optimates
3047 4293 3263 4338 senatus
3290 4285 3514 4339 crimina
3538 4296 3591 4339 et
3625 4300 3727 4339 ma-

2182 4366 2371 4419 ledicta
2398 4368 2737 4434 projecerint.
2760 4372 2865 4424 Sed
2890 4372 3215 4444 dirimendas
3240 4375 3467 4442 partium
3494 4383 3727 4444 quaastio-

2183 4469 2280 4508 nes
2306 4470 2425 4509 tneo
2452 4458 2697 4510 dicuntur
2719 4459 2955 4513 doluisse
2985 4443 3203 4527 judicio.
3232 4462 3365 4515 Fors
3403 4464 3619 4527 viderit,
3651 4464 3726 4532 qui

2106 4576 2160 4636 Β
2177 4547 2307 4636 ‘tinis
2336 4542 2551 4602 causam
2570 4548 2848 4620 publicam
2873 4564 3099 4605 maneat.
3122 4552 3337 4606 Interim
3362 4566 3577 4607 senatus
3606 4554 3728 4606 fama

2177 4623 2464 4702 laceratur,
2487 4647 2541 4690 et
2565 4639 2900 4716 infortunatis
2927 4642 3086 4694 etiam
3117 4642 3314 4695 crimen
3345 4646 3589 4697 accessit.
3612 4644 3663 4698 Si
3688 4658 3728 4693 .n

2187 4742 2374 4801 manus
2404 4744 2549 4781 ineas
2576 4733 2817 4785 venerint
2840 4742 3175 4787 monumenta
3196 4744 3497 4801 gestorum,
3526 4736 3730 4805 legendo

2187 4820 2437 4884 noscetis,
2464 4832 2583 4886 quae
2616 4818 2899 4876 verborum
2945 4830 3180 4877 meorum
3212 4827 3528 4879 verecundia
3577 4828 3729 4879 noluit
3776 4862 3777 4865 η

2186 4908 2473 4975 explicare.
2506 4910 2706 4965 Valete.

2746 5002 2959 5058 EPIST.
3002 5002 3181 5056 XXIII.

2554 5131 2860 5171 SYHIACIIDS
2897 5130 3175 5170 NICOIACHI
3212 5132 3383 5174 HLIIS.

2263 5229 2425 5283 Debui
2458 5230 2645 5283 litteris
2689 5230 2974 5297 abstinere,
3002 5236 3277 5303 spectabili
3314 5236 3434 5315 viro
3474 5236 3583 5291 [ilio
3626 5248 3733 5289 meo

474 5329 490 5339 ’
537 5316 619 5366 tis.
651 5313 705 5365 In
739 5329 803 5366 eo
830 5324 1003 5369 autem
1046 5315 1182 5381 quod
1218 5328 1312 5369 vos
1346 5316 1609 5370 discessus
1641 5328 1819 5373 noster
1860 5324 2087 5387 excitat,
2162 5317 2354 5372 ‘Decio
2382 5330 2736 5391 commeante,
2759 5324 2847 5387 qui
2876 5322 3115 5392 religioni
3146 5313 3345 5379 vestra!
3376 5326 3527 5395 plura
3567 5341 3731 5381 narra.

537 5404 771 5457 habitum
802 5405 993 5475 mentis
1036 5419 1165 5456 mea-
1194 5418 1424 5471 agnoseo
1450 5425 1461 5458 :
1495 5408 1589 5460 sed
1618 5409 1789 5464 adhuc
1812 5411 2088 5465 desideriis

537 5494 729 5546 mutuis
757 5503 964 5561 praestat
993 5492 1217 5546 suadere
1247 5496 1629 5561 praestantiam,
1654 5512 1808 5565 quam
1834 5502 2094 5567 paeniten-

537 5590 661 5643 dum
688 5585 896 5654 aliquid
946 5600 1038 5654 per
1092 5585 1509 5641 imbecillitatem
1563 5588 1856 5644 aﬂectioais
1907 5594 2088 5647 ordiri.

540 5682 656 5731 Mox
683 5694 802 5731 cum
824 5693 1107 5745 germanus
1136 5687 1252 5731 tuus
1274 5680 1339 5732 de
1368 5682 1631 5746 proximo,
1655 5691 1710 5734 ut
1730 5685 1827 5746 ais,
1851 5696 2093 5752 speratus

540 5770 792 5829 adiuerit.
836 5781 886 5821 et
938 5768 1140 5819 felicem
1190 5768 1355 5832 vobis,
1396 5779 1449 5823 ct
1485 5774 1837 5825 necessarium
1871 5775 2095 5829 reditum

2193 5408 2299 5473 bit,
2341 5422 2495 5475 quam
2547 5419 2725 5475 posset
2774 5412 3077 5479 paginarum
3128 5423 3302 5468 textus
3346 5416 3613 5485 amplecti.
3643 5416 3733 5471 Sed

2190 5501 2605 5567 iucunditatem,
2628 5518 2785 5569 quam
2816 5506 3007 5559 tribuet
3036 5512 3262 5561 lraterna
3287 5513 3592 5577 praesentia,
3616 5508 3733 5578 style

2196 5606 2389 5659 augere
2420 5606 2524 5645 non
2556 5594 2739 5661 piguit.
2778 5592 2976 5649 Idcirco
2998 5598 3335 5652 ,unanimitati
3364 5612 3551 5653 vestra:
3586 5601 3731 5653 hono—
3758 5636 3765 5639 ι

2200 5698 2310 5737 rem
2342 5684 2671 5737 salutationis
2700 5685 2965 5754 impertio,
2996 5698 3051 5741 ut
3073 5689 3327 5744 adventus
3350 5692 3452 5746 mei
3483 5702 3717 5759 exsyecta

2202 5779 2275 5830 tio
2300 5778 2407 5831 oris
2434 5790 2649 5830 munere
2680 5776 2962 5831 mitigetur.
2998 5779 3200 5832 Valete.
