3826 6330
124 406 203 456 37;,
967 361 975 371 ’
1269 395 1737 449 EPISTULARUM
1781 378 1975 447 LIBER
2019 396 2100 449 Vl.

642 506 852 561 EPIST.
896 504 1077 558 XXIV.

444 613 754 652 SYINACHUS
794 611 1069 650 NICOMACHI
1106 610 1279 650 FILIIS.

176 691 433 759 Sapricius,
463 690 544 742 vir
569 698 790 742 ornatus
827 703 890 741 ac
924 687 1052 741 mihi
1097 684 1400 755 familiaris,
1426 686 1649 751 diligen-

123 782 220 832 liam
243 789 426 832 sanctae
452 778 818 831 unanimitatis
846 786 949 830 tua:
977 777 1089 830 sine
1123 775 1506 842 adstipulatore
1532 788 1648 827 me-

124 872 296 923 ruisset.
326 868 425 923 Sed
453 868 574 934 quia
604 868 757 932 primi
797 866 971 919 aditus
999 880 1179 921 sermo
1204 866 1539 920 commendat
1571 865 1650 917 in-

124 960 341 1029 cognitos,
370 959 675 1013 facilitatem
713 958 815 1011 sibi
861 957 1233 1025 promerendae
1279 956 1651 1010 familiaritatis

124 1061 204 1103 tua:
225 1066 309 1119 per
330 1064 411 1104 me
438 1051 639 1117 Optavit
662 1050 877 1118 aperiri.
904 1048 1126 1118 Dignum
1156 1058 1237 1101 est
1269 1049 1445 1116 igitur,
1475 1056 1532 1100 ut
1556 1062 1649 1101 cu-

126 1141 408 1208 pidissimum
453 1140 528 1192 tui
557 1140 717 1194 obvio
744 1154 927 1193 amore
956 1137 1231 1205 suscipias.
1266 1145 1321 1191 et
1360 1137 1649 1191 amicitiam

127 1231 394 1296 postulatam
424 1245 529 1284 non
562 1232 614 1283 in
654 1229 794 1300 longi
829 1244 957 1284 usus
995 1235 1318 1283 tentamenta
1350 1228 1643 1296 procrasti-

128 1337 217 1384 ues,
243 1322 327 1376 sed
345 1322 516 1377 statim
546 1321 700 1391 parili
725 1321 995 1379 voluntate
1018 1318 1287 1374 desiderio
1314 1318 1647 1376 adventantis

128 1428 360 1468 occurras.
386 1413 584 1468 Valete.

643 1502 860 1557 EPIST.
901 1501 1066 1556 XXV.

446 1609 754 1648 δῖιιωεηυε
790 1608 1071 1648 ΝΙΩΟἊΔΟΠΙ
1110 1607 1288 1647 ειιιις.

185 1683 457 1738 Zenodotus
497 1684 637 1738 filius
684 1698 833 1737 meus
885 1682 1116 1736 nondum
1166 1692 1219 1736 te
1266 1681 1653 1735 consuetudine

131 1776 339 1843 propiore
367 1774 642 1843 cognovit,
674 1761 951 1828 sed'fama
981 1772 1297 1827 conciliante
1339 1771 1447 1840 iam
1483 1772 1653 1824 susci-

3211 396 3312 450 ΞΗ

1674 506 1718 563 Α
1746 502 2169 560 dimensionibus
2198 506 2464 560 communi
2504 505 2768 561 desiderio
2797 506 2993 562 satisia‘
3014 522 3103 561 ere
3136 508 3317 576 digne-

1754 593 1899 646 mini.
1938 593 2135 648 Valete.

2314 684 2524 739 EPIST.
2568 684 2756 739 XXIX.

2116 789 2417 828 SYIIMACHUS
2457 790 2736 829 NICOIACHI
2777 788 2951 829 FILIIS.

1825 865 2071 920 Dicenda:
2104 866 2255 920 vobis
2301 868 2490 939 salutis
2532 866 2776 930 occasio,
2818 876 2875 922 et
2919 864 3201 934 quaerenda
3245 875 3328 917 est

1754 954 1880 1008 mihi
1910 970 2052 1023 sa-pe
2083 957 2125 1009 si
2156 956 2313 1018 desit,
2343 967 2396 1011 et
2422 956 2811 1025 amplectenda,
2837 956 2879 1009 si
2908 962 3100 1023 pra~sto
3129 953 3228 1014 sit;
3261 966 3325 1003 eo

1755 1045 1982 1099 maxime
2014 1053 2285 1111 tempore,
2319 1060 2423 1114 quo
2449 1045 2516 1100 de
2549 1046 2669 1098 filia:
2699 1060 2833 1099 mete
2868 1044 3091 1096 sanitate
3129 1040 3323 1093 sollici-

1756 1140 1857 1197 tor,
1895 1134 2045 1201 cujus
2074 1134 2431 1190 valetudinem
2473 1135 2636 1190 credo
2677 1136 2837 1190 etiam
2863 1133 3080 1203 ieiuniis
3120 1131 3323 1184 saucia-

1755 1231 1881 1278 tam.
1913 1224 2186 1279 Absoivite
2216 1225 2376 1294 igitur
2401 1233 2600 1279 metum
2634 1234 2872 1278 nostrum
2904 1223 3086 1276 nuntio
3109 1235 3327 1290 prospe-

1753 1330 1959 1370 rorum.
1994 1315 2115 1369 Mihi
2146 1318 2305 1369 etiam
2338 1331 2478 1387 nunc
2503 1329 2719 1384 gressus
2748 1315 2986 1368 infirmus
3012 1321 3115 1367 est.
3142 1312 3247 1367 Sed
3279 1312 3323 1365 si

1755 1413 1930 1473 optata
1974 1404 2040 1458 de
2077 1404 2227 1459 vobis
2265 1414 2479 1458 mutuus
2507 1420 2685 1459 sermo
2720 1404 3027 1471 pertulerit,
3080 1403 3321 1469 protinus

1755 1496 2054 1564 corpusculi
2084 1497 2300 1564 querela
2338 1498 2629 1551 sedabitur.
2664 1496 2776 1549 Non
2806 1493 3074 1548 omiserim
3101 1494 3325 1562 iungere

1757 1590 1981 1658 paginae,
2006 1591 2143 1657 quod
2177 1590 2549 1644 Martinianum
2576 1589 2854 1644 conventio
2880 1587 3145 1657 iudicialis
3160 1602 3325 1653 expu-
3358 1598 3361 1601 '

1759 1681 1909 1745 lerit;
1940 1687 2021 1735 cui
2066 1692 2241 1736 tantus
2267 1690 2443 1736 terror
2471 1685 2714 1736 incussus
2742 1691 2825 1735 est
2850 1680 2919 1734 ob
2952 1681 3202 1733 omissam
3237 1677 3326 1732 diu

1758 1771 1822 1825 ad
1858 1770 2053 1825 Gallias
2077 1771 2459 1840 profectionem
2478 1814 2492 1834 ,
2518 1780 2575 1824 ut
2605 1771 2653 1825 ei
2691 1785 2913 1825 necesse
2942 1769 3101 1823 fuerit
3126 1784 3328 1836 praeve-

131 1866 206 1933 pit.
230 1862 345 1917 Nam
372 1878 487 1917 cum
518 1877 748 1931 prepere
787 1862 1029 1916 Lucanos
1056 1876 1117 1916 ac
1145 1861 1355 1916 Brutios
1388 1868 1535 1929 petat
1563 1861 1656 1913 bo-
1688 1845 1733 1903 Β
1762 1865 1875 1918 nire
1907 1865 2097 1918 itinere
2141 1864 2345 1933 privato
2382 1862 2725 1918 exhibitionis
2766 1861 3032 1930 iniuriam.
3068 1860 3141 1913 De
3179 1860 3327 1913 Atel-

131 1968 234 2008 nore
252 1962 481 2023 cogente,
509 1952 858 2008 nihilominus
882 1953 937 2007 in
963 1959 1311 2020 conspectum
1342 1961 1489 2007 tuum
1513 1952 1657 2006 flexo

131 2043 287 2098 itinere
328 2042 479 2112 gestit
530 2057 835 2097 excurrere.
882 2041 1032 2095 Hunc
1081 2044 1133 2094 in
1180 2040 1465 2094 amicitiam
1512 2049 1653 2093 tuam

127 2142 334 2202 tanquam
373 2141 715 2201 mystagogus
762 2130 975 2191 induco,
1021 2140 1177 2198 atque
1225 2130 1277 2181 in
1323 2143 1408 2182 me
1451 2129 1653 2194 recipio

124 2223 305 2292 dignum
333 2236 470 2287 esse,
511 2236 672 2289 quem
701 2221 916 2291 diligas.
954 2220 1010 2275 Si
1050 2221 1175 2289 quid
1221 2219 1379 2289 igitur
1418 2220 1653 2287 parentis

126 2313 391 2369 testimonio.
416 2313 627 2378 tribuis,
664 2314 898 2367 adultam
926 2327 1046 2366 mox
1086 2312 1225 2382 apud
1264 2323 1315 2366 te
1340 2312 1651 2380 religionem
1694 2371 1701 2375 ,

126 2406 295 2471 primus
310 2406 474 2460 aditus
496 2405 836 2459 adventantis
862 2403 1125 2468 inveniat;
1154 2417 1379 2471 eamque
1397 2403 1653 2455 continuo

125 2495 385 2561 experiatur
402 2493 705 2549 facilitatem
725 2493 800 2547 tui
824 2492 1074 2560 pectoris.
1091 2506 1247 2558 quam
1264 2491 1361 2545 scit
1385 2505 1652 2560 nunquam

126 2584 315 2639 delatam
335 2598 448 2640 esse
470 2584 713 2639 novitati.
740 2581 962 2656 Valetea

644 2695 860 2752 EPIST.
902 2694 1092 2751 XXVI.

449 2804 757 2844 SYIIACHUS
794 2803 1075 2844 NICOIIACHI
1113 2801 1286 2843 FILIIS.

185 2903 264 2958 Diu
290 2919 488 2959 mecum
523 2904 639 2973 ipse
662 2902 942 2965 contendi,
973 2912 1032 2955 ut
1055 2901 1123 2955 ad
1151 2915 1244 2955 vos
1289 2901 1479 2969 pignus
1508 2914 1654 2956 com-

126 3010 257 3050 mune
286 2996 597 3051 dimitterem
617 3038 632 3061 ,
657 2994 753 3049 sed
785 2994 913 3048 vicit
939 2992 1171 3058 affectio,
1205 2995 1435 3047 maxime
1473 3007 1652 3047 assur-

125 3094 255 3151 gcnte
276 3087 474 3154 specula
508 3084 898 3155 proficientium
927 3083 1282 3139 conditorum.
1310 3084 1440 3139 Nam
1468 3084 1652 3153 viginti

124 3174 219 3228 dies
246 3176 376 3230 urbis
402 3175 669 3230 alimoniis
700 3189 859 3243 parca
898 3175 1107 3231 interim
1153 3175 1413 3242 promittit
1449 3190 1651 3245 expen-

124 3264 209 3316 sio.
243 3263 488 3320 Prrterea
539 3266 856 3332 amplissimi
907 3264 1108 3318 ordinis
1158 3264 1389 3319 secunda
1440 3265 1656 3320 collatio

122 3367 422 3408 accessurum
451 3355 727 3409 securitati
751 3350 947 3424 aliquid
977 3356 1270 3422 pollicetur.
1300 3355 1655 3410 Nihilominus

122 3442 256 3495 ctiam
282 3444 443 3497 carnis
471 3444 676 3498 oblatio
719 3443 929 3497 animos
969 3444 1221 3499 Romana:
1252 3445 1421 3512 plebis
1460 3447 1649 3501 erexit.

125 3528 289 3585 Redire
312 3532 463 3600 igitur
492 3537 559 3587 ad
588 3547 686 3587 vos
708 3533 948 3601 iumenta
980 3536 1204 3602 prmcepi
1226 3575 1239 3597 ,
1271 3548 1433 3603 agens
1457 3537 1655 3605 gratias

123 3620 241 3687 quod
266 3627 621 3679 necessitatem
651 3624 831 3679 fratris
858 3626 1018 3680 vestri
1043 3627 1294 3695 congruis
1316 3626 1654 3682 adminiculis

121 3710 346 3777 iuveritis.
400 3714 720 3783 Legatorum
766 3713 942 3767 adhuc
997 3715 1203 3768 vacillat
1256 3715 1468 3769 electio.
1522 3716 1651 3771 Nam

125 3799 467 3857 Postbnmiano
498 3816 551 3857 et
586 3803 833 3867 Piniano,
861 3817 995 3871 quos
1038 3818 1068 3857 a
1115 3804 1375 3874 principio
1420 3807 1653 3859 mandati

122 3892 191 3945 sui
218 3903 410 3949 senatus
450 3903 769 3962 agnoverat,
796 3894 981 3948 tertius
1017 3894 1267 3949 Paulinus
1294 3896 1572 3965 asseritur,
1601 3906 1655 3950 et

122 3981 283 4037 divisis
322 3986 369 4039 in
419 3986 591 4040 studia
639 3984 877 4053 partibus
922 3984 1095 4040 adhuc
1132 3984 1370 4041 differtur
1422 3988 1650 4051 utilitas;

120 4085 222 4124 cum
267 4075 536 4129 terminum
579 4074 1002 4129 cenfirmationis
1047 4063 1342 4145 acceperit,
1387 4078 1539 4147 plena
1564 4094 1654 4133 co-

123 4160 266 4229 gnitio
288 4164 567 4222 deferetur.
604 4165 814 4219 Valete.

644 4253 855 4308 EPIST.
900 4253 1107 4309 XXVII.

442 4358 754 4397 δικωειως
792 4357 1070 4397 ΝΙΕΟΜᾹΟΠΙ
1112 4361 1285 4400 FILIIS.

181 4426 384 4485 Uberius
423 4433 763 4489 scribendum
794 4441 902 4497 est,
932 4433 977 4487 si
1016 4436 1462 4491 commendentur
1503 4439 1650 4494 inco-

123 4517 253 4583 gniti.
289 4520 471 4576 Justiui
510 4530 689 4577 autem
735 4523 1036 4598 gravissimi
1080 4533 1239 4594 atque
1288 4528 1649 4583 honestissimi
1680 4546 1733 4606 Ι)

126 4606 211 4661 viri
231 4610 423 4680 antiqua
463 4612 741 4667 nobiscum
781 4612 1111 4669 familiaritas
1139 4616 1527 4672 conciliationis
1558 4607 1653 4673 ad—

129 4697 395 4754 miniculum
423 4718 526 4757 non
565 4703 813 4770 requirit.
849 4702 989 4757 Satis
1021 4713 1103 4759 est
1140 4705 1321 4775 igitur,
1348 4707 1392 4759 si
1425 4709 1472 4760 ei
1505 4723 1649 4761 amo-

124 4800 221 4841 rem
244 4790 439 4847 solitum
459 4793 735 4849 deferatis.
766 4794 895 4862 Quae
922 4810 1047 4851 vero
1068 4797 1133 4851 ad
1163 4813 1258 4852 nos
1285 4800 1573 4867 pertinent,
1597 4809 1650 4854 ct

122 4879 329 4943 proxime
369 4882 703 4937 unanimitati
750 4891 945 4937 vestrae
988 4886 1180 4942 litteris
1222 4888 1453 4944 indicata
1496 4900 1647 4955 sunt,

123 4972 242 5027 nunc
263 4988 347 5029 ore
372 4975 531 5045 ipsius
560 4975 879 5044 pandentur.
904 4976 1108 5032 Valete.

626 5091 835 5147 EPIST.
876 5091 1107 5147 XXVIII.

448 5196 754 5237 SYIIACBUS
789 5198 1067 5238 NICOHACHI
1109 5199 1283 5240 “HIS.

179 5288 231 5345 Si
255 5293 369 5363 quid
396 5294 597 5350 homini
622 5302 790 5347 tutum
813 5304 916 5359 est,
943 5295 994 5348 in
1022 5310 1173 5365 spem
1197 5297 1318 5352 vitae
1342 5284 1545 5356 redisse
1565 5308 1649 5357 me

118 5379 282 5436 nuntio
321 5394 433 5452 post
468 5385 808 5439 internarum
848 5383 1121 5453 dolorem,
1146 5385 1236 5460 qui
1272 5403 1359 5445 me
1387 5390 1537 5445 vobis
1565 5408 1650 5446 re-

116 5478 257 5536 pente
270 5473 612 5531 subtraxerat.
639 5473 699 5529 Si
724 5472 848 5543 quid
871 5473 1035 5544 igitur
1049 5475 1203 5534 vobis
1220 5489 1331 5552 aunt
1347 5494 1470 5540 rum
1492 5483 1647 5553 fama:

114 5560 303 5617 licentia
323 5568 606 5635 nuntiavit,
649 5564 887 5633 antiquet
915 5565 1130 5623 oblivio.
1164 5568 1433 5639 Prmcipuc
1468 5584 1647 5627 autem

116 5652 419 5720 lsnpetratutn
449 5656 608 5719 volo,
648 5670 716 5710 ne
746 5654 1031 5722 improvida
1071 5658 1427 5719 sollicitudine
1463 5676 1648 5719 recur-

115 5743 367 5801 ratis.Scd
391 5747 511 5816 quia
551 5760 641 5802 res
669 5749 827 5802 vertit
851 5745 914 5801 ad
955 5746 1173 5805 salutem
1194 5791 1209 5815 ,
1240 5751 1404 5820 iustis
1440 5753 1646 5809 itineris

414 6222 415 6225 η

1760 1958 1878 2011 lano
1904 1958 2029 2026 quid
2064 1957 2179 2013 fieri
2200 1958 2444 2021 velimus,
2474 1957 2647 2010 amico
2675 1955 3061 2010 interveniente
3084 1953 3329 2022 quaesivit

1755 2047 1983 2100 auditor.
2030 2047 2332 2116 Respondi,
2383 2056 2504 2116 post
2524 2046 2781 2114 iudicium
2827 2045 3118 2123 sacerdotis
3161 2045 3328 2098 solam

1756 2154 1841 2191 me
1863 2148 2177 2206 exspectare
2200 2138 2484 2208 vindictam
2518 2138 2760 2193 confiatae
2787 2151 2955 2205 nuper
2980 2136 3212 2190 invidim.
3242 2135 3330 2190 Ni-

1760 2227 2048 2282 hilominus
2078 2228 2130 2281 in
2152 2229 2430 2284 arbitrium
2456 2236 2602 2282 tuum
2626 2226 2907 2281 statuenda
2933 2226 3113 2294 reieci.
3138 2226 3329 2290 Qumw

1756 2317 1935 2384 igitur,
1965 2327 2021 2371 ut
2049 2318 2191 2371 inter
2215 2317 2468 2372 feriarum
2497 2330 2673 2371 moras
2694 2357 2708 2380 ,
2747 2316 2872 2384 quid
2903 2315 3040 2369 facto
3065 2330 3199 2385 onus
3222 2314 3286 2368 si:
3310 2358 3325 2382 ,

1754 2408 1993 2478 digneris
2022 2410 2260 2479 aperire;
2292 2411 2558 2478 simulque
2594 2410 2797 2479 cogites
2834 2417 3018 2463 contra
3062 2409 3329 2462 interven-

1758 2508 1867 2552 tum
1916 2506 1997 2554 tot
2036 2500 2362 2565 antistitum,
2409 2499 2533 2567 quid
2583 2499 2751 2567 possit
2792 2501 2988 2567 magis,
3018 2513 3175 2565 quam
3203 2497 3327 2567 quid

1754 2591 1947 2645 debeat
1975 2591 2269 2659 impetrari.
2302 2591 2484 2660 Neque
2506 2590 2649 2645 enim
2672 2589 2895 2658 iustitiae
2920 2596 2974 2642 et
3004 2589 3325 2642 innocentia:

1758 2678 1949 2733 deferri
1981 2679 2263 2747 plurimum
2303 2688 2511 2750 potest,
2544 2693 2666 2736 cum
2712 2678 2817 2734 illis
2852 2681 3149 2733 reverentia
3193 2676 3328 2731 reli—

1754 2769 1927 2837 gionis
1948 2770 2252 2839 opponitur.
2279 2770 2483 2835 Valete.

2318 2860 2534 2915 EPIST.
2578 2858 2749 2913 XXX.

2124 2964 2434 3005 SYMMACHUS
2472 2963 2752 3004 NICOMACIII
2791 2960 2967 3002 FILIIS.

1826 3042 2111 3109 Postquam
2147 3041 2443 3095 dimisimus
2490 3055 2745 3108 puerum,
2796 3038 2995 3092 multus
3038 3050 3220 3090 rumor
3247 3034 3328 3089 in-

1757 3132 1985 3197 crebuit,
2013 3134 2345 3187 sanctitatem
2377 3139 2517 3184 tttam
2552 3131 2720 3185 sacris
2750 3129 2938 3183 litteris
2963 3126 3286 3183 cvocandam
3312 3143 3326 3178 :

1681 3192 1729 3255 θ
1762 3224 1829 3275 ita
1862 3229 1917 3276 ut
1946 3192 2106 3277 etiam
2138 3236 2332 3276 nomen
2372 3220 2605 3275 Gratiani
2650 3220 2921 3289 cuiusdam
2942 3256 2957 3281 ,
3007 3219 3094 3288 qni
3139 3217 3326 3287 huius-

1760 3311 1899 3365 modi
1924 3312 2117 3378 scripta
2152 3310 2450 3377 perlaturus
2475 3312 2757 3375 asseritur,
2789 3312 2842 3363 in
2874 3309 3081 3378 publico
3100 3323 3194 3364 ore
3214 3323 3328 3362 vcr-

1745 3409 1923 3455 .setur.
1953 3404 2062 3457 iloc
2090 3404 2190 3456 etsi
2228 3401 2401 3456 adhuc
2433 3402 2561 3455 mihi
2597 3402 2860 3456 incertum
2889 3400 3118 3465 videtur,
3149 3410 3327 3454 tacen-

1756 3494 1881 3546 dum
1923 3500 2098 3568 tamen
2158 3507 2263 3547 non
2320 3492 2546 3547 credidi.
2599 3491 2713 3545 Erit
2765 3505 2988 3546 summm
3035 3488 3325 3545 divinitatis

1754 3592 1988 3638 statuere
2016 3584 2160 3638 circa
2178 3597 2298 3648 vos,
2316 3582 2634 3638 confirmare
2651 3581 2894 3635 ordinem
2924 3593 3322 3651 prosperorum.

1761 3672 1957 3727 Valete.

2317 3761 2532 3817 EPIST.
2572 3760 2762 3816 XXXI.

2114 3868 2421 3908 SYMHACBUS
2458 3868 2740 3908 NICOIIACHI
2781 3865 2952 3905 FILIIS.

1827 3941 1922 3997 Vir
1967 3943 2290 3998 clarissimus
2338 3940 2670 4009 Principius,
2720 3955 2916 4009 genere
2961 3948 3015 3994 et
3063 3939 3323 4007 probitate

1757 4035 2100 4103 Conspicuus,
2131 4032 2643 4088 commendationem
2674 4047 2778 4086 non
2807 4032 3030 4101 requirit
3057 4030 3283 4087 alicnam
3304 4074 3319 4099 ,

1757 4138 1876 4177 cum
1902 4126 1973 4178 tui
2004 4139 2213 4193 quoque
2243 4125 2295 4179 in
2325 4138 2383 4179 se
2408 4125 2605 4179 amoris
2625 4133 2783 4193 atque
2810 4123 2994 4192 iudicii
3024 4124 3324 4180 testimonio

1685 4260 1688 4263 .
1757 4214 2032 4283 glorietur.
2064 4213 2226 4280 Cuius
2264 4214 2399 4270 bona
2444 4215 2599 4268 latius
2640 4213 2995 4281 explicarem,
3040 4213 3141 4267 nisi
3184 4219 3325 4268 esset

1756 4319 1931 4371 onera:
1958 4304 2302 4361 redundantis
2329 4306 2535 4360 cunctis
2558 4315 2681 4359 nota
2710 4305 2987 4373 replicare.
3021 4304 3133 4359 Hoc
3159 4319 3322 4358 unum

1757 4394 2015 4463 adiecisse
2053 4392 2311 4455 sufficiet,
2363 4393 2617 4461 quidquid
2664 4393 2736 4445 illi
2785 4392 3201 4446 honorificentia:
3232 4390 3323 4445 tri-

1757 4484 1955 4546 bueris,
1982 4484 2047 4538 ad
2072 4499 2260 4541 omnes
2284 4484 2475 4551 bonos,
2498 4484 2585 4553 qui
2608 4499 2728 4539 eum
2753 4483 2996 4553 diligunt,
3026 4484 3318 4551 pervenire.

1763 4572 1960 4628 Valete.

2308 4663 2522 4719 EPIST.
2566 4662 2779 4718 XXXII.

2120 4766 2429 4807 SYHMACHUS
2466 4766 2955 4807 NICOIACHl-FILIIB.

1827 4843 1880 4895 In
1923 4842 2225 4897 suburbano
2269 4843 2404 4913 dego
2448 4856 2681 4897 secessu.
2729 4842 2860 4896 Nam
2909 4851 2963 4897 et
3002 4841 3320 4897 urbanarum

1757 4932 1911 4988 taedet
1941 4933 2298 4988 molestiarum
2322 4974 2339 4999 ,
2368 4942 2424 4987 et
2455 4934 2597 4988 villa:
2638 4942 2893 4988 autumno
2920 4934 3213 4987 commodae
3239 4934 3321 4999 iu-

1758 5025 1927 5079 cunda
1959 5026 2343 5080 instauratione
2369 5025 2623 5081 delector.
2661 5025 2923 5079 Praeterea
2967 5024 3320 5093 frequentiam

1758 5114 1917 5178 mihi,
1950 5130 2068 5182 quas
2092 5116 2202 5168 sola
2236 5115 2415 5169 Romae
2445 5114 2767 5169 honorabilis
2795 5114 3080 5184 indicatur,
3121 5114 3321 5169 amico-

1756 5222 1873 5259 rum
1912 5212 2126 5274 praestat
2164 5206 2438 5258 adventus.
2473 5204 2575 5261 Sed
2622 5220 2725 5258 non
2764 5204 3099 5259 mediocriter
3142 5204 3318 5269 nepti-

1756 5297 1889 5352 culae
1919 5311 2049 5351 meae
2084 5295 2250 5351 Gallae
2295 5295 2573 5350 infirmitas
2602 5294 2881 5347 conturbat
2908 5293 2999 5347 otii
3039 5305 3204 5347 nostri
3235 5310 3320 5349 se-

1756 5387 2063 5447 curitatem;
2106 5384 2171 5439 de
2217 5399 2316 5452 qua
2371 5392 2427 5436 ut
2472 5390 2675 5436 mature
2724 5383 2897 5436 votiva
2943 5390 2997 5437 et
3039 5383 3315 5438 commoda

1756 5475 2037 5540 nuntietis,
2079 5474 2351 5544 opitulatio
2390 5472 2563 5526 divina
2614 5473 2905 5541 praestabit.
2945 5473 3061 5527 Tibi
3107 5478 3314 5538 autem,

1754 5566 1965 5621 domina
2007 5567 2142 5629 illia,
2186 5572 2438 5635 quantum
2486 5565 2539 5619 in
2580 5564 2693 5619 dies
2734 5566 2971 5635 singulos
3012 5564 3317 5621 refcctionis

1754 5660 2002 5722 aécedat,
2044 5674 2222 5728 quaeso
2250 5673 2390 5713 cura:
2426 5657 2623 5711 habeas
2668 5654 3067 5710 iudicare.‘~Erit
3096 5655 3195 5709 hoc
3239 5666 3317 5709 tc-

1752 5750 2057 5806 stimonium
2089 5751 2323 5817 religiosi
2360 5750 2409 5805 in
2436 5764 2523 5806 me
2547 5746 2711 5803 animi
2748 5746 2848 5801 tui'
2881 5746 2926 5802 si
2954 5754 3009 5803 et
3034 5747 3309 5803 consuiuc.
