3826 6392
491 419 586 474 279
1652 417 1717 483 Ο.
1761 416 2051 472 Αυῐιειιυ

2163 395 2574 474 svnuacnus
3046 398 3049 402 ’
3635 428 3720 483 sui

488 529 640 596 igitur
664 528 981 583 salutatione
1008 528 1254 598 fungetur
1280 527 1395 581 bare
1427 529 1615 597 pagina
1643 567 1658 593 ,
1700 528 1854 595 cujus
1885 528 2063 579 brevi-
2092 527 2143 586 Α
2173 528 2409 590 reduxit;
2451 531 2691 596 QIlIEdalll
2734 531 2923 583 collata
2963 533 3013 585 in
3065 534 3245 587 titulus
3291 534 3522 589 breviter
3552 555 3718 604 pem]-

491 632 566 671 ιεις
598 632 647 674 et
670 632 846 673 vestro
871 621 1058 677 honori
1085 606 1400 686 satisfaciet,
1433 634 1533 676 nec
1557 621 1636 675 illi
1659 620 1939 675 referenda
1971 620 2064 673 de-
2169 616 2345 683 curri,
2385 627 2442 671 ιιι
2481 620 2595 673 sine
2640 618 2851 673 fastidio
2902 622 3146 677 lectionis
3182 623 3445 677 insinuata
3488 630 3717 685 noscatis.

488 720 685 779 ρει-ρει.
728 711 931 765 Valete.

1104 778 1316 834 EPIST.
1351 778 1438 834 LI.

862 885 1170 926 SYMMACIIUS
1197 885 1481 925 NICOMACUI
1513 887 1681 924 FILIIS.

554 961 824 1015 Prioribus
850 962 1046 1016 litteris
1080 962 1451 1028 comperistis,
1505 978 1623 1031 qum
1668 974 1808 1013 nunc
1843 972 2063 1025 respon—

484 1051 608 1105 dere
633 1053 942 1119 potuissem.
976 1050 1220 1105 Rediisse
1244 1066 1347 1105 non
1374 1052 1617 1119 pamitet.
1643 1050 1772 1102 Nam
1796 1060 1847 1101 et
1878 1047 2063 1101 salutis

484 1156 755 1215 compotes
802 1161 1020 1210 sumus;
1075 1156 1130 1199 et
1174 1162 1267 1213 per
1311 1146 1641 1213 diligentiam
1685 1146 2063 1213 magistrorum

484 1239 657 1292 fratris
686 1239 848 1291 \estri
882 1230 1151 1305 prolectus
1182 1238 1465 1302 adolescit,
1494 1238 1594 1291 hoc
1620 1245 1823 1290 tantum
1852 1235 2065 1290 mordet

482 1332 740 1391 animum,
790 1328 931 1397 quod
981 1328 1139 1395 longo
1180 1344 1209 1381 a
1248 1328 1398 1383 vobis
1444 1329 1636 1383 itinere
1682 1328 2058 1382 discernimur.

481 1417 585 1473 Sed
612 1419 929 1486 scriptorum
962 1419 1105 1472 vices
1141 1417 1395 1485 frequens
1439 1433 1569 1473 usus
1611 1425 1862 1470 exerceat
1900 1433 1909 1468 :
1946 1431 2063 1470 sar-

483 1508 683 1562 ciemus
710 1508 849 1561 inter
876 1522 975 1562 nos
1000 1509 1298 1576 prteSentize
1327 1509 1677 1573 voluptatem.
1714 1507 1916 1563 Valete.

1087 1616 1304 1671 EPIST.
1348 1618 1457 1673 Lll.

856 1722 1169 1762 SYIIIIACIIUS
1198 1723 1485 1776 NICOI_ACIII
1516 1724 1686 1762 FILIIS.

551 1797 821 1853 Adventus
849 1798 1052 1852 domini
1095 1808 1150 1854 et
1178 1800 1437 1869 principis
1465 1801 1637 1854 nostri
1673 1800 1852 1855 denuo
1880 1813 2063 1869 postu-

2168 705 2374 762 Valete.

2768 781 2980 836 EPlST.
3015 783 3142 838 LVI.
3284 848 3289 851 _

2545 886 2854 926 SYMIIACIIUS
2881 890 3160 951 ΗΕΘΜ-,88111
3190 893 3361 931 FILIIS.

2236 958 2412 1013 Credo
2464 976 2604 1013 nunc
2646 963 2821 1014 saltim
2882 965 3088 1031 priores
3122 966 3323 1019 domini
3367 969 3469 1021 mei
3498 966 3739 1025 Prtefecti

2114 1125 2118 1130 '
2166 1047 2371 1102 litteras
2398 1050 2490 1102 tibi
2519 1051 2751 1106 redditas
2783 1070 2794 1103 :
2835 1067 2953 1121 quae
3001 1056 3044 1107 si
3081 1069 3207 1109 casu
3247 1056 3427 1126 aliquo
3456 1067 3547 1111 aut
3571 1060 3717 1127 negli-

2165 1139 2340 1205 gentia
2370 1142 2648 1207 portitnris
2674 1144 2868 1211 elaps:e
2897 1157 3041 1210 sunt,
3080 1161 3145 1199 en
3176 1148 3267 1200 tibi
3303 1149 3463 1201 aliam
3503 1148 3716 1202 subtilis-

2165 1230 2284 1283 simi
2318 1232 2412 1284 viri
2443 1234 2707 1301 paginam,
2735 1236 2817 1288 cui
2850 1251 2935 1291 me
2958 1236 3098 1291 hunc
3131 1253 3432 1293 sermonem
3462 1240 3614 1304 jussit
3638 1240 3714 1293 atl-

2161 1320 2420 1389 jungere;
2468 1332 2523 1375 ut
2572 1323 2696 1389 quid
2729 1326 3009 1379 sententize
3040 1327 3134 1381 tibi
3182 1328 3249 1380 sit
3286 1328 3354 1382 de
3400 1330 3717 1398 suscipiendo

2166 1415 2408 1481 negotio.
2452 1416 2535 1469 cui
2574 1424 2625 1470 te
2663 1425 2810 1484 optat
2842 1418 3105 1481 adhiberi,
3152 1420 3233 1474 bis
3262 1422 3537 1475 consultus
3570 1434 3714 1489 expe-

2164 1503 2298 1556 dias.
2327 1518 2463 1559 ruto
2484 1508 2627 1559 enim
2656 1520 2750 1560 vos
2778 1510 2827 1560 in
2860 1509 3137 1564 meliorem
3169 1513 3530 1567 valetudinem
3561 1528 3717 1566 rever-

2088 1632 2091 1636 .
2166 1596 2316 1657 tisse,
2350 1607 2628 1665 postquam
2660 1589 2785 1652 mihi
2816 1599 3020 1656 fecistis
3043 1602 3329 1667 indicium,
3366 1607 3506 1672 quod
3545 1620 3713 1660 rever-

2164 1685 2301 1737 sioni
2333 1698 2526 1739 vestrte
2547 1688 2765 1742 morbus
2793 1691 3049 1745 obstaret.
3090 1692 3155 1746 Et
3196 1707 3293 1745 nos
3320 1695 3533 1761 quidem
3566 1695 3715 1747 malu-

2166 1794 2303 1838 mus.
2335 1791 2388 1831 ιιι
2416 1780 2677 1848 integrate
2706 1791 2845 1835 statu
2878 1784 3122 1838 sanitatis
3145 1785 3372 1839 reditum
3405 1786 3714 1855 spondeati,

482 1887 666 1941 laudus
702 1896 803 1942 est.
849 1888 1163 1943 Theodorus
1197 1889 1340 1944 enim
1378 1889 1458 1942 vir
1497 1889 1757 1953 illustris,
1807 1892 2051 1945 Mediola-

2169 1870 2262 1921 sed
2306 1870 2347 1921 si
2382 1873 2685 1938 cerpusculi
2727 1874 2956 1939 querelae
2984 1886 3163 1927 votum
3196 1887 3489 1938 morantur,
3515 1878 3717 1929 eviolen-

481 1978 724 2033 nensium
752 1978 1015 2046 legatione
1042 1988 1314 2047 suscepta,
1345 1978 1475 2054 eniti
1506 1978 1723 2043 dicitur,
1756 1988 1813 2032 ut
1843 1992 2059 2034 senatus

482 2071 819 2134 petitionibus
849 2070 1177 2139 provinciale
1197 2070 1522 2126 desiderium
1543 2070 1871 2139 prudenter.
1917 2072 2057 2125 νικη-

484 2163 646 2215 iectus
670 2163 813 2215 urbis
850 2162 973 2215 huic
1005 2162 1217 2231 negotio
1239 2162 1576 2215 sanctitatem
1616 2171 1758 2214 luatu
1790 2174 1933 2229 optat
1967 2165 2060 2215 ad-

482 2256 669 2321 hiberi,
712 2270 869 2324 quem
917 2265 1043 2324 puto
1086 2271 1249 2323 super
1301 2256 1402 2309 hoc
1443 2256 1648 2309 litteras
1698 2255 1764 2309 ad
1809 2272 1903 2309 vos
1938 2271 2060 2311 esse

479 2346 789 2399 missurum.
840 2346 1034 2399 llortor
1083 2334 1262 2414 igitur,
1312 2354 1368 2399 ut
1401 2346 1601 2413 scripto
1644 2346 1760 2413 ejus
1808 2356 2059 2399 CVOHIIIIS

478 2438 714 2505 digneris
755 2454 1036 2493 accurrere
1076 2449 1202 2494 ante
1240 2450 1506 2501 senatum,
1558 2440 1647 2507 qui
1689 2439 1864 2495 idibus
1886 2440 2059 2493 Juniis

478 2530 595 2581 erit.
632 2530 749 2595 Ipso
776 2530 919 2582 enim
948 2530 1033 2585 die
1062 2531 1266 2599 legatos
1295 2532 1531 2585 arbitror
1552 2532 1848 2600 eligendos.
1888 2532 2054 2587 Multa

476 2628 600 2672 sunt
627 2620 815 2673 domus
845 2628 1043 2674 vestra:
1073 2621 1303 2690 negotia,
1338 2638 1455 2690 qua:
1479 2637 1509 2675 a
1540 2632 1590 2676 te
1629 2636 1809 2676 coram
1842 2624 1940 2677 sub
1961 2638 2056 2677 oe-

475 2712 689 2764 casioue
713 2725 887 2765 causa:
914 2713 1135 2780 publica:
1167 2714 1543 2767 terminentur.
1584 2713 1853 2767 Pneterea
1876 2715 2055 2766 votiva

479 2802 670 2868 legatio
695 2812 807 2865 est,
832 2823 837 2834 ι
858 2816 977 2870 quae
1012 2801 1339 2869 apudaures
1367 2802 1763 2856 evocandorum
1812 2801 2058 2855 amabilis

474 2892 647 2945 futura
673 2893 945 2948 credatur.
978 2894 1173 2960 Quzeso
1202 2910 1269 2948 ne
1296 2894 1533 2958 ditIeras,
1567 2903 1622 2947 ut
1664 2894 2055 2949 recenciliatio-

477 3002 596 3045 neut
624 2988 909 3055 praeterita:
928 2988 1112 3057 gratiae
1135 2986 1503 3055 consequaris.
1528 2985 1736 3040 Valete.

1062 3094 1280 3148 EPIST.
1328 3094 1459 3147 Llll.

845 3200 1150 3240 SYSHIACIIUS
1181 3200 1469 3239 NICOIIACIII
1498 3198 1674 3239 FILIIS.

2166 1960 2306 2013 tibus
2348 1962 2560 2029 scriptis
2600 1965 3053 2032 exspectationem
3096 1968 3422 2022 consulentis
3454 1967 3715 2022 absolvite.

2132 2104 2140 2111 κ
2168 2048 2313 2103 Vale.
3557 2053 3563 2059 ’

2749 2124 2959 2180 EPIST.
3004 2126 3159 2203 Lvu;

2537 2227 2842 2267 SVHIACHUS
2869 2230 3148 2269 NICOIIACIII
3191 2230 3360 2268 FILIIS.

2232 2301 2614 2367 Superioribus
2633 2304 2822 2357 diebus
2841 2312 2896 2357 et
2918 2317 3049 2357 meae
3074 2304 3212 2357 circa
3238 2318 3331 2357 vos
3357 2304 3718 2364 observantia.

2162 2404 2215 2445 et
2245 2402 2435 2446 vestra:
2464 2395 2849 2462 exspectationi
2892 2396 3060 2450 multo
3116 2397 3461 2463 epistolarum
3510 2410 3717 2451 numero

2160 2484 2417 2539 satisfeci.
2453 2485 2578 2540 Haec
2607 2500 2734 2540 vero
2756 2488 2944 2557 pagina
2973 2487 3177 2555 copiam
3212 2502 3317 2542 non
3345 2489 3586 2557 requirit,
3610 2500 3718 2541 cum

2161 2577 2263 2630 hnc
2284 2570 2494 2631 tantum
2526 2577 2914 2634 benevolentia:
2959 2592 3149 2635 vestra:
3197 2596 3294 2649 pro
3332 2590 3489 2651 captu
3525 2579 3717 2634 consilii

2162 2672 2264 2723 mei
2290 2671 2571 2737 suadeam,
2613 2681 2667 2725 ut
2698 2672 2765 2725 ad
2800 2674 3104 2739 przelectum
3153 2676 3402 2741 prtetorio
3438 2673 3717 2728 Siciliensis

2159 2776 2335 2815 causa:
2376 2770 2567 2817 vestra:
2608 2765 2748 2818 actio
2779 2764 3159 2827 transferatur;
3210 2765 3255 2819 si
3303 2778 3479 2824 tamen
3528 2765 3715 2832 aliquid

2156 2851 2309 2907 vobis
2338 2854 2719 2922 experiendum
2750 2855 2869 2909 data
2896 2855 3095 2911 oblatio
3126 2857 3440 2911 reservabit.
3469 2856 3614 2911 Vale.

2722 2985 2937 3043 EPIST.
2968 2986 3143 3040 LVIII.

2532 3088 2835 3131 SVIHACIII‘S
2859 3094 3140 3132 NICOMACIII
3171 3096 3346 3135 FILIIS.

2233 3163 2521 3232 Postquam
2551 3165 2740 3245 pignus
2767 3175 3004 3221 nostrum
3034 3169 3267 3226 Sibidins
3298 3171 3517 3225 Romam
3550 3172 3717 3231 rediit,

543 3280 828 3333 Maximum
876 3286 1113 3331 veterem
1151 3276 1415 3339 amicum,
1447 3275 1541 3329 sed
1580 3288 1774 3328 novum
1802 3282 2049 3342 agentem

2163 3254 2374 3307 nuntius
2427 3252 2549 3321 fuit,
2605 3241 2835 3321 quantus
2865 3256 3025 3308 ﬁliam
3059 3273 3228 3312 meam
3277 3270 3437 3315 vexet
3487 3263 3719 3331 corporis

473 3372 524 3423 in
554 3370 729 3430 rebus,
762 3368 988 3435 accipite
1028 3367 1165 3421 inter
1200 3366 1401 3421 tirones
1439 3380 1561 3418 cum
1592 3366 1789 3417 canitie
1822 3366 2053 3417 militan-

470 3475 596 3514 tem.
634 3461 712 3514 ΑΙ)
755 3459 856 3512 hoc
893 3457 1256 3528 procontanda
1286 3456 1543 3511 discetis:
1576 3467 1736 3523 atque
1765 3455 1888 3509 ideo
1917 3456 2050 3510 mihi

472 3553 715 3621 fugienda
744 3560 828 3603 est
856 3549 1075 3617 prolixae
1098 3548 1339 3616 epistolae
1370 3548 1562 3615 gratia.
1598 3547 1816 3613 Absque
1845 3548 2044 3600 adven-

471 3654 553 3695 tus
576 3643 735 3693 vestri
769 3641 1047 3708 petitione,
1072 3654 1230 3707 quem
1258 3628 1565 3708 frequenter
1592 3639 1847 3692 exambio
1866 3677 1881 3701 ,
1926 3648 1979 3692 et
2005 3638 2051 3692 si

469 3731 790 3801 desiderium
820 3732 981 3784 vestri
1004 3729 1237 3793 sineret,
1268 3728 1377 3797 jam
1415 3728 1575 3782 silere
1608 3728 1895 3793 deberem,
1926 3728 2049 3797 quia

470 3824 843 3877 verecundiam
864 3831 1053 3875 creant
1082 3818 1431 3874 inefficaciter
1463 3819 1744 3887 postulata.
1774 3818 1879 3871 Sed
1901 3806 2053 3871 amor

470 3915 523 3967 in
554 3928 648 3967 vos
690 3927 840 3967 meus
873 3926 1039 3979 prepe
1076 3908 1463 3979 impudentiam
1503 3908 1694 3963 suadet
1738 3910 2050 3977 frequenter

469 4008 669 4061 elusus.
724 4005 925 4057 Vereor
976 4013 1177 4069 autem,
1239 4015 1308 4055 ne
1355 3999 1477 4053 ideo
1532 4010 1771 4052 vestrum
1822 3990 2049 4053 ieditum

469 4095 841 4164 promiseritis,
875 4112 942 4148 ne
976 4104 1217 4148 nostrum
1246 4091 1313 4145 ad
1341 4106 1437 4146 vos
1469 4091 1832 4161 proltlberetis
1860 4104 2053 4144 excur-

470 4203 615 4241 SUIII.’
642 4185 841 4241 Valete.

1058 4250 1276 4308 EPIST.
1318 4250 1450 4306 LIV.

847 4359 1160 4398 SVMIACIIUS
1184 4358 1469 4399 NICOIACIII
1498 4358 1673 4397 FILIIS.

539 4438 778 4494 Salutem
820 4436 972 4489 vobis
1012 4450 1316 4504 precamur,
1365 4434 1518 4503 cujus
1558 4435 1835 4499 indicium,
1882 4450 2048 4503 puero

470 4540 789 4594 ret-ertente,
829 4538 1080 4597 Optamus
1116 4528 1393 4595 accipere.
1443 4528 1555 4581 Mea
1605 4529 1855 4585 valetudo
1898 4538 2046 4583 caret

2153 3344 2344 3409 dolor;
2397 3359 2549 3398 meus
2581 3359 2793 3414 quoque
2819 3346 3030 3400 animus
3069 3351 3333 3415 regreseit.
3378 3353 3557 3421 Itaque
3586 3352 3719 3405 litte-

2154 3448 2240 3487 ras
2262 3432 2392 3487 nihil
2424 3443 2658 3489 tnoratus
2687 3436 2861 3500 emisi,
2904 3438 3058 3491 anxie
3089 3455 3135 3507 pl
3157 3450 3295 3504 tens,
3326 3442 3496 3507 primo
3520 3442 3715 3496 medica

2155 3541 2256 3599 ope
2285 3536 2341 3581 et
2369 3525 2693 3581 abstinentia
2726 3528 3007 3582 noxiorum
3032 3530 3097 3582 ad
3128 3531 3409 3585 sanitatem
3448 3532 3716 3599 iuventur:

2155 3615 2348 3669 deliine
2402 3618 2649 3686 rescripti
2697 3619 2830 3675 ﬁdes
2870 3619 3147 3676 abolendae
3194 3624 3532 3679 sollicitudini
3591 3640 3719 3679 mem.

2155 3706 2419 3761 consulat.
2444 3707 2548 3775 Ipsi
2580 3717 2697 3775 post
2725 3709 3018 3778 legatorum
3048 3714 3427 3781 profectionem
3463 3730 3549 3768 rus
3578 3715 3720 3769 Vati-

2154 3810 2371 3860 canum.
2412 3796 2553 3865 quod
2588 3807 2772 3853 vestro
2814 3799 3013 3868 praedio
3057 3803 3315 3867 conteret,
3365 3807 3717 3863 accessimus;

2154 3895 2228 3952 et,
2261 3886 2305 3940 si
2333 3888 2465 3940 nihil
2496 3888 2749 3955 disposita
2771 3892 3082 3955 conturbet;
3136 3893 3188 3946 in
3218 3894 3431 3962 Apriles
3476 3896 3720 3951 ka'endas

2154 3976 2293 4028 villa:
2338 3976 2448 4028 otio
2502 3976 2829 4032 defruemur.
2877 3980 3014 4033 .luni«
3041 3997 3156 4035 rum
3213 3984 3459 4040 delectus
3509 3987 3731 4047 urbanis

2155 4066 2369 4121 familiis
2412 4067 2729 4136 imperatus,
2784 4087 2954 4140 usque
3009 4075 3075 4127 ad
3126 4078 3308 4129 aeterni
3350 4078 3603 4147 principis
3644 4093 3722 4131 re-

2154 4170 2349 4222 SpOIISa
2400 4159 2672 4223 pendebit.
2725 4155 3134 4231 De'cotijunctis
3179 4168 3570 4233 exemplaribus
3621 4168 3719 4222 fur-

2154 4260 2294 4297 mam
2350 4249 2600 4315 prteccpti
2650 4250 2929 4321 utriusque
2972 4258 3224 4307 noscctls.
3285 4255 3411 4309 "me
3458 4256 3576 4325 quia
3622 4258 3722 4316 tuis

2153 4333 2344 4390 litteris
2372 4336 2673 4396 desiderata
2704 4350 2827 4395 sunt
2848 4381 2862 4402 ,
2894 4342 3035 4396 misi.
3082 4344 3345 4398 Creterum
3390 4355 3533 4400 mera
3562 4357 3723 4417 atque

2152 4428 2308 4481 unica
2339 4423 2657 4485 mihi'causa
2688 4432 2950 4487 dictandte
2974 4436 3214 4503 epistulae
3260 4437 3381 4501 fuit,
3430 4446 3486 4491 ut
3521 4439 3589 4492 ad
3628 4454 3723 4492 nos

2151 4533 2312 4587 super
2341 4520 2465 4575 filiae
2486 4538 2623 4579 meae
2650 4526 2951 4581 valetudine
2973 4541 3121 4584 certa
3150 4538 3203 4584 et
3224 4532 3394 4585 amica
3421 4540 3544 4587 Vulo
3588 4529 3723 4586 refc-

470 4622 678 4675 intcrim
724 4591 1021 4682 dolor-ibus,
1080 4618 1176 4673 sed
1224 4591 1425 4687 indiget
1474 4618 1754 4684 firmitate,
1812 4619 2046 4675 maxime
2074 4591 2125 4649 ι)
2155 4623 2358 4667 rantur.
2401 4614 2552 4669 Vale.

467 4712 842 4767 accedentibus
884 4710 1059 4777 curis,
1111 4724 1245 4777 quas
1293 4712 1536 4778 proxime
1588 4711 1723 4765 facta
1772 4726 1802 4765 a
1857 4724 2045 4766 senatu

466 4806 610 4856 auxit
639 4803 857 4856 oblatio.
912 4802 994 4855 lre
1040 4800 1250 4868 longius
1292 4800 1459 4868 piget,
1510 4816 1633 4852 cum
1674 4800 1790 4855 ham
1834 4817 2046 4870 quoque

466 4897 670 4951 securis
698 4896 878 4949 animo
904 4893 1194 4961 ingessisse
1224 4894 1499 4959 pceniteat.
1557 4892 1758 4947 Valete.

1071 4983 1285 5038 EPIST.
1328 4983 1435 5038 LV.

851 5086 948 5126 ςγδι
958 5087 1160 5127 διΑοιιυς
1186 5088 1473 5127 NICOIACIII
1506 5089 1678 5128 FILIIS.

537 5164 657 5217 lleri
694 5179 785 5231 per
832 5164 1103 5218 hominem
1144 5177 1323 5216 meum
1360 5164 1561 5231 scripsi
1606 5173 1748 5217 metu
1785 5164 2039 5231 percitus,

463 5268 741 5326 pnstquain
791 5256 860 5308 de
899 5255 1207 5309 valetudine
1247 5255 1370 5309 lilia:
1421 5271 1556 5313 mea:
1604 5271 1784 5309 amara
1826 5258 2041 5322 cognitu

466 5347 781 5407 nuntiastis,
813 5355 866 5397 et
904 5346 1079 5398 adhuc
1110 5346 1380 5413 pendente
1422 5361 1683 5413 responso
1716 5349 1929 5399 crucior
1962 5346 2041 5397 itt-

462 5438 648 5490 rertis.
677 5437 803 5490 Peto
832 5437 991 5503 igitur
1014 5437 1230 5489 edoceri
1255 5436 1382 5505 quid
1405 5436 1453 5490 ei
1478 5436 1543 5488 ad
1570 5436 2037 5489 conﬁrmationem

463 5530 707 5583 sanitatis
732 5530 1043 5583 accesserit.
1080 5530 1277 5581 Rerum
1306 5544 1430 5582 vero
1457 5529 1801 5597 prresentium
1839 5527 2037 5580 nullum

464 5622 614 5671 vnbis
645 5620 897 5672 indicium
929 5621 1103 5676 facere
1132 5621 1477 5674 decreveram
1506 5664 1519 5686 ,
1557 5634 1623 5673 ne
1656 5623 1706 5671 in
1747 5634 1906 5671 aures
1952 5635 2041 5671 ve-

460 5722 599 5763 stras
622 5711 874 5776 redirent,
902 5724 1021 5779 q'tne
1048 5710 1311 5778 prnbabili
1338 5708 1665 5762 discessione
1688 5708 1909 5761 vitastis.
1931 5707 2036 5762 Sed

464 5802 583 5865 quia
613 5801 805 5855 civicus
831 5818 979 5857 amor
1017 5802 1070 5857 in
1100 5804 1311 5872 uec-otia
1348 5802 1549 5857 urbana
1590 5806 2036 5857 curatttivestr.tttt

2742 4710 2961 4763 EPIST.
3000 4714 3129 4766 LIX.

2533 4815 2719 4854 SVllM.\‘
2745 4818 2841 4853 Ηιὸ
2872 4818 3153 4857 NICOIIM'III
3186 4820 3353 4859 FILIIS.
3732 4860 3737 4863 .

2224 4888 2539 4943 Anteriores
2568 4893 2758 4945 littera:
2791 4904 2914 4957 ture,
2961 4911 3093 4962 quas
3122 4912 3242 4951 mox
3280 4898 3397 4953 ali:e
3417 4912 3724 4958 consecuta:

2151 4986 2295 5043 sunt,
2336 4995 2487 5045 spem
2537 4983 2667 5036 mibi
2712 4983 3046 5053 aliquatenus
3086 4989 3401 5043 reditustui
3440 4990 3719 5045 fecerant:

2152 5071 2404 5125 secundm
2435 5076 2690 5140 promissa
2715 5090 3027 5133 vacuarunt.
3055 5081 3127 5133 Ita
3150 5090 3206 5133 ut
3228 5092 3347 5150 post
3371 5086 3563 5137 multas
3595 5100 3725 5141 cau-

2152 5176 2240 5214 sas
2262 5163 2558 5231 negationis
2601 5181 2721 5219 meo
2759 5170 2989 5222 consilio
3028 5172 3295 5239 sequenda
3329 5172 3720 5230 committeres.

2150 5254 2256 5306 Sed
2280 5268 2380 5322 ego
2405 5259 2663 5324 cogitans,
2696 5258 2867 5325 primo
2902 5260 3022 5314 ﬁlize
3052 5276 3184 5315 mete
3219 5254 3725 5321 conturbatarn‘va-

2153 5346 2465 5411 letudinem,
2496 5364 2612 5415 qua-
2635 5350 2849 5415 spo1iari
2890 5354 3079 5405 solatio
3124 5364 3213 5409 tuo
3254 5358 3356 5409 no'n
3381 5365 3550 5423 potest
3586 5376 3603 5410 :
3634 5360 3726 5414 de-

2152 5440 2274 5493 hinc
2300 5442 2557 5494 stomachi
2582 5441 2652 5494 tui
2678 5442 3114 5511 imbecillitatem,
3140 5463 3295 5515 quam
3318 5462 3437 5503 esse
3458 5448 3725 5518 imparem

2145 5529 2337 5585 scribis
2388 5531 2566 5584 itineri
2616 5536 3022 5599 promovendo:
3080 5550 3186 5590 tum
3234 5539 3510 5593 consilium
3563 5545 3726 5599 amici

2146 5624 2346 5686 paterni
2388 5624 2555 5675 otium
2608 5622 2941 5690 praeferentis
2978 5645 2989 5678 :
3030 5629 3219 5681 dehinc
3262 5634 3726 5699 exspectationem

2144 5713 2364 5769 illustris
2396 5715 2515 5779 viri,
2545 5729 2702 5784 quem
2732 5715 2820 5767 ditt
2852 5718 3161 5772 existimans
3184 5721 3482 5777 ablaturum
3515 5741 3529 5777 :
3583 5742 3726 5793 prc-

2146 5813 2287 5859 tetea
2313 5804 2779 5875 interpretationes
2808 5808 3099 5873 hominum,
3137 5814 3224 5881 qui
3253 5823 3337 5883 te,
3371 5824 3427 5872 ut
3453 5817 3531 5870 ais
3558 5856 3575 5881 ,
3610 5815 3725 5885 opi«
