3826 6332
118 414 190 466 28I
1276 410 1747 469 EPISTOLARUM
1789 412 1984 466 LIBER
2028 413 2111 465 Vl.
3200 411 3301 463 98‘}

115 533 271 576 nautur
322 536 510 575 munus
564 523 826 589 publicum
878 520 1140 588 recepisse
1188 523 1237 572 in
1298 521 1629 574 occasionem
1663 524 1705 575 A
1739 534 1802 570 ne
1846 534 2046 571 moram
2074 529 2304 572 vestram
2349 519 2522 570 votiva
2558 518 2882 583 legatinj-m
2930 533 3065 569 nunc
3111 534 3169 569 ex
3204 533 3297 569 usu

113 614 402 680 negotiorum
429 624 640 664 tuorum
666 631 675 663 :
701 612 956 680 permissa
983 628 1012 661 u
1035 612 1161 663 mihi
1189 611 1630 663 deliberationem
1739 609 1950 678 publico
1980 609 2236 672 iteranda,
2277 618 2575 677 prmi-enat.
2614 608 2812 661 Valete.

112 705 234 756 vobis
261 700 494 759 refundo.
531 699 768 767 Iniquum
800 710 879 755 est
903 700 1042 754 enim
1077 709 1152 752 tot
1192 701 1450 767 oppositis
1483 714 1630 767 qua:-
2305 697 2515 752 EPIST.
2560 697 2738 749 LXIV.

113 799 337 850 stlonibus
362 797 652 848 obnoxiam
687 797 796 849 ﬁeri
827 795 1139 848 sententiam
1172 810 1365 858 meam,
1390 803 1443 847 et
1475 794 1632 846 Iidem
2108 803 2412 841 sumamus
2447 802 2723 840 meomeut
2763 801 2933 838 FILIIS.

114 889 344 941 suadentis
371 889 586 941 incertis
613 887 905 940 futurorum
939 885 1148 940 casibus
1168 886 1632 953 obligari.lnterea
1811 885 2124 949 Purgatorio
2170 882 2558 935 medicamento
2597 883 2768 933 alvum
2800 895 3051 934 vacuasse
3094 891 3141 931 ιι·
3172 883 3304 932 scri-

113 977 454 1029 constituendae
478 977 554 1028 rei
586 976 699 1028 dies
730 976 980 1028 existimo
1011 976 1396 1042 prorogandos,
1438 983 1490 1027 et
1517 975 1634 1039 epi-
1738 987 1918 1041 pseras
1945 1013 1958 1035 ,
1986 983 2039 1023 ιιι
2083 971 2260 1024 fervor
2287 971 2558 1023 oculorum
2589 957 2706 1023 cum
2746 979 2938 1022 επιειοο
2965 986 3124 1023 onere
3152 967 3304 1024 ili-ce-

115 1064 272 1118 stolam
303 1073 435 1116 tuam
489 1065 748 1130 tantisper
792 1064 1014 1116 reddere
1068 1065 1392 1129 magistratui
1436 1074 1635 1130 tempe-
1737 1067 1907 1120 deret.
1943 1067 2093 1121 Scire
2147 1065 2393 1133 postulo,
2447 1079 2512 1116 an
2567 1064 2818 1130 przcdicta
2871 1064 3073 1116 curati»
3120 1063 3301 1114 ellicax

115 1156 221 1207 ravi.
245 1155 433 1217 P-rimo,
465 1157 585 1223 quia
618 1155 916 1207 reverentia
961 1155 1094 1205 nuda
1131 1163 1213 1206 est
1248 1171 1259 1203 :
1294 1154 1484 1205 dehinc
1516 1155 1634 1218 quia
1739 1155 1916 1221 fuerit,
1945 1172 2041 1208 nec
2067 1156 2329 1222 subegerit
2355 1170 2509 1207 causa
2540 1155 2697 1208 etiam
2725 1155 2998 1222 sanguinis
3026 1155 3306 1207 emissione

114 1259 270 1298 causas
332 1245 626 1314 negationis
685 1243 817 1296 infra
869 1244 1163 1296 devotionis
1223 1244 1635 1310 magnitudinem
1737 1264 1902 1302 venas
1931 1249 2120 1316 iuvari.
2159 1249 2259 1300 Par
2308 1248 2530 1308 requirit
2571 1246 2821 1304 allectio,
2868 1255 3116 1312 quantam
3163 1246 3308 1297 vobis

117 1336 340 1400 primum;
385 1344 442 1387 et
480 1334 620 1400 quod
671 1347 882 1386 nossem
937 1333 1177 1399 pluribus
1234 1333 1475 1398 legenda,
1521 1346 1644 1400 qua)
1741 1338 1895 1390 ﬁdem
1935 1338 2089 1390 faciat
2119 1336 2236 1390 ﬁlia:
2262 1350 2395 1389 mea;
2417 1335 2632 1397 sanitas,
2661 1343 2716 1386 ut
2747 1335 2827 1385 his
2853 1349 2915 1386 ex
2940 1344 3061 1394 voto
3088 1335 3309 1399 cognitis-

118 1426 385 1490 scripseras.
421 1424 553 1477 Volo
583 1425 740 1492 igitur
766 1466 778 1485 ,
827 1433 882 1476 ut
913 1425 1213 1478 reverentia
1261 1420 1635 1486 cumulatiore,

116 1524 160 1566 et
197 1514 499 1582 gravioribus
531 1514 763 1581 querelis
789 1516 1189 1566 excusationem
1227 1525 1366 1564 tuam
1413 1514 1639 1571 tnunias,

119 1606 153 1656 si
180 1606 396 1658 voluntas
437 1611 690 1658 manserit
721 1605 916 1656 laboris
955 1613 1008 1658 et
1051 1605 1260 1658 itinetis
1299 1603 1640 1671 deprecandi.

117 1694 292 1749 Valete.

694 1764 902 1818 EPIST.
944 1763 1052 1817 LX.

441 1869 744 1906 ςιιιιιλειιυε
784 1869 1057 1906 ΝΙΕΟΜΑΕΗΙ
1101 1867 1266 1905 FIIIIS.

177 1942 335 1996 Prisca
373 1944 705 1997 observantia
753 1945 891 1998 hunc
932 1945 1197 1998 scribendi
1229 1944 1467 1997 ordinetn
1500 1941 1642 2006 fecit,

115 2044 164 2086 ut
201 2035 340 2086 domo
384 2035 602 2100 profecti
649 2035 898 2088 ol‘licium'
926 2035 1162 2087 litterarii
1193 2035 1429 2086 muneris
1473 2034 1647 2099 auspi-

115 2135 294 2176 centur.
325 2123 420 2177 Sed
469 2125 684 2192 longum
714 2125 884 2177 visum
931 2133 1012 2176 est
1062 2123 1257 2192 operiri
1290 2123 1648 2175 nnanimitatis

115 2221 204 2266 tua:
231 2213 433 2277 litteras,
463 2229 689 2283 quarum
723 2229 819 2268 nos
845 2214 1111 2282 arguimus
1138 2213 1459 2267 tarditatem.
1481 2215 1647 2279 Atque

116 2301 221 2356 ideo
263 2313 450 2356 mutato
497 2319 594 2358 usu
626 2305 677 2357 in
720 2305 822 2357 hoc
860 2319 1049 2357 munus
1077 2305 1369 2371 erupimus.
1399 2303 1650 2371 Superest

117 2402 170 2445 ut
208 2393 360 2447 libens
386 2393 664 2461 rependas,
698 2410 816 2462 qua:
847 2393 1098 2448 inchoare
1127 2394 1410 2453 debueras.
1441 2405 1494 2447 et
1523 2409 1649 2460 pro-

117 2495 283 2536 vocare
327 2499 572 2537 exerceas
616 2487 813 2552 stylum
865 2484 1092 2538 indicem
1124 2495 1225 2538 tua:
1253 2486 1516 2540 sanitatis.
1549 2485 1649 2553 Ipsi

117 2570 163 2623 in
192 2573 425 2627 Arabiana
455 2575 684 2628 dominae
717 2575 838 2628 lilia:
869 2591 1002 2629 mea:
1029 2586 1398 2641 exspectamus
1449 2577 1649 2628 adven-

119 2669 214 2714 tum
249 2679 258 2714 :
293 2664 407 2718 licet
435 2675 485 2719 te
515 2666 676 2719 etiam
722 2665 884 2719 decus
913 2676 1156 2719 nostrum
1195 2667 1508 2720 solemnium
1541 2668 1652 2721 die-

116 2763 220 2804 rum
244 2755 364 2807 ratio
387 2754 669 2808 confestim
696 2756 955 2822 spondeat
983 2755 1309 2809 adfuturum.
1342 2756 1543 2808 Valete.

669 2885 882 2940 EPIST.
925 2886 1057 2940 LXI.

445 2992 756 3031 ειιιιιιιιοιιυς
794 2994 1071 3032 NICOXIACHI
1111 2995 1280 3032 Fll.llS.

180 3064 318 3119 Felix'
337 3069 549 3121 materia
592 3077 674 3120 est
716 3068 940 3121 suadere
975 3069 1160 3120 otium.
1189 3069 1292 3123 Sed
1327 3070 1437 3123 lure
1461 3071 1652 3123 exhor-

117 3154 233 3209 tatio
267 3157 486 3211 animum
539 3159 620 3211 sui
648 3158 781 3226 juris
810 3158 1049 3227 requirit.
1082 3158 1188 3213 Nos
1219 3175 1389 3227 neque
1421 3161 1653 3215 residere

120 3247 288 3309 patitur
320 3248 590 3302 liventium
624 3250 804 3315 factio,
854 3265 951 3304 nec
997 3250 1089 3302 lilii
1134 3250 1345 3318 juvenis
1395 3252 1656 3306 institutio

119 3334 304 3403 longum
331 3341 676 3406 'peregrinar’.
708 3339 882 3404 Quare
912 3349 967 3392 ut
998 3354 1278 3407 possumus
1301 3382 1315 3405 ,
1363 3343 1520 3394 modo
1565 3342 1654 3395 ab-

120 3437 276 3477 scessu
299 3466 312 3488 ,
341 3428 494 3480 modo
527 3429 702 3482 reditu
729 3470 744 3493 ,
775 3431 1039 3483 variamus
1088 3430 1328 3488 locorum
1356 3431 1655 3484 distinctio-

120 3528 242 3565 nem.
270 3515 592 3572 Testimonio
621 3529 703 3572 est
735 3520 845 3572 haec
884 3520 1108 3583 epistola
1135 3559 1152 3584 ,
1201 3521 1503 3573 suburbano
1533 3536 1660 3588 agro

120 3618 264 3668 nuper
290 3612 492 3670 emissa,
522 3623 680 3677 quam
712 3609 777 3662 de
817 3608 1028 3662 Corano
1057 3621 1261 3674 nostro,
1293 3614 1336 3664 si
1385 3613 1513 3664 nihil
1548 3614 1658 3664 dis-

119 3697 268 3759 posita
296 3699 595 3759 turbat'crit,
635 3699 736 3751 alia
768 3709 1140 3766 consequetur.
1177 3701 1422 3754 Vestrum
1453 3712 1529 3754 est
1564 3702 1659 3753 hu—

117 3780 321 3847 justnodi
362 3789 610 3842 absentiae
665 3797 858 3842 nostra:
904 3790 1263 3843 conditionem
1318 3791 1506 3844 litteris
1557 3792 1660 3844 fre-

120 3874 372 3936 quentibus
398 3893 613 3945 augere,
647 3881 690 3932 si
719 3881 918 3948 placet;
954 3881 1162 3947 juvare,
1191 3882 1236 3935 si
1264 3881 1529 3948 displicet.
1559 3881 1660 3933 Va-

121 3963 230 4018 lete.

666 4039 878 4094 EPIST.
922 4039 1081 4093 LXII.

456 4146 766 4185 διίιιλειιυε
803 4148 1080 4186 Νιεοιιλοιιι
1121 4149 1292 4188 FILIIS.

184 4219 346 4290 Legati
385 4226 584 4316 oIdinis
614 4226 786 4278 nostri
815 4240 879 4278 ex
912 4241 1007 4278 usu
1036 4227 1167 4278 actis
1195 4226 1437 4279 omnibus
1486 4240 1662 4279 rever-

122 4317 302 4368 terunt.
327 4315 447 4370 Nam
489 4326 544 4372 et
585 4318 816 4369 tironum
859 4318 1162 4384 conquievit
1208 4317 1450 4381 indictio,
1491 4328 1542 4370 et
1569 4333 1659 4369 ar-

120 4404 250 4468 genti
294 4407 433 4460 nobis
465 4408 595 4460 facta
628 4406 793 4474 gratia
820 4415 922 4460 est.
955 4406 1126 4474 Super
1152 4405 1452 4474 impetratis
1484 4417 1657 4459 tamen

121 4489 278 4546 adhuc
320 4507 553 4561 speratur
607 4497 798 4550 oratio.
848 4495 997 4550 Nunc
1049 4480 1343 4549 demestica
1385 4505 1440 4550 et
1480 4497 1658 4549 animo

121 4595 288 4639 vestro
327 4589 486 4642 amica
528 4589 832 4657 jungemus.
880 4588 996 4643 Stat
1041 4589 1312 4642 nobiscum
1345 4587 1665 4641 valetudinis.

120 4671 482 4746 bonum.S:cpe
508 4680 764 4733 urbanam
785 4680 1249 4732 commorationem
1276 4679 1515 4745 proximo
1539 4693 1659 4731 rure

119 4760 486 4834 distinguimus.
521 4770 644 4822 Sola
672 4783 771 4823 nos
799 4769 960 4822 vestri
988 4770 1226 4823 absentia
1272 4778 1525 4820 macerat.
1553 4767 1658 4821 Sed

118 4856 160 4909 si
206 4855 255 4910 in
293 4872 622 4928 conspectum
669 4869 913 4914 nostrum
960 4871 1185 4928 prepere
1233 4859 1514 4921 veneritis;
1565 4873 1661 4911 nos

119 4962 317 5017 qque
347 4967 611 5006 recursum
643 4961 877 5006 veStrum
907 4952 958 5005 in
987 4952 1325 5018 Campaniam
1354 4966 1474 5004 cum
1515 4951 1661 5003 voln-

121 5048 260 5103 ptate
281 5043 652 5096 comitabimur.
688 5042 885 5096 Valete.
944 5109 953 5118 ι

660 5172 874 5226 EPIST.
917 5171 1088 5225 LXIII.

465 5297 770 5337 SYIIACHUS
807 5297 1084 5337 NIGOHMZHI
1123 5299 1294 5338 FILIIS.

185 5390 288 5446 Per
333 5393 589 5452 hominem
621 5410 798 5448 meum
845 5394 1045 5448 litteras
1089 5394 1359 5448 dederam.
1398 5393 1658 5446 Continuo

121 5479 284 5534 adfuit
307 5484 549 5546 Maximus
573 5527 589 5549 ,
618 5484 710 5554 qui
741 5485 872 5537 alias
899 5485 1186 5549 postularet
1224 5501 1236 5534 :
1272 5499 1436 5552 quare
1464 5485 1660 5535 saluta-

121 5570 308 5624 tionem
337 5576 604 5640 geminare
637 5591 743 5629 non
772 5576 954 5644 piguit.
991 5575 1247 5633 I‘i-mtcrea
1278 5578 1451 5643 exegit
1479 5590 1660 5629 recens

123 5663 326 5716 annuus
361 5680 512 5733 super
539 5667 772 5720 adventu
803 5665 997 5718 domini
1028 5675 1080 5718 et
1110 5665 1361 5732 principis
1390 5668 1575 5728 nostri,
1606 5674 1661 5717 ut

124 5765 212 5805 vos
233 5754 300 5807 de
320 5757 478 5812 reditu
508 5770 937 5822 cummouerem,
966 5771 1119 5822 quem
1144 5765 1404 5811 maturare
1437 5759 1657 5817 debetis,

1743 1428 2158 1480 Sollicitudinum
2209 1436 2360 1479 acuta
2412 1425 2695 1493 deponam.
2748 1424 2874 1476 Nam
2924 1424 3050 1476 tnihi
3101 1425 3168 1474 ob
3211 1423 3307 1474 alia

1743 1532 1953 1584 quoque
1975 1532 2115 1584 :egre
2142 1526 2226 1569 est
2256 1517 2436 1568 turbas
2466 1517 2646 1583 patriae
2672 1515 2942 1582 cogitanti,
2970 1528 3098 1582 quas
3130 1516 3310 1580 prtcci-

1748 1623 1848 1674 pue
1894 1610 2105 1660 movent
2146 1608 2196 1659 in
2243 1621 2396 1659 usum
2446 1607 2727 1658 militarem
2783 1603 2947 1671 petitd
2983 1604 3216 1657 servitia.
3250 1604 3312 1656 Et

1747 1713 1842 1752 nos
1872 1699 2081 1764 quidem
2113 1697 2315 1751 crebris
2345 1697 2587 1764 precibus
2630 1696 2937 1758 obnitimur,
2968 1704 3021 1748 et
3055 1695 3193 1747 diem
3220 1695 3313 1746 du-

1748 1789 1920 1839 cimus
1945 1787 2318 1853 supp'icaudo;
2342 1787 2558 1852 jamque
2587 1784 2651 1836 ad
2678 1786 2902 1851 pretium
2934 1785 3133 1850 argenti
3158 1784 3311 1849 quin-

1678 1857 1721 1913 Β
1750 1894 1850 1946 que
1896 1879 2146 1930 librarum
2191 1877 2380 1929 misera
2425 1877 2690 1928 oblatione
2731 1885 3040 1941 perventum
3071 1885 3173 1927 est.
3206 1875 3311 1928 Sed

1752 1984 1965 2031 vereor,
2017 1985 2083 2023 ne
2131 1983 2227 2022 nos
2256 1968 2474 2020 alterius
2503 1967 2577 2020 rei
2621 1966 2740 2035 luga
2785 1975 3009 2032 utroque
3038 1966 3313 2031 despotet,

1751 2062 2037 2115 Praefectus
2079 2059 2284 2128 agendo
2332 2060 2543 2126 negotio
2589 2059 2802 2123 segnior
2828 2058 3003 2119 visus,
3035 2057 3316 2122 Lampadio

1750 2164 2060 2205 successore
2105 2157 2337 2202 mutatus
2365 2157 2483 2211 est,
2515 2146 2666 2214 cujus
2711 2146 2945 2204 moribus
2983 2145 3317 2199 crediderunt

1752 2242 2099 2310 impossibilia
2150 2242 2471 2310 promoveri.
2517 2241 2664 2294 Nunc
2712 2250 2855 2308 peto,
2887 2249 2942 2292 ut
2990 2254 3072 2292 me
3100 2240 3317 2291 anxium

1751 2334 1953 2401 majOre
1979 2348 2124 2398 cura,
2172 2348 2289 2401 qua:
2319 2347 2415 2384 vos
2447 2332 2682 2399 respicit,
2714 2331 2957 2384 elevetis.
2991 2329 3118 2382 Nam
3150 2329 3319 2381 adlmc

1750 2425 2044 2480 discrucior
2085 2425 2287 2478 incerto
2317 2438 2414 2491 per
2438 2435 2638 2476 moram
2670 2422 2888 2484 servuli,
2918 2421 3007 2489 qui
3036 2421 3230 2473 dudum
3257 2422 3320 2472 ad

1753 2529 1846 2567 νινε
1892 2515 1962 2566 ob
2009 2516 2194 2568 eadem
2239 2513 2506 2568 noscenda
2551 2515 2783 2579 missus,
2816 2513 3041 2566 necdum
3082 2511 3319 2565 revertit.

1753 2606 1958 2660 Valete.

2332 2694 2546 2747 EI‘IST.
2589 2693 2746 2746 LXV.

2125 2801 2425 2838 SVMMLCHUS
2466 2800 2618 2838 NICOII
2631 2799 2744 2836 ACIII
2786 2797 2955 2835 FILIIS.

1824 2876 2110 2932 Scribenda
2142 2892 2245 2928 non
2274 2875 2506 2938 desunt,
2553 2875 2645 2928 sed
2695 2874 2878 2926 horret
2928 2871 3136 2924 animus
3184 2870 3322 2935 loqui

1755 2970 1884 3019 dura
1916 2975 2232 3018 memoratu.
2260 2962 2433 3016 Video
2459 2971 2632 3016 tamen
2679 2959 2871 3014 famam
2901 2976 3074 3014 rerum
3104 2960 3321 3012 urbana-

1756 3074 1872 3110 rum
1903 3070 2232 3124 nequaquam
2266 3068 2420 3121 posse
2447 3053 2708 3115 cohiberi,
2752 3066 2890 3118 quat,
2937 3060 2995 3104 ut
3025 3051 3136 3103 Iieri
3165 3059 3323 3113 amat,

1761 3151 1813 3202 in
1841 3148 2012 3214 majus
2037 3146 2321 3216 praesentia
2355 3143 2640 3197 nuntiabit.
2671 3141 2724 3195 Id
2757 3156 2823 3195 ne
2852 3141 3076 3203 accidat,
3111 3137 3322 3192 Brevia-

1761 3242 1840 3294 rio
1865 3240 2046 3292 addito
2073 3238 2338 3292 noscenda
2368 3237 2718 3291 discrevimus
2756 3253 2767 3287 :
2814 3243 2872 3288 ut
2918 3248 3088 3300 neque
3117 3232 3324 3294 litterae,

1760 3344 1878 3395 qua:
1906 3328 2055 3380 vobis
2078 3327 2450 3379 salutationem
2477 3325 2676 3389 ferunt,
2717 3324 2784 3377 de
2809 3323 3053 3376 sollicitis
3082 3322 3325 3373 amaritu-

1761 3417 1936 3471 dinem
1990 3417 2239 3482 trahant,
2285 3424 2340 3468 et
2387 3414 2732 3467 nihilominus
2764 3415 3035 3464 rumorum
3070 3412 3327 3462 licentiam

1763 3510 1894 3564 Iides
1921 3508 2218 3576 scriptionis
2248 3506 2515 3560 excludat.
2545 3504 2649 3560 Sed
2677 3504 2744 3557 de
2775 3502 2858 3554 bis
2887 3502 3158 3554 hactenus.
3187 3499 3332 3552 Filiae

1762 3617 1895 3653 mea:
1927 3599 2167 3653 valetudo
2195 3599 2407 3666 gravior
2438 3597 2566 3649 mihi
2603 3593 2813 3648 caneris
2842 3600 2944 3654 est,
2976 3591 3165 3653 quibus
3197 3604 3333 3648 nunc

1761 3691 1969 3742 animus
2013 3700 2311 3755 asperatur.
2363 3687 2622 3752 Exspecto
2671 3683 2828 3751 igitur
2874 3691 2934 3732 ιιι
2986 3680 3086 3739 illi,
3117 3679 3223 3730 Deo
3250 3678 3363 3745 Ᾰιιἰ

1763 3788 1916 3833 vante
1941 3820 1955 3843 ,
2006 3779 2068 3832 ad
2100 3781 2320 3831 salutem
2351 3791 2472 3831 esse
2516 3776 2691 3830 omnia
2745 3772 3023 3827 nuntietis.
3058 3770 3129 3822 De
3157 3785 3256 3837 qua
3288 3771 3329 3820 si

1761 3881 1886 3926 voto
1914 3882 2036 3939 apta
2065 3885 2396 3938 comperero,
2429 3883 2551 3935 pars
2583 3870 2680 3921 ista
2720 3867 2892 3918 solatii
2923 3878 3170 3917 curarum
3199 3877 3328 3930 quu-

1762 3979 1863 4031 quo
1888 3976 2126 4017 mearum
2158 3961 2359 4029 reliqua
2387 3958 2665 4022 mitigabit.
2700 3955 2906 4008 Valete.

2331 4047 2544 4102 EPIST.
2587 4045 2768 4100 LXVI.

2129 4154 2436 4194 εινιιιιιιειιυε
2475 4151 2750 4191 ΝΙΕΟΗΑΟΙῙΙ
2793 4149 2964 4188 FILIIS.

1832 4232 2019 4285 Paucis
2064 4245 2091 4282 a
2124 4231 2291 4297 patria
2320 4228 2505 4281 diebus
2533 4226 2796 4278 abfuimus
2821 4263 2836 4287 ,
2886 4232 2939 4274 et
2986 4219 3330 4274 theatralibus

1761 4322 1898 4374 ludis
1929 4321 2154 4373 reditum
2190 4327 2424 4371 nostrum
2456 4314 2701 4383 suffragia
2732 4313 2924 4366 civium
2955 4321 3330 4378 peposcerunt.

1764 4411 1870 4462 Nos
1913 4417 2088 4460 tamen
2133 4410 2291 4460 etiam
2343 4420 2482 4457 nunc
2518 4405 2875 4457 suburbanum
2925 4402 3022 4452 via:
3067 4398 3331 4452 Ostiensis

1762 4499 2039 4551 incolimus
2065 4537 2080 4562 ,
2113 4510 2382 4548 recursum
2420 4494 2676 4560 tantisper
2727 4499 3017 4552 morantes,
3048 4504 3112 4542 ne
3143 4503 3328 4555 preces

1764 4595 2101 4654 exspectasse
2148 4587 2441 4639 videamur.
2474 4583 2625 4649 Quod
2671 4583 2718 4636 'si
2765 4581 2936 4634 facere
2977 4595 3041 4633 ex
3072 4580 3331 4632 sententia

1767 4678 2036 4746 religionis
2069 4686 2169 4729 tua:
2201 4686 2355 4729 antea
2388 4674 2672 4728 voluissem
2698 4712 2714 4736 ,
2761 4672 3097 4728 etvitassem
3134 4670 3332 4734 pericu-

1769 4768 1901 4829 losa,
1936 4783 2052 4833 qna:
2087 4777 2202 4832 post
2230 4773 2410 4818 secuta
2444 4772 2588 4825 sunt,
2621 4771 2675 4814 et
2705 4761 3032 4826 exspectatio
3076 4761 3175 4811 mei
3219 4759 3331 4826 plus

1766 4858 2035 4923 dignitatis
2069 4855 2357 4907 habuisset.
2383 4855 2485 4907 Sed
2512 4869 2612 4905 una
2645 4853 2736 4905 fuit
2765 4852 2918 4919 hujus
2945 4852 3148 4904 consilii
3179 4854 3331 4913 ratio,

1769 4963 1836 5000 ne
1864 4947 2170 5014 Quibusdam
2219 4946 2334 4998 loco
2367 4945 2547 5011 pulsus
2576 4945 2804 5005 viderer,
2846 4951 2900 4996 et
2926 4943 3222 4995 verecunda
3257 4944 3333 4993 di-

1768 5038 1966 5092 scessio
1995 5045 2225 5090 verteret
2270 5038 2322 5088 in
2370 5044 2546 5088 notam
2585 5033 2896 5086 timiditatis.
2932 5033 3005 5085 De
3038 5033 3215 5086 Siculo
3244 5048 3330 5082 ne-

1769 5128 1908 5195 g0tio
1936 5136 2111 5179 vestro
2136 5136 2350 5179 sanctus
2368 5128 2633 5178 Comazon
2662 5137 2746 5176 me
2777 5137 2986 5191 quoque
3014 5121 3334 5176 assentiente

1772 5220 2058 5287 rescripsit.
2082 5217 2230 5272 Circa
2263 5232 2375 5271 rem
2405 5228 2638 5271 nostram
2662 5215 2890 5290 Siculam
2922 5211 3188 5267 turbidum
3217 5228 3334 5267 esse

1772 5309 2068 5362 Nectarium
2100 5309 2296 5363 indicio
2339 5317 2496 5362 erunt
2523 5309 2728 5367 littertte,
2759 5320 2890 5372 quas
2919 5316 3086 5371 nuper
3113 5305 3332 5358 Euscius

1775 5399 1937 5452 misit.
1965 5399 2092 5452 Peto
2122 5414 2281 5465 ergo,
2330 5410 2385 5450 ιιι
2415 5398 2572 5451 homo
2602 5411 2775 5450 rerum
2809 5395 3040 5460 nescius,
3068 5398 3154 5462 qui
3182 5396 3330 5448 cubi-

1769 5489 1888 5541 culo
1914 5490 2126 5543 clausus
2152 5489 2316 5540 otium
2343 5488 2505 5553 fovet,
2532 5488 2731 5555 scripto
2767 5502 2794 5537 a
2824 5485 2972 5539 vobis
3002 5497 3334 5558 coercentur,

1770 5594 1835 5632 ne
1865 5588 1982 5646 post
2009 5579 2074 5631 de
2101 5578 2292 5631 Euscio
2325 5578 2478 5630 aliter
2508 5578 2721 5638 sentiat,
2752 5575 2794 5627 si
2825 5575 3044 5628 validius
3068 5575 3212 5641 justo
3239 5591 3333 5627 no-

1770 5679 1873 5719 stra
1901 5667 2216 5731 defenderit.
2240 5666 2410 5733 Ipsam
2441 5665 2673 5716 hominis
2697 5663 2862 5716 nostri
2885 5664 3160 5729 epistolam
3191 5665 3327 5725 ιιιιμι,

1773 5768 1826 5812 ιιι
1853 5759 2159 5812 tentamcuti
2188 5758 2522 5812 insolentiam
2549 5756 2615 5809 de
2647 5758 2760 5818 ejus
2783 5754 3015 5808 moribus
3037 5757 3328 5814 xstimetis,
