3826 6354
117 388 201 441 235
1251 389 1720 443 EPISTOLHIUM
1763 390 1957 443 LIBIZII
2007 392 2110 443 Vll.

113 515 196 566 que
219 500 321 551 ideo
345 498 544 551 itineris
574 499 842 552 ulterioris
870 499 1143 565 ambiguus
1174 514 1341 566 usque
1367 499 1429 550 ad
1461 498 1630 562 profe-
1659 505 1710 559 Α

112 602 227 642 rlum
252 590 674 642 deliberationem
705 602 1002 658 sequestro.
1047 591 1179 654 Quid
1224 591 1322 658 ipsi
1366 591 1429 644 de
1458 591 1629 644 reditu

112 689 183 730 aut
207 677 462 730 suburbata
487 678 909 732 commoratione
935 679 1248 741 statueritis,
1281 687 1402 732 avet
1423 678 1630 731 animus

113 769 304 822 edoceri.
330 769 465 822 Vale.

587 839 801 895 EPIST.
845 839 1096 893 LXXVII.

419 941 728 981 SYIIACHUS
767 942 1043 981 NICOMACIII
1086 941 1256 980 FILIIS.

166 1005 392 1069 Anleveiii
433 1019 864 1083 inquisitionem,
913 1033 1032 1071 cum
1061 1033 1158 1070 vos
1189 1019 1444 1071 sollicitos
1485 1017 1626 1080 fore,

111 1108 226 1173 quod
251 1123 406 1160 essem
429 1110 615 1160 morbo
645 1118 954 1170 aatcntatns,
978 1109 1331 1161 adverterem.
1360 1107 1421 1160 Et
1447 1121 1629 1174 quam-

113 1197 176 1249 \IS
215 1200 340 1250 ultro
388 1201 692 1264 δοιὶρειιτιηι
720 1201 918 1252 doloris
967 1201 1069 1253 mei
1115 1199 1335 1252 adversa
1368 1198 1567 1251 lenuari
1612 1214 1624 1248 :

105 1287 336 1339 almlendae
351 1299 520 1340 tamen
535 1289 902 1342 sollicitudinis
915 1303 1073 1341 causa
1092 1289 1229 1356 (qua:
1243 1288 1376 1354 apud
1392 1296 1629 1340 amantes

105 1393 280 1443 semper
309 1378 568 1431 incredula
592 1383 697 1440 e-t)
723 1394 859 1432 nunc
887 1394 1096 1447 quoque
1129 1378 1332 1439 nuntio,
1357 1380 1397 1429 si
1428 1377 1625 1430 dictum

106 1467 476 1520 ιιιιΗιιςΐιιιιιιιιςε
505 1471 637 1520 livor
654 1456 946 1533 εσηδιεὶιιρῇ
967 1470 1019 1522 in
1050 1467 1387 1521 concordiam
1420 1482 1622 1520 mecum

104 1559 340 1610 sanitatem
378 1559 560 1611 redire.
596 1559 701 1612 Sed
735 1559 964 1611 nondum
1002 1574 1215 1612 sensum
1248 1573 1436 1621 meum
1466 1572 1622 1625 pene-

3190 394 3290 447 ~286

2275 499 2483 552 EI’IST.
2531 500 2757 552 LXXIX.

2099 602 2398 640 SVMIACHUS
2435 603 2717 642 NICOIACHI
2758 604 2928 642 FILIIS.

1805 695 1992 749 Ᾱὲἱινυιη
2023 705 2232 749 maneat
2261 696 2344 750 hic
2370 697 2503 764 dies,
2534 700 2620 765 qui
2652 707 2702 750 te
2735 699 2915 760 nobis,
2947 700 3050 753 filia
3074 746 3088 764 ,
3121 703 3286 756 dedit.

1733 785 1883 839 Ilunc
1904 801 2000 853 ego
2031 794 2084 837 et
2127 785 2330 853 gaudiis
2359 789 2567 852 mentis,
2597 799 2650 840 et
2677 788 2958 840 verborum
3001 789 3290 842 Imuonbns

1733 877 2046 943 permultos
2099 891 2354 929 annorum
2396 891 2640 930 recursus
2680 878 2948 931 vobiscum
2989 888 3113 946 opto
3149 881 3284 934 cele-

1733 967 1906 1028 brare,
1954 966 2184 1033 adjicere
2213 966 2374 1020 etiam
2421 967 2548 1019 mihi
2580 968 2845 1035 ingravata
2872 1007 2887 1032 ,
2941 968 3032 1021 libi
3059 970 3287 1036 jucunda

1731 1061 2061 1111 munuscula.
2089 1059 2153 1112 Ut
2177 1073 2315 1112 nunc
2339 1058 2529 1112 lineam
2560 1061 2711 1123 misi;
2738 1060 2886 1128 cujus
2904 1069 3075 1129 potest
3093 1061 3289 1114 oblatio

1729 1149 1918 1213 exigua
1944 1164 2044 1201 non
2071 1149 2268 1211 videri,
2312 1149 2356 1201 si
2389 1151 2554 1218 magis
2591 1151 2693 1204 mei
2721 1150 2771 1204 in
2797 1165 2891 1204 vos
2916 1153 3100 1225 animi,
3129 1167 3284 1221 quam

1729 1241 1808 1292 sui
1843 1240 1992 1308 pretii
2025 1241 2376 1294 mslimatione
2408 1243 2681 1309 pendalur.
2708 1243 2856 1296 Vale.

2252 1355 2481 1425 ,i-misr.
2524 1355 2730 1408 LXXX.

2087 1459 2392 1498 δτωιιειιυξ
2431 1461 2704 1499 ΜΟΟΜΔΟΙΙΙ
2748 1462 2913 1499 ΠῌΙς.

1795 1554 2029 1608 Natalem
2072 1554 2298 1607 domina:
2345 1554 2464 1608 filize
2511 1571 2672 1620 meae,
2705 1571 2857 1624 quem
2899 1573 2987 1623 per
3017 1572 3271 1612 annorum

105 1654 187 1696 lrat
212 1647 473 1698 amoenitas
513 1647 776 1700 littoralis.
819 1648 946 1701 Nam
980 1658 1035 1701 ut
1077 1665 1139 1701 ex
1173 1649 1325 1717 longa
1359 1649 1519 1700 maris
1543 1648 1626 1716 ja-
1727 1659 1973 1697 recursus
2018 1657 2259 1710 optamus
2285 1659 2405 1698 esse
2433 1661 2802 1710 numerosum,
2829 1649 3094 1700 vobiscum
3122 1664 3277 1715 agon:

110 1735 524 1788 rationesubilis
548 1752 762 1802 gressus
793 1752 913 1790 sero
943 1749 1248 1804 reparatur:
1279 1740 1356 1790 sic
1385 1747 1623 1804 tempore
1725 1743 1777 1787 et
1825 1734 2136 1801 participare
2176 1734 2498 1797 voluissem,
2539 1737 2638 1788 nisi
2689 1737 2960 1805 preposilo
3004 1739 3283 1791 restitiss:t

104 1838 209 1888 opus
229 1833 318 1884 est,
340 1834 393 1876 ut
417 1826 540 1878 tanti
566 1827 686 1878 ntali
715 1827 952 1879 decessio
976 1828 1145 1878 IOCUIH
1171 1829 1324 1880 faciat
1344 1811 1618 1895 vol‘uptati.
1652 1850 1696 1909 Β
1726 1823 1970 1876 imbrium
2011 1824 2354 1876 continuatio.
2386 1824 2674 1893 Fuugimur
2700 1836 2872 1879 tamen
2903 1827 3146 1893 religioso
3178 1827 3274 1878 ho-

105 1913 212 1979 llrgo
235 1929 390 1981 neque
415 1913 708 1977 Formiana:
735 1933 862 1980 orm,
893 1932 1061 1985 neque
1101 1917 1464 1971 a-dilicalionis
1490 1933 1621 1972 mea:
1724 1929 1854 1966 tiore
1890 1913 2108 1980 jucundi
2158 1915 2486 1969 munusculi:
2519 1925 2789 1982 petentes,
2828 1927 2884 1968 ut
2934 1919 3281 1984 uisceptiouis

104 2005 319 2068 tantisper
338 1997 492 2055 ullam
515 2007 670 2074 capio
696 2008 1046 2060 dulcedinem.
1066 2008 1168 2061 Sed
1196 2010 1327 2069 bare,
1360 2017 1416 2060 ut
1441 2021 1614 2074 spero;
1723 2003 2043 2071 benignitate
2067 2003 2206 2056 oblat
2229 2005 2346 2056 onis
2375 2005 2586 2057 exilitas
2611 2017 2881 2071 augentur.
2928 2005 3073 2059 Vale.

101 2097 242 2191 omnia
278 2109 386 2145 cum
421 2096 561 2191 bono
581 2096 895 2191 valetudinis
925 2108 1282 2191 revertentur,
1307 2111 1533 2164 moxque
1553 2096 1618 2148 ad
2260 2133 2467 2191 Epig];
2506 2134 2718 2187 ιχχχι

103 2183 297 2234 Ιωιίιῑίιιιι
319 2186 481 2237 vestri
508 2187 670 2238 animi
699 2188 832 2254 stylo
864 2201 982 2238 meo
1021 2186 1404 2239 communicata
1437 2198 1617 2253 perve-
2081 2171 2403 2279 ﬂung”:
2421 2171 2884 2283 ;c:“"A:|;"fle

101 2274 231 2324 hient.
265 2273 406 2328 Vale.

577 2344 790 2398 EPIST.
833 2343 1109 2397 LXXVIII.

1789 2336 1986 2388 Omnes
2008 2336 2070 2387 all
2100 2349 2195 2386 nos
2225 2335 2446 2387 natalitii
2469 2336 2694 2388 convivii
2721 2337 2898 2403 cupias
2923 2337 3278 2390 lranstulistis.

1720 2425 1850 2480 Sed
1879 2442 2038 2479 unum
2089 2427 2286 2488 de’uit,
2334 2425 2613 2491 quominus
2665 2425 2731 2477 ad
2773 2435 3009 2479 nostrum
3050 2426 3280 2479 animum

1719 2516 2040 2569 redundaret
2090 2516 2242 2582 plena
2293 2515 2549 2567 festivitas
2597 2532 2607 2565 :
2655 2516 2793 2583 quod
2849 2532 2953 2569 non
3008 2517 3278 2570 vobiscum

1723 2608 1891 2674 potius
1946 2618 2135 2658 cuneta
2200 2605 2626 2672 consumpsimus
2680 2623 2693 2657 :
2741 2621 2964 2674 quormn
3015 2609 3279 2662 contuitus

1719 2707 1876 2764 atque
1897 2699 2097 2749 conviet
2109 2712 2168 2751 us
2183 2698 2556 2750 commendare
2580 2713 2951 2765 nonnunquam
2966 2698 3101 2751 solet
3116 2700 3275 2751 etiam

1720 2805 1871 2856 parca
1894 2789 2152 2842 convivia.
2189 2791 2359 2855 Quare
2385 2797 2436 2841 et
2459 2790 2627 2852 vobis,
2651 2799 2704 2841 et
2735 2790 2997 2842 communi
3035 2789 3236 2856 pignori
3260 2831 3275 2852 ,

1717 2880 1866 2947 cujus
1913 2881 2201 2932 solemnem
2233 2880 2371 2931 diem
2400 2879 2577 2931 Sedula
2628 2878 2878 2946 religione
2919 2880 3228 2933 celebrastis
3254 2919 3269 2942 ,

1719 2969 1910 3022 uberes
1972 2982 2249 3034 precamur
2300 2983 2506 3028 annos.
2560 2984 2825 3022 reenr‘um
2857 2969 2909 3022 in
2956 2969 3067 3022 ba'c
3095 2970 3276 3023 eadem

1717 3059 1848 3114 festa
1874 3072 2233 3111 numerosum.
2261 3058 2422 3111 Decet
2450 3061 2588 3111 enim
2613 3060 2726 3126 pios
2752 3041 2996 3125 parentes
3017 3061 3275 3113 inoffensa

1717 3152 1955 3206 felicitas.
2001 3149 2160 3203 Nobis
2199 3149 2424 3218 'l'ybnris
2462 3165 2585 3200 aura
2647 3151 2934 3210 blanditur;
2966 3150 3058 3204 sed
3097 3162 3274 3204 contra

1718 3252 1996 3309 exasperat
2015 3241 2246 3293 animum
2269 3240 2406 3293 male
2427 3239 2570 3309 gc'sta
2595 3243 2727 3293 ratio
2755 3243 3067 3295 villieorum.
3094 3241 3274 3311 Neque

1718 3347 1843 3401 ager
1861 3332 2066 3385 cultura
2100 3333 2257 3395 nitet,
2289 3342 2342 3384 et
2375 3331 2636 3384 fruetuum
2673 3349 2792 3396 pars
2821 3348 3007 3400 magna
3037 3333 3275 3393 debetur.

1721 3424 1952 3491 nihilque
1990 3424 2096 3490 jam
2147 3423 2355 3476 colonis
2384 3433 2627 3491 superest
2658 3423 2995 3488 facultatum,
3025 3423 3161 3492 quod
3190 3435 3273 3477 aut

1723 3513 1908 3566 rationi
1941 3513 2248 3580 opituletur,
2281 3523 2369 3566 aut
2398 3513 2580 3565 cultui.
2615 3513 2760 3567 Vale.

577 2344 790 2398 EPIST.
833 2343 1109 2397 LXXVIII.

227 2501 232 2508 ι
417 2446 722 2486 εγυιυιειιυε
761 2448 1038 2485 NICODIACIII
1082 2447 1252 2485 FILIIS.

153 2519 260 2572 Cum
287 2520 406 2573 mibi
440 2538 568 2587 puer
593 2535 765 2575 vester
789 2539 942 2575 unam
968 2524 1243 2588 epistolam
1269 2523 1614 2580 reddidisset:

97 2620 140 2662 ut
167 2612 481 2666 rescriberem
515 2614 781 2679 protinus,
827 2623 1068 2680 tanquam
1099 2629 1217 2666 mox
1258 2614 1522 2666 rediturus
1551 2613 1616 2666 ad

96 2714 172 2751 \os
190 2703 423 2754 incubuit.
458 2701 562 2754 Sed
593 2711 644 2754 ul
676 2703 834 2754 didiri
857 2743 870 2767 ,
902 2704 1009 2769 ipse
1031 2704 1095 2755 ad
1128 2704 1375 2754 ulteriora
1400 2716 1617 2754 conten-

95 2790 221 2846 deus,
250 2789 448 2842 mimica
479 2805 605 2842 usus
634 2800 714 2842 est
744 2792 950 2853 leCIltl-I,
982 2805 1084 2856 quo
1116 2793 1354 2858 paginam
1382 2799 1612 2842 rostrum

94 2897 241 2935 eomes
276 2885 382 2951 ejus
421 2885 670 2937 Rusticus
706 2886 1029 2952 deportaret.
1073 2882 1161 2936 Ille
1206 2882 1422 2935 alteram
1478 2896 1615 2933 nunc

93 2988 321 3039 regressus
343 2980 562 3043 accepit.
592 2976 784 3030 Ridere
806 2991 899 3028 vos
925 2975 1171 3039 arbitror,
1219 2972 1357 3042 quod
1386 2988 1482 3039 ego
1501 2987 1615 3025 ser-

93 3064 164 3112 \ili
196 3064 607 3134 (ireinnsrriptns
647 3068 892 3134 struplia,
944 3079 1035 3131 pro
1065 3073 1207 3116 sorte
1244 3062 1468 3130 simplici
1516 3063 1610 3114 dit-

95 3153 206 3216 plnm
250 3156 510 3209 solventi.
560 3156 692 3209 Nam
735 3157 956 3209 callidus
984 3154 1229 3218 vernula,
1275 3153 1412 3220 quod
1447 3151 1624 3224 semel

93 3246 288 3310 pertulit,
319 3247 394 3298 bis
420 3248 642 3313 recepit.
678 3247 958 3314 Pergerem
992 3245 1216 3310 longius,
1254 3245 1296 3295 si
1320 3243 1610 3310 adjicienda

92 3345 405 3399 suppeterent.
431 3339 535 3390 Vos
569 3339 621 3390 in
649 3339 937 3406 propinquo
962 3337 1126 3398 urbis,
1152 3335 1442 3389 «elebriote
1475 3334 1612 3386 fama

92 3441 238 3477 ternm
264 3429 425 3495 agitis,
447 3438 498 3482 et
529 3430 645 3497 pari
673 3426 803 3480 etio.
827 3425 1072 3479 Vestrum
1100 3434 1179 3478 est
1202 3424 1383 3491 procul
1416 3423 1614 3489 positos

90 3517 228 3572 ditare
252 3523 513 3588 comperti.
552 3522 704 3572 Val».

936 3759 1433 3929 LIBER
1526 3821 2355 3925 SEPTIMUS.

522 4004 853 4059 IiPISTOIA
895 4003 1124 4058 PIIIIIA.

412 4112 723 4149 SYIIBIACIIL'S
764 4111 814 4147 δὶ
829 4111 1034 4149 ιιιιλειιο
1076 4111 1232 4148 HLIt).

141 4207 281 4258 Sume
307 4205 478 4258 alacer
512 4205 720 4270 t-a'erui
753 4210 1012 4256 sermonis
1041 4204 1353 4270 :Insyicium,
1383 4212 1436 4255 et
1462 4203 1608 4254 dein-

2337 4004 2546 4059 EI‘IST.
2591 4007 2674 4060 III.

2235 4108 2543 4150 SVIHIACIIUS
2589 4113 2749 4151 l-‘lLIOo

1779 4201 2049 4255 Secundas
2076 4202 2140 4253 ad
2185 4204 2556 4256 amabilitalem
2586 4214 2724 4256 tuam
2776 4207 2975 4261 litteras
3003 4211 3182 4273 mitto,
3215 4223 3269 4267 ut

84 4308 186 4360 ceps
205 4297 350 4348 officii
374 4297 554 4363 parilis
573 4296 624 4346 in
647 4309 747 4346 nos
765 4305 878 4346 esto
896 4295 1190 4346 munificus.
1216 4294 1380 4347 Simul
1403 4295 1601 4358 accipe,
1705 4293 1771 4343 sit
1793 4293 2073 4346 assiduitas
2099 4293 2198 4346 tnei
2229 4296 2488 4347 sermonis
2510 4296 2714 4363 utrique
2737 4297 2944 4350 solatio.
2970 4298 3047 4353 Tu
3067 4317 3272 4370 quoque

81 4386 195 4450 quod
217 4400 330 4443 voto
361 4398 448 4439 ltto
469 4388 748 4450 congruit,
778 4385 942 4438 fasres
973 4394 1214 4454 praeturas
1244 4395 1376 4459 tua},
1402 4385 1452 4437 in
1483 4399 1600 4438 eum
1636 4445 1677 4459 ﬁ
1706 4381 1934 4433 studium
1985 4398 2157 4434 meum
2189 4423 2202 4445 ,
2234 4386 2442 4451 quoties
2470 4384 2714 4438 dominus
2750 4398 2803 4439 et
2833 4389 2995 4441 frater
3023 4399 3140 4443 tuus
3184 4409 3266 4444 oc.

80 4489 244 4526 annum
291 4475 514 4530 feliciter
542 4475 914 4542 proferendos,
947 4479 1026 4528 eui
1049 4478 1307 4529 advocata
1335 4475 1604 4528 numinum
1636 4445 1680 4502 θ
1709 4471 1950 4522 casiones
2005 4473 2292 4535 repererit,
2339 4473 2587 4524 remulare
2621 4489 2634 4525 :
2668 4483 2718 4525 et
2745 4475 2886 4528 salus
2915 4485 3000 4529 tua
3035 4479 3158 4531 Inibi
3187 4495 3267 4534 se-

80 4568 336 4629 voluntate,
366 4581 464 4634 ego
491 4580 706 4633 quoque
737 4566 887 4619 Icelus
922 4567 1179 4619 intersim.
1224 4566 1412 4634 Optato
1451 4565 1617 4631 igitur
1708 4562 1983 4614 curitatem
2015 4561 2239 4624 tribuat,
2265 4571 2316 4614 et
2339 4561 2653 4630 scriptorum
2704 4563 3002 4632 jucunditas
3035 4570 3266 4639 volupta-

78 4652 230 4706 l1etare
251 4671 524 4722 processu,
555 4668 611 4711 et
655 4665 968 4723 proiiagutos
999 4655 1088 4707 tibi
1115 4669 1281 4707 annos
1304 4656 1421 4704 vita:
1450 4661 1604 4718 atque
1709 4667 1832 4709 lem.
1863 4656 2007 4709 Vale.

79 4739 263 4798 honoris
289 4745 642 4815 interpretare
673 4763 686 4796 ι
714 4747 949 4811 longiora
973 4747 1109 4797 i-nim
1136 4744 1285 4806 fiunt,
1316 4760 1431 4812 qua:
1457 4744 1596 4797 dill'e‘

77 4845 250 4887 runtur.
275 4834 374 4890 Nec
395 4837 611 4889 dubites
643 4836 852 4900 utrique
882 4845 1117 4886 nostrum
1144 4836 1476 4902 prospexisse
1505 4838 1605 4887 lor-

75 4927 265 4988 tunarn;
311 4937 366 4979 ut
409 4940 461 4982 et
514 4940 640 4981 tuus
680 4927 1016 4992 magistratus
1062 4925 1274 4992 juvetur
1327 4926 1600 4994 prsesentia

76 5014 231 5080 patris,
254 5024 305 5068 et
334 5017 587 5071 fcitoruin
625 5027 833 5069 tuorum
863 5017 1128 5083 voluptate
1158 5031 1336 5069 coram
1367 5017 1598 5068 delruar.

78 5098 200 5155 Vale.

2313 4747 2525 4801 EI’IST.
2566 4748 2654 4800 IV.

2231 4853 2537 4892 FVHIACIIUS
2576 4854 2730 4893 FILIO.

1773 4927 2100 4981 Circensium
2153 4930 2475 4980 solernnitati
2532 4933 2822 4984 consularis
2874 4934 3258 5001 magnificentia

1706 5017 1979 5070 satisfecit.
2010 5018 2269 5069 Ludornm
2297 5017 2470 5071 adhuc
2491 5029 2543 5071 et
2572 5023 2804 5074 muneris
2823 5023 3260 5092 splendidissima:

1707 5111 1980 5160 imminent
2009 5107 2333 5170 fuitetiones;
2361 5110 2551 5177 quibus
2580 5121 2703 5164 ante
2739 5112 3045 5166 Februarias
3071 5131 3256 5183 nonas,

1705 5207 1760 5248 ut
1811 5201 2108 5265 Opinamur,
2161 5199 2418 5263 impletis,
2461 5202 2560 5255 iter
2607 5203 2671 5252 ad
2721 5213 2895 5256 nostra
2939 5206 3256 5276 relegemus.

1703 5287 1824 5341 Haec
1847 5305 1911 5342 eo
1939 5290 2146 5351 scribo,
2197 5301 2245 5342 ut
2281 5290 2457 5344 uetiti:
2484 5292 2820 5347 amabilitatis
2860 5305 2959 5350 tum
3006 5312 3099 5366 spe
3144 5315 3258 5353 me-

1704 5379 1832 5432 liore
1864 5389 2126 5445 pascatur.
2160 5378 2310 5432 Vale.

2327 5469 2535 5523 EPIST.
2567 5472 2629 5524 V.

2235 5575 2533 5615 εϊιιλιλοῐιυε
2562 5577 2718 5615 ΗΗΟ.

1717 5711 1722 5714 ,
1772 5651 1944 5704 Credo
1966 5651 2096 5703 alias
2123 5651 2324 5703 litteras
2347 5667 2491 5706 meas
2512 5656 2562 5704 in
2593 5669 2776 5706 manus
2798 5655 3130 5710 amabilitatis
3155 5669 3256 5712 luas

1648 5774 1656 5783 -
1703 5753 1828 5796 ante
1880 5753 2145 5798 venturas.
2202 5743 2368 5810 llnjus
2419 5759 2642 5812 namque
2692 5747 2926 5814 epistola:
2979 5750 3255 5816 portitores

675 5195 885 5250 EPIST.
928 5197 986 5250 ll.

572 5302 878 5340 SIHMACUUS
918 5303 1072 5340 FILIO.

131 5368 216 5424 Ubi
242 5374 456 5438 primum
484 5376 758 5445 scribendi
788 5378 912 5431 mibi
942 5379 1006 5432 ad
1036 5393 1129 5432 vos
1156 5378 1358 5446 copiam
1385 5379 1601 5432 familia-

76 5474 137 5510 ris
171 5460 370 5532 ingessit
397 5461 642 5536 occasio,
667 5484 772 5522 non
796 5468 970 5523 distuli
1002 5471 1315 5525 desiderium
1350 5472 1426 5523 tui
1467 5474 1598 5524 scri-

76 5550 226 5612 mione
249 5559 420 5612 testari
446 5576 459 5611 :
487 5569 544 5613 ut
574 5560 766 5613 salutis
796 5573 925 5613 mea:
954 5570 1130 5613 certus
1163 5570 1298 5613 tuam
1332 5575 1513 5620 cures.
1547 5570 1600 5613 et

76 5639 266 5777 :Mndc
288 5648 578 5704 absentiam
610 5665 785 5704 nte-im
827 5649 1074 5703 litteraria
1103 5649 1369 5718 voluptate
1394 5651 1595 5705 SOICI‘IS.

116 5730 204 5777 ale.

116 5730 204 5786 ale.
