3826 6364
487 438 589 490 237

1652 430 1715 494 ρ.
1759 426 2102 483 auusuus
2143 425 2581 479 svunacuus.
3633 427 3721 479 ass

488 548 632 600 lento
678 545 863 597 itinere
914 543 1103 596 mulos“
1126 541 1345 595 reduces
1379 548 1785 607 prosequentur.
1841 537 1949 605 Ego
1982 544 2055 586 ta-
2090 542 2132 592 Α
2165 534 2303 585 tibus
2329 533 2540 599 scriptis
2564 530 2615 584 iit
2644 534 2879 585 notitiam
2911 542 3050 585 tuam
3084 533 3328 586 similiter
3351 543 3593 597 ventura,
3621 552 3717 604 qua:

490 651 607 689 men
641 633 975 687 salutationis
1000 645 1220 687 munere
1242 629 1513 683 abstinere
1539 643 1645 681 non
1677 627 1822 695 potui
1859 644 1870 677 :
1904 624 2063 677 malui

491 728 631 779 enim
664 724 958 797 redundare
985 721 1217 775 olﬁcium
1248 734 1369 774 sero
1398 718 1714 788 perfectum,
1741 732 1896 785 quam
1926 714 2067 769 desi-

490 818 766 871 deraretur
796 815 1073 869 omiSSum.
1101 812 1229 866 Tute
1259 812 1595 865 amabilitatis
1639 810 1862 863 necdum
1910 808 2066 860 ullam

492 905 769 971 epistolam
794 905 1014 969 sumpsi,
1038 916 1220 971 quaeso
1239 910 1295 955 ut
1317 900 1473 967 hujus
1495 900 1583 952 tibi
1604 898 1840 953 muneris
1861 911 2066 951 summa

492 997 699 1048 curatio
726 995 814 1049 sit.
864 994 942 1046 Ex
973 1001 1067 1045 tuo
1106 992 1248 1046 enim
1290 991 1464 1046 metiri
1493 990 1671 1043 animo
1701 1000 1854 1057 p0tes
1876 1028 1892 1052 ,
1939 988 2065 1056 quid

494 1085 773 1139 lcvamiuis
818 1082 1126 1138 absentibus
1166 1081 1361 1135 tribuat
1404 1078 1690 1135 assiduitas
1738 1076 2065 1146 scriptionis.

493 1172 644 1229 Vale.

1110 1260 1317 1313 Et’lS’I’.
1360 1257 1448 1312 Vl.

1033 1363 1337 1403 SYIIDIACIIIJS
1369 1363 1527 1402 FILIO.

561 1436 901 1494 Desideratas
915 1440 1152 1507 proxime
1162 1438 1503 1491 amabilitatis
1518 1447 1617 1490 tua:
1632 1436 1831 1491 litteras
1843 1436 2066 1503 sumpsi,

492 1528 1043 1597 quibus‘indicabatur
1068 1537 1121 1582 et
1152 1526 1403 1581 sedulitas
1421 1527 1582 1581 animi
1606 1529 1699 1591 tui,
1733 1536 1785 1581 et
1808 1527 2073 1593 profectus

492 1620 713 1688 ingenii.
759 1620 885 1674 Sola
923 1621 1162 1687 epis:ol:e
1208 1620 1441 1674 brevitas
1488 1634 1820 1687 nequaquam
1854 1628 2072 1686 paterno

492 1712 766 1766 desiderio
808 1712 1084 1766 satisfecit.
1121 1712 1273 1776 Quod
1305 1724 1371 1765 eo
1418 1710 1627 1775 scribo,
1672 1718 1729 1764 ut
1775 1710 2071 1776 intelligas.
2140 1703 2150 1708 ’

500 1812 751 1869 quantum
791 1817 855 1856 ex
905 1816 1151 1856 sermone
1191 1813 1280 1854 tuo
1342 1800 1575 1868 ceperim
1621 1800 1933 1867 voluptatis,
1983 1800 2072 1868 qui

2167 625 2423 693 gaudeas.
2462 624 2611 678 Vale.

2781 693 2993 749 EPIST.
3040 694 3125 747 XI.

2697 797 3005 836 St‘lﬂlACIIUS
3034 798 3189 837 FILIO.

2237 873 2482 940 Assurgit
2535 872 2746 926 animus
2780 888 2926 926 meus
2950 916 2966 940 ,
3017 875 3225 942 quoties
3252 875 3599 929 amabilitatis
3639 885 3723 928 tunc

2166 978 2347 1019 sermo
2368 966 2627 1020 defertur.
2654 966 2782 1033 Nam
2805 976 2859 1020 et
2882 968 3119 1020 sanitatis
3149 976 3252 1020 ture
3282 978 3533 1035 apportet
3565 969 3719 1029 Iidem,

2166 1067 2220 1109 et
2251 1057 2545 1123 profectum
2575 1058 2810 1111 ostendit
2849 1058 3065 1125 ingenii.
3121 1059 3313 1112 llortor
3341 1060 3522 1129 igitur,
3571 1069 3625 1113 ut
3653 1077 3719 1113 me

2171 1147 2469 1213 hujusmodi
2501 1149 2691 1216 linguae
2723 1148 2956 1202 flosculis
2986 1150 3287 1218 frequenter
3316 1165 3586 1218 aspergas.
3628 1150 3718 1205 Nec

2172 1240 2329 1294 ullam
2367 1240 2715 1294 cessationem
2759 1240 2849 1294 tibi
2889 1239 3154 1304 vindices,
3184 1240 3308 1294 dum
3335 1242 3605 1305 aestimas,
3653 1258 3720 1294 nte

2171 1330 2319 1384 brevi
2357 1330 2681 1384 adfuturum.
2721 1330 2962 1384 Planiora
3009 1330 3150 1383 enim
3198 1329 3358 1391 ﬁent.
3409 1341 3463 1385 et
3510 1330 3721 1384 faciliora

2171 1422 2351 1476 omnia
2392 1421 2456 1473 ad
2505 1420 2921 1489 recurrentium,
2965 1420 3008 1474 si
3034 1420 3242 1490 paginis
3288 1420 3393 1476 tuis
3434 1424 3723 1477 revertentis

2174 1500 2389 1564 animus
2414 1510 2685 1565 incitetur.
2721 1509 2868 1563 Vale.

2781 1599 2994 1657 EI’IST.
3034 1600 3148 1655 XII.

2715 1704 3021 1745 εὶίωιΑοιίυε
3050 1705 3210 1744 ιιιιο.

2246 1781 2489 1849 Magnum
2512 1781 2563 1833 in
2587 1780 2801 1834 modum
2821 1779 3127 1834 sollicitavit
3148 1794 3232 1834 me
3252 1780 3620 1849 inazqualitatis
3638 1788 3721 1835 tua:

492 1907 691 1960 queror
709 1894 915 1959 copiam
949 1892 1201 1947 defuisse.
1219 1891 1354 1958 Quis
1382 1892 1523 1953 enim
1551 1900 1699 1959 optet
1722 1892 2053 1956 satietatem,
2089 1879 2133 1937 Β
2162 1874 2376 1928 nuntius
2396 1912 2409 1935 ,
2438 1871 2559 1925 licet
2588 1872 2848 1925 securitas
2874 1870 3116 1925 sanitatis
3140 1871 3329 1926 iisdem
3371 1872 3562 1925 litteris
3591 1882 3718 1926 esset

497 1983 596 2037 nisi
652 1999 827 2037 rerum
875 1975 1177 2038 bonarum?
1224 1982 1450 2038 Posthac
1498 1984 1653 2052 igitur
1708 1984 2068 2050 indulgentius
2112 2034 2116 2039 .

493 2074 691 2141 scribe,
714 2074 811 2128 lux
839 2089 973 2136 mea,
1005 2084 1061 2128 ut
1084 2075 1321 2143 pleniore
1360 2074 1484 2145 styli
1528 2079 1600 2129 tui
1640 2090 1863 2129 munere
1892 2076 2069 2137 legen-

497 2165 565 2219 tis
591 2165 800 2221 attitnus
830 2168 1123 2234 expleatur.

887 2240 893 2248 '
1105 2256 1319 2312 El'IST.
1363 2255 1471 2310 vu.

1037 2360 1342 2400 εγιυιλοηυε
1371 2361 1530 2399 τιιιο.

567 2437 807 2489 Accessit
830 2438 1238 2503 peregrinationi
1258 2449 1453 2491 nostrae
1476 2435 1669 2505 largior
1689 2434 1804 2489 dies
1823 2448 1889 2489 ex
1914 2447 2066 2489 com-

496 2524 937 2591 perendinatione
963 2525 1229 2590 ludorutn,
1260 2538 1392 2594 quos
1413 2527 1709 2594 pluviarum
1739 2525 2068 2579 interventus

436 2612 438 2615 ’
497 2616 787 2670 retardant.
820 2614 925 2671 Sed
956 2616 1095 2680 volo,
1126 2624 1181 2669 ut
1206 2616 1343 2671 banc
1364 2614 1676 2671 dilationem
1706 2615 1896 2670 salutis
1934 2628 2067 2668 mea:

495 2714 677 2760 certus
717 2704 909 2760 leniter
938 2706 1111 2770 feras,
1154 2716 1207 2759 et
1232 2705 1556 2761 desiderium
1588 2706 1701 2771 tui,
1746 2704 1886 2773 quod
1926 2703 2066 2773 apud

494 2810 582 2850 me
604 2797 797 2850 crescit
824 2809 891 2849 ex
922 2809 1091 2863 mora,
1119 2797 1242 2866 styli
1272 2796 1581 2877 assiduitate
1604 2797 1815 2852 soleris.
1840 2795 1993 2850 Vale.

1092 2929 1306 2994 EPIST.
1337 2929 1471 2985 VIII.

1036 3032 1342 3072 SYMHACIIUS
1373 3033 1532 3073 FILIO.

566 3105 811 3173 Confido,
836 3108 1058 3165 solando
1085 3110 1262 3164 animo
1284 3120 1375 3163 tuo
1420 3109 1542 3180 styli
1572 3109 1675 3162 mei
1700 3108 2065 3163 assiduitatem

500 3215 656 3269 posse
683 3202 945 3257 sufficere.
977 3202 1105 3256 Nam
1150 3202 1451 3258 recentibus
1488 3202 1701 3269 scriptis
1742 3200 1882 3256 hunc
1928 3201 2067 3255 addo
2093 3220 2138 3281 ο

498 3306 835 3358 sermonem,
865 3292 1016 3360 cujus
1048 3292 1208 3347 lectio
1230 3292 1321 3346 tibi
1344 3307 1491 3362 spem
1536 3293 1736 3346 reditus
1780 3292 1884 3346 mei
1916 3289 2071 3360 "polli-

500 3382 738 3449 cebitur,
775 3382 819 3436 si
863 3384 971 3437 fors
999 3392 1318 3453 praesumpta
1356 3384 1655 3437 confirmet.
1697 3382 1852 3435 Ratio
1893 3392 2069 3437 autem

503 3471 662 3538 hujus
680 3472 1048 3543 :estimatipnis
1091 3475 1142 3526 in
1174 3483 1356 3542 aperto
1379 3483 1459 3527 est
1489 3489 1504 3527 :
1540 3473 1660 3541 quia
1692 3481 1809 3540 post
1831 3472 2070 3540 magnifi-

496 3576 611 3614 cam
658 3562 901 3616 ludorum
953 3564 1310 3617 consularium
1356 3564 1683 3618 functiOnem
1737 3564 1848 3616 sola
1896 3565 2069 3617 adhuc

494 3669 671 3707 arente
693 3663 860 3713 restat
881 3656 1062 3709 editio.
1084 3655 1484 3724 Mntcturigitur
1500 3655 1708 3708 animus
1724 3655 1774 3706 in
1794 3655 2063 3721 gaudium,

494 3752 546 3797 ut
572 3745 822 3812 adeptum
853 3759 973 3799 esse
1004 3754 1054 3801 te
1078 3746 1273 3810 crede,
1299 3743 1438 3814 quod
1465 3744 1731 3813 possibilia
1756 3743 2062 3812 conjectura

496 3832 777 3900 promittit.
812 3832 963 3889 Vale.

1115 3921 1326 3977 EPIST.
1359 3922 1453 3976 IX.
1510 3946 1515 3951 ·

1030 4030 1333 4070 svuuacuus
1364 4022 1522 4069 riuo.

566 4105 869 4160 Seiotillarc
916 4106 1245 4160 acuminibus
1287 4114 1444 4175 atque
1488 4107 1768 4160 sententiis
1813 4105 2069 4173 epistolas

494 4201 609 4245 tuas
624 4192 830 4262 gaudeo
856 4211 867 4244 :
892 4192 1044 4247 decet
1068 4195 1207 4248 enim
1233 4194 1373 4263 loqui
1400 4194 1751 4249 exsultantius
1772 4194 2064 4261 juvenilcm

494 4283 747 4332 calorem.
780 4278 886 4336 Sed
912 4282 1050 4350 volo,
1082 4295 1138 4338 ut
1159 4286 1211 4338 in
1232 4285 1350 4338 aliis
1374 4284 1611 4339 materiis
1633 4284 1832 4338 aculeis
1860 4285 2060 4338 oratio-

502 4371 579 4422 nis
622 4371 829 4427 utaris:
859 4374 1188 4432 huieautcm
1233 4379 1415 4448 generi
1454 4380 1758 4448 scriptionis
1800 4390 2063 4435 maturum

503 4463 699 4537 aliquid
725 4476 779 4523 et
807 4473 1071 4525 eoinicum
1105 4474 1331 4525 misceas
1364 4490 1377 4525 :
1407 4471 1548 4539 quod
1576 4473 1668 4525 tibi
1700 4480 1755 4526 et
1797 4473 2065 4527 rhetorem

510 4565 649 4612 tuum
675 4560 841 4613 credo
877 4563 1181 4630 praacipcre.
1210 4561 1337 4616 Nam
1368 4572 1423 4616 ut
1458 4562 1510 4616 in
1541 4562 1733 4616 vestitu
1768 4561 2062 4629 hominum,
2095 4568 2143 4627 ι)

502 4662 807 4719 czeteroqnc
850 4652 969 4704 vita:
998 4654 1162 4719 cultu,
1189 4656 1307 4708 loco
1336 4669 1398 4708 ac
1441 4654 1666 4723 tempori
1698 4665 1817 4723 apta
1849 4669 2067 4709 sumun-

500 4754 584 4796 tur
614 4759 629 4799 :
662 4746 728 4797 ita
774 4746 1099 4815 ingeniorum
1146 4749 1371 4801 varietas
1401 4750 1452 4801 in
1480 4746 1827 4802 familiaribus
1855 4749 2069 4815 scriptis

500 4833 868 4902 negligentiam
894 4836 1172 4903 quamdam
1200 4838 1362 4893 debet
1387 4837 1615 4903 imitari,
1667 4836 1719 4891 in
1771 4837 2073 4891 forensibus

505 4939 631 4977 vero
651 4935 867 4993 quatere
897 4942 1039 4980 arma
1070 4928 1349 4983 facundizc.
1373 4931 1479 4984 Sed
1510 4931 1577 4984 de
1601 4932 1681 4983 his
1706 4945 1809 4984 non
1848 4930 1936 4985 ibo
1961 4931 2073 4984 lon-

498 5006 636 5081 gius.
669 5012 834 5084 Perge
858 5017 1086 5082 interim,
1112 5034 1218 5087 quo
1243 5029 1291 5074 te
1314 5020 1485 5074 anatis
1507 5020 1759 5089 impetus,
1787 5029 1842 5075 et
1866 5030 2072 5076 natura:

499 5104 662 5157 ardor
702 5105 946 5172 impellit.
987 5107 1083 5161 Mei
1116 5109 1223 5164 voti
1249 5117 1408 5178 caput
1440 5119 1559 5174 est,
1594 5111 1727 5165 bene
1776 5111 1978 5176 valeas,
2022 5120 2077 5166 et

499 5209 657 5265 supra
680 5210 847 5253 annos
877 5204 996 5252 tuos
1026 5198 1319 5253 litterarum
1347 5201 1469 5255 dote
1493 5202 1745 5256 ditescas.
1778 5200 1926 5257 Vale.

1120 5329 1334 5387 EPIST.
1375 5332 1419 5386 X
1432 5372 1445 5385 .

1034 5436 1336 5477 SYIIACHUS
1367 5439 1525 5479 FILIO.

579 5508 764 5563 Amico
796 5519 979 5566 nostro
1007 5510 1177 5565 Annio
1202 5513 1398 5565 cursim
1442 5512 1779 5581 praetereunti
1823 5510 1970 5581 potui
1997 5526 2083 5566 so-

506 5607 608 5661 lam
642 5604 930 5660 dictionem
978 5604 1160 5657 Salutis
1194 5602 1498 5671 injungere;
1530 5604 1621 5657 sed
1652 5604 1835 5658 debuit
1877 5603 1966 5657 tibi
1996 5618 2081 5657 sa-

504 5698 681 5754 nitatis
708 5712 839 5752 mea:
871 5696 1027 5749 fidem
1064 5696 1239 5750 facere
1276 5694 1444 5749 lectio
1475 5694 1790 5749 litterarum.
1832 5695 1957 5749 Esto
1987 5694 2080 5762 igi-

502 5803 583 5846 tur
606 5792 781 5846 auimo
808 5789 1012 5845 la‘tiorc
1060 5808 1069 5841 :
1102 5798 1153 5845 et
1181 5803 1356 5850 spera,
1389 5788 1551 5845 decus
1582 5803 1776 5847 meum.
1831 5788 2078 5847 frequen—

2166 1966 2432 2030 adjuncta.
2461 1961 2637 2025 Quare
2663 1961 2822 2013 an’mi
2861 1963 3098 2014 incertus
3127 1975 3447 2030 appropero,
3474 1976 3629 2016 orans
3650 1962 3718 2016 dio

2171 2058 2292 2105 vina
2327 2049 2589 2117 praesidia,
2622 2060 2679 2102 ut
2716 2058 2766 2103 te
2795 2060 3097 2117 comp0tem
3124 2050 3275 2104 bona:
3304 2051 3644 2119 valetudinis,
3678 2062 3723 2105 et

2166 2143 2388 2211 epistola
2440 2154 2582 2200 mea,
2630 2148 2684 2194 et
2713 2154 2963 2194 recursus
2994 2142 3245 2195 inveniat.
3270 2141 3402 2196 Ilzee
3427 2145 3567 2196 enim
3624 2144 3713 2194 voti

2170 2233 2376 2304 paterni
2409 2232 2712 2300 impctratio
2764 2231 2950 2297 faciet,
2974 2244 3029 2286 ut
3057 2233 3277 2289 rediisse
3308 2232 3560 2316 delectet.
3594 2234 3718 2287 Vale.

2766 2361 2978 2416 EPIST.
3018 2362 3157 2417 XIII.

2706 2467 3011 2508 εῑιιλοιιυε
3046 2469 3207 2508 Ριιιο.

2238 2542 2345 2599 Iter
2365 2538 2539 2599 meum
2572 2545 2725 2599 fama:
2756 2545 2982 2598 varietas
3004 2545 3312 2603 retardavit.
3346 2545 3479 2601 Nam
3506 2546 3627 2602 dum
3648 2564 3724 2603 ex-

2167 2632 2319 2701 ploro
2365 2644 2482 2697 ttta,
2530 2643 2582 2687 et
2627 2635 3010 2703 longitudinem
3056 2634 3157 2688 via:
3202 2636 3409 2690 dierum
3470 2636 3724 2706 interposi-

2168 2724 2312 2778 tione
2340 2724 2628 2793 distinguo,
2661 2725 2873 2779 tandem
2896 2735 3107 2796 sextum
3131 2725 3233 2778 cal.
3261 2727 3475 2779 Martias
3502 2726 3724 2781 Mediola-

2168 2829 2289 2881 num
2307 2814 2581 2882 pchiceni
2602 2815 2884 2883 longinqua
2901 2816 3141 2883 perveni.
3157 2815 3304 2870 Nunc
3318 2816 3553 2872 laborem
3569 2833 3723 2871 meum

2130 2904 2135 2910 ’
2170 2903 2372 2957 domini
2412 2915 2459 2957 et
2494 2904 2751 2973 principis
2779 2906 2945 2959 nostri
2975 2906 3199 2961 blandus
3223 2922 3401 2962 sermo
3422 2910 3619 2979 solatus
3638 2920 3721 2963 est.

2173 2992 2344 3062 Spero
2366 2995 2524 3048 etiam
2550 2995 2867 3063 legationem
2894 2997 3038 3051 brevi
3066 2998 3391 3053 innOtitia‘tn
3418 2997 3579 3053 divini
3602 2999 3724 3066 prin-

2173 3084 2308 3153 cipis
2336 3085 2701 3153 perferendam
2738 3104 2751 3140 :
2780 3086 3042 3156 siquidem
3072 3087 3151 3142 vir
3195 3095 3383 3142 cuncta
3415 3066 3725 3157 prmcclstis.

2170 3175 2254 3229 cui
2283 3175 2479 3243 primas
2508 3183 2685 3242 partes
2709 3190 2885 3231 causa:
2913 3178 3139 3246 publica:
3165 3189 3349 3232 noster
3376 3178 3508 3232 ordo
3530 3177 3725 3233 manda-

2170 3264 2243 3316 vit
2267 3278 2387 3317 mox
2418 3278 2534 3317 cum
2568 3264 2827 3332 przesidiis
2852 3264 3195 3321 validissimis
3223 3268 3406 3321 adfore
3447 3268 3725 3321 nuntiatur.

2168 3352 2361 3408 Vestro
2410 3354 2622 3406 silentio
2669 3354 3011 3410 vehementer
3048 3354 3289 3410 offendor
3328 3372 3341 3409 :
3393 3363 3553 3425 atque
3625 3355 3730 3409 ideo

2171 3452 2320 3513 peto,
2372 3454 2428 3498 llt
2457 3445 2895 3513 peregrinationis
2933 3460 3066 3501 metu
3106 3445 3415 3514 patientiam
3435 3446 3626 3502 crebro
3658 3444 3727 3513 ju-

2168 3536 2306 3589 vetis
2352 3533 2556 3590 εσθαι..
2582 3533 2731 3587 Vale.

2774 3602 2985 3659 EPIST.
3028 3603 3167 3658 XIV.

2724 3710 3033 3750 SYMIIACIIUS
3065 3708 3225 3749 FILIO.

2236 3784 2369 3838 Cum
2414 3786 2677 3855 veredarii
2724 3766 2934 3840 deesset
2981 3785 3233 3849 occasio,
3285 3784 3492 3852 privato
3538 3784 3720 3838 homini

2170 3874 2439 3928 reddenda
2489 3876 2700 3942 scripta"
2736 3875 2995 3928 commisi.
3051 3875 3199 3928 Iluuc
3240 3876 3307 3928 ad
3348 3890 3439 3929 vos
3519 3877 3727 3928 arbitror

2166 3977 2288 4017 sero
2310 3974 2607 4018 venturum.
2636 3964 2917 4033 Utriusque
2945 3964 3133 4017 litteris
3154 3963 3338 4017 eadem
3389 3968 3726 4023 continentur,

2168 4054 2307 4121 quod
2332 4064 2539 4109 sextum
2562 4057 2664 4109 cal.
2691 4055 2900 4109 Martias
2932 4054 3285 4109 Mediolanum
3310 4055 3477 4119 multo
3500 4054 3724 4108 anfractu

2167 4144 2557 4199 circumvectus
2594 4146 2930 4209 intraverim,
2972 4153 3361 4212 veneratusque
3397 4144 3662 4198 dominum
3689 4151 3729 4194 et

2168 4236 2469 4315 principem.
2488 4246 2745 4300 nostrum,
2765 4236 2916 4305 cujus
2939 4248 3118 4290 sermo
3145 4235 3353 4290 itineris
3381 4238 3483 4289 mei
3514 4236 3730 4288 laborem

2166 4314 2551 4397 cotupensavit.
2608 4330 2665 4383 In
2725 4328 3069 4397 przesentiam
3124 4314 3222 4383 viri
3267 4337 3458 4383 cuncta
3510 4322 3730 4397 prmcelsi

2166 4420 2377 4474 comitis
2417 4420 2616 4487 agenda
2644 4420 2880 4487 produco
2912 4438 2927 4485 ;
2958 4434 3115 4488 quem
3143 4434 3267 4472 mox
3292 4458 3307 4483 ,
3342 4420 3452 4473 Deo
3494 4419 3727 4488 juvante.

2168 4510 2348 4562 adfore
2378 4500 2680 4563 nuntiorum
2714 4494 2991 4565 confirmat
3012 4511 3259 4565 assertio.
3285 4511 3435 4563 Nunc
3478 4518 3583 4562 tua:
3608 4522 3731 4563 curat

2172 4601 2260 4661 sit,
2288 4601 2450 4654 decus
2488 4609 2746 4661 nostrum,
2791 4600 3235 4669 peregrinationis
3270 4614 3402 4654 meas
3432 4614 3586 4657 curas
3612 4591 3730 4667 styli

2173 4691 2489 4744 assiduitate
2520 4690 2700 4743 SllIilI'I.
2728 4689 2875 4742 Vale.

2776 4776 2994 4833 EPIST.
3033 4778 3153 4835 XV.

2700 4884 3007 4925 SYIIMACHUS
3054 4884 3210 4925 FILIO.

2249 4961 2512 5015 Amicitiae
2554 4969 2750 5015 nostrtn
2789 4961 3169 5029 contemplatio
3210 4940 3521 5038 spe‘mrnihi
3553 4958 3732 5009 adven-

2180 5062 2263 5107 tus
2296 5054 2369 5107 tui
2403 5053 2618 5107 fecerat.
2655 5054 2823 5121 Prope
2852 5062 2934 5107 est
2961 5060 3020 5104 ut
3047 5064 3258 5105 errasse
3284 5066 3368 5104 me
3395 5040 3634 5116 credam,
3656 5046 3733 5116 qui

2177 5155 2228 5199 te
2260 5146 2472 5214 speravi
2502 5147 2553 5199 in
2584 5152 2931 5212 conspectum
2962 5144 3198 5212 parentis
3237 5153 3425 5211 sponte
3450 5150 3730 5196 venturum.

2174 5236 2395 5303 Quando
2418 5235 2577 5305 igitur
2598 5234 2714 5288 sine
2742 5234 2940 5286 ambitu
2973 5244 3153 5287 nostro
3180 5243 3324 5289 recte
3348 5232 3523 5285 facere
3553 5232 3734 5295 nescis,

2174 5336 2357 5383 oratus
2387 5341 2705 5397 appropera.
2742 5326 2804 5379 Et
2832 5325 2875 5379 si
2904 5334 2953 5379 te
2980 5325 3265 5394 superbum
3292 5323 3474 5393 Tybur
3498 5324 3733 5392 explevit,

2186 5418 2539 5474 Laurentibus
2577 5418 2738 5487 sylvis
2777 5430 2985 5471 amoena
3021 5423 3330 5481 commota;
3379 5431 3477 5470 nec
3518 5416 3735 5471 verearis

2186 5511 2325 5564 ruris
2352 5510 2553 5563 horridi
2583 5508 3061 5563 denuntiationem.
3108 5496 3367 5560 ln’bculis
3396 5517 3478 5561 est
3505 5506 3734 5560 venanti-

2187 5602 2285 5655 bus
2308 5615 2493 5661 mare:
2525 5600 2722 5654 celebri
2754 5601 2945 5654 itinere
2967 5597 3088 5650 villa
3117 5596 3524 5666 praestringitur.
3555 5597 3611 5650 in
3639 5595 3734 5659 ipsa

2187 5695 2291 5746 itur
2320 5692 2577 5757 ferarum,
2609 5692 2825 5757 cubilia,
2860 5692 3015 5759 plano
3046 5700 3107 5741 ac
3136 5688 3314 5756 patulo
3345 5702 3583 5742 accessu.
3638 5681 3734 5736 Etsi

2188 5785 2297 5838 haec
2321 5783 2586 5850 abessent,
2614 5784 2835 5837 anteiret
2867 5780 3112 5835 uimirutn
3144 5794 3322 5834 s‘frmo
3352 5778 3485 5832 inter
3512 5790 3609 5829 nos
3638 5787 3735 5827 mu~
