3826 6332
112 430 137 481 ‘3
153 428 195 477 τε)

1262 405 1739 465 l-II’ISTOLARUM
1785 404 1978 458 LIBER
2024 404 2131 458 \‘Il.

3205 400 3309 453 290

114 550 225 595 tuus.
251 543 299 587 ct
337 531 636 585 litterarum
669 527 897 581 liberalis
926 524 1170 585 ciillatio,
1206 519 1519 573 Tarentinas
1548 524 1636 565 aut
1667 516 1713 571 Α
1748 528 1980 565 mensam
2009 511 2329 565 succinxerit
2359 509 2545 563 modus
2571 509 2933 572 voluntarius;
2966 518 3055 562 aut
3080 522 3309 576 unquam

113 626 279 679 Siculas
301 625 617 689 voluptates.
654 619 826 685 Quare
849 619 889 669 si
916 627 966 667 ιιι
990 627 1198 683 quoque
1224 610 1343 664 huic
1366 609 1642 663 sententia:

116 730 288 769 tnauum
328 712 577 781 porrigis,
616 709 755 762 adde
794 716 843 761 te
882 705 1249 759 rusticantiutn
1291 713 1545 759 numero;
1591 704 1645 749 ct

117 806 339 872 paulisper
359 802 595 855 Catones
620 810 778 867 atque
804 796 991 849 Atilios
1019 793 1293 857 acmularc,
1319 803 1452 859 quos
1473 787 1644 842 vomis

116 910 157 950 t‘l
180 897 290 950 Sliva
319 894 380 947 ad
408 893 720 947 consulares
746 888 889 942 misit
913 898 1151 939 secures.
1182 882 1326 936 \‘ale.

664 1018 881 1073 EPIST.
920 1016 1059 1071 XVI.

565 1122 871 1165 SYIHACHUS
920 1120 1147 1161 ΑττΑιο.

174 1214 331 1266 \‘icem
360 1210 626 1265 sermonis
668 1205 772 1260 mei
802 1202 1132 1257 desiderasse
1175 1208 1226 1252 te
1265 1194 1507 1263 gaudeo:
1552 1190 1645 1245 sed

117 1306 305 1359 amolior
335 1302 584 1355 invidiam
619 1295 974 1367 negligentiae.
1013 1293 1199 1345 Parata
1224 1288 1365 1343 enim
1396 1296 1646 1352 rc5p0iisa

116 1397 319 1453 deseruit
346 1394 649 1448 tabellarius
680 1400 821 1453 tuus,
851 1385 1081 1449 excitus,
1117 1393 1172 1435 ut
1203 1379 1362 1433 fando
1388 1375 1644 1441 comperi,

119 1486 397 1540 valetudinis
439 1494 541 1534 tua:
587 1480 772 1533 dubio.
837 1472 1096 1543 Agnoscis
1149 1482 1341 1537 nempe
1390 1464 1649 1518 infucatas

118 1594 235 1637 esse.
263 1590 352 1629 nec
378 1590 440 1626 ex
471 1573 577 1625 alto
605 1568 743 1622 trahi
773 1564 1082 1620 cessationis
1120 1575 1253 1613 mea:
1279 1570 1484 1609 causas.
1534 1555 1648 1607 Non

119 1672 193 1721 ibo
216 1667 429 1733 longius,
462 1663 583 1729 quia
625 1660 803 1712 brevis
832 1664 914 1710 est
944 1653 1169 1708 assertio
1197 1648 1453 1703 veritatis.
1502 1645 1651 1699 Nunc

118 1761 367 1812 sanitatem
413 1754 505 1807 tibi
551 1751 809 1819 gratulor,
854 1762 953 1815 qua
1007 1752 1123 1809 post
1178 1741 1397 1793 nimium
1450 1746 1650 1789 metum

1750 596 1989 657 Formias
2053 602 2224 656 vicina
2292 602 2471 665 urbe,
2545 600 2913 669 longinquiore
2971 600 3307 652 mutaverim.

1750 696 1991 749 Etiamne
2021 696 2301 760 csplorare
2331 702 2380 744 te
2408 692 2486 744 fas
2513 690 2639 756 fuit,
2680 691 2803 758 quid
2847 691 3026 757 procul
3066 688 3135 742 ab
3172 690 3313 742 arbi-

1746 788 1844 839 tris
1884 786 2178 838 studiorum
2219 796 2461 836 meorum
2493 796 2619 835 cura
2651 778 2938 833 contulerit
2968 780 3017 831 in
3050 777 3313 847 paginas?

1748 876 2009 930 Utrumne
2058 890 2141 926 me
2191 882 2465 939 operatum
2518 870 2695 933 ceris,
2749 878 2951 922 stantes
3004 868 3314 934 plerumque

1745 963 1886 1017 oculi
1917 974 1969 1016 et
2010 962 2225 1029 palloris
2254 961 2401 1027 signa
2430 957 2772 1012 detexerint?
2819 956 3219 1024 Exploratorem
3263 964 3317 1008 te

1746 1055 1912 1123 stilus
1939 1068 2089 1107 meus
2113 1053 2330 1120 patitur.
2363 1050 2530 1103 Duces
2556 1048 2758 1101 amicos
2786 1047 3146 1114 suspicionum
3173 1047 3310 1108 vias,

1734 1145 1797 1199 'et
1828 1145 1873 1198 si
1902 1144 2005 1197 dici
2041 1150 2233 1209 potest,
2265 1141 2429 1193 odore
2455 1148 2613 1206 atque
2641 1136 2876 1204 vestigiis
2902 1135 3099 1202 scripta
3131 1142 3314 1188 nostra

1748 1232 1999 1288 venaris?
2030 1230 2178 1284 Nunc
2209 1243 2309 1296 ego
2334 1227 2473 1281 seire
2502 1224 2728 1295 postulo,
2757 1223 2881 1291 quul
2912 1223 2965 1276 in
2992 1223 3316 1291 Tyburtibus

1749 1321 2003 1392 potnaiiis
2027 1322 2319 1372 litterarum
2344 1317 2521 1383 operis
2543 1329 2815 1368 exerceas.
2851 1314 3032 1367 Solum
3056 1314 3153 1365 hoc
3175 1312 3314 1366 fama

1748 1416 1954 1477 attulit;
2004 1413 2247 1466 balneum
2291 1408 2382 1461 tibi
2425 1420 2591 1474 nuper
2620 1414 2986 1469 exstructum,
3028 1401 3116 1455 cui
3157 1400 3318 1453 torris

1750 1520 1885 1558 unus
1928 1504 1991 1555 ad
2031 1501 2158 1569 justi
2182 1498 2372 1552 caloris
2404 1496 2651 1565 pabulum
2689 1494 2999 1547 satisfacere
3050 1500 3315 1543 narratur.

1752 1596 2043 1649 Lectitasse
2071 1601 2247 1643 autem
2286 1597 2338 1640 te
2378 1588 2428 1638 in
2471 1585 2635 1637 multo
2676 1584 2785 1635 otio
2827 1582 3101 1648 utriusque
3127 1580 3320 1646 lingua:

1751 1693 2025 1739 auitorcs.
2070 1681 2181 1748 ipse
2214 1677 2368 1731 index
2404 1675 2570 1729 l'uiSIi.
2623 1674 2733 1741 Ego
2774 1683 2948 1725 tamen
2996 1685 3100 1723 non
3141 1685 3324 1737 quam)

1754 1793 1819 1830 an
1860 1774 2059 1842 aliquid
2102 1772 2261 1825 etiam
2307 1769 2605 1835 scripsi-ris.
2660 1765 3040 1818 Animadverte
3084 1761 3224 1815 enim
3270 1772 3323 1813 lc

119 1860 333 1917 mgmu’
387 1846 606 1899 mnuum
664 1840 843 1936 8.3mm.
895 1853 946 1936 ηδ
1001 1845 1216 1936 Ρίδίιφη
1272 1827 1653 1936 ωθῗέιῖιῖἱιὲ
1690 1856 1729 1912 Β
1758 1869 1923 1936 gloria
1955 1862 2295 1919 conscientia:
2333 1859 2531 1927 protirii
2560 1856 2736 1924 operis
2761 1868 3062 1915 accensum,
3094 1851 3324 1903 voluisse

122 1938 345 1992 Indicium
367 1946 539 1989 autem
566 1930 877 1998 respirantis
897 1925 1093 1994 vigOris
1124 1932 1330 1974 tuarmu
1360 1919 1653 1970 litterarum

122 2028 387 2089 iucunditas
417 2024 665 2091 prmtulit.
715 2020 859 2071 Petis
888 2028 1115 2078 namque
1144 2011 1207 2064 ad
1239 2007 1656 2063 confirmandam

123 2119 440 2173 valetudinem
470 2114 594 2183 styli
626 2112 726 2163 mei
757 2107 987 2162 remedia
1021 2102 1441 2156 subministrcm.
1488 2095 1659 2149 Festi-

124 2215 241 2264 iitas
263 2213 348 2264 ista
371 2209 559 2262 Baiana
582 2215 683 2259 cst.
714 2201 897 2255 Nintiis
921 2198 1121 2251 salibus
1155 2207 1203 2246 te
1230 2192 1375 2244 sinus
1400 2188 1659 2241 Lucrinus

127 2306 300 2358 infecit.
332 2303 484 2355 Estne
516 2295 715 2363 aliquid
750 2296 801 2346 in
827 2290 1000 2345 verbis
1025 2288 1177 2345 meis.
1203 2282 1343 2353 quod
1365 2296 1523 2335 aures
1546 2290 1660 2332 tuas

127 2394 357 2462 505pitct?
394 2390 528 2459 quod
576 2386 895 2441 medicinam
935 2380 1180 2435 sensibus
1224 2374 1424 2428 faciat?
1465 2370 1658 2429 Credo,

126 2486 389 2540 consentio.
419 2483 546 2536 Nam
578 2480 890 2547 plerumque
918 2484 1094 2525 amara
1128 2470 1313 2520 hausta
1343 2464 1406 2518 ad
1437 2464 1660 2516 salutem

130 2577 311 2639 valent,
351 2584 401 2630 et
444 2573 620 2627 succis
666 2566 906 2622 tristibus
955 2562 1144 2615 affecta
1177 2558 1506 2613 refoventur.
1543 2554 1661 2608 'Scd

130 2667 322 2719 nimium
350 2671 603 2731 quantum
635 2671 827 2711 avarus
856 2670 933 2718 es,
972 2654 1059 2721 qui
1091 2648 1343 2705 Flaviano
1379 2658 1663 2717 meo'praz-

131 2771 261 2811 sente
283 2757 553 2825 quidquam
586 2750 845 2819 requiris;
889 2746 940 2807 in
971 2760 1075 2813 quo
1103 2752 1245 2795 tanta
1287 2754 1462 2792 rerum
1496 2736 1663 2788 bona-

138 2861 239 2898 rum
268 2845 592 2899 delinimcnta
638 2847 797 2902 sunt,
845 2844 901 2889 ut
940 2832 1066 2887 mihi
1094 2831 1244 2898 quasi
1284 2825 1416 2893 apud
1460 2828 1665 2877 sirenas

132 2945 210 2986 aut
235 2933 548 3001 LotOphagos
581 2927 805 2980 haesisse
833 2922 1078 2976 videaris.
1130 2921 1304 2983 Atque
1340 2915 1537 2967 utinam
1577 2926 1666 2963 ve-

131 3031 229 3073 slro
254 3023 350 3075 otio
373 3023 646 3089 juugcrer.
699 3016 823 3069 Plus
850 3013 916 3067 de
946 3012 1097 3063 vobis
1127 3020 1400 3075 carperem
1444 3002 1668 3055 salubri-

134 3114 271 3174 tatis,
311 3128 457 3180 quam
500 3123 554 3163 tu
598 3106 906 3169 desideras,
954 3102 1043 3171 qui
1086 3115 1114 3153 a
1158 3114 1241 3153 me
1282 3098 1420 3151 solas
1465 3096 1667 3148 litteras

132 3203 410 3270 poposcisti.
440 3202 586 3254 Vale.

679 3285 895 3342 EPIST.
936 3284 1093 3337 XVII.

593 3390 900 3433 εγκκλεηυε
950 3388 1169 3427 ΑΤτΑιο.

189 3470 277 3524 Na:
302 3485 392 3539 ego
418 3470 605 3523 frustra
648 3470 902 3521 hactenus
941 3466 1107 3528 tacui,
1154 3464 1280 3517 dum
1333 3471 1381 3514 te
1426 3458 1668 3527 promissi

128 3576 289 3615 certus
334 3562 590 3629 opperior.
645 3559 881 3611 Tandem
931 3556 1258 3610 redeundum
1309 3552 1436 3605 mihi
1480 3560 1560 3604 est
1606 3549 1670 3602 ad

125 3662 364 3704 consueta
390 3654 591 3716 solatia,
623 3651 900 3705 meliorum
930 3649 1319 3714 desperatione.
1359 3646 1418 3696 Et
1448 3642 1673 3693 fortasse

127 3755 399 3795 succenses
422 3743 673 3795 diuturno
700 3740 914 3794 silentio
944 3722 1097 3791 meo:
1128 3736 1180 3788 Id
1213 3748 1339 3788 vero
1364 3734 1520 3787 etiam
1552 3731 1675 3783 reli-

124 3846 274 3899 quum
305 3844 406 3896 εει.
441 3843 499 3885 ut
535 3835 718 3887 irritus
753 3833 863 3899 spei
894 3829 1246 3884 cunctationis
1281 3839 1539 3879 arcessar.
1585 3824 1675 3876 Est

126 3922 273 3987 igitur
294 3921 366 3975 tui
385 3921 515 3994 iuris
536 3935 697 3987 super
718 3917 975 3974 ordiendo
1000 3918 1185 3969 itinere
1212 3922 1354 3965 stare
1380 3910 1671 3978 promissis.

128 4011 200 4064 He
224 4023 527 4066 contentum
555 4012 680 4079 styli
710 4010 974 4064 levamine
1005 4022 1106 4060 non
1136 4005 1355 4075 pigebi'.
1400 4004 1508 4057 lloc
1532 4013 1678 4056 certe

124 4102 407 4157 ofﬁciorum
438 4102 781 4164 commercio,
812 4108 904 4153 aut
929 4099 1161 4159 snlabor,
1201 4094 1340 4165 quod
1374 4108 1477 4147 non
1502 4092 1674 4155 venis,

123 4202 205 4245 aut
230 4195 491 4257 merebor,
520 4193 662 4263 quod
692 4192 895 4245 venias.
925 4188 1067 4241 Vale.

684 4299 898 4354 EPIST.
929 4295 1111 4350 XVIII.

613 4403 919 4445 SYIUACBUS
957 4401 1183 4439 ΑττΑιο.

188 4501 436 4556 Proxime
456 4503 520 4556 de
541 4499 827 4555 Formiano
853 4499 969 4551 sinu
1000 4507 1271 4564 regressus
1298 4492 1348 4545 in
1380 4492 1540 4544 larem
1563 4488 1682 4541 Cte-

123 4592 264 4657 lium,
294 4593 464 4647 domo
486 4594 594 4661 jam
625 4592 713 4644 diu
748 4600 797 4643 te
828 4589 1015 4642 abesse
1042 4585 1297 4651 comperi.
1346 4582 1528 4634 Datum
1562 4594 1680 4631 mox

124 4686 387 4750 negotium
456 4694 538 4737 est
587 4680 886 4748 Theotiltilo
923 4676 1188 4730 communi
1232 4673 1403 4725 amico
1456 4679 1509 4724 et
1548 4680 1687 4721 nunc

124 4770 317 4825 itineris
362 4771 470 4824 mei
512 4772 682 4833 socio,
728 4778 785 4821 ut
820 4777 875 4822 et
912 4766 976 4819 ad
1018 4774 1070 4818 te
1108 4766 1158 4817 in
1203 4763 1464 4831 Tyhurem
1503 4773 1685 4826 agium

123 4860 316 4914 reditus
352 4862 467 4915 mei
509 4858 724 4913 nuntius
763 4864 1025 4924 pergeret,
1069 4862 1123 4907 et
1160 4850 1491 4906 salutationis
1526 4849 1688 4901 verba

123 4946 366 5005 deferret.
422 4949 576 5003 llunc
612 4956 701 5012 tu,
742 4955 802 5000 ut
840 4960 901 4999 es
940 4946 1176 4997 curiosus
1216 4955 1391 4993 rerum
1422 4951 1685 5002 mearum,

124 5042 263 5107 quasi
306 5042 490 5109 aliqua
534 5039 627 5095 tibi
673 5039 728 5092 in
768 5053 867 5091 nos
909 5037 1123 5091 decreto
1170 5032 1377 5101 publico
1422 5030 1689 5097 inquisitio

125 5143 259 5186 esset
286 5132 525 5196 tributa,
558 5130 822 5184 versando
854 5129 1023 5196 palam
1062 5126 1237 5181 facere
1280 5123 1530 5193 coegisti,
1573 5136 1690 5190 qua!

130 5222 251 5279 foris
274 5239 576 5294 gesseram.
621 5221 752 5274 Nam
782 5221 881 5274 hoc
908 5218 1166 5275 confessa:
1194 5227 1319 5271 sunt
1350 5218 1535 5270 littera:
1566 5224 1687 5276 tum,

128 5326 253 5380 qua
277 5314 419 5369 idem
449 5315 533 5367 vir
558 5314 793 5381 Optimus
816 5309 1142 5377 Theophilus
1169 5308 1479 5375 reportavit.
1512 5304 1694 5359 Fuerit

135 5403 465 5473 benignitatis
508 5409 613 5455 tum
653 5409 868 5454 actuum
912 5412 1149 5452 meorum
1182 5396 1383 5465 fastigia
1429 5405 1482 5448 et
1522 5396 1692 5461 capita

133 5493 460 5564 disquirere;
516 5502 694 5545 utrum
735 5488 1175 5544 cribravectatio
1213 5487 1379 5551 campi
1430 5499 1489 5537 ac
1536 5480 1695 5535 maris

139 5586 483 5642 valetudinem
541 5598 713 5637 meam
760 5578 989 5649 iuverit;
1040 5592 1107 5629 an
1156 5578 1291 5631 ullus
1337 5576 1472 5644 agris
1503 5574 1697 5625 nosuis

138 5676 328 5743 nllus,
375 5676 593 5730 mdibus
636 5675 803 5735 nitor,
854 5671 1028 5738 pecori
1080 5682 1329 5721 numerus
1376 5666 1694 5725 accesserit;

145 5766 257 5837 quid
282 5764 553 5824 alluserit
582 5762 805 5818 elilium
837 5762 1137 5827 copiarum;
1170 5768 1341 5812 utrum
1367 5757 1695 5812 cun-uiarem

32 6320 489 6332 Wr’r’
530 6320 565 6325 -κ

1757 1972 2102 2027 cognoscere,
2136 1970 2200 2007 an
2230 1966 2330 2020 ego
2357 1964 2568 2017 quoque
2597 1949 2735 2001 idern
2780 1946 3019 1999 fecerim.
3069 1941 3172 1996 Sed
3212 1942 3322 2010 jam

1758 2050 1971 2101 omissis
2001 2045 2243 2113 epistolis
2270 2041 2429 2095 velint
2462 2039 2687 2092 redeas:
2731 2037 2829 2089 nisi
2864 2037 2996 2087 forte
3037 2032 3110 2086 tui
3150 2031 3324 2085 balnei
3367 2069 3371 2072 ι

1760 2140 1937 2191 brevis
1986 2145 2226 2203 sumptus
2278 2131 2549 2189 hortatur,
2604 2142 2670 2179 uc
2719 2124 2932 2178 deseras
2984 2121 3326 2191 parcimouite

1760 2226 2218 2285 consuetudinem.
2250 2221 2401 2276 Vale.

2347 2308 2561 2365 EI‘IST.
2608 2304 2745 2361 XIX.

2250 2414 2557 2455 SYHMACUUS
2605 2411 2835 2450 ATTALO.

1834 2498 1947 2550 Duo
1978 2496 2175 2562 pariter
2200 2490 2485 2544 commissa
2514 2486 2566 2539 in
2591 2485 2879 2538 amicitiam
2910 2481 3199 2535 redemisti.
3232 2481 3328 2534 Diu

1761 2588 1998 2657 epistola:
2027 2594 2126 2638 tua:
2154 2582 2354 2635 salibus
2380 2575 2645 2639 abfueras,
2679 2574 2806 2627 nihil
2836 2574 3128 2640 scripseras
3157 2588 3168 2623 :
3209 2571 3329 2637 quis

1761 2677 1989 2731 Colchus
2017 2685 2107 2727 aut
2135 2670 2425 2724 Thessalus
2456 2676 2611 2720 cantu
2644 2673 2735 2717 aut
2766 2660 2920 2715 manu
2957 2663 3050 2713 has
3081 2660 3328 2713 offensio-

1765 2784 1858 2821 nes
1888 2763 2158 2819 lcvasset?
2206 2762 2342 2827 Ergo
2372 2756 2441 2810 ob
2466 2755 2707 2823 epistolae
2733 2753 3139 2807 delinimcntutn
3166 2752 3332 2801 vcn‘a'.

1765 2858 1992 2926 pretium
2017 2854 2174 2907 feres.
2215 2850 2342 2904 Sino
2366 2856 2422 2900 ttt
2446 2845 2599 2899 amici
2626 2843 2700 2897 tui
2725 2842 2955 2909 nuptiale
2978 2840 3167 2894 festum
3191 2854 3332 2894 curm

1768 2962 1967 3003 vacuus
1990 2957 2265 3007 exerceas,
2288 2950 2341 2995 et
2361 2939 2545 2993 urbem
2570 2938 2882 3004 'I‘yhurtem.
2905 2948 3022 3001 qum
3046 2946 3212 2999 nuper
3239 2932 3331 2983 tibi

1769 3041 1908 3094 facis
1940 3036 2191 3105 pTiBHIIII,
2232 3044 2568 3086 communem
2598 3026 2789 3080 .lunoni
2831 3034 2883 3079 et
2916 3022 3123 3076 llerculi
3150 3020 3332 3074 facias.

1771 3127 2095 3189 lict'crteris,
2123 3132 2182 3178 ut
2207 3136 2383 3187 Spero,
2432 3126 2553 3185 post
2582 3114 2782 3182 repotia
2812 3114 2862 3165 in
2888 3112 3116 3166 leium
3146 3109 3334 3162 larem.

1694 3193 1741 3254 δ
1774 3222 1863 3274 Vel
1900 3220 1943 3273 si
1976 3218 2146 3270 adhuc
2173 3216 2321 3282 juVat
2348 3209 2561 3263 aestivos
2588 3206 2703 3260 dies
2732 3205 2781 3257 iu
2818 3201 3071 3271 pomariis
3098 3200 3201 3253 tuis
3230 3198 3331 3253 du-

1769 3326 1926 3372 cere;
1977 3309 2168 3361 iterum
2201 3304 2296 3357 tibi
2338 3298 2629 3367 indignatio
2659 3310 2775 3350 mea
2806 3296 3098 3348 litterarum
3129 3300 3338 3345 tuarum

1729 3424 1735 3431 ν
1773 3401 1931 3456 melle
1960 3394 2215 3467 placanda
2243 3400 2343 3447 est.
2371 3389 2521 3442 Vale.

2374 3478 2593 3533 EPIST.
2632 3476 2748 3529 ΧΧ.

2269 3584 2577 3625 εῑιιλοηυε
2616 3580 2841 3621 ΑττΑιο.

1850 3668 1978 3722 Villa
2006 3664 2255 3737 Tyburis,
2300 3676 2418 3730 qua:
2462 3660 2703 3728 proxime
2753 3658 2804 3707 in
2850 3656 2936 3720 jus
2982 3662 3127 3705 tuum
3160 3650 3338 3711 venit,

1777 3761 1993 3827 majoris
2026 3757 2218 3825 ingenii
2271 3750 2669 3819 prtedicatorem
2716 3744 2956 3812 requirit.
3011 3740 3122 3808 Ego
3163 3751 3339 3795 tamen

1778 3850 1969 3918 linguze
2016 3847 2282 3910 modicus,
2335 3852 2389 3895 ut
2436 3849 2648 3908 potero,
2700 3836 2872 3889 verbis
2920 3836 3174 3886 honorem
3223 3832 3342 3885 loco

1782 3940 1989 3993 faciam.
2020 3935 2153 4002 Quid
2178 3934 2263 3986 hic
2287 3935 2336 3984 in
2363 3931 2530 3997 positu
2554 3927 2743 3980 aedium
2766 3921 3054 3977 venustatis
3082 3922 3190 3974 est!
3223 3920 3343 3988 quis

1780 4031 1913 4085 situs
1938 4031 1949 4081 !
1990 4034 2217 4095 quantus
2241 4037 2301 4077 ex
2332 4023 2477 4075 edito
2506 4020 2610 4090 late
2648 4018 2698 4069 in
2727 4016 2881 4083 plana
2909 4016 3137 4080 jactatus
3161 4009 3345 4062 oculo-

1784 4123 1936 4175 rum!
1978 4118 2343 4183 Frequentare
2373 4114 2469 4165 has
2508 4110 2663 4164 sedes
2692 4104 3078 4161 Orchomenias
3115 4102 3341 4155 dixerim

1783 4213 1940 4275 deas,
1986 4218 2142 4273 atque
2170 4218 2261 4257 eas
2301 4201 2487 4255 sedulo
2523 4198 2767 4258 adnisas,
2812 4203 2867 4247 ut
2912 4202 2962 4245 te
3001 4191 3347 4245 conciliarent

1785 4300 1987 4354 aedibus
2018 4296 2128 4351 suis
2156 4293 2446 4347 dominum.
2482 4289 2648 4355 Perge
2678 4287 2836 4354 igitur
2864 4292 2918 4336 ut
2944 4282 3089 4341 facis,
3117 4289 3170 4333 et
3196 4281 3352 4334 victis

1786 4405 1899 4442 :cvo
1930 4386 2089 4441 redde
2132 4385 2439 4438 novitatem.
2494 4380 2658 4434 Multo
2703 4376 2802 4428 huc
2846 4375 2985 4426 factu
3030 4372 3344 4438 promptius,

1785 4492 1942 4548 quam
1969 4475 2105 4544 quod
2139 4472 2420 4525 llesiodum
2455 4469 2628 4521 ferunt
2671 4465 2843 4532 posito
2882 4462 3031 4515 senio
3072 4460 3127 4512 in
3151 4458 3348 4512 virides

1786 4581 1953 4620 annos
1984 4564 2225 4617 rediisse.
2275 4558 2481 4613 Interea
2508 4555 2777 4625 gratulare
2808 4552 2960 4604 nobis
2987 4551 3177 4603 bonam
3206 4548 3351 4602 vale

1790 4659 2049 4719 tudinem;
2083 4670 2197 4722 qua:
2225 4661 2284 4705 ut
2308 4649 2399 4703 tibi
2428 4660 2641 4717 quoque
2669 4645 2881 4711 longum
2911 4639 3185 4704 secundet,
3212 4638 3351 4691 inter

1792 4751 1992 4819 fastigia
2021 4738 2103 4803 est
2127 4755 2369 4799 votorum
2398 4752 2657 4792 meorum.
2690 4735 2835 4817 Vale.

2378 4828 2586 4884 EI’IST.
2631 4824 2771 4879 XXI.

2282 4934 2581 4978 SYﬂMACHUS
2635 4930 2857 4972 ATTALO.

1870 5026 2151 5091 Postquam
2186 5018 2310 5071 mihi
2356 5018 2556 5069 litteras
2590 5010 2701 5064 tdas
2734 5006 3010 5061 rhedarius
3050 5016 3194 5055 meus
3226 5000 3347 5054 red-

1796 5118 1957 5179 didit,
2006 5124 2056 5166 et
2105 5109 2349 5161 salutatio
2393 5122 2455 5159 ex
2505 5103 2695 5157 itinere
2720 5107 2923 5167 portata
2963 5092 3349 5149 observantiam

1799 5216 2027 5260 nostram
2058 5204 2213 5253 solvit
2246 5196 2526 5265 rel‘gione;
2560 5194 2710 5246 datus
2738 5197 2821 5243 est
2848 5186 2973 5240 mihi
3001 5184 3196 5248 aditus,
3234 5196 3352 5235 cre-

1800 5300 1893 5351 bro
1914 5298 2036 5349 dum
2060 5292 2258 5355 aberis,
2276 5296 2447 5340 tecum
2474 5280 2742 5349 loquendi.
2767 5278 2941 5344 Quare
2960 5276 3025 5327 ab
3048 5273 3129 5327 his
3148 5273 3349 5336 ordior,

1799 5405 1914 5457 qua:
1944 5390 1990 5439 in
2024 5394 2143 5437 voto
2172 5392 2262 5435 tuo
2293 5379 2456 5447 prima
2489 5381 2629 5428 sunt.
2678 5370 2841 5423 Deum
2872 5380 3018 5437 pace,
3052 5380 3164 5419 mea
3196 5374 3353 5431 atque

1797 5456 1933 5530 unici
1986 5476 2057 5526 tui
2108 5474 2308 5525 sanitas
2352 5468 2510 5533 viget.
2566 5462 2807 5517 Urbauas
2835 5457 3039 5533 _turbas
3077 5456 3351 5515 Vaticano,

1798 5570 1848 5620 in
1880 5573 2131 5634 quantum
2164 5561 2303 5623 iieet,
2330 5570 2451 5609 rure
2477 5553 2707 5607 decline.
2753 5530 3043 5607 Et'tamen,
3072 5546 3117 5597 si
3143 5542 3355 5610 quando

1800 5660 1850 5711 in
1898 5664 2090 5709 emtum
2136 5662 2408 5709 vocamur,
2460 5644 2525 5698 ad
2569 5641 2879 5708 obsequium
2910 5634 3118 5690 concilii
3161 5634 3354 5702 puliliri

1800 5746 1994 5815 pedem
2025 5744 2221 5798 refero.
2268 5738 2389 5793 Seio
2424 5745 2474 5788 te
2507 5732 2635 5788 nihil
2667 5730 2891 5795 amplius
2920 5726 2987 5780 de
3017 5724 3167 5778 nobis
3198 5722 3352 5776 velle.
