3826 6378
527 479 623 532 291

1661 475 1722 540 Q.
1770 472 2105 529 sumamus
2145 473 2575 530 svuuacuus.

3626 489 3717 538 99!

534 585 870 642 Tautumdem
902 597 1212 652 pernoscere
1240 596 1411 636 rerum
1443 591 1648 634 tuarum
1677 582 1922 635 desiderii
1954 597 2070 635 mo-
2103 584 2146 638 Λ
2177 581 2417 648 quiescit.
2450 584 2597 646 Quod
2631 585 2838 651 quidem
2872 585 2983 637 fieri
3014 597 3258 654 oportere
3289 590 3597 653 consentio;
3638 600 3716 647 scil

531 690 612 731 tus
639 680 882 745 postulat.
918 673 1062 735 Vale.

1092 741 1302 794 EPIST.
1345 740 1507 794 XXII.

1002 844 1306 882 SYHIACHUS
1356 844 1582 882 ATTALO.

599 925 771 992 Longa
817 937 903 977 me
948 921 1260 976 deliberatio
1307 921 1516 982 habuit,
1568 935 1634 972 an
1681 918 1772 971 tibi
1825 919 2073 971 honorem

530 1014 698 1067 facere
719 1014 818 1066 sub
835 1012 974 1079 justa
999 1011 1198 1063 reditus
1221 1011 1374 1062 vestri
1399 1010 1788 1076 exspectatione
1805 1009 2075 1061 deberem.

529 1103 764 1156 Verebar
799 1103 959 1162 enim,
1003 1117 1067 1153 ne
1103 1101 1367 1153 festinatio
1402 1111 1483 1149 tua
1514 1101 1713 1151 solatiis
1740 1100 1906 1150 obviis
1936 1097 2078 1149 fran-

528 1203 756 1262 geretur.
809 1193 909 1245 Sed
953 1191 1052 1243 hoc
1091 1191 1391 1255 ambiguum
1436 1191 1594 1242 solvit
1633 1191 1765 1240 ratio
1795 1189 2073 1250 Contraria,

527 1302 644 1351 quae
671 1300 814 1352 spem
845 1283 1008 1343 dedit,
1037 1282 1130 1334 has
1157 1283 1356 1334 litteras
1395 1282 1679 1352 revertenti
1718 1279 2073 1340 stimulorum,

532 1390 635 1427 non
659 1373 921 1426 frenorum
945 1372 1109 1425 instar
1131 1372 1352 1424 futuras.
1403 1372 1466 1423 Et
1488 1372 1726 1423 consulto
1749 1369 1935 1422 affecto
1961 1371 2078 1421 bre-

531 1463 762 1524 vitatem,
791 1463 954 1513 solam
987 1460 1074 1513 tibi
1106 1459 1387 1527 przrferens
1417 1461 1704 1512 dictionem
1737 1458 1922 1510 salutis
1965 1473 1978 1509 :
2025 1467 2080 1507 ut

531 1550 806 1603 verborum
851 1564 1087 1602 meorum
1119 1548 1339 1613 exiguus
1371 1548 1588 1600 haustus
1627 1547 1890 1599 efficacior
1917 1547 1986 1598 sit
2014 1544 2079 1597 ad

527 1640 910 1694 sollicitandam
939 1638 1100 1699 sitim,
1128 1654 1282 1704 quam
1311 1638 1642 1705 explendam.
1676 1638 1822 1690 Vale.

1083 1767 1294 1823 EPIST.
1338 1767 1521 1821 XXIII.

1011 1871 1315 1938 ᾳγιιιιλοιιυε
1356 1871 1582 1909 Αττλιο.

2180 690 2281 725 nun
2312 682 2564 738 eatenus,
2619 687 2673 727 ut
2715 677 3035 740 pontificium
3069 688 3214 733 tuum
3248 682 3297 733 in
3328 681 3519 736 damna
3553 698 3716 740 nostra

2181 765 2481 830 protendas.
2529 766 2786 820 Parumne
2815 777 2915 832 est,
2944 771 3080 834 quod
3115 771 3224 837 ipse
3254 786 3404 839 mque
3428 773 3718 829 desideran-

2178 856 2275 907 dus
2305 857 2626 909 consurtium
2658 873 2829 909 meum
2859 847 3081 922 deseris,
3110 870 3163 912 et
3193 862 3396 915 invides
3427 866 3579 917 nobis
3606 882 3717 920 exu-

2180 949 2526 1012 ptatissimam
2571 947 2928 1001 societatem?
2989 949 3203 1015 Insuper
3252 953 3478 1006 alterum
3530 971 3718 1026 quoque

2178 1038 2470 1090 delenificis
2500 1041 2696 1091 amoris
2727 1041 2926 1092 artibus
2969 1040 3196 1104 retines;
3241 1045 3402 1097 credo
3443 1047 3716 1112 conjiciens

2178 1130 2591 1182 acceleraturuiu
2615 1146 2733 1184 esse
2760 1146 2843 1184 tne
2866 1133 3111 1195 reditum,
3141 1135 3184 1185 si
3216 1149 3437 1202 Utroque
3460 1137 3716 1194 destituar.

2179 1221 2245 1273 At
2275 1235 2372 1289 ego
2399 1222 2654 1274 denuntio
2696 1238 2828 1289 opus
2870 1238 2988 1277 esse
3034 1224 3314 1289 monitore,
3363 1228 3456 1294 qui
3506 1229 3717 1282 retrahat

2181 1315 2484 1367 haerentem.
2532 1315 2680 1379 Nam,
2715 1323 2770 1367 ut
2800 1316 2922 1378 scis,
2954 1331 3070 1369 amo
3099 1319 3286 1382 otium,
3321 1334 3510 1384 pascor
3536 1323 3715 1389 quiete.

2181 1406 2387 1459 Instruo
2417 1408 2588 1474 itaque
2631 1418 2679 1460 te
2718 1409 2997 1462 adversum
3031 1411 3397 1467 lentitudinem
3428 1431 3597 1468 meam
3625 1435 3636 1469 :
3679 1418 3713 1468 si

2180 1495 2412 1548 absentis
2434 1497 2586 1548 amici
2608 1497 2715 1563 jam
2738 1498 3009 1552 desideras
3035 1501 3283 1567 reditum,
3313 1511 3498 1570 patere
3521 1504 3713 1559 brevem

2182 1586 2457 1650 prtesentis
2483 1601 2787 1640 excursum.
2816 1588 2961 1640 Vale.

2707 1680 2915 1734 EPIST.
2961 1681 3191 1737 XXVIII.

2632 1786 2930 1825 εγιιιιλοιιυε
2969 1787 3280 1828 ΜΑΕΕΒΟΝΙΟ.

2255 1859 2398 1911 Licet
2423 1860 2744 1926 gravissimis
2765 1862 2997 1915 febribus
3021 1864 3324 1930 impedirer,
3351 1881 3452 1918 non
3478 1866 3615 1932 potui
3637 1866 3716 1920 de-

599 1945 888 2016 Requirunt
919 1929 1234 2009 me,'credo,
1264 1947 1402 1999 oculi
1436 1947 1506 1998 tui
1534 1965 1544 1997 :
1588 1960 1736 1999 mens
1763 1945 1947 1998 adesse
1976 1961 2077 1997 non
2111 1929 2156 1985 Β
2186 1965 2374 2015 tri-gare
2411 1951 2502 2002 tibi
2541 1951 2990 2006 hciiorilicentiam
3020 1957 3334 2019 litterarmn,
3371 1974 3437 2011 ne
3467 1959 3715 2027 religionis

530 2037 755 2090 dubitet.
810 2035 1010 2088 Mecum
1062 2037 1204 2088 enim
1254 2036 1523 2103 diligentia
1575 2037 1647 2090 tui
1693 2042 2076 2103 peregrinatur,

531 2136 798 2195 totumque
827 2127 985 2178 animi
1026 2125 1302 2179 affectione
1344 2127 1675 2180 circumfero.
1726 2126 2079 2180 Nihilominus

526 2231 747 2270 exerceo
767 2218 902 2284 st.on
922 2215 1165 2268 amicitia:
1190 2217 1529 2282 voluptatem.
1559 2217 1708 2282 Quod
1730 2218 1772 2268 si
1798 2227 1847 2268 tu
1872 2232 2078 2285 quoque

529 2307 750 2361 invicem
781 2306 989 2368 feceris,
1017 2307 1223 2359 eveniet
1254 2316 1307 2358 ιιι
1340 2308 1547 2375 longum
1580 2307 1720 2359 fruar
1749 2308 1840 2359 otii
1868 2321 2078 2372 posses-

527 2398 707 2458 sione;
751 2397 871 2464 quia
904 2411 1006 2449 non
1037 2399 1248 2463 negabis
1288 2398 1425 2465 quod
1472 2412 1556 2450 me
1600 2398 1762 2465 possit
1791 2395 2071 2450 abducere.

464 2536 465 2539 η
527 2484 680 2538 Vale.

1084 2553 1290 2606 EPI‘ST.
1334 2554 1514 2606 XXIV.

1009 2657 1305 2694 SYMMACIIL'S
1358 2658 1586 2695 ATTALO.

595 2731 673 2786 Ad
701 2730 1091 2798 Neapolitanam
1124 2744 1401 2796 provectus
1426 2745 1593 2794 oram,
1621 2731 1824 2783 litteras
1850 2732 2072 2797 sumpsi,

525 2824 714 2891 quibus
740 2836 835 2875 nos
860 2822 910 2874 in
938 2823 1219 2874 adventum
1250 2833 1393 2874 tuum
1425 2822 1559 2874 Baiis
1589 2824 1824 2875 residere
1845 2821 2072 2889 jussisti.

524 2912 802 2964 Asserebat
827 2911 1054 2978 perlator
1069 2912 1306 2978 epistulae
1327 2911 1602 2965 imminere
1622 2927 1906 2964 excursum
1931 2923 2073 2964 tuum

522 2998 750 3050 calcibus
775 3000 904 3052 suis.
936 2997 1068 3062 Quid
1098 2997 1346 3060 facerem,
1375 3013 1492 3051 cum
1524 3013 1607 3051 me
1635 3014 1733 3053 nec
1765 3000 1907 3053 locus
1936 3000 2073 3054 idem

524 3089 764 3142 teneret?
795 3089 1100 3157 Expeditius
1131 3091 1298 3141 visum
1331 3100 1412 3144 est
1443 3101 1498 3144 ut
1527 3105 1554 3142 a
1584 3100 1633 3145 te
1661 3090 1832 3159 purius
1855 3096 2072 3161 gratiam

520 3179 858 3232 continuandi
913 3179 977 3232 ad
1028 3193 1120 3232 vos
1178 3169 1380 3235 itineris
1433 3197 1792 3250 posceremus.
1862 3185 2074 3238 Amicos

520 3269 690 3332 enim,
721 3255 1008 3321 non'Baias
1034 3269 1375 3334 desiderasti;
1421 3272 1521 3325 nisi
1561 3272 1695 3327 forte
1733 3276 1821 3326 illo
1851 3275 2068 3330 luxuria:
2097 3272 2142 3333 C

521 3359 638 3411 sinu
685 3358 927 3412 traheris.
973 3358 1355 3414 Comitabimur
1403 3373 1482 3429 te,
1534 3363 1575 3416 si
1621 3378 1685 3416 eo
1734 3365 1905 3419 redire
1956 3380 2067 3418 ma-

522 3448 716 3500 lueris:
750 3448 988 3515 quamvis
1031 3449 1261 3515 regionis
1300 3450 1451 3504 istius
1485 3452 1673 3505 coelum
1721 3454 1983 3506 salubrius
2015 3463 2067 3507 et

522 3552 673 3605 pares
701 3535 866 3603 copiae
894 3540 1018 3590 sint.
1070 3538 1182 3590 Erit
1219 3541 1362 3606 optio
1392 3549 1499 3604 tua,
1533 3541 1806 3594 intendere
1835 3542 1960 3604 iter,
2003 3557 2067 3594 an

521 3627 756 3694 relegere
784 3626 1088 3680 debeamus.
1123 3629 1198 3681 Ad
1225 3630 1583 3685 defensionem
1619 3648 1786 3686 meam
1816 3636 2064 3701 pertinet,

517 3733 584 3769 eo
609 3718 916 3769 redeuntem
948 3726 998 3771 te
1026 3721 1207 3786 sequi,
1252 3721 1335 3773 ubi
1365 3721 1732 3782 adventantem
1760 3735 2068 3792 exspectare

519 3821 626 3860 non
652 3805 817 3874 potui.
852 3807 996 3862 Vale.

1081 3878 1291 3933 EPIST.
1345 3879 1508 3934 XXV.

1002 3985 1302 4028 SYMIIACIIUS
1339 3989 1571 4028 ATTALO.

583 4058 1031 4128 Si'ri-spondis'scs
1056 4063 1291 4128 epistola:
1320 4078 1472 4126 mea,
1502 4064 1728 4116 levasses
1757 4078 1922 4118 onere
1949 4080 2069 4119 cou-

515 4149 791 4203 Icientiam
828 4158 971 4203 tuam
997 4166 1010 4202 :
1049 4165 1188 4204 nunc
1216 4161 1448 4204 nostram
1479 4151 1838 4213 taciturnitate
1863 4154 2063 4221 juvisti.

516 4238 752 4305 Repensa
782 4239 924 4294 enim
951 4240 1121 4293 officia
1150 4241 1381 4314 laetitiam
1412 4242 1536 4295 mibi
1570 4254 1849 4310 praestant,
1881 4257 2065 4314 negata

517 4330 808 4401 victoriam.
855 4330 919 4380 Et
947 4329 1058 4382 scio
1087 4345 1154 4382 ex
1181 4313 1648 4399 abundantiposse
1681 4333 1886 4396 facere,
1928 4313 2067 4402 quod

516 4433 611 4469 nos
639 4419 806 4469 multo
831 4417 1024 4469 sudore
1047 4403 1393 4487 dcstringitis.
1428 4421 1530 4475 Sed
1556 4423 1675 4488 quia
1702 4423 1903 4476 invides
1931 4425 2063 4476 bona

517 4512 669 4560 verba
716 4507 1030 4570 lectoribus;
1078 4524 1142 4561 ne
1189 4510 1293 4562 vim
1325 4511 1496 4565 facere
1531 4514 1807 4567 existimer
1833 4516 2065 4568 avaritia:

517 4600 636 4655 ιιιω,
665 4592 998 4661 dispendium
1029 4611 1202 4647 meum
1231 4597 1449 4651 devoro.
1482 4598 1624 4654 Vale.

1072 4731 1281 4785 EPIST.
1317 4732 1503 4785 XXVI.

960 4834 1264 4875 SVMIIACIIUS
1303 4839 1614 4878 MACEDONIO.

584 4909 766 4964 Audeo
787 4903 910 4975 tein
935 4923 1116 4983 agrum
1141 4913 1446 4967 Lavinatum
1471 4932 1643 4969 meum
1670 4931 1787 4984 post
1805 4921 2066 4990 Tyburtes

516 5015 701 5068 rogare
727 4999 983 5052 delicias:
1031 5016 1125 5053 nec
1169 5017 1282 5053 sum
1325 5004 1551 5071 religiosi
1592 5009 1836 5060 desiderii
1879 5011 2063 5074 longus

514 5097 776 5157 precator.
831 5088 903 5140 Ea
931 5088 1121 5156 quippe
1155 5093 1289 5144 inter
1319 5094 1516 5146 amicos
1560 5096 1865 5161 petitionum
1909 5101 2066 5154 debet

514 5193 628 5230 esse
661 5177 913 5240 conditio,
942 5188 996 5230 ut
1023 5182 1396 5245 praestantibus
1426 5197 1587 5250 prona
1620 5185 1915 5254 videantur,
1949 5205 2064 5256 qua:

513 5275 635 5318 sunt
663 5281 847 5334 magna
879 5268 1238 5335 poscentibus.
1277 5269 1417 5322 \ale.

1065 5397 1269 5452 EPIST.
1313 5399 1518 5454 XXVII.

970 5504 1268 5548 suasurus
1309 5508 1615 5547 MACEDON“).

523 5636 526 5639 _
584 5597 730 5650 Soles
755 5597 1040 5661 alfirmare,
1062 5598 1201 5664 quod
1225 5614 1306 5651 me
1330 5602 1420 5653 tibi
1448 5603 1717 5669 praeferas.
1752 5607 1940 5663 Posset
1967 5612 2065 5667 hoc

514 5700 627 5742 esse
656 5689 925 5753 credibile,
952 5689 995 5740 si
1023 5689 1183 5742 filium
1214 5704 1382 5744 meum
1416 5695 1645 5748 Attalum
1674 5698 1737 5749 ad
1767 5715 1863 5752 nos
1887 5708 2067 5760 venire

518 5777 788 5841 patereris.
839 5779 891 5830 lu
944 5790 1030 5830 tuo
1076 5780 1213 5831 enim
1270 5779 1380 5846 iure
1428 5795 1527 5849 est,
1583 5786 1684 5838 tuis
1725 5791 1937 5847 monitis
1975 5809 2065 5849 ac-

2094 4609 2145 4667 Β

2183 2041 2449 2106 negligens
2477 2039 2758 2106 judicarer.
2810 2042 2918 2096 Nec
2962 2048 3231 2098 tamenin
3278 2047 3494 2100 multa-n
3541 2051 3715 2103 seriem

2183 2146 2471 2198 propagare
2505 2131 2704 2184 litteras
2732 2134 2870 2186 valui
2895 2151 2908 2187 :
2941 2151 3159 2202 quarum
3188 2137 3416 2192 brevitas
3443 2139 3715 2207 inculpabi-

2182 2223 2246 2272 lis
2271 2233 2372 2281 cst,
2400 2236 2517 2273 cum
2547 2237 2608 2275 ex
2653 2223 2842 2287 injuria
2872 2224 3204 2291 valetudinis,
3239 2241 3340 2281 non
3367 2242 3433 2281 ex
3463 2229 3715 2283 voluntate

2179 2312 2482 2364 deret-ndat.
2521 2311 2668 2365 Vale.

2737 2402 2948 2458 EPIST.
2993 2403 3182 2459 XXIX.

2619 2505 2917 2544 ειιιιιιλειιυε
2958 2507 3271 2546 HACEDONIO.

2248 2580 2426 2648 Neque
2454 2580 2627 2632 fratris
2657 2584 2820 2634 nostri
2841 2582 2897 2634 V.
2924 2581 2986 2636 C.
3018 2583 3276 2636 Procliani
3304 2584 3561 2652 profectio
3581 2599 3714 2652 passa

2177 2678 2258 2721 est
2290 2679 2341 2722 ut
2373 2670 2582 2722 silerem
2603 2711 2616 2730 ,
2642 2685 2810 2738 neque
2838 2682 3015 2724 nostra
3044 2672 3165 2724 sivit
3192 2658 3398 2727 affectio
3448 2685 3504 2727 ut
3540 2675 3712 2728 officiis

2179 2771 2547 2826 temperarem.
2576 2760 2717 2826 Cape
2749 2762 2904 2829 igitur
2930 2762 3174 2816 debitum
3199 2780 3387 2818 munus
3413 2766 3644 2833 alloquii,
3672 2776 3713 2817 ct

2181 2861 2237 2900 ut
2267 2863 2350 2902 me
2378 2847 2534 2900 facias
2566 2851 2971 2916 promptiorem,
3012 2851 3371 2919 impertienda:
3397 2856 3713 2909 salutationis

2177 2953 2387 3005 cperam
2419 2938 2719 3007 frequenter
2751 2955 2961 3010 usurpa.
2995 2941 3143 2996 Vale.

2743 3051 2952 3105 EPIST.
2995 3052 3159 3105 XXX.

2685 3157 2988 3195 εγιηιιιιῑιιυε
3026 3158 3230 3196 ATTICO.

2251 3232 2339 3284 Est
2363 3231 2574 3298 quidem
2616 3231 2740 3283 mihi
2776 3233 2910 3284 ruris
2942 3232 3104 3285 otium
3136 3235 3384 3301 volup'ati
3418 3236 3545 3289 :sed
3585 3237 3710 3291 anti-

2172 3320 2607 3389 quioremjudico
2643 3321 2712 3372 tui
2755 3321 3072 3374 voluntatem
3097 3340 3109 3376 :
3131 3338 3292 3391 quare
3320 3325 3508 3378 officiis
3538 3341 3710 3378 consu-

2173 3411 2398 3470 laribus,
2445 3410 2486 3461 si
2533 3408 2643 3462 fors
2686 3409 2882 3463 dictum
2911 3411 3072 3478 juvet,
3115 3421 3379 3480 spectator
3417 3424 3471 3468 et
3508 3415 3710 3468 conviva

2173 3517 2274 3553 ltun
2301 3508 2476 3554 deero.
2513 3500 2658 3554 Vale.

2723 3570 2932 3624 EPIST.
2974 3570 3160 3624 XXXI.

2675 3674 2979 3714 ειίιιιιλςιιυε
3018 3677 3228 3716 ATTICO.

2242 3746 2533 3803 Retrahere
2561 3764 2654 3800 nos
2694 3747 3046 3817 e'Campauize
3089 3752 3287 3819 gremio
3320 3753 3567 3824 Tybttrtis
3609 3755 3708 3824 agri

2171 3837 2412 3889 laudibus
2455 3839 2655 3890 studes.
2704 3842 2794 3891 Est
2842 3841 2947 3904 ille,
2995 3850 3048 3894 ut
3085 3842 3360 3909 praedicas,
3407 3847 3456 3899 in
3486 3855 3574 3900 tuo
3599 3861 3708 3900 rure

2169 3925 2362 3979 deosus
2388 3932 2673 3994 cupressis,
2707 3941 2756 3983 et
2795 3930 3014 3984 fontium
3045 3932 3239 3999 largus,
3268 3947 3319 3987 et
3346 3949 3594 3992 montano
3617 3938 3708 3991 situ

2171 4016 2408 4084 frigidus.
2457 4019 2646 4096 Essent
2689 4023 2799 4076 haec
2841 4024 2964 4075 mihi
2993 4024 3358 4090 desideranda,
3408 4030 3451 4083 si
3485 4039 3533 4083 te
3575 4044 3707 4082 mora

2173 4106 2418 4160 uberiore
2448 4107 2757 4162 tenuissent.
2786 4111 2928 4164 Nunc
2950 4127 3225 4180 properato
3245 4116 3295 4168 in
3324 4118 3504 4170 urbem
3524 4118 3707 4181 reditu,

2171 4196 2527 4262 nescioquam
2568 4198 2691 4248 mihi
2732 4200 2944 4252 fastiditi
2975 4202 3070 4253 loci
3114 4203 3467 4270 suspicionem
3510 4207 3707 4261 dedisti.

2171 4284 2372 4339 Ilabent
2399 4287 2538 4340 enim
2571 4302 2712 4353 saepe
2742 4290 3037 4358 voluptates
3061 4296 3370 4348 satietatem.
3402 4297 3549 4361 Quod
3578 4298 3618 4350 si
3648 4300 3709 4349 ita

2168 4385 2269 4437 est,
2300 4375 2622 4452 satisfactum
2653 4377 2876 4432 Formiis
2903 4391 3048 4447 puto,
3081 4382 3266 4449 quibus
3291 4386 3705 4447 renuntiaveras;

2167 4480 2285 4517 cum
2313 4467 2402 4519 tibi
2429 4467 2583 4520 etiam
2615 4471 2823 4536 prazlata
2853 4471 3180 4538 displiceant.
3217 4473 3365 4528 Vale.

2714 4597 2922 4653 EPIST.
2961 4600 3173 4654 XXXII.

2672 4702 2972 4743 SVIIACIIUS
3010 4705 3222 4745 ATTICO.

2243 4776 2494 4846 Relegere
2533 4779 2633 4834 iter
2675 4791 2728 4832 et
2767 4783 2815 4833 in
2858 4794 3195 4851 conspectum
3241 4795 3472 4842 vestrum
3511 4791 3708 4844 tandem

2169 4865 2340 4919 redire
2365 4867 2700 4934 meditemur,
2737 4870 2856 4924 licet
2887 4872 2977 4927 ﬁlii
3010 4877 3174 4928 nostri
3205 4878 3391 4932 virium
3419 4883 3560 4935 vacui
3589 4883 3706 4943 sint,

2165 4964 2221 5008 et
2247 4971 2330 5009 me
2354 4955 2574 5010 febritnn
2603 4975 2736 5013 noxa
2766 4950 3071 5030 tentaverit;
3097 4972 3359 5022 minuetur
3381 4981 3551 5025 tamen
3575 4972 3710 5025 labor

2173 5044 2459 5099 intervallis
2482 5047 2727 5102 brevibus
2750 5056 3101 5106 mansionum.
3145 5056 3312 5123 Spero
3342 5044 3574 5112 locorum
3603 5076 3709 5113 mu-

2174 5135 2369 5187 latione
2415 5150 2781 5201 processurum
2824 5142 3016 5210 aliqu'd
3062 5148 3272 5212 optatis.
3322 5149 3508 5202 Curam
3552 5151 3600 5204 in
3632 5165 3708 5203 me

2173 5222 2453 5290 diligentiae
2482 5235 2583 5279 true
2607 5242 2700 5280 usu
2731 5231 2998 5296 probatam
3020 5250 3261 5303 crescere
3280 5237 3329 5289 in
3352 5237 3463 5292 dies
3486 5240 3706 5307 gaudeo:

2148 5311 2254 5363 cui
2285 5313 2519 5378 impense
2556 5315 2726 5370 verbis
2753 5321 2946 5384 gratias
2973 5337 3201 5390 agerem,
3222 5326 3262 5378 si
3293 5325 3528 5380 idlaudis
3552 5334 3710 5398 potius

2176 5399 2521 5467 affectatione,
2554 5420 2708 5472 quam
2733 5408 2934 5462 sincera
2970 5414 3158 5479 pietate
3187 5413 3409 5470 faceres.
3443 5417 3588 5474 Vale.
3643 5469 3646 5472 ί

2705 5537 2914 5593 EPIST.
2941 5541 3191 5596 .XXXIII.

2667 5642 2966 5684 SVIIIIACHUS
3005 5648 3196 5687 ATTICO

2247 5711 2494 5767 Proxime
2525 5715 2770 5772 indicium
2799 5722 2982 5774 salutis
3010 5740 3138 5779 mea:
3189 5729 3421 5795 praetuli;
3471 5745 3565 5783 nec
3593 5728 3706 5781 dum

2173 5804 2311 5870 quod
2341 5805 2561 5862 invicem
2587 5809 2653 5862 de
2683 5814 2945 5879 prosperis
2990 5816 3090 5870 tuis
3119 5817 3365 5885 legerem,
3418 5821 3703 5876 reddidisti.
