3826 6376
534 440 635 491 795

1678 440 1737 504 ρ.
1768 438 2122 513 \AURELIUS
2164 438 2599 495 SYMMACIIUS.
3668 443 3757 495 ΞΜ

533 550 787 617 voluptati
834 561 952 602 esse
994 549 1270 603 testabltur
1313 547 1471 601 ollii-ii
1522 549 1810 601 remulatio.
1857 549 2008 612 Quod
2050 548 2093 600 si
2125 553 2171 607 Α
2201 548 2419 600 domino
2458 558 2514 601 et
2558 548 2665 601 lilio
2716 563 2833 601 meo
2875 548 3144 614 Flzniano,
3176 565 3333 617 quem
3377 556 3629 619 prosequi
3671 550 3757 605 hoc

532 640 690 692 etiam
740 640 980 706 portitori
1034 642 1257 692 fructum
1319 640 1597 706 patrocinii
1650 640 1722 691 tui
1770 654 1947 691 sermo
1998 639 2097 691 istc

533 730 863 795 quzesiverit;
898 730 1477 798 praecedentissilentii
1505 730 1769 783 accusabo
1795 729 2095 797 dispendia.

531 818 802 873 Constabit
828 818 992 885 enim,
1042 820 1285 887 pluribus
1326 836 1409 873 me
1456 822 1694 889 potuisse
1718 821 2020 886 consulere,
2050 821 2095 873 si

534 918 582 962 te
604 910 800 978 alloqui
830 921 953 965 ante
975 913 1281 985 cmpissem.
1320 910 1466 964 Vale.

1094 1044 1307 1097 EPIST.
1349 1043 1531 1096 XLIII.

1049 1148 1351 1187 SYMHACIIITS
1392 1148 1566 1186 DECIO.

594 1222 725 1275 Cum
756 1223 865 1276 ruri
898 1237 1130 1292 agerem,
1180 1224 1429 1277 libertate
1466 1224 1589 1278 coeli
1635 1238 1877 1292 gressum
1920 1223 2091 1278 refor-

530 1325 695 1376 mans,
747 1312 898 1381 cujus
926 1328 1010 1367 me
1052 1328 1178 1367 usus
1204 1322 1326 1381 post
1357 1314 1597 1367 dolorem
1629 1321 1892 1375 moratur;
1942 1314 2091 1367 fami-

530 1408 839 1461 lQarissintus
877 1422 1025 1461 meus
1081 1406 1339 1460 ordiendo
1388 1407 1563 1460 itineri
1608 1417 1822 1473 paratus
1866 1406 1987 1459 fecit
2025 1406 2089 1459 ad

527 1498 865 1554 scribendum
911 1500 989 1552 sui
1030 1500 1257 1566 copiam.
1292 1498 1441 1552 Illico
1479 1498 1703 1550 amicam
1751 1498 1927 1549 studio
1972 1512 2091 1549 meo

529 1591 800 1658 amplexus
826 1593 1272 1654 communionem,
1300 1591 1492 1657 scripta
1514 1604 1616 1643 non
1646 1589 1824 1642 distuli
1858 1606 1869 1641 :
1898 1605 2016 1657 qua:
2038 1600 2091 1642 et

529 1679 663 1731 inter
694 1693 790 1733 nos
818 1687 1074 1747 augerent
1101 1680 1479 1733 commercium
1523 1680 1812 1747 religionis,
1860 1691 1910 1733 et
1941 1695 2090 1734 com-

528 1768 724 1819 meanti
753 1768 975 1835 primmn
1013 1768 1150 1834 apud
1190 1775 1241 1820 te
1271 1769 1469 1823 notitiae
1507 1768 1666 1822 limen
1697 1770 1985 1836 aperirent.
2032 1770 2088 1823 Si

2205 638 2401 691 viatico
2429 639 2633 702 debeo,
2667 654 2763 692 nec
2794 640 2985 706 aliquid
3015 641 3302 707 adiungere
3331 656 3345 697 :
3376 642 3497 709 quia
3529 652 3614 694 tua
3648 655 3755 709 erga

2200 743 2321 782 cum
2352 728 2626 797 diligentia
2670 745 2773 783 non
2812 730 2999 794 recipit
3036 743 3402 797 augmentum.
3451 732 3580 787 Volo
3616 732 3758 800 igitur

2201 820 2433 885 noveris,
2482 837 2585 873 non
2613 836 2732 875 esse
2777 820 2993 883 fastidii,
3040 821 3179 889 quod
3208 838 3361 889 quam
3392 822 3665 875 minimum
3696 823 3753 875 de

2199 924 2264 963 eo
2294 910 2596 973 scribimus,
2626 912 2718 963 sed
2754 910 3051 964 securitatis
3080 913 3144 964 de
3176 922 3261 963 tua
3304 922 3479 965 mente
3511 926 3753 979 praesum-

2198 1008 2325 1065 pta).
2358 998 2501 1050 Talis
2529 999 2725 1065 iugiter
2758 1000 2808 1051 in
2851 1015 2970 1051 eum
3016 1016 3135 1053 esse
3175 1000 3415 1067 dignare,
3465 1001 3674 1068 qualern
3710 1011 3755 1054 te

2198 1098 2347 1143 vetus
2380 1089 2613 1142 amicitia
2640 1090 2958 1157 pollicetur:
2987 1092 3067 1141 cui
3102 1091 3281 1157 adjicit
3309 1091 3381 1143 tui
3406 1091 3626 1145 honoris
3650 1104 3755 1158 gra-

2196 1179 2317 1241 dus,
2339 1188 2395 1232 ut
2419 1194 2535 1247 qua:
2551 1194 2646 1247 pro
2673 1194 2736 1232 eo
2762 1179 2898 1233 velle
2919 1180 3103 1243 debes,
3122 1194 3276 1245 posse
3302 1194 3405 1234 non
3420 1193 3602 1247 neges.
3620 1179 3752 1233 Vale.

2744 1310 2953 1365 IJPIST.
3000 1312 3224 1363 XLVIEI.

2712 1416 3021 1453 SYNMACIICS
3065 1417 3237 1454 ilECIO.

2266 1490 2471 1545 Favore
2503 1501 2592 1544 tuo
2617 1491 2809 1543 factum
2859 1502 2958 1557 est,
2995 1492 3406 1545 ttteveclionum
3452 1490 3750 1545 adminicula

2191 1596 2549 1643 sumeremus,
2603 1584 2791 1648 quibus
2845 1580 3132 1632 familiaics
3185 1582 3283 1631 mei
3336 1582 3564 1646 ctnpturi
3606 1596 3753 1648 equas

2188 1670 2412 1723 Curules
2442 1670 2507 1722 ad
2538 1671 2843 1737 Ilisiianiam
2886 1682 3271 1722 conuocarent.
3302 1675 3496 1732 Quteso
3526 1670 3683 1737 igitur
3710 1674 3751 1724 in

2190 1780 2301 1817 rem
2331 1764 2520 1816 missos
2544 1780 2663 1816 mox
2691 1766 2912 1815 transire
2940 1765 3214 1829 praecipias
3240 1781 3254 1826 ;
3284 1764 3425 1830 quod
3451 1764 3610 1830 longo
3639 1774 3754 1817 lem-

528 1856 825 1924 probabiles
856 1857 1011 1925 huius
1031 1858 1269 1924 epistolae
1298 1871 1485 1911 causas
1520 1868 1696 1927 putas,
1730 1859 1853 1911 mihi
1878 1873 2084 1935 sertno-
2120 1892 2162 1948 Β
2195 1866 2320 1916 imre
2348 1866 2480 1919 opus
2506 1861 2605 1909 est.
2633 1864 2687 1903 ut
2727 1854 2791 1905 de
2818 1853 3036 1918 singulis
3054 1852 3341 1917 provinciis
3369 1852 3599 1920 optimos
3615 1868 3755 1921 quos-

529 1949 607 2002 nis
634 1947 709 2001 tui
740 1950 929 2017 gratia,
959 1948 1035 2000 illi
1058 1948 1257 2000 amoris
1287 1947 1487 2002 fructus
1513 1948 1739 2002 eveniat.
1768 1930 1919 2002 Vale.

1096 2081 1309 2135 EPIST.
1354 2081 1534 2136 XLIV.

1044 2186 1347 2223 SYMI‘ACIIUS
1390 2186 1561 2223 DECIO.

598 2262 927 2314 fiemuneror
965 2260 1093 2313 mihi
1130 2261 1324 2313 dictam
1370 2274 1401 2312 a
1441 2270 1491 2313 te
1540 2261 1801 2323 salutem,
1854 2263 2095 2329 quamvis

528 2353 717 2405 diebus
747 2351 1002 2420 proximis
1034 2351 1175 2403 ultro
1200 2350 1485 2403 amicitiam
1507 2352 1627 2419 styli
1663 2366 1822 2418 Opere
1848 2351 2095 2420 frequen-

529 2442 745 2495 tztverim
775 2458 787 2491 :
812 2455 930 2509 qua:
958 2440 1396 2494 commemoratio
1424 2456 1529 2494 non
1572 2443 1861 2508 exprobrat
1895 2443 2090 2495 ol'licia.

530 2532 692 2600 lluius
720 2534 860 2586 enim
888 2532 1174 2613 diligentiae
1204 2533 1474 2601 voluptate
1503 2534 1712 2586 animus
1742 2547 1890 2585 meus
1919 2534 2092 2599 pasci-

527 2635 629 2676 tur.
664 2624 753 2676 Est
782 2624 938 2691 igitur
960 2632 1047 2675 tua
1078 2623 1245 2691 optio,
1276 2637 1339 2674 an
1368 2623 1419 2675 in
1457 2638 1542 2677 me
1567 2624 1697 2676 velis
1723 2638 1863 2690 saepe
1893 2624 2093 2676 littera-

525 2727 640 2765 rum
680 2726 801 2766 esse
844 2712 1145 2775 munilicns,
1194 2713 1332 2777 quod
1382 2711 1594 2779 quidem
1643 2716 1871 2765 maxime
1909 2713 2086 2780 cupio.

524 2802 627 2855 Sed
659 2803 703 2869 si
748 2801 958 2869 quando
1001 2802 1153 2856 nobis
1204 2800 1404 2855 fructus
1452 2805 1551 2855 iste
1598 2802 1856 2864 defuerit;
1904 2803 2089 2855 eadem

528 2890 652 2943 mihi
682 2891 870 2960 gaudia
900 2901 1073 2945 tecum
1101 2890 1352 2959 loquendi
1381 2905 1560 2944 sermo
1591 2903 1773 2945 noster
1797 2891 2087 2961 prtestabit.

532 2979 675 3035 Vale.
1071 3009 1074 3012 ~

1099 3070 1311 3125 EPIST.
1354 3070 1512 3126 XLV.

1040 3175 1348 3215 SYIIACBUS
1388 3176 1558 3215 DECIO.

2196 1958 2297 2003 que
2324 1955 2570 2008 excerpat
2600 1943 2807 2001 electio,
2842 1952 2895 1993 et
2941 1946 3201 1995 morosior
3250 1942 3455 1995 cautela
3497 1942 3753 2010 perducat.

2195 2035 2454 2088 Praeterea
2480 2034 2571 2085 tibi
2601 2036 2823 2085 validius
2851 2034 3198 2100 obligabor,si
3230 2034 3437 2087 duobus
3463 2033 3581 2086 aliis
3612 2049 3750 2087 verc-

2200 2125 2284 2175 dis
2313 2124 2620 2176 eorumdem
2644 2123 2755 2175 iter
2776 2123 2976 2189 iuveris
3010 2140 3021 2173 :
3050 2122 3353 2175 dividentur
3375 2123 3519 2176 enim
3546 2121 3754 2190 singuli.

2201 2224 2342 2265 utex
2374 2212 2599 2265 diversis
2625 2213 2909 2278 provinciis
2938 2212 3240 2266 edeciment
3265 2210 3531 2267 lectionis.
3564 2213 3668 2266 Erit
3692 2213 3751 2263 uti

2194 2303 2467 2365 benelieii,
2503 2310 2622 2368 post
2652 2302 2911 2354 illustrem
2938 2312 2990 2353 et
3023 2303 3572 2369 praaccllentissitnutn
3604 2303 3753 2353 virum

2194 2386 2469 2453 comitem,
2498 2390 2751 2457 quidquid
2778 2390 2957 2444 domui
2990 2399 3183 2443 nostrae
3228 2392 3475 2459 prtetoria
3526 2389 3618 2443 filii
3665 2392 3753 2442 ntei

2194 2481 2355 2534 editio
2388 2481 2689 2548 splendoris
2716 2479 2993 2547 adiecerit.
3030 2480 3179 2535 Vale.

2753 2612 2969 2667 EI‘IST.
3014 2613 3201 2671 XLIX.

2724 2715 3034 2754 SYSINACIIUS
3074 2719 3119 2754 [η
3141 2718 3249 2755 ClOo

2264 2795 2609 2849 Certissimus
2638 2804 2823 2848 contra
2855 2812 3041 2849 omnes
3070 2800 3319 2865 procella.
3358 2800 3516 2851 animi
3542 2801 3612 2853 tui
3646 2814 3748 2867 [νοτε

2195 2892 2278 2937 tus
2306 2895 2421 2949 est;
2478 2886 2596 2937 ItII'U
2628 2887 2690 2938 ad
2746 2897 2795 2940 te
2848 2890 3047 2941 sororis
3090 2903 3219 2941 mea:
3279 2904 3285 2935 l
3336 2907 3412 2941 ηδ
3444 2892 3553 2957 Spei
3600 2901 3749 2942 certus

2193 2980 2439 3027 accurrit.
2495 2976 2696 3043 Negotii
2750 2988 2923 3029 autem
2972 2993 3135 3045 genus
3182 2986 3241 3027 ,ξιτ
3295 2981 3619 3031 humanitate
3657 2993 3742 3031 sa:-

2190 3063 2292 3116 culi
2318 3073 2587 3131 exspectat
2615 3066 2889 3123 auxilium,
2918 3068 3065 3132 cuius
3096 3067 3218 3129 ηυεοι
3242 3076 3321 3120 tas
3355 3068 3635 3120 virtutibus
3656 3071 3744 3121 tuis

2194 3167 2412 3219 precum
2462 3152 2682 3205 lectione
2725 3159 3003 3220 pandetur.
3055 3154 3192 3221 Ergo
3239 3156 3473 3221 piolixns
3502 3170 3741 3209 essenon

593 3252 705 3306 Utta
728 3252 840 3305 hzec
866 3253 948 3305 via
976 3261 1059 3306 est
1083 3268 1185 3321 qua
1220 3255 1451 3306 maxime
1480 3253 1683 3306 civibus
1722 3266 1784 3305 ac
1815 3252 2083 3307 familiari-

2197 3244 2360 3298 debeo
2388 3253 2663 3297 enarrator
2694 3245 2897 3312 iniuriae
2918 3286 2932 3307 ,
2984 3260 3102 3297 cum
3132 3246 3325 3299 seriem
3357 3247 3609 3301 desiderii
3631 3246 3743 3299 fides

524 3342 621 3397 bus
649 3343 784 3396 meis
812 3344 1030 3411 prosim,
1074 3343 1121 3397 si
1161 3358 1256 3397 eos
1300 3343 1352 3397 in
1390 3344 1693 3397 clientelam
1731 3353 1893 3409 tuam,
1938 3342 2087 3411 Quasi

522 3441 855 3501 mystagegus
875 3433 1138 3486 indumm.
1162 3433 1309 3501 Quod
1335 3449 1473 3487 nunc
1496 3450 1591 3503 pro
1614 3434 1909 3489 Gaudentio
1929 3434 2083 3497 facio,

522 3525 636 3573 viro
664 3522 875 3590 generis
900 3524 1152 3575 senatorii
1182 3540 1193 3574 :
1232 3523 1383 3589 cuius
1413 3524 1749 3591 modestiam,
1798 3525 1843 3577 si
1867 3526 2085 3592 propius

527 3611 838 3677 inspexeris,
886 3611 1149 3679 repereris
1184 3612 1344 3666 claris
1391 3614 1648 3667 natalibus
1691 3627 1895 3681 parem.
1926 3609 2087 3682 Igitur

527 3703 578 3755 in
603 3704 854 3771 obsequia
887 3710 971 3757 tua
1004 3705 1369 3757 incunctanter
1408 3716 1671 3771 receptus,
1719 3714 1839 3759 ante
1873 3707 2081 3773 plenam

522 3794 601 3844 sui
634 3793 903 3857 fiduciam,
932 3809 1087 3862 quam
1122 3809 1241 3846 mox
1272 3794 1344 3845 illi
1376 3807 1579 3845 morum
1609 3796 1879 3861 prmstabit
1910 3798 2079 3862 inspe-

520 3886 639 3950 ειίο,
679 3886 937 3953 intell'gat
958 3885 1023 3939 de
1046 3900 1105 3939 se
1138 3886 1441 3939 testimonio
1474 3900 1591 3939 meo
1617 3886 1897 3940 creditum.
1934 3888 2081 3941 Vale.

1086 3994 1299 4048 EI’IST.
1343 3994 1523 4047 XLVI.

1047 4100 1346 4138 SVDIIACIIUS
1386 4099 1560 4139 DECIO.

588 4194 879 4263 Singularis
908 4195 1066 4247 animi
1098 4194 1168 4247 tui
1208 4194 1417 4248 bonitas
1447 4209 1589 4262 saepe
1621 4205 1770 4247 vocat
1814 4196 1877 4247 ad
1911 4196 2079 4263 justas

517 4286 797 4350 petitiones
842 4284 1085 4337 fiduciam
1126 4298 1317 4336 meam.
1352 4266 1465 4338 Non
1497 4292 1580 4336 est
1610 4284 1767 4353 igitur
1808 4301 2079 4339 commen-

515 4374 787 4428 dationum
815 4373 1153 4438 familiarium
1178 4375 1409 4427 verenda
1439 4375 1797 4441 reprehensio,
1825 4392 1942 4428 cum
1969 4378 2081 4444 ipse

516 4464 580 4515 ad
629 4466 727 4517 hoc
758 4480 841 4517 me
866 4464 1095 4517 studium
1130 4465 1238 4519 voti
1285 4466 1603 4535 benignitate
1642 4468 1910 4521 Sollicites.
1948 4470 2080 4537 Spes

515 4568 641 4620 ergo
666 4565 807 4606 certa
828 4563 931 4615 est,
972 4564 1149 4620 gratas
1190 4555 1282 4608 tibi

516 4645 772 4696 tissimum
818 4645 985 4695 virum
1012 4643 1342 4698 Desiderium
1372 4656 1604 4699 veterem
1636 4650 1861 4700 amicum
1900 4664 2073 4702 meum

518 4746 821 4801 prosequor.
860 4732 1157 4787 Domestica
1190 4734 1311 4787 huic
1340 4749 1497 4787 causa
1539 4736 1813 4800 rmnpendi
1858 4739 1949 4789 otii
1982 4738 2073 4789 ad—

516 4824 678 4874 movit
698 4824 1093 4876 neccssitatem.
1120 4824 1248 4875 Eam
1280 4824 1431 4879 facile
1453 4826 1710 4893 jacturam
1736 4827 2073 4881 dissimulare

516 4911 787 4977 potuisset,
838 4912 879 4961 si
929 4911 1233 4963 admitteret
1274 4927 1517 4979 magnum
1568 4916 1797 4966 animum
1850 4928 2070 4984 augusta

498 5003 744 5059 fortuna.
792 5003 863 5055 Ex
910 5004 1025 5071 ipso
1072 5004 1230 5057 latius
1275 5004 1480 5066 audies,
1530 5006 1781 5073 quidquid
1830 5008 2069 5074 epismlte

514 5095 744 5147 brevitas
772 5100 979 5146 recusat
1011 5092 1312 5146 absolvere.
1352 5094 1473 5146 Mihi
1504 5094 1631 5147 satis
1660 5104 1763 5161 est,
1796 5112 1889 5161 pro
1924 5112 1987 5149 eo
2016 5096 2067 5149 in

514 5184 815 5235 universum
836 5195 1043 5250 rogare.
1068 5180 1311 5247 Suscipe,
1338 5181 1835 5247 oro,.benefaciendi
1862 5186 2071 5250 provin-

512 5288 665 5333 ciam,
684 5287 799 5339 qum
824 5272 1092 5325 hominum
1118 5273 1303 5326 merita
1330 5273 1435 5326 Deo
1452 5274 1698 5341 applicat,
1719 5274 2071 5343 clarioresque

514 5366 713 5417 fructus
742 5379 803 5416 ex
842 5364 995 5432 hujus
1024 5366 1300 5417 commodo
1330 5381 1481 5430 eai'e.
1507 5365 1628 5418 Mihi
1657 5366 1795 5418 enim
1828 5368 2070 5421 videntur

514 5456 765 5510 beneficia
796 5456 911 5524 plus
939 5460 1177 5510 conferre
1210 5459 1502 5523 praestanti.
1541 5456 1685 5509 Vale.

1063 5569 1273 5623 EI’IST.
1318 5568 1521 5622 XLVII.

1035 5674 1335 5711 SVIIIACIIUS
1376 5676 1549 5713 οκειο.

583 5768 686 5821 Nec
712 5768 974 5823 abstinere
1006 5766 1193 5823 litteris
1223 5783 1438 5835 possum
1470 5766 1837 5839 proficiscente
1883 5769 1947 5823 ad
1976 5784 2071 5825 vos

2194 3336 2597 3403 supplicationis
2621 3346 2870 3401 exponat.
2899 3337 3000 3389 llas
3032 3348 3207 3391 autem
3258 3338 3401 3392 solas
3433 3347 3610 3406 partes
3636 3336 3744 3391 mihi

2192 3429 2415 3496 iniungit
2440 3430 2666 3496 affectio,
2696 3438 2751 3482 ut
2779 3446 2870 3496 pro
2894 3428 3116 3497 Coniuge
3157 3430 3393 3497 pignoris
3438 3433 3563 3492 mei,
3611 3431 3743 3496 cujus

2192 3519 2484 3584 paupertati
2514 3521 2687 3586 gravis
2720 3530 2933 3585 paratur
2974 3520 3156 3581 ruina,
3187 3519 3493 3586 suffragium
3525 3520 3594 3572 tui
3619 3518 3745 3573 favo‘

2193 3606 2263 3657 ris
2286 3606 2610 3659 exambiam.
2649 3607 2791 3659 Vale.

2800 3695 3005 3751 EI’IST.
3066 3696 3123 3749 L.

2713 3802 3017 3839 SVMSIACIIL'S
3062 3800 3229 3839 DECIO.

2258 3877 2443 3929 Gaudii
2474 3878 2539 3929 de
2570 3885 2623 3931 te
2659 3882 2756 3931 mei
2800 3892 2896 3930 nec
2925 3881 3035 3944 ipse
3064 3885 3358 3929 ostentator
3394 3891 3515 3931 ese
3549 3892 3640 3944 per
3665 3891 3740 3929 ve-

2187 3968 2488 4020 recundiam
2517 3982 2760 4035 possum.
2798 3984 2893 4021 nec
2925 3976 3111 4021 testem
3144 3970 3364 4021 alterum
3395 3970 3521 4023 cito.
3555 3968 3740 4023 Sufficit

2185 4058 2351 4120 enim,
2386 4059 2526 4125 quod
2572 4072 2804 4111 amorem
2855 4072 3028 4111 meum
3071 4060 3136 4111 de
3177 4069 3260 4111 tua
3306 4069 3485 4113 mente
3536 4057 3736 4113 metiris.

2186 4147 2361 4200 Debeo
2393 4157 2569 4201 tamen
2604 4148 2837 4200 laztitiam
2870 4148 3131 4210 confiteri,
3166 4163 3282 4215 quae
3308 4150 3635 4214 praefectum
3664 4151 3738 4201 Ita-

2185 4237 2346 4291 benas
2390 4240 2454 4293 ad
2490 4240 2679 4291 bonam
2713 4238 2981 4291 transtulit
3014 4239 3361 4291 voluntatem.
3405 4240 3610 4293 Interea
3646 4253 3734 4292 non

2186 4329 2390 4381 minore
2413 4329 2622 4381 abundo
2649 4330 2849 4389 lmtitia,
2882 4329 3023 4397 quod
3059 4327 3258 4381 domini
3293 4338 3346 4381 et
3378 4329 3468 4383 filii
3498 4329 3602 4384 mei
3632 4328 3734 4381 Fla-

2185 4419 2321 4469 viani
2355 4420 2591 4485 prol‘.xus
2624 4421 2675 4471 in
2708 4419 2991 4485 indicando
3040 4420 3188 4472 labor
3217 4430 3394 4486 optata
3424 4420 3602 4489 quiete
3626 4433 3733 4488 pcr-

2185 4507 2284 4559 frui
2314 4508 2521 4560 meruit.
2554 4507 2733 4574 Neque
2758 4506 2897 4558 enim
2927 4516 2975 4558 te
3018 4506 3215 4561 dilferri
3256 4508 3343 4561 diu
3386 4510 3453 4559 ab
3486 4512 3588 4562 hoc
3617 4520 3733 4576 pra:-

1327 4555 1438 4609 Ῐοτθ
1466 4557 1672 4611 “Heras
1699 4559 1888 4626 qnibus
1916 4574 2073 4612 orna-
2109 4588 2156 4646 Β
2185 4555 2283 4608 ”Ϊ’
2314 4555 2520 4607 "'"“"_'
2554 4555 2729 4574 “'1”
2766 4555 2895 4605 "_”"'
2931 4555 2973 4558 --
3024 4555 3215 4608 ----ῖ---
3262 4555 3343 4625 —'-—
3387 4555 3449 4609 πῖ
3487 4555 3587 4562 νη
3618 4555 3706 4576 τη

1327 4660 1337 4664 -
1590 4663 1595 4664 ,
1642 4662 1653 4664 ,
1726 4650 1762 4664 ,ν
2182 4612 2288 4650 mto
2316 4612 2409 4664 par
2438 4596 2552 4660 fuit,
2586 4612 2754 4664 neque
2795 4597 2939 4649 illum
2967 4597 3031 4650 ab
3061 4605 3168 4649 otto
3196 4598 3472 4651 retardari.
3525 4600 3632 4652 Iloc
3676 4612 3729 4649 eo

2180 4688 2373 4748 scribo,
2402 4696 2458 4739 ut
2488 4687 2697 4739 noveris
2735 4702 2833 4739 nos
2876 4702 2969 4753 pro
3000 4695 3091 4739 tuo
3131 4686 3328 4740 honore
3363 4702 3521 4756 agere
3549 4701 3731 4742 a-tcrno

2180 4781 2398 4846 principi
2430 4781 2647 4847 gratias,
2680 4789 2731 4831 et
2770 4789 2820 4832 te
2852 4779 2989 4831 idem
3035 4779 3206 4833 fatere
3237 4797 3330 4847 pro
3377 4782 3519 4834 illius
3548 4782 3730 4837 securi-

2176 4880 2281 4926 tate
2312 4872 2527 4924 debere.
2578 4873 2779 4924 lnterea
2825 4886 3027 4939 quaeso,
3061 4882 3115 4925 ut
3145 4871 3199 4924 in
3229 4872 3466 4940 epistolis
3501 4873 3727 4940 frequen-

2186 4964 2359 5015 tandis
2391 4978 2589 5014 morem
2625 4972 2766 5015 tuum
2796 4973 2997 5029 teneas,
3032 4978 3128 5015 nec
3148 4963 3361 5029 privatis
3378 4963 3571 5019 officiis
3598 4974 3725 5017 actus

2176 5055 2413 5119 publicos
2442 5052 2649 5105 obstare
2676 5056 2929 5105 causeris.
2962 5052 3091 5104 Nam
3132 5051 3420 5121 multiiugis
3449 5054 3724 5109 necessita-
3784 5096 3785 5117 ξ

2180 5144 2321 5194 tibus
2352 5157 2443 5207 par
2480 5141 2619 5193 fuisti
2656 5140 3020 5210 :‘nullumque
3060 5144 3401 5213 experientia:
3436 5159 3606 5213 genus
3632 5155 3721 5207 est,
3768 5184 3783 5215 Δ

2176 5231 2329 5298 Cujus
2354 5232 2657 5299 magnitudo
2688 5232 2768 5283 vel
2796 5233 2999 5285 novitas
3022 5244 3071 5287 te
3100 5234 3266 5301 possit
3304 5250 3331 5286 a
3362 5236 3589 5303 negotiis
3608 5234 3720 5289 ami-

2178 5324 2319 5377 citiae
2349 5325 2542 5377 debitis
2583 5338 2828 5376 avocare.
2862 5323 3009 5377 Vale.

2784 5412 2994 5465 EPIST.
3039 5414 3118 5465 LI.

2698 5517 3001 5557 SYMMACIIUS
3041 5518 3213 5558 IlEClO.

2246 5591 2481 5645 Habeant
2507 5591 2744 5645 fortassis
2772 5594 2889 5647 alia:
2908 5595 3391 5649 commendationes
3415 5612 3549 5651 mea:
3579 5596 3716 5651 inter-

2176 5682 2524 5749 pretationem
2582 5682 2919 5750 benignitatis
2962 5702 2973 5735 :
3027 5684 3123 5737 ista
3169 5684 3351 5751 iudicii
3404 5697 3511 5741 est.
3564 5683 3715 5739 Trade

2174 5771 2313 5825 enim
2360 5784 2540 5827 sancto
2586 5773 2782 5841 pectori
2840 5783 2927 5827 tuo
2966 5773 3175 5829 fratrem
3227 5790 3401 5830 meum
3439 5777 3712 5835 Severum.
