3826 6334
112 434 191 489 297
1231 430 1709 486 EPISTULARL’M
1751 436 1946 482 Lmen
1980 441 2084 482 vn.

3221 430 3321 483 Μ’(

112 544 367 609 episcopum
415 546 655 599 οηιηῑυπη
705 556 960 601 sectarum
1009 548 1348 601 attestatinne
1398 543 1634 597 laudabi-
1664 544 1713 600 Λ
1742 540 1910 607 Culpa:
1942 550 2030 593 aut
2060 538 2256 593 erroris
2288 539 2527 603 incurrit,
2552 550 2733 594 contra
2768 542 2905 594 illius
2930 544 3175 595 meritum
3203 561 3317 597 meo

112 633 192 686 lem
221 650 231 683 :
256 634 317 687 de
339 649 443 699 quo
470 638 618 703 plura
658 654 740 692 me
764 639 960 704 dicere,
991 648 1047 693 et
1071 638 1369 706 desperatio
1396 636 1638 705 aequandi

115 724 273 785 meriti,
294 734 343 778 et
372 726 538 791 ipsius
567 726 737 795 pudor
783 744 885 781 non
937 728 1083 781 sinit.
1144 727 1408 781 Praeterea
1457 727 1631 793 testis,

112 825 192 864 non
218 813 486 867 laudatoris
519 828 696 883 partes
736 816 943 884 recepi;
976 817 1067 870 tibi
1119 830 1399 870 reservans
1430 829 1635 867 morum

110 899 201 967 ejus
232 902 624 970 inspectionem.
665 906 829 972 Quem
868 922 987 961 cum
1034 909 1242 975 penitus
1272 906 1591 974 expenderis
1619 947 1633 968 ,

111 992 304 1057 reperies
333 1006 414 1045 me
443 996 673 1049 cessisse
701 1000 875 1063 potius
904 996 1018 1065 ejus
1058 996 1322 1063 laudibus,
1353 1010 1510 1065 quam
1542 1010 1637 1064 per

113 1082 433 1150 negligentiam
464 1085 717 1140 defuisse.
754 1087 903 1140 Vale.

660 1175 872 1228 EPIST.
928 1175 1030 1229 LII.

588 1282 893 1320 εϊωιιλειιυς
934 1282 1104 1319 DECIO.

166 1351 271 1415 Quid
302 1352 389 1405 tibi
429 1368 523 1421 pro
551 1364 690 1407 tanta
737 1358 787 1408 in
817 1372 898 1409 mc
929 1370 1180 1425 meosque
1233 1371 1357 1409 cura
1414 1356 1631 1425 dignum

111 1443 384 1510 rependam?
413 1445 593 1499 Officia
643 1456 728 1499 tua
760 1463 942 1501 revera
971 1464 1184 1517 aequare
1225 1465 1326 1502 non
1369 1463 1581 1514 possum
1617 1466 1629 1500 :

106 1532 301 1599 spondeo
330 1543 518 1597 tamen,
558 1551 825 1605 nunquam
877 1552 963 1592 me
1011 1540 1150 1592 cultu
1181 1539 1372 1592 mentis
1410 1546 1462 1591 et
1505 1529 1635 1591 alie-

106 1625 249 1678 ctione
269 1640 549 1679 cessurum.
582 1626 689 1681 Nec
715 1631 924 1699 ambigo
955 1632 1112 1685 etiam
1139 1641 1189 1685 te
1213 1647 1307 1699 pro
1336 1630 1631 1685 benefactis

106 1712 239 1767 solam
272 1714 387 1767 boni
416 1717 574 1769 animi
602 1718 900 1772 mercedem
932 1730 1263 1788 exspectare.
1297 1720 1400 1775 Sed
1446 1722 1494 1773 in
1527 1721 1626 1775 bac

104 1806 438 1858 contestatione
474 1807 659 1875 gratia:
687 1810 883 1862 morari
913 1825 999 1863 me
1048 1812 1255 1880 longius
1300 1812 1468 1877 pudor
1511 1821 1628 1864 tuus

1744 629 1981 699 digneris
2014 631 2310 683 interventu
2350 633 2610 683 relaxare.
2641 632 2787 684 Vale.

2323 718 2544 771 EI’IST.
2587 718 2739 772 LVII.

2263 823 2569 863 SVMSIAIIIIUS
2612 825 2783 863 ῐιιξεῐο.

1812 897 1878 949 Et
1909 899 2120 952 virtutis
2150 906 2203 952 et
2235 902 2488 967 propositi
2516 901 2587 953 tui
2619 909 2721 965 est,
2748 902 2913 955 bonos
2936 918 3173 971 quosque
3203 921 3317 957 sus-

1740 985 1958 1052 cipere:
1993 987 2132 1041 inter
2170 1004 2301 1057 quos
2342 990 2645 1044 Alexander
2678 996 3125 1060 contemplatione
3157 993 3318 1045 Itum--

1740 1076 1891 1125 statis
1916 1075 2033 1141 jure
2061 1087 2326 1131 censetur.
2360 1078 2509 1132 IIunc
2538 1087 2590 1131 et
2629 1079 2679 1131 in
2724 1078 3087 1148 adjnmcntum
3130 1085 3230 1146 sui,
3266 1097 3316 1135 rt

1737 1163 1934 1217 amoris
1966 1165 2016 1216 in
2052 1175 2100 1218 te
2151 1170 2253 1219 mei
2297 1170 2481 1231 gratia,
2532 1169 2874 1222 familiaribus
2907 1171 3096 1224 litteris
3138 1188 3315 1233 prose-

1737 1262 1911 1317 cutus,
1944 1254 2214 1321 impcndio
2244 1258 2523 1323 deprecor,
2556 1268 2614 1311 ut
2644 1260 2712 1311 illi
2758 1260 2991 1313 favorem
3024 1277 3311 1330 congruum

1736 1343 1957 1409 tribuas,
1989 1347 2116 1399 mibi
2139 1346 2555 1402 vicissitudinem
2586 1353 2847 1404 sermonis
2872 1355 3134 1407 exsolvas.
3163 1355 3308 1408 Vale.

2302 1435 2517 1493 EPIST.
2560 1439 2738 1493 LVIII.

2281 1541 2590 1583 SVSIIIACHL’S
2631 1546 2802 1584 DIZCIO.

1805 1614 1945 1669 Duas
1972 1616 2331 1670 oratiunculas
2362 1632 2508 1671 meas
2534 1632 2705 1686 nuper
2731 1621 2922 1681 editas,
2973 1622 3039 1675 ad
3080 1623 3304 1677 illustres

1732 1703 1895 1771 viros,
1928 1707 2175 1761 virtutum
2217 1718 2269 1761 et
2324 1708 2619 1763 litterarum
2677 1712 2976 1767 sacerdotio
3021 1716 3303 1781 praeditoe.

1736 1793 1965 1848 Felicem
1996 1807 2049 1851 et
2096 1798 2407 1853 Minervium
2451 1802 2592 1853 misi.
2643 1801 2839 1875 Ilarum
2892 1805 3049 1856 etiam
3108 1816 3158 1858 te
3190 1846 3203 1867 ,
3254 1819 3304 1869 ut

105 1905 187 1942 non
206 1892 347 1946 sinit:
378 1895 559 1950 deberi
585 1898 724 1965 enim
741 1898 947 1965 judicas
978 1900 1222 1959 amicitia
1253 1911 1449 1957 nostra:
1480 1903 1630 1972 quid-
1659 1882 1705 1942 Β
1734 1892 1996 1937 amantem
2025 1887 2150 1954 mei,
2197 1888 2242 1940 δί
2290 1889 2649 1943 mediocribus
2696 1891 2919 1958 “genus
2944 1908 3047 1945 ""n
3076 1893 3304 1947 onem!“

103 1980 202 2046 quid
222 1996 307 2052 ego
332 1984 487 2039 credo
526 1990 791 2055 praestari.
819 1989 966 2044 Vale.

637 2076 854 2132 EPIST.
907 2078 1036 2133 LIII.

578 2179 889 2223 SYIIACBUS
930 2184 1099 2224 DECIO.

158 2245 297 2301 Parva
324 2256 400 2303 est
427 2253 818 2309 commendatio
848 2256 1165 2324 scriptorum
1210 2276 1472 2329 meorum,
1504 2279 1624 2317 cum

101 2333 340 2390 Eusebium
363 2337 673 2395 familiarem
699 2343 804 2396 vita
828 2344 1103 2409 innocens,
1134 2357 1188 2401 et
1215 2364 1417 2404 annosa
1441 2354 1628 2406 militia

99 2423 222 2478 bonis
240 2428 515 2497 quibusque
535 2432 803 2486 conciliet.
835 2432 943 2487 Suo
987 2434 1145 2504 igitur
1178 2439 1434 2504 pratditus
1466 2443 1601 2495 meri

99 2521 166 2575 to.
194 2518 527 2573 testimonium
561 2536 657 2588 pro
701 2530 751 2575 te
780 2539 977 2589 meum,
1012 2541 1119 2579 non
1150 2529 1407 2585 ambitum
1438 2512 1593 2600 postu

96 2602 218 2656 lavit.
239 2605 297 2659 Et
323 2616 492 2663 tamen
520 2610 793 2667 abstinere
818 2630 921 2669 non
946 2615 1116 2671 debeo
1146 2619 1233 2673 tali
1260 2636 1459 2689 genere
1487 2624 1629 2678 litte-

99 2710 245 2749 rarum
268 2737 282 2761 ,
306 2701 462 2767 magis
494 2714 547 2753 ut
575 2702 695 2757 fidei
726 2705 1065 2773 satisfaciam,
1092 2724 1248 2779 quam
1275 2720 1331 2764 ut
1360 2713 1625 2768 labantem

94 2784 429 2851 gratiticatione
474 2804 793 2848 sustentem.
837 2795 962 2851 llzec
1007 2797 1167 2867 igitur
1193 2800 1463 2868 petitionis
1492 2817 1625 2858 mete

93 2886 268 2927 summa
292 2886 385 2941 est,
416 2890 470 2932 ut
498 2882 547 2933 in
582 2885 836 2948 praeclaro
870 2896 1083 2954 pectore
1115 2901 1203 2945 tuo
1231 2889 1453 2946 formam
1483 2893 1622 2949 circa

93 2977 142 3018 se
166 2967 417 3024 voluntatis
442 2987 579 3026 mea:
603 2975 859 3029 inveniat.
890 2978 1036 3033 Vale.

640 3062 854 3120 EPIST.
895 3065 1027 3123 LIV.

561 3167 870 3211 SVIIACIIUS
923 3172 1095 3213 DECIO.

149 3230 278 3289 Utes
301 3237 460 3293 solers
490 3244 728 3296 omnium
760 3259 957 3307 rerum.
998 3246 1103 3299 scis
1141 3257 1396 3316 quantum
1427 3250 1620 3318 legatio
1646 3220 1692 3283 ο

89 3320 416 3381 sollicitudinis
463 3329 677 3395 habeat,
714 3343 969 3399 quantum
1004 3338 1358 3404 peregrinatio
1388 3339 1621 3393 difﬁcul-

91 3408 194 3463 tatis
229 3413 567 3471 circumferat.
620 3419 745 3472 Hzec
786 3421 999 3477 domino
1029 3433 1079 3478 et
1126 3424 1235 3479 ﬁlio
1282 3441 1403 3481 meo
1443 3431 1622 3485 Attalo

88 3509 273 3557 senatus
296 3504 551 3561 desideria
574 3513 935 3579 prosequenti,
965 3527 1113 3566 amor
1144 3526 1262 3568 tuus
1286 3516 1418 3571 levia
1438 3529 1487 3572 et
1512 3529 1621 3574 tuta

90 3592 341 3652 praestabit.
384 3595 606 3666 Suscipe
654 3598 812 3669 igitur
860 3611 1037 3668 partes
1076 3603 1412 3673 benignitatis
1440 3618 1493 3663 et
1526 3625 1621 3679 pe-

89 3679 235 3733 titioni
264 3699 384 3739 mea:
414 3687 643 3751 debitas.
662 3697 715 3743 et
741 3698 830 3745 tuo
852 3694 1061 3760 ingenio
1085 3706 1457 3764 congruentes.
1480 3700 1620 3753 Satis

89 3768 241 3824 Attalo
269 3774 539 3842 videbitur,
580 3779 817 3850 quisquis
855 3781 958 3836 erit
986 3794 1202 3840 eventus
1224 3788 1402 3854 ofﬁcii,
1437 3804 1617 3845 curam

87 3872 168 3925 pro
187 3873 241 3916 se
262 3866 507 3921 meruisse
537 3867 782 3937 potioris.
812 3871 959 3928 Vale.

646 3958 862 4016 EPIST.
912 3961 1021 4020 LV.

565 4064 873 4108 SYIHHCIIUS
910 4066 1084 4110 DECIO.

140 4128 283 4201 Nape
305 4151 411 4201 nos,
439 4148 496 4192 ut
525 4142 802 4207 condecet,
833 4144 1020 4200 litteris
1048 4151 1359 4201 muneraris.
1392 4149 1610 4206 Obsole-

83 4232 213 4277 tcere
235 4226 367 4281 enim
388 4233 613 4297 quadam
638 4232 835 4288 silentii
863 4236 1097 4305 rubigine
1129 4246 1424 4292 annui-trum
1446 4243 1615 4296 fiedns

82 4311 342 4369 existimas.
392 4318 579 4374 Facias
612 4319 845 4376 ofﬁcium
890 4330 1155 4391 germanis
1188 4331 1373 4383 studiis
1401 4334 1617 4387 animis-

81 4413 167 4466 que
186 4408 515 4464 conveniens.
554 4410 657 4462 Pro
682 4426 784 4477 qua
826 4426 885 4465 re
912 4413 1076 4467 vicem
1112 4418 1201 4470 tibi
1242 4421 1503 4473 sermonis
1534 4438 1617 4475 re-

79 4488 198 4545 ferre
224 4509 319 4548 non
348 4497 549 4551 distuli.
585 4499 748 4567 Cujus
769 4514 831 4554 ea
855 4503 1049 4557 solutio
1072 4516 1172 4569 est,
1203 4516 1261 4561 ut
1296 4523 1378 4563 me
1404 4510 1612 4565 atl‘ectui

1734 1976 1830 2040 ris,
1871 1985 1997 2043 opto
2025 1992 2143 2033 esse
2189 1977 2467 2035 lectorem.
2517 1981 2621 2050 Ipsi
2662 1982 2945 2038 voluminis
2984 1986 3188 2053 capiam
3235 1987 3307 2038 Ia-

1732 2067 1892 2121 cient.
1924 2070 1995 2122 lta
2036 2070 2175 2123 enim
2226 2072 2462 2126 studiose
2510 2073 2701 2127 famam
2746 2088 2918 2128 meam
2960 2078 3219 2142 nutriunt,
3254 2089 3305 2131 ut

1728 2156 1973 2227 suifragia
2008 2160 2267 2215 bonorum
2303 2163 2431 2215 milii
2465 2163 2705 2216 nesciant
2744 2165 2997 2220 invidere.
3034 2165 3179 2221 Vale.

2314 2250 2531 2305 El’lST.
2585 2253 2721 2307 LIX.

2264 2359 2569 2399 δῑιιδιλειιυε
2614 2363 2788 2401 DECIO.

1799 2431 1993 2487 Sacras
2023 2432 2151 2490 mihi
2177 2434 2378 2489 litteras
2408 2436 2578 2490 Julius
2598 2452 2763 2506 agens
2789 2438 2839 2492 in
2866 2435 3021 2494 rebus
3043 2441 3302 2515 exhibuit.

1731 2520 2102 2590 le0pardorum
2143 2526 2559 2582 munificentiam
2590 2532 2948 2586 continentes.
2984 2533 3124 2586 Idem
3160 2543 3299 2587 tuam

1726 2613 2086 2671 desideratam
2118 2618 2274 2671 nobis
2314 2619 2559 2687 paginam
2603 2621 2760 2674 simul
2794 2622 3029 2675 tradidit.
3061 2623 3299 2692 Principe

1727 2704 1885 2781 igitur
1907 2705 2025 2761 loco
2042 2707 2377 2762 salutationis
2402 2709 2493 2763 tibi
2520 2710 2668 2764 solvo
2691 2714 3065 2766 reverentiam.
3099 2713 3297 2768 Dehine

1725 2790 1957 2859 postulo,
1994 2801 2167 2864 utpro
2196 2810 2283 2849 me
2310 2798 2510 2865 gratias
2553 2814 2677 2867 agas
2702 2802 2891 2853 votiva:
2919 2801 3175 2869 largitatis
3213 2812 3297 2855 au.

1725 2883 2049 2952 ctorizquae
2099 2885 2384 2953 jucundior
2431 2889 2552 2952 erlt,
2604 2892 2646 2941 si
2676 2892 2723 2942 ei
2776 2891 3294 2945 commendationem

1724 2976 2030 3041 prosecutio
2062 2987 2359 3046 opportuna
2392 2979 2698 3047 prrestiterit
2730 2998 2740 3031 :
2772 2990 2822 3033 et
2854 2982 2991 3048 quod
3036 2986 3295 3036 vereeu'n-

1724 3064 1809 3138 dia
1841 3081 1958 3119 mea
2002 3068 2089 3121 vix
2142 3069 2366 3136 implere
2418 3073 2700 3137 potuisset,
2742 3075 2850 3126 oris
2897 3076 2969 3127 tui
3020 3075 3295 3129 affabilltav

1725 3166 2071 3226 exsequatur.
2139 3160 2310 3227 Spero
2360 3162 2501 3216 enim
2559 3176 2623 3215 ex
2670 3178 2916 3217 mensura
2966 3166 3294 3231 affectionis,

1723 3260 1880 3315 quam
1936 3248 2003 3301 de
2045 3258 2097 3303 te
2144 3258 2391 3317 mereor,
2444 3252 2583 3320 quod
2637 3256 3056 3309 cumulatissime
3102 3259 3294 3325 possim

1725 3338 2141 3407 magnitudinem
2172 3350 2368 3396 nostra
2399 3326 2770 3411 gratulationis
2812 3346 3051 3414 implere.
3080 3345 3225 3403 Vale.

2322 3431 2539 3485 EPIST.
2592 3432 2701 3484 LX.

2234 3537 2545 3577 εϊωιλοιιυς
2606 3538 2779 3577 DECIO.

1795 3609 2061 3665 Onerabat
2091 3614 2463 3668 verecundiam
2507 3630 2703 3679 meam,
2728 3616 2866 3683 quod
2897 3620 3039 3684 prior
3068 3622 3291 3689 scripsev

1726 3712 1829 3751 ras.
1860 3699 2315 3755 Continuoaltera
2360 3703 2583 3769 epistola
2617 3713 2705 3757 tua
2738 3718 2966 3773 gravata:
3005 3710 3163 3765 fronti
3193 3714 3292 3765 dn-

1724 3788 1845 3856 plex
1871 3789 2023 3843 fenus
2058 3790 2328 3860 imposuit.
2375 3792 2645 3857 Formido,
2681 3797 2821 3861 quod
2847 3800 3024 3866 cupio,
3054 3816 3120 3855 ne
3166 3805 3293 3856 mibi

1723 3885 1846 3930 ante
1893 3878 2212 3934 solutionem
2243 3880 2471 3935 duorum
2526 3894 2890 3939 contractuum
2938 3890 3123 3944 tertius
3170 3906 3198 3944 a
3245 3904 3293 3946 te

1723 3982 1902 4024 sermo
1932 3971 2214 4026 tribuatur.
2249 3972 2421 4026 IIabet
2460 3974 2655 4041 quippe
2686 3977 2821 4031 banc
2869 3978 3255 4047 impatientiam
3280 4028 3293 4046 .

1723 4074 1839 4125 qua:
1871 4061 1921 4113 in
1958 4068 2009 4114 te
2036 4061 2220 4127 pollet,
2254 4063 2362 4115 oris
2389 4062 2623 4128 ubertas,
2658 4074 2714 4118 ut
2758 4067 3097 4125 intervallum
3131 4075 3290 4128 vicis-

1722 4148 1934 4201 situdini
1964 4159 2141 4219 neget,
2184 4159 2237 4203 et
2260 4150 2433 4203 ofticia
2468 4151 2699 4206 nondum
2730 4168 3065 4222 compensata
3096 4176 3292 4229 praevr-

1724 4237 1849 4289 niat.
1892 4237 2002 4291 Una
2050 4240 2208 4307 igitur
2236 4240 2299 4292 ad
2333 4241 2747 4297 satisfactionem
2795 4246 2877 4299 via
2928 4262 3206 4317 superest;
3239 4269 3291 4306 ut

1725 4329 1978 4398 imparem
2011 4346 2095 4385 me
2133 4333 2272 4400 ειμι)
2324 4330 2516 4395 fatear,
2568 4337 2807 4403 quamvis
2855 4340 2997 4393 cultu
3045 4344 3290 4397 amicitia:

1724 4436 1901 4489 parem
1952 4437 2056 4475 non
2098 4438 2307 4491 negem.
2357 4424 2466 4477 Nec
2504 4430 2887 4481 contumaciter
2930 4430 3041 4483 fleri
3092 4442 3239 4498 putes
3276 4476 3286 4492 .

1722 4510 1862 4578 quod
1911 4510 2005 4563 tibi
2054 4511 2219 4563 animi
2259 4511 2361 4564 mei
2401 4512 2726 4579 diligentiam
2778 4517 3015 4571 confero.
3047 4521 3287 4588 Alimjuin

79 4591 154 4632 tuo
174 4585 323 4638 etiam
349 4604 485 4642 nunc
518 4592 746 4645 sentiam
779 4593 1092 4651 debitorem.
1116 4599 1303 4653 Omnia
1349 4601 1489 4655 enim
1539 4601 1616 4655 [δέ
1646 4571 1693 4628 D
1721 4598 1913 4653 frustra
1942 4614 1969 4652 a
2000 4610 2050 4655 te
2076 4600 2287 4668 diligor,
2312 4600 2410 4654 nisi
2438 4602 2719 4657 alfectione
2749 4607 2921 4659 saltim
2948 4624 3043 4662 nos
3075 4613 3287 4677 paIIJII‘Is

75 4673 149 4726 cili
179 4677 552 4747 vicissitudine,
578 4692 630 4736 et
660 4687 1099 4751 compensatione
1128 4690 1439 4745 redduntur.
1477 4691 1616 4745 Con-

76 4769 253 4818 tractus
282 4782 400 4822 vero
428 4774 676 4826 amicitia:
697 4784 753 4827 et
780 4776 1046 4846 religionis
1082 4789 1314 4832 aiternus
1342 4792 1441 4833 est.
1468 4781 1613 4847 Vale,

74 4861 113 4903 et
134 4854 193 4907 ad
217 4859 546 4915 scribendum
573 4864 799 4932 diligens
813 4882 932 4922 esse
948 4884 1246 4935 persevera.
1276 4869 1381 4925 Nos
1412 4873 1615 4927 littera-

72 4958 171 4998 rum
190 4950 370 5005 solatia
396 4968 766 5023 suggeremus,
791 4959 980 5024 quibus
1006 4968 1097 5013 aut
1118 4962 1354 5016 animum
1379 4964 1615 5020 mulceas

69 5049 355 5110 occupatus,
385 5057 477 5100 aut
504 5048 675 5100 vicem
710 5046 912 5102 referas
939 5050 1164 5105 otiosus.
1199 5052 1346 5107 Vale.

640 5137 853 5191 EPIST.
895 5139 1028 5193 LVI.

564 5238 868 5279 SYRIACIIUS
906 5243 1077 5281 υεσιο.

127 5303 227 5359 Tua
239 5318 391 5366 vetus
417 5312 719 5365 humanitas
734 5328 829 5367 nos
844 5317 1083 5369 hortatur
1104 5330 1257 5383 opem
1273 5319 1612 5387 poscentibus

63 5407 156 5448 non
178 5412 383 5468 negare.
404 5402 506 5457 Pro
522 5403 803 5457 Theodulo
823 5415 994 5459 autem
1023 5407 1287 5460 scribendi
1316 5408 1441 5460 tniiti
1467 5409 1527 5461 ad
1557 5419 1607 5463 te

59 5497 202 5538 causa
223 5495 535 5559 propensior
564 5503 671 5558 est,
702 5508 821 5548 cum
847 5495 914 5549 sit
936 5497 1154 5550 colonus
1180 5485 1430 5564 agrorum
1460 5514 1605 5553 meo-

59 5589 184 5644 rIII,
204 5589 359 5651 atque
375 5585 449 5638 illi
473 5586 658 5640 debita
683 5586 870 5654 magis,
895 5602 1049 5654 quam
1075 5589 1310 5656 precaria
1326 5604 1454 5642 cura
1474 5606 1603 5658 prae.

56 5678 227 5728 stetur.
248 5674 407 5729 Seer
434 5678 593 5747 igitur
615 5679 1054 5733 consuetudinem
1085 5689 1247 5743 tuam,
1280 5691 1329 5734 et
1362 5683 1603 5749 precibus

58 5763 273 5837 ακοῖβνῑιι
305 5781 417 5821 ωσι
447 5777 569 5819 tuus
600 5767 883 5833 promittit,
933 5766 1196 5825 inflectere
1224 5787 1233 5823 :
1271 5778 1327 5823 ut
1354 5771 1602 5839 quidquid

314 5860 578 5921 PATROL.
634 5857 864 5917 XVIII.

1718 4690 2027 4758 comparari.
2086 4692 2263 4757 Quare
2320 4700 2437 4760 post
2496 4691 2634 4746 hanc
2689 4694 3068 4760 professionem
3117 4717 3285 4753 meam

1718 4782 1941 4835 laudatae
1976 4781 2233 4835 facundia:
2281 4782 2479 4835 denum
2531 4784 2804 4853 frequenta
2836 4803 2848 4838 :
2884 4803 2990 4851 me,
3020 4790 3061 4841 si
3119 4794 3284 4845 rarior

1717 4870 1898 4934 fuero,
1932 4880 2201 4926 memento
2229 4873 2475 4929 cessisse.
2505 4872 2585 4925 An
2631 4887 2730 4940 ego
2756 4873 3011 4929 adversus
3035 4877 3283 4945 judicium

1718 4960 1985 5027 publicum
2032 4975 2315 5029 provocem
2368 4962 2581 5031 scriptis
2637 4964 2975 5032 epistolarum
3024 4972 3282 5034 regiarum

1720 5052 2061 5120 magistrum?
2088 5052 2337 5106 Nostrum
2368 5058 2470 5118 est,
2496 5054 2787 5121 pastorales
2812 5055 2996 5110 inllare
3020 5060 3280 5126 calamos;

1720 5149 1865 5195 tuum
1905 5142 2073 5195 sacris
2119 5143 2261 5195 tibiis
2304 5156 2517 5196 carmen
2573 5143 2804 5197 incinere
2846 5163 2858 5197 :
2904 5162 3001 5201 nos
3036 5149 3279 5206 obtundit

1718 5232 1900 5293 Otium,
1935 5240 1984 5285 te
2012 5247 2136 5285 usus
2165 5242 2397 5286 exercet.
2428 5232 2534 5285 Nisi
2566 5231 2699 5287 forte
2726 5234 2858 5288 banc
2902 5246 3131 5291 nostram
3175 5244 3274 5310 pii-

1716 5332 1849 5373 vataa
1879 5321 1997 5375 vitae
2026 5323 2353 5375 vacationem
2379 5324 2543 5391 magis
2570 5333 2915 5391 opportunam
2943 5326 3272 5394 frequentan-

1713 5410 1795 5464 dis
1825 5411 2015 5465 litteris
2047 5424 2216 5479 putas.
2256 5410 2408 5464 Vides
2443 5427 2547 5464 non
2577 5413 2934 5469 eodem’mntu
2969 5418 3179 5473 flumina
3212 5425 3275 5476 ιΙο

1708 5510 1897 5567 stagno
1926 5517 2163 5570 serpere,
2195 5510 2247 5554 ct
2268 5501 2333 5555 de
2363 5502 2503 5556 fonte
2529 5517 2827 5571 preperare.
2860 5508 3028 5563 Omne
3055 5512 3189 5577 quod
3223 5513 3273 5565 in

1709 5605 1867 5645 cursu
1897 5601 1997 5651 est,
2028 5592 2188 5659 viget.
2223 5590 2563 5645 Continuatio
2588 5594 2950 5661 experienti:i-,
2985 5600 3121 5651 vires
3151 5616 3273 5653 snas

1710 5691 1944 5735 renovat.
1978 5681 2252 5734 Sublatum
2286 5680 2378 5733 tibi
2408 5691 2505 5743 est,
2541 5682 2679 5749 quod
2723 5686 3040 5742 respondere
3074 5692 3266 5755 potuis-

1709 5786 1809 5826 ses.
1850 5770 1949 5826 Fac
1977 5772 2249 5842 deinceps,
2279 5773 2366 5840 qui
2401 5772 2541 5825 vales
2570 5773 2830 5828 scribendi
2860 5777 3040 5842 copia,
3077 5790 3129 5831 nt
3162 5789 3273 5833 Inli-
