3896 6382
168 490 236 547 δοι
1262 455 1657 540 ’πριδτυωη

1802 486 2001 571 LIDEII
2044 488 2146 541 VII.

3222 498 3320 553 309

170 598 311 653 indicia
335 606 424 650 tur
448 595 824 664 proSperitatis
847 604 1138 664 apponant.
1168 595 1358 649 Fateor
1383 596 1539 664 igitttr
1566 597 1651 647 ad-
1686 604 1731 655 Α
1763 599 2051 652 exhiberet.
2078 602 2306 666 Quarum
2335 616 2437 664 per.
2457 604 2669 667 eptione
2693 606 2945 672 ptitnipio
2971 608 3200 666 l.rt.itus;
3232 614 3318 663 tibi

167 694 241 745 ltuc
262 689 488 742 inﬁrmam
515 688 880 742 valetudinem
914 702 1080 740 meum
1108 687 1421 755 scriptorum
1455 699 1659 740 tuorum

165 781 410 837 assiduitate
441 777 679 833 refoveri
712 798 727 831 :
759 789 913 847 atque
946 780 1198 846 intelligo,
1236 778 1359 847 quid
1403 795 1468 831 ex
1522 793 1656 842 pra?-

159 874 290 929 sentia
310 885 381 923 tua
408 870 806 924 commoditatis
847 871 1117 923 habiturus
1143 870 1271 930 sim,
1304 883 1423 921 cum
1454 878 1657 920 tanlttm

161 980 207 1018 et
225 961 383 1017 litteris
406 958 733 1013 salubritatis
758 958 1011 1011 indicibus
1032 958 1299 1025 accipiam.
1334 957 1476 1008 Vale.

654 1068 871 1124 EPIST.
906 1067 1111 1122 LXXII.

546 1172 857 1213 εῠιιλειιυε
900 1175 919 1210 ε
932 1172 1199 1211 ΒΑΪΠΙΒΕΞ.

204 1251 521 1307 Mediolanum
562 1250 835 1320 profectus
865 1250 977 1304 hsce
1013 1252 1210 1313 scribo,
1246 1259 1297 1303 et
1339 1249 1459 1303 hinc
1493 1250 1658 1301 Itono-

152 1344 411 1399 riﬁcentiant
430 1343 577 1399 vobis
598 1343 791 1397 debitae
811 1342 1140 1397 salutationis
1160 1342 1409 1397 exhibeo.
1430 1340 1656 1409 [Equum

146 1444 230 1498 est,
254 1444 299 1488 ut
331 1448 442 1489 mea
484 1448 611 1488 cura
641 1433 712 1488 de
754 1432 904 1487 vobis
940 1434 1109 1487 relatu
1153 1433 1254 1500 piae
1284 1430 1657 1485 vicissitudinis

148 1526 383 1595 mitigetur.
405 1524 611 1581 Valete.

634 1614 847 1669 EPIST.
891 1613 1118 1667 LXXIII.

544 1719 855 1759 εγὶιιιλειιυε
896 1718 1200 1757 ΓΒᾹΤΒΙΒΕΒ.

192 1794 526 1861 Pervenimus,
577 1797 673 1851 sed
711 1796 923 1851 venisse
964 1794 1073 1863 jam
1116 1794 1355 1863 paenitet.
1403 1795 1531 1849 Nam
1565 1796 1651 1849 ubi

140 1891 327 1957 primum
361 1891 526 1944 solum
571 1888 751 1941 Baiani
799 1886 993 1940 littoris
1033 1887 1261 1955 contigi,
1293 1888 1469 1940 statim
1506 1888 1656 1956 pedis

1764 702 2043 741 commune
2094 690 2281 757 pignus
2330 690 2640 744 decubuisse
2688 696 2948 761 cognovi,
2993 700 3320 752 conflictatur.

1762 793 1899 831 sum
1931 790 2145 851 repente
2182 782 2531 836 amaritudine
2572 784 2829 837 lectionis.
2862 786 2962 838 Sed
2995 788 3113 855 quia
3159 790 3319 841 filium

1764 877 1999 921 nostrum
2031 868 2290 939 redditum
2333 873 2541 925 sanitati
2590 873 2863 940 sulijtntcta
2912 874 3235 939 docuerunt,
3270 882 3316 929 in

1763 960 2097 1026 tranquillum
2121 960 2296 1013 denuo
2323 961 2529 1014 animus
2560 965 2879 1032 remigravit.
2912 966 3037 1018 Μαίη
3068 968 3317 1019 valetudi-

1762 1050 1843 1100 nis
1865 1058 2055 1100 statum
2079 1050 2287 1117 scriptis
2314 1051 2542 1118 superim
2560 1052 2674 1104 ibus
2701 1053 2951 1115 indit-avi;
2976 1056 3123 1121 cujus
3147 1056 3320 1108 (It'llllt)

1761 1136 2063 1189 meminisse
2093 1152 2195 1189 non
2226 1152 2356 1206 opus
2383 1149 2461 1191 est
2482 1179 2494 1199 ,
2534 1155 2601 1193 nc
2631 1156 2724 1193 vos
2752 1143 2991 1196 sollicita:
3021 1144 3319 1213 διτῐριίυιιίκ

1763 1225 1970 1279 iteratio
1988 1228 2282 1282 conturbet.
2310 1229 2509 1285 Valete.
2538 1259 2544 1265 -

2298 1320 2509 1373 llPlST.
2554 1320 2787 1373 LXXIX.

2218 1424 2519 1463 δῖθμιλσηις
2561 1428 2802 1464 ιιιΑτιιιιιι
2817 1427 2859 1466 S.

1835 1498 1905 1551 De
1937 1499 2104 1552 reditu
2140 1500 2229 1553 ftIii
2262 1504 2425 1553 nostri
2460 1501 2633 1555 Fausui
2668 1505 2985 1570 prmnuutizts
3018 1507 3171 1572 paulo
3202 1517 3321 1557 ante.

1762 1588 1962 1642 litteras
1993 1591 2139 1653 misi,
2173 1603 2225 1641 ut
2257 1592 2547 1645 accelerata
2586 1594 2842 1646 securitas
2881 1594 3127 1646 desiderii
3163 1599 3318 1647 vestri

1759 1678 2135 1747 impatientiam
2165 1682 2458 1750 mitigaret;
2501 1683 2591 1736 sed
2637 1698 2827 1736 munus
2867 1686 3194 1737 .~.'tIttl:|litttlIS
3226 1688 3321 1738 ite-

1758 1782 1877 1821 rare
1905 1773 2017 1837 ipso
2045 1770 2198 1823 etiam
2242 1772 2608 1838 priiliciscentc
2648 1788 2749 1826 non
2781 1774 2962 1842 piguit.
2992 1774 3173 1842 Cupite
3223 1777 3318 1841 ἠμί.

1759 1866 1843 1909 lttr
1872 1860 2134 1925 geminam
2182 1862 2504 1927 voluptatem
2537 1879 2548 1912 :
2584 1863 2753 1929 primo
2790 1880 2851 1917 ex
2902 1865 3063 1932 ipsius
3114 1866 3316 1925 reditu;

136 1949 285 2032 auum,
302 1987 569 2046 amemus
594 1992 736 2031 sum.
763 1978 934 2045 Atque
955 1976 1074 2030 ideo
1099 1949 1260 2043 pali“
1284 1949 1651 2041 dicmvh'mm
1685 1953 1732 2014 Β
1760 1949 1949 2002 dehinc
1980 1964 2041 2004 ex
2068 1966 2311 2004 sermone
2342 1951 2594 2014 fraterno,
2622 1967 2726 2020 quo
2752 1954 2897 2006 vobis
2924 1953 3156 2008 redditos
3182 1957 3317 2008 sani-

136 2068 174 2118 in
196 2067 448 2121 scribendo
478 2069 689 2121 futurus
732 2066 966 2127 uberior.
1011 2066 1054 2120 si
1106 2082 1190 2120 me
1238 2068 1436 2119 sanitas
1481 2078 1657 2133 optata

135 2159 411 2227 respexerit,
444 2170 501 2215 et
538 2169 734 2215 vestrae
762 2158 987 2213 invicem
1018 2158 1207 2211 litterae
1235 2158 1650 2225 provocat-crint.

136 2249 303 2305 Valete.

618 2319 835 2375 EPIST.
878 2318 1110 2373 LXXIV.

545 2425 858 2485 sumentis
891 2425 1193 2464 innatans.

182 2500 334 2555 Primo
359 2501 621 2566 adventu,
660 2511 717 2555 ut
753 2502 951 2569 scripto
995 2502 1273 2568 superiore
1306 2500 1653 2567 signavimus,

126 2590 332 2644 valetudo
359 2601 544 2645 nostra
574 2605 825 2660 percussa
848 2600 960 2645 est:
986 2604 1080 2643 seu
1112 2590 1461 2643 insalubribus
1483 2592 1654 2659 aquis,

125 2682 214 2733 sive
236 2684 358 2736 aeris
392 2683 711 2737 mutatione.
747 2682 876 2736 Fors
906 2683 1117 2736 viderit.
1165 2682 1313 2737 Nunc
1342 2663 1509 2737 sta'tus
1548 2701 1657 2737 tne—

123 2770 204 2825 lior
227 2774 371 2841 cmpit
392 2773 459 2827 ad
472 2788 631 2829 versa
659 2783 879 2828 tenuare
903 2790 915 2825 :
940 2773 1032 2828 sed
1061 2789 1165 2842 pra:
1192 2774 1397 2828 caeteris
1422 2775 1657 2841 remedio

122 2864 228 2929 fuit,
254 2865 381 2933 quod
412 2880 508 2920 vos
560 2866 775 2920 salvere
817 2864 1182 2933 cognovimus.
1228 2852 1377 2931 Quod
1424 2865 1466 2917 si
1500 2864 1655 2917 etiam

122 2953 289 3008 reditus
312 2957 477 3009 nostri
518 2966 734 3025 tempus
763 2956 1045 3024 inquiritis,
1080 2956 1143 3008 ad
1174 2954 1292 3007 idus
1313 2954 1557 3008 Octobris
1587 2957 1658 3008 le-

122 3063 221 3114 gere
240 3049 348 3116 iter,
363 3048 408 3103 si
428 3048 583 3103 dicto
599 3048 816 3103 fortuna
835 3048 993 3111 adsit,
1018 3056 1283 3116 optamus.
1307 3045 1508 3101 Valete.

647 3159 867 3218 EPIST.
912 3159 1118 3214 LXXV.

537 3267 852 3309 SYIIACHUS
897 3262 1203 3306 Πιλτιιιβῑε.

168 3340 274 3399 Scio
308 3352 361 3399 et
398 3343 706 3400 desiderari
744 3351 800 3397 et
840 3341 1136 3411 exspectari
1182 3356 1211 3395 a
1258 3341 1411 3396 vobis
1456 3343 1661 3397 litteras

116 3442 253 3497 meas,
280 3436 399 3503 quia
428 3436 602 3488 moris
632 3439 749 3495 est,
778 3441 836 3485 ut
878 3445 1069 3485 munus
1114 3431 1412 3499 huiusmodi
1440 3447 1466 3483 a
1500 3434 1658 3499 proﬁ-

116 3522 403 3580 ciscentibus
433 3524 687 3579 inchoet.
718 3521 1029 3590 Auspicium
1059 3536 1186 3591 ergo
1213 3523 1361 3575 vobis
1387 3524 1659 3576 servandze

114 3612 229 3668 inter
254 3629 345 3669 nos
374 3611 730 3670 salutationis
772 3613 988 3675 emitto;
1033 3626 1361 3681 nequaquam
1390 3613 1658 3678 dubitans,

112 3712 321 3773 tanquam
367 3707 527 3775 signo
581 3703 709 3759 dato
751 3701 816 3757 ad
859 3702 1284 3771 respondendum
1316 3717 1409 3755 vos
1451 3702 1660 3757 desides

111 3812 192 3850 son
215 3796 429 3852 futuros.
459 3797 683 3853 Valete.

622 3881 843 3937 EPIST.
895 3880 1126 3937 LXXVI.

536 3987 856 4030 εῖιιιιςιιυς
898 3988 1201 4029 ῖιιλτιιιυυς.

159 4054 469 4135 Religiosum
503 4074 683 4133 atque
726 4065 959 4118 votivum
996 4073 1107 4125 est,
1150 4072 1205 4117 ut
1249 4077 1277 4115 a
1308 4064 1660 4133 quaestoribus

101 4156 358 4211 candidatis
390 4157 538 4209 dona
582 4154 841 4209 solemnia
884 4152 1169 4222 potissimis
1206 4162 1363 4221 atque
1401 4154 1661 4208 amicissi-

105 4244 184 4297 mis
209 4245 519 4299 offerantur.
559 4244 686 4311 Quo
717 4244 770 4298 in
801 4256 1023 4298 numero
1046 4243 1175 4321 jure;
1209 4244 1523 4297 censentini.
1565 4242 1660 4296 Of.

102 4334 193 4389 fero
228 4336 381 4405 igitur
433 4336 610 4390 vobis
656 4333 947 4387 eburneum
980 4318 1284 4403 dyptieIint,
1316 4343 1369 4387 et
1408 4334 1659 4387 canlstel-

104 4426 190 4477 Iun
224 4436 563 4496 argenteum.
592 4424 848 4493 librarum
881 4422 1107 4477 duarum
1148 4426 1240 4479 filii
1270 4428 1372 4481 mei
1422 4426 1655 4492 nomine,

97 4516 168 4581 qui
193 4518 545 4585 quaestorium
588 4527 783 4567 munus
827 4514 1066 4569 exhibuit
1092 4531 1106 4567 :
1137 4524 1193 4570 et
1236 4517 1502 4581 impendio
1535 4531 1659 4586 pre-

98 4618 194 4669 cor,
228 4614 287 4659 ut
332 4606 477 4661 hanc
534 4603 1008 4660 honorificentiam
1051 4604 1338 4676 dignemini
1386 4616 1660 4677 gratanter

96 4698 337 4768 amplecti.
368 4697 601 4754 Valete.

625 4765 840 4822 EPIST.
874 4765 1124 4821 LXXVII.

534 4872 856 4915 SYIIACIIUS
896 4874 1211 4931 FRATRIBL'S.'

145 4952 369 5008 Subesse
397 4952 629 5021 aliquas
670 4949 884 5003 silentio
913 4964 1030 5004 meo
1060 4964 1246 5004 causas
1282 4959 1472 5018 sponte
1517 4952 1658 5003 msti—

93 5054 216 5097 tttare
242 5044 495 5114 potuistis
525 5058 543 5096 :
590 5055 711 5093 nam
752 5038 1020 5108 quomodo
1054 5041 1348 5094 omisissotn
1388 5040 1657 5107 religionis

93 5133 273 5196 munia,
310 5136 357 5187 si
396 5132 697 5187 valerem?
739 5143 881 5182 nunc
926 5128 1171 5199 paulatim
1210 5129 1397 5182 dolore
1436 5128 1658 5183 cedente

89 5218 295 5275 ofﬁcium
337 5218 702 5276 salutationis
729 5216 947 5272 diﬂ'erre
984 5232 1085 5271 non
1134 5219 1299 5286 potui.
1346 5216 1519 5272 Vestri
1556 5221 1658 5270 erit

88 5314 294 5368 muneris
317 5312 536 5370 referre
569 5318 815 5364 mutuam
838 5310 1025 5363 vicem.
1060 5309 1186 5374 Quae
1216 5308 1342 5362 mihi
1372 5308 1485 5362 dies
1507 5316 1654 5375 opta-

90 5412 127 5451 ta
151 5407 447 5474 pertulerit,
478 5404 557 5460 ad
588 5401 1071 5459 convalesceudum
1099 5402 1327 5456 fomenta
1358 5401 1649 5469 prmstabit.

90 5488 271 5547 Valete.

596 5580 819 5638 EPIST.
863 5578 1139 5635 LXXVIII.

529 5686 853 5730 αιυοειυε
892 5685 1199 5726 ηΑτιιιιω.

141 5758 417 5835 Postquam
459 5766 755 5838 paginam,
788 5776 911 5833 qua
939 5762 1091 5817 vobis
1128 5760 1503 5815 salutationem
1546 5756 1657 5811 fer-

90 5866 189 5925 τει,
214 5859 393 5928 enisi;
426 5870 683 5930 tempore
714 5855 902 5924 atl'uit,
931 5854 1019 5927 qui
1065 5853 1193 5910 mihi
1224 5862 1426 5910 vestras
1454 5850 1656 5907 litteras

48 6372 417 6382 r-frf—f-f

1686 4649 1738 4710 Β

1760 2040 1852 2093 tati
1874 2054 2183 2095 communes
2213 2042 2407 2095 liberos
2432 2042 2739 2096 iudicamus.
2766 2044 2966 2097 Valete.

2301 2153 2513 2206 EI‘IST.
2558 2153 2769 2207 LXXX.

2215 2259 2520 2298 SVIHIXCIII‘S
2561 2260 2863 2299 HIAIIIIBUS.

1830 2334 2197 2401 Superioribus
2224 2336 2409 2390 diebus
2442 2336 2643 2388 litteras
2672 2336 3030 2404 frequentavi;
3058 2339 3148 2391 sed
3182 2343 3317 2394 nulla

1760 2412 2042 2479 assiduitas
2085 2426 2220 2495 potis
2263 2437 2342 2481 est
2372 2428 2603 2480 animum
2652 2430 2879 2481 amantis
2920 2432 3157 2496 explere.
3192 2434 3318 2484 I’ttln

1759 2531 1932 2572 au'etn
1965 2519 2111 2572 vobis
2152 2519 2217 2571 ad
2262 2519 2619 2587 cognitionem
2660 2520 2925 2584 sufficere,
2968 2522 3107 2587 quod
3147 2522 3319 2575 valere

1761 2624 1858 2661 ltus
1888 2610 2204 2663 scribimus:
2238 2609 2359 2662 licet
2387 2623 2666 2662 commune
2694 2610 2883 2678 pignus
2927 2612 3106 2678 paucis
3136 2611 3320 2664 diebus

1760 2700 2025 2767 sanguinis
2051 2700 2305 2754 eﬂ'usione
2332 2708 2574 2754 vexatum
2594 2740 2609 2764 ,
2635 2701 2726 2753 otii
2760 2702 2924 2754 nostri
2956 2702 3205 2754 minuerit
3229 2716 3318 2753 voc

1763 2792 2049 2857 luptatem;
2082 2792 2220 2857 quod
2249 2792 2357 2857 jam
2386 2792 2563 2845 divina
2593 2808 2693 2861 ope
2714 2792 2778 2845 ad
2810 2793 3016 2861 plenam
3044 2792 3319 2845 sanitatem

1760 2884 1918 2949 co-pit
1942 2897 2233 2951 emergere.
2262 2882 2461 2935 Valete.

2295 2971 2505 3026 EPIST.
2556 2972 2790 3026 LXXXI.

2233 3077 2535 3118 SYIIXCIIL'S
2574 3078 2841 3118 HLSSAL.£.

1838 3152 2063 3208 Fortuna
2094 3169 2211 3209 cum
2244 3154 2447 3208 civibus
2481 3156 2676 3209 nostris
2707 3156 2925 3209 revertit
2968 3156 3019 3209 in
3064 3157 3317 3224 gratiam,

1765 3254 2039 3315 postquam
2072 3254 2121 3299 te
2156 3243 2257 3298 sibi
2289 3244 2583 3310 respublica
2614 3241 2916 3298 vindicavit.
2946 3245 3319 3299 Annumerau-

1767 3338 1866 3390 dus
1889 3346 1971 3390 est
2003 3336 2156 3404 igitur
2196 3334 2407 3388 caeteris
2436 3334 2771 3402 sperantibus
2801 3336 3098 3402 :cquitatetn
3126 3335 3318 3390 lucun-

1763 3428 1861 3479 dus
1900 3426 2251 3481 amicissimus
2298 3440 2476 3488 meus;
2523 3440 2681 3493 quem
2735 3428 2919 3479 morbo
2966 3428 3072 3493 jam
3120 3428 3321 3481 diutino

1762 3534 2003 3585 gravem,
2045 3517 2356 3585 prmfectura
2397 3518 2641 3569 eminens
2699 3515 2765 3570 ad
2813 3520 3163 3586 cognitionem
3210 3522 3319 3587 pri-

1764 3617 1896 3663 satae
1936 3610 2039 3663 litis
2083 3608 2371 3661 eseivcrat.
2414 3606 2509 3659 Est
2550 3605 2626 3673 illi
2664 3606 2875 3674 quidem
2913 3608 3173 3684 votivum,
3223 3613 3321 3662 sub

1762 3702 2004 3754 examine
2051 3709 2140 3752 tuo
2189 3697 2513 3765 respondere
2569 3696 2871 3765 propositis.
2919 3697 3022 3751 Sed
3075 3702 3319 3752 valetudo

1763 3791 2018 3843 voluntati
2048 3788 2323 3852 obnititur,
2346 3800 2464 3854 quae
2487 3785 2745 3839 effusione
2765 3787 3035 3854 sanguinis
3063 3788 3316 3851 sauciata,

1764 3880 2007 3932 itinerum
2037 3887 2242 3932 recusat
2284 3878 2503 3931 incerta.
2532 3875 2639 3930 Nec
2681 3875 2853 3930 deerit
2887 3876 2971 3944 jus
2995 3877 3322 3932 adversantis

1765 3968 2032 4035 petitioni,
2066 3968 2110 4021 si
2148 3968 2213 4019 ad
2248 3967 2509 4020 Vicarium
2550 3974 2698 4020 tuum
2744 3967 3057 4033 disceptatio
3102 3970 3322 4021 transfe.

1763 4070 1926 4112 ratur.
1953 4058 2076 4111 llam
2106 4057 2262 4125 igitur
2286 4070 2491 4109 summa
2515 4066 2596 4109 est
2620 4057 2899 4123 postulati:
2925 4066 2982 4109 ut
3009 4070 3127 4109 cum
3150 4073 3321 4111 causae

1764 4148 1890 4200 nihil
1932 4148 1996 4201 de
2035 4146 2150 4199 loco
2197 4152 2406 4214 pereat,
2452 4144 2678 4198 salutem
2728 4145 2924 4199 bomiui
2973 4146 3321 4214 peregrinatio

1766 4250 1965 4292 remota
1994 4236 2257 4290 conciliet.
2296 4234 2442 4287 Vale.

2272 4323 2483 4379 EPIST.
2528 4323 2784 4377 LXXXII.

2236 4420 2541 4468 svnnscu'us
2581 4421 2849 4466 nasute.

1834 4508 2137 4564 Instruenda
2179 4505 2304 4559 milti
2344 4515 2501 4571 atque
2529 4503 2831 4555 adornanda
2865 4511 3087 4568 praetura
3116 4510 3221 4563 est.
3254 4506 3319 4555 ad

1762 4600 1913 4668 cuius
1940 4588 2223 4653 editionem
2256 4592 2631 4662 magnitudinis
2658 4601 2762 4643 tua:
2792 4604 3073 4657 processus
3110 4592 3316 4644 anima.

1771 4692 1858 4745 vit.
1905 4691 2192 4754 Incmptum
2239 4685 2379 4740 enim
2428 4697 2603 4736 meum
2655 4682 2856 4733 viribus
2907 4680 3083 4734 fratris
3122 4692 3317 4736 utetur.

1766 4783 1957 4849 Qumso
2001 4780 2157 4848 igitur
2195 4790 2401 4830 mecunt
2445 4773 2689 4841 religiose
2720 4771 2890 4823 votiva
2920 4771 3088 4823 oilicia
3121 4775 3317 4838 partia-

1767 4875 1859 4936 ris,
1892 4882 1942 4926 et
1972 4869 2317 4923 familiaribus
2347 4865 2478 4918 meis
2504 4864 2565 4915 ad
2600 4860 2861 4929 Hispaniae
2890 4862 3168 4930 longinqua
3201 4879 3317 4931 per.

1765 4962 2028 5032 gentibus,
2061 4959 2129 5011 ob
2160 4968 2415 5025 equorum
2444 4952 2703 5009 curulium
2750 4956 3167 5019 coemptionem,
3213 4956 3319 5007 sui.

1766 5052 1922 5120 fragia
1958 5047 2295 5119 promovendi
2324 5046 2515 5115 negotii
2542 5043 2775 5112 digneris
2798 5055 3053 5096 annuere.
3083 5042 3315 5110 Longum

1765 5146 1885 5207 fiat,
1916 5144 1959 5195 si
1998 5141 2152 5193 velim
2200 5137 2387 5191 litteris
2418 5133 2711 5202 priestauda
2758 5147 3095 5200 percurrere.
3124 5133 3308 5200 Capita

1764 5249 1937 5288 rerum
1960 5231 2195 5299 subjecto
2216 5226 2445 5281 indiculo
2466 5224 2687 5277 strictim
2706 5211 2903 5277 notavi.
2920 5224 3034 5276 Tibi
3055 5224 3314 5290 integrum

1762 5328 1863 5378 erit
1897 5322 2127 5389 adjicere
2177 5317 2459 5376 beneﬁcia,
2505 5312 2548 5367 si
2586 5328 2687 5381 qua
2719 5312 2884 5381 stylus
2922 5316 3145 5381 petentis
3186 5316 3318 5366 utui-

1760 5419 1845 5471 sit.
1879 5415 2022 5467 Vale.

2270 5475 2479 5531 EPIST.
2520 5472 2606 5529 LX
2620 5474 2657 5527 X
2670 5474 2804 5528 XIII.

2210 5582 2517 5622 εῖωικειιυε
2561 5582 2823 5619 ηεθδλιε.

1829 5668 1882 5723 Si
1923 5664 2045 5734 quid
2095 5676 2189 5730 pro
2219 5660 2389 5711 amico
2426 5670 2585 5727 atque
2628 5657 2860 5709 unanimi
2912 5670 3029 5708 meo
3074 5654 3311 5708 Jucmnlo

1758 5762 1927 5820 prima
1953 5755 2143 5822 scripta
2170 5749 2474 5813 valuissent,
2500 5747 2717 5815 agendis
2745 5747 2906 5813 magis
2932 5747 3130 5813 gratiis,
3156 5760 3309 5810 quam

1759 5844 2068 5903 renovandis
2099 5840 2437 5913 petitionibus
2468 5854 2494 5893 a
2545 5853 2627 5892 me
2664 5846 2839 5892 Sermo
2880 5835 3271 5902 impendetetnr
3302 5850 3309 5880 :
