3826 6368
486 519 587 577 303

490 716 677 774 crebra
705 708 1007 770 conventio,
1033 705 1142 774 jam
1176 715 1280 755 non
1322 713 1420 769 pro
1458 710 1638 760 causa,
1684 692 1779 748 sed
1818 706 1915 760 pro
1954 703 2048 743 va-

490 806 723 864 letudine
752 797 1020 857 familiaris
1050 794 1153 850 mei
1190 796 1427 847 instauro
1458 798 1779 843 sermonem.
1810 783 1877 849 Et
1904 787 2050 835 certe

492 895 715 951 difﬁcilis
750 888 1052 960 impetratio
1080 898 1202 939 esse
1238 895 1345 936 non
1392 878 1605 941 debuit,
1649 882 1927 943 postquam
1976 868 2050 923 illi

488 988 704 1043 divinus
734 983 920 1037 affatus
953 981 1120 1046 longae
1156 967 1598 1044 peregrinationis
1630 963 1854 1033 gratiam
1884 960 2007 1014 fecit
2032 998 2047 1011 .

495 1079 642 1147 cujus
680 1075 758 1130 rei
802 1069 1197 1129 exsecutionem
1248 1062 1413 1116 miror
1441 1073 1560 1113 esse
1599 1053 1900 1117 difﬁcilem,
1932 1061 2051 1102 cum

493 1169 681 1228 lenitas
704 1175 789 1220 tua
815 1164 982 1218 soleat
1006 1158 1124 1212 talia
1146 1155 1302 1209 etiam
1332 1145 1716 1213 sinerescripti
1743 1139 2055 1195 auctoritate

498 1274 768 1337 praestare.
814 1256 1111 1328 Impensius
1148 1252 1308 1321 igitur
1346 1259 1555 1316 quaeso,
1591 1249 1651 1295 ut
1690 1236 1885 1293 Vicarii
1930 1233 2053 1290 foro

497 1322 638 1424 saepe
666 1354 719 1407 in
747 1351 828 1405 his
851 1322 1065 1417 judiciis
1107 1340 1301 1411 agitata
1329 1348 1487 1391 causa
1516 1330 1768 1386 reddatur
1792 1344 1803 1379 :
1844 1322 2055 1394 quando

500 1450 600 1503 hoc
622 1453 675 1499 et
699 1456 865 1499 sacrae
892 1440 1077 1493 litterae
1102 1436 1384 1501 imperant,
1418 1434 1472 1482 et
1495 1422 1812 1495 iudiciorum
1839 1432 1943 1471 non
1974 1428 2058 1470 re-

503 1541 633 1595 futat
661 1537 984 1591 humanitas.
1008 1527 1159 1581 Vale.

1012 1614 1228 1673 EPIST.
1272 1610 1403 1666 LXX
1414 1608 1549 1663 XIV.

979 1716 1283 1764 SVIIACHUS
1320 1712 1590 1755 IIESSALl.

575 1808 809 1865 Primam
853 1800 981 1857 mihi
1025 1792 1289 1851 scribendi
1332 1802 1545 1843 causam
1585 1782 1771 1850 religio
1820 1779 1974 1840 fecit.
2007 1784 2065 1830 ut

506 1898 733 1961 amicitia
765 1902 943 1951 nostra
979 1887 1171 1944 litteris
1198 1882 1489 1940 excolatur.
1523 1875 1817 1934 Secundam
1849 1882 2065 1939 sugges-

506 1939 733 1961 a...........
765 1939 943 1951 ην--.-
1212 1939 1217 1940 ,

506 1997 575 2051 sit
603 1988 919 2049 humanitas,
942 1990 999 2036 ut
1024 1980 1141 2033 viro
1167 1975 1368 2045 optimo
1392 1968 1650 2025 Tbalasso
1676 1963 1913 2018 familiari
1945 1971 2063 2011 meo
2094 1939 2141 2001 Β

509 2097 595 2140 tua
624 2079 934 2137 concilietur
961 2071 1191 2125 affectio.
1221 2067 1475 2133 Superest
1535 2067 1592 2112 ut
1621 2066 1674 2110 et
1702 2054 1829 2109 mihi
1860 2064 2066 2105 sermo-

509 2176 593 2232 nis
635 2172 711 2227 tui
759 2162 1065 2223 vicissitudo
1113 2154 1461 2227 respondeat,
1494 2159 1558 2206 et
1596 2144 1962 2204 commendato
2003 2155 2069 2195 ex

511 2261 771 2324 sententia
799 2254 1048 2330 procedat
1069 2258 1325 2320 optatum.
1360 2244 1508 2298 Vale.

1020 2339 1232 2398 EPIST.
1271 2332 1528 2390 LXXXV.

994 2442 1295 2490 SHIHACHUS
1338 2437 1605 2482 ιιεεελιιε.

586 2538 657 2594 Et
683 2535 784 2592 mei
815 2533 954 2588 circa
985 2536 1037 2582 te
1067 2520 1321 2594 propositi
1350 2516 1488 2571 ratio
1514 2508 1756 2583 poposcit
1791 2512 1850 2559 ιιι
1879 2502 2075 2558 scribe—

516 2646 657 2695 rem,
697 2636 751 2682 et
777 2624 889 2678 viro
931 2617 1247 2677 clarissimo,
1272 2620 1429 2679 atque
1468 2601 1807 2661 ornatissimo
1847 2595 2078 2651 Eusebio

519 2719 855 2791 adstipulatio
886 2727 1005 2769 mea
1032 2712 1219 2765 deesse
1246 2718 1352 2757 non
1380 2699 1562 2754 debuit
1586 2714 1599 2750 :
1632 2706 1789 2763 quem
1819 2688 1983 2758 probe
2010 2684 2079 2739 de

520 2813 735 2886 optimis
759 2809 890 2863 viris
917 2804 1167 2858 meritum
1195 2806 1376 2864 quaeso
1399 2801 1484 2844 tua
1512 2785 1806 2853 benignitas
1835 2790 2082 2833 munere-

1413 2881 1425 2886 _
1638 2876 1650 2886 ,
1874 2865 2077 2886 m1”

523 2865 799 2959 t'tIrfltlam
828 2891 1112 2951 laudabilis
1150 2887 1371 2955 quisque
1412 2881 1549 2935 hanc
1576 2876 1742 2930 solam
1780 2865 2082 2924 mercedem

524 2987 742 3066 pudoris
767 2998 925 3059 atque
959 2978 1250 3039 honestatis
1279 2980 1523 3042 exoptat,
1554 2977 1610 3022 ut
1640 2966 1704 3019 ad
1733 2963 1972 3015 intimam
2010 2955 2086 3010 fa-

526 3085 881 3146 miliaritatem
925 3080 1207 3135 bonorum,
1242 3068 1425 3136 tuique
1469 3060 1749 3120 similium,
1796 3066 1923 3124 pura
1952 3062 2085 3104 con-

527 3178 794 3236 ciliatione
822 3168 1115 3243 perveniat.
1147 3161 1297 3215 Vale.

1041 3252 1253 3310 EPIST.
1298 3244 1577 3303 LXXXVI.

1002 3362 1168 3402 SVIIA
1178 3356 1307 3398 CHIIS
1350 3349 1615 3393 ιιεδελιηε.

602 3446 787 3502 Omnis
817 3434 1205 3496 commendatio
1247 3429 1431 3483 amicis
1472 3419 1831 3479 testimonium
1877 3411 2090 3487 tribuit,

534 3536 841 3607 suffragium
884 3534 1097 3601 praestat
1141 3519 1438 3592 incognitis.
1472 3517 1754 3574 Processus
1806 3508 1984 3576 igitur,
2015 3502 2095 3557 vir

486 3668 489 3669 ν
536 3628 926 3687 ornatissimus,
955 3621 1092 3673 ﬁlius
1122 3628 1291 3688 meus,
1321 3626 1427 3663 non
1458 3615 1539 3661 est
1564 3606 1615 3657 in
1644 3617 1704 3655 ea
1736 3607 1883 3667 parte
1914 3596 2107 3649 numea

538 3719 757 3781 randus,
791 3714 875 3769 cui
906 3685 1163 3765 beneﬁcio
1191 3685 1387 3769 scripta
1420 3702 1764 3767 praestantur;
1797 3688 1890 3741 sed
1924 3685 2099 3755 potius

542 3814 596 3866 in
638 3824 730 3870 ea,
770 3804 854 3859 cui
903 3793 1211 3855 vicissitudo
1255 3808 1321 3846 ex
1358 3802 1540 3851 amore
1591 3780 1923 3853 persolvitur.
1967 3775 2102 3829 Puto

540 3900 648 3967 iam
674 3898 874 3963 liquere
896 3890 1022 3952 tibi,
1048 3899 1167 3953 qua:
1187 3882 1324 3937 circa
1351 3880 1495 3931 illum
1525 3871 1851 3927 familiariter
1880 3864 2102 3921 tenenda

546 3992 613 4045 sit
643 3988 805 4041 forma
832 3980 1010 4051 judicii
1030 4019 1044 4042 ,
1074 3990 1229 4045 quem
1259 3974 1374 4026 sine
1421 3968 1602 4021 favore
1650 3958 1981 4016 commendo.
2016 3957 2106 4008 Di-

547 4093 704 4150 gnum
729 4084 810 4129 est
838 4073 1015 4141 igitur,
1036 4072 1290 4134 quantum
1324 4057 1460 4128 apud
1492 4070 1576 4109 me
1606 4050 1775 4107 meriti
1808 4045 2105 4111 collocm'it,

551 4142 753 4225 tantum
777 4161 912 4233 apud
938 4170 988 4214 te
1020 4150 1353 4223 benignitatis
1381 4147 1630 4203 inveniat.
1659 4142 1805 4197 Vale.

1046 4246 1261 4302 EPIST.
1304 4238 1607 4298 LXXXVII.

1033 4352 1333 4395 SVDILIA'CHUS
1361 4347 1625 4388 MESSALrl-Z.

555 4454 559 4458 ’
627 4444 904 4503 Numidam
938 4435 1267 4493 familiaritas
1293 4439 1471 4485 nostra
1491 4424 1625 4496 apud
1652 4434 1701 4478 te
1722 4422 1875 4475 debet
1893 4419 2109 4487 jnvare:

562 4553 719 4609 quem
765 4546 856 4588 tuo
895 4529 1044 4584 trado
1092 4521 1359 4589 suffragio,
1390 4530 1448 4573 ut
1493 4517 1759 4578 meritum,
1798 4508 1935 4579 quod
1976 4506 2113 4574 apud

563 4642 665 4684 nos
692 4623 931 4679 honestis
960 4617 1143 4671 ofﬁciis
1165 4610 1461 4673 collocavit,
1492 4620 1577 4661 tua
1601 4618 1696 4675 pro
1719 4618 1801 4656 me
1827 4615 1951 4654 cura
1974 4612 2121 4653 com-

566 4726 770 4789 penset.
805 4714 975 4768 Mores
1007 4706 1237 4762 hominis
1275 4717 1341 4757 ex
1389 4713 1508 4752 meo
1537 4696 1706 4765 pende
1743 4692 1959 4761 judicio,
1990 4698 2043 4742 et
2070 4689 2123 4741 in

570 4810 815 4867 omnibus
837 4819 954 4875 qua:
991 4802 1190 4856 utilitas
1226 4795 1342 4864 ejus
1369 4790 1615 4860 exquirit,
1644 4796 1821 4841 votum
1862 4796 2127 4837 commen-

572 4901 748 4957 dantis
778 4898 1006 4953 imitare.
1044 4892 1187 4944 Vale.

1074 4976 1287 5033 EPIST.
1316 4969 1645 5028 LXXXVIII.

1056 5082 1359 5127 εῑιιιιλειιυε
1389 5077 1654 5118 ιῑδελιιε.

646 5166 907 5229 Amicitia:
936 5171 1209 5233 parentum
1240 5164 1385 5211 recte
1413 5155 1463 5208 in
1492 5154 1687 5205 liberos
1716 5146 2124 5209 transferuntur,

579 5275 639 5321 ιιι
687 5262 881 5317 caritas
930 5252 1093 5309 semel
1139 5249 1266 5303 inita
1318 5240 1709 5299 successoribus
1758 5250 1938 5290 eorum
1982 5233 2135 5304 velut

528 5388 533 5397 -
589 5349 928 5409 ltmreditario
966 5345 1082 5413 jure
1104 5338 1363 5410 proﬁciat.
1394 5331 1743 5400 Quonomine
1767 5325 1952 5395 optimi
1977 5339 2136 5393 quon-

586 5448 705 5498 dam
740 5442 839 5493 viri
866 5432 1105 5504 Gregorii
1138 5431 1297 5484 lilium
1328 5424 1646 5494 diligendum
1679 5420 1873 5487 pariter
1902 5431 1961 5471 ac
1990 5425 2140 5467 tuen-

587 5539 712 5589 dum
744 5529 939 5597 recepi.
991 5524 1109 5578 Fuit
1146 5521 1284 5574 enim
1316 5518 1441 5570 milii
1472 5529 1589 5569 cum
1626 5522 1771 5580 patre
1812 5510 1927 5577 ejus
1981 5508 2139 5559 ﬁdum

552 5694 553 5697 η
590 5625 761 5679 fmtlus
792 5620 1117 5679 animorum;
1145 5610 1237 5665 sed
1276 5607 1545 5676 religionis
1570 5603 1804 5657 debitum
1834 5611 2000 5653 tecum
2024 5606 2148 5665 opto

596 5714 799 5787 partiri.
823 5713 1156 5780 Quapropter
1179 5716 1357 5773 quaeso
1405 5709 1459 5753 ut
1484 5712 1659 5753 curam
1694 5708 1860 5747 meam
1886 5706 1981 5759 pro
2004 5704 2067 5743 eo
2096 5688 2147 5741 in

595 5811 680 5865 his
716 5820 836 5875 quae
874 5816 998 5857 usus
1036 5796 1341 5868 poposcerit
1378 5789 1703 5857 exscquaris.
1765 5786 1904 5839 Inter
1959 5793 2147 5837 cmtera

598 5910 775 5957 autem
801 5906 914 5951 vota
936 5894 1146 5964 juvenis
1171 5886 1489 5961 prmcipunm
1516 5881 1747 5943 liberalis
1764 5880 1922 5935 aflinti
1948 5881 2149 5950 signum

1642 497 1715 565 ο.
1758 488 2095 572 Αυιιιιιιιιε
2133 484 2567 545 svunacnus.

488 626 583 683 sed
622 622 740 692 quia
789 620 840 673 in
888 613 1032 672 civili
1077 610 1285 681 negotio
1327 615 1485 678 auget
1526 605 1644 675 ejus
1689 603 2049 659 inﬁrmitatem
2079 602 2132 659 Α

3616 467 3707 523 304

2157 608 2258 664 est,
2291 597 2433 667 quod
2462 593 2607 665 cupit
2636 593 2755 649 foro
2780 599 2871 645 tuo
2898 600 3004 644 non
3025 585 3285 642 obscurus
3309 586 3430 636 ortu
3460 586 3605 633 actor
3630 593 3709 632 ac-

2154 666 2348 743 cedere
2371 702 2386 741 :
2409 685 2494 739 cui
2522 686 2612 751 (ut
2635 681 2823 751 spero)
2845 687 2899 734 et
2925 674 3284 746 magisterium
3312 668 3594 739 splendore
3632 666 3707 720 di-

2154 783 2328 846 cendi.
2354 790 2407 837 et
2431 780 2739 849 suffragium
2762 776 2956 832 mentis
2980 773 3214 828 bonitate
3241 765 3538 840 prmstabis.
3568 759 3707 814 Vale.

2664 891 2879 947 EPIST.
2923 887 3211 944 LXXXIX.

2635 995 2941 1037 δγιιιιιιειιυε
2971 992 3235 1033 ιιεεεΑιΛς.

2224 1074 2538 1132 Iamdudum
2572 1072 2771 1127 litteras
2793 1085 2938 1125 meas
2973 1070 3026 1123 in
3064 1079 3250 1121 manus
3275 1071 3391 1118 tuas
3411 1056 3574 1114 credo
3600 1068 3711 1123 per-

2156 1169 2292 1223 latas
2315 1165 2505 1235 quibus
2548 1161 2771 1233 allegavi
2812 1162 2949 1230 quod
2977 1157 3191 1227 judiciis
3236 1150 3584 1222 approbatum
3611 1152 3709 1206 est.

2157 1261 2385 1315 amicum
2416 1270 2589 1310 meum
2612 1253 2933 1317 Iucundum,
2949 1260 3246 1320 quanquam
3266 1242 3341 1298 tui
3355 1236 3611 1295 examinis
3632 1248 3712 1289 cu-

2158 1352 2361 1423 pidum,
2391 1364 2483 1417 per
2503 1342 2857 1402 valetudinem
2904 1356 3007 1395 non
3036 1351 3193 1408 posse
3233 1329 3521 1405 proﬁcisci.
3559 1325 3712 1394 Hujus

2161 1446 2214 1500 in
2245 1444 2360 1497 dies
2389 1440 2610 1496 morbus
2640 1436 2911 1507 augescit:
2936 1442 2989 1488 et
3013 1434 3131 1486 ideo
3176 1438 3359 1496 repeto
3386 1423 3711 1494 postu‘atum.

2162 1550 2231 1590 ne
2261 1532 2459 1587 incidat
2500 1528 2752 1584 invidiam
2782 1522 3159 1585 contumaciae,
3206 1517 3292 1587 qui
3335 1510 3711 1569 miserationem

2164 1632 2419 1679 meretur.
2452 1621 2517 1675 Et
2545 1634 2675 1673 sane
2696 1616 2837 1671 civili
2860 1628 3035 1668 causae
3066 1609 3194 1665 nihil
3215 1608 3466 1674 decerpet
3495 1594 3717 1655 humani—

2168 1724 2266 1778 tas,
2310 1714 2356 1767 si
2404 1710 2471 1764 ad
2517 1707 2787 1762 Viearium
2820 1712 3057 1758 vestrum
3099 1696 3446 1753 transferatur
3485 1702 3712 1745 examen.

2167 1807 2297 1861 Nam
2329 1802 2527 1868 pariter
2550 1808 2601 1854 et
2631 1794 2892 1851 laboranti
2920 1791 3230 1846 detrahetur
3259 1784 3472 1855 injuria,
3495 1788 3547 1835 et
3572 1792 3715 1846 nego-

2172 1898 2246 1952 tio
2274 1896 2393 1950 ﬁnis
2419 1891 2630 1947 debitus
2651 1887 2879 1943 eveniet.
2910 1883 3057 1936 Vale.

2764 1974 2977 2031 EPIST.
3017 1971 3131 2027 XC.

2655 2081 2957 2126 εῖιιιιλοιιυς
2995 2077 3259 2117 IIESSALE.
3308 2076 3315 2081 '

2242 2167 2493 2225 Probavit
2522 2164 2741 2219 effectus
2768 2175 2871 2213 non
2897 2157 3163 2211 immerito
3193 2167 3221 2204 a
3244 2164 3329 2204 me
3358 2154 3587 2215 sperata.
3615 2153 3722 2209 qua:

2172 2273 2429 2334 praestare
2455 2259 2699 2327 dignatus
2729 2267 2807 2317 es,
2840 2250 3111 2318 magisque
3149 2258 3236 2298 me
3267 2241 3474 2310 culpam
3506 2233 3724 2305 potuiec

2175 2352 2516 2412 contrahere,
2564 2348 2607 2399 si
2658 2342 2798 2413 apud
2851 2347 3136 2399 amantem,
3173 2331 3458 2386 Prmtorias
3511 2325 3725 2395 pignoris

2175 2446 2345 2503 nostri
2376 2439 2721 2496 necessitates
2742 2432 2940 2503 pudore
2964 2426 3269 2482 tacuissem.
3292 2417 3481 2474 Ornari
3504 2429 3625 2482 ergo
3646 2428 3727 2462 nos

2176 2538 2383 2611 gaudeo
2415 2528 2778 2603 frequentibus
2813 2520 3009 2577 amoris
3038 2517 3112 2572 tui
3145 2510 3461 2579 testimoniis
3494 2522 3505 2558 :
3544 2513 3595 2559 et
3618 2502 3729 2554 vulu

2179 2591 2384 2702 :peres,
2416 2591 2668 2694 quidquid
2694 2619 2875 2690 gratiae
2911 2612 3073 2670 editio
3102 2617 3281 2663 nostra
3323 2595 3646 2669 qumsiverit,
3673 2591 3731 2644 ad

2181 2731 2271 2777 tua
2301 2692 2666 2774 beneficiame
2692 2708 2914 2764 cedente
2944 2698 3298 2758 referendum.
3324 2692 3479 2749 Vale.

2719 2799 2734 2817 '
2772 2814 2991 2873 EPIST.
3028 2808 3162 2865 aet.

2590 2948 2591 2951 η
2667 2921 2971 2969 SYHIACBUS
3001 2913 3269 2957 κεεελιε..

2114 3294 2166 3363 c
2195 3256 2353 3354 igitur
2378 3297 2443 3337 ex
2480 3274 2744 3332 sententia
2776 3267 2940 3339 partis
2971 3262 3159 3319 fruaris
3194 3256 3511 3326 insignibus,
3543 3260 3595 3307 et
3634 3261 3741 3318 pro-

2196 3385 2380 3429 veCtus
2408 3371 2459 3424 in
2484 3365 2753 3421 cumulum
2784 3357 2984 3430 gloriae,
3014 3348 3430 3422 magnitudinem
3455 3341 3636 3415 judicii
3660 3339 3744 3393 im-

2197 3463 2415 3538 perialis
2443 3460 2760 3529 tequipares.
2792 3449 2939 3505 Vale.

2776 3536 2993 3594 EPIST.
3033 3530 3191 3587 XCII.

2686 3644 2987 3689 SVDIIIACIIUS
3018 3637 3279 3680 ιιεεειιιι.

2272 3732 2446 3789 Ofﬁcii
2478 3728 2578 3784 mei
2606 3734 2687 3781 est
2722 3721 2962 3778 nuntiare
3011 3713 3150 3785 quod
3194 3712 3435 3769 valeam;
3471 3702 3598 3767 veli,
3628 3708 3680 3751 ut
3709 3707 3749 3749 ts

2206 3828 2779 3889 salverecognoscam.
2813 3813 2949 3889 Ergo
2992 3806 3185 3861 indicio
3215 3810 3591 3871 prosperorum
3617 3803 3747 3845 meo-

2207 3931 2321 3971 rum
2369 3921 2547 3982 partes
2586 3905 2810 3960 amantis
2853 3886 3107 3968 implevi;
3142 3905 3198 3949 tu
3232 3890 3363 3946 mihi
3407 3888 3578 3942 adhuc
3608 3882 3753 3936 debes

2209 4008 2449 4064 sanitatis
2482 4012 2582 4055 tuae
2608 3997 2818 4068 gaudia.
2852 3994 2979 4057 Quae
3015 3996 3071 4040 ut
3113 3984 3277 4039 solida
3311 3981 3413 4035 ﬁde
3446 3981 3497 4033 in
3540 3973 3753 4029 notitiam

2210 4113 2381 4153 meam
2412 4096 2641 4152 veniant,
2666 4100 2717 4142 et
2744 4086 2975 4139 Deorum
3008 4076 3182 4137 favor,
3214 4084 3268 4127 et
3301 4081 3387 4123 tua
3419 4067 3616 4135 scripta
3638 4074 3754 4131 pra;-

2213 4189 2447 4244 stabunt.
2476 4181 2625 4233 Vale.

2770 4240 2981 4297 EPIST.
3024 4232 3204 4291 XCIII.

2675 4348 2983 4392 SYRIACBUS
3015 4335 3327 4383 LOI‘IGIIANO.

2292 4439 2477 4494 Amico
2500 4434 2676 4488 animo
2706 4426 2894 4498 gaudia
2924 4430 3101 4475 nostra
3136 4414 3443 4485 participas,
3472 4414 3527 4462 et
3556 4406 3762 4470 integra-

2219 4546 2329 4589 tum
2351 4526 2587 4585 Flaviani
2619 4524 2713 4578 ﬁlii
2739 4520 2843 4574 mei
2870 4518 3124 4570 honorem
3150 4509 3270 4579 styli
3295 4502 3647 4577 gratulatione
3666 4509 3763 4566 pro-

2227 4627 2485 4695 sequeris.
2523 4624 2717 4689 Dignus
2739 4619 2857 4670 laeta
2888 4611 2971 4667 cui
3001 4622 3211 4673 semper
3231 4604 3493 4657 eveniant.
3529 4599 3669 4651 Hanc
3692 4607 3765 4644 au—

2232 4728 2332 4771 tein
2361 4712 2680 4783 dignationis
2710 4719 2809 4760 tuae
2834 4701 3209 4769 benignitatem
3239 4696 3348 4747 scio
3370 4692 3435 4745 ab
3470 4690 3612 4743 illius
3643 4682 3767 4739 insti-

2232 4819 2344 4862 tuto
2376 4779 2613 4865 manare,
2636 4798 2722 4867 qui
2749 4793 3012 4866 praestitit.
3040 4784 3393 4842 Laudabiliter
3418 4779 3578 4849 igitur
3598 4786 3768 4844 seque-

2233 4898 2305 4951 ris
2347 4890 2703 4963 magisterium
2730 4885 2941 4954 optima:
2966 4875 3269 4933 voluntatis.
3302 4872 3472 4934 Tene,
3506 4879 3702 4938 quaeso,
3725 4866 3772 4912 ut

2234 4988 2418 5049 facies,
2451 4980 2802 5036 constantiam
2826 4974 3001 5029 ret-tim
3049 4969 3341 5025 bonarum;
3383 4959 3532 5014 illum
3565 4953 3773 5011 imitare.

2238 5091 2333 5132 nos
2355 5076 2533 5145 dilige.
2564 5070 2710 5124 Vale.

2796 5131 3007 5189 EPIST.
3049 5124 3233 5180 XCIV.

2702 5234 3007 5281 BVIIACBUS
3036 5230 3221 5271 LONGII
3231 5225 3344 5267 uso.
3808 5225 3809 5267 ξ

2316 5328 2495 5383 lionor
2538 5318 2742 5376 militiae
2774 5325 2963 5371 vestrae
2999 5308 3173 5363 dantis
3220 5298 3496 5359 beneﬁciis
3540 5286 3773 5351 enitescit.
3808 5288 3809 5359 ξ

2248 5419 2378 5473 Cum
2422 5414 2580 5483 igitur
2625 5420 2679 5463 te
2707 5408 3017 5461 meritorum
3058 5398 3195 5449 ratio
3238 5388 3462 5447 summis
3510 5384 3809 5475 proximum‘

2251 5511 2425 5571 faciat,
2479 5507 2630 5557 fama:
2659 5510 2714 5555 et
2741 5496 2924 5567 gratiae
2967 5491 3129 5543 detus
3170 5482 3494 5549 benignitate
3539 5470 3809 5539 conquiris;

2250 5601 2355 5654 Nec
2384 5596 2559 5665 procul
2590 5592 2760 5655 abest,
2791 5588 2854 5640 de
2887 5598 2991 5651 quo
3032 5573 3332 5645 hujusmodi
3363 5570 3592 5623 fructum
3631 5572 3782 5630 capes-

2252 5705 2358 5743 sas.
2400 5684 2693 5741 Juvaudum
2724 5679 2864 5729 enim
2915 5674 3001 5727 tibi
3046 5672 3211 5721 ﬁlium
3238 5674 3432 5715 ~meutv
3482 5654 3783 5712 Desiderium

2253 5786 2443 5838 littera:
2492 5780 2767 5844 ingerunt;
2820 5782 3003 5819 virum.
3055 5769 3245 5829 printer
3290 5756 3577 5813 fortunam,
3614 5740 3787 5801 cuncti!

3707 5824 3784 5844 .,.

2256 5824 2442 5838 ...ψη
2762 5824 2765 5833 λ
3056 5824 3067 5829 ν

2256 5875 2411 5930 rebus
2438 5874 2704 5930 ornatum,
2730 5875 2855 5930 quas
2883 5856 2979 5911 sibi
3006 5850 3276 5906 hominum
3299 5860 3423 5899 cura
3452 5844 3683 5911 praestat.
3705 5824 3786 5887 Sed
