3826 6336
109 430 185 488 sos
1206 374 1680 475 sptsrounuit
1722 411 1919 467 LIBER
1960 413 2070 469 vn.

108 541 171 594 illa
192 550 368 609 quoque
392 550 509 592 cum
537 548 604 591 eo
646 534 696 588 in
727 533 970 603 gratiam,
1020 531 1062 585 si
1104 529 1315 593 laveris,
1348 533 1595 581 ravertet.
1630 528 1681 584 Α

107 629 247 683 Restat
277 637 325 681 ut
367 627 515 691 velis,
543 623 683 694 quod
723 638 820 693 pro
857 623 956 677 loci
993 635 1054 675 ac
1096 619 1268 675 meriti
1311 619 1380 671 tui
1408 617 1607 669 viribus

106 723 213 789 polit
231 734 298 783 es,
322 718 394 773 sic
417 716 569 771 facile
599 714 909 769 inclinatum
944 710 1101 766 amici
1130 708 1296 763 nostri
1337 706 1609 776 negotium

108 812 277 881 depulsa
301 810 385 864 lite
404 806 636 864 sanabis.
664 806 820 859 Vale.

622 896 836 951 EPIST.
873 893 1028 949 XCV.

499 1006 811 1047 SYMIACIUS
842 1001 1153 1045 ιοιςςικλκο.

160 1084 382 1152 Amplecti
411 1085 669 1138 amicitias
688 1083 887 1138 domini
909 1092 964 1136 et
989 1080 1083 1134 lilii
1108 1076 1212 1133 mei
1233 1074 1467 1131 Flaviani
1490 1079 1614 1126 ante

108 1176 305 1246 dignatus
336 1190 413 1232 es.
461 1176 567 1231 Sed
609 1188 751 1229 nunc
779 1184 989 1243 tempus
1016 1172 1194 1236 datur,
1244 1178 1300 1223 ut
1347 1167 1422 1222 illi
1451 1166 1615 1220 docu-

109 1280 245 1321 menta
280 1282 408 1321 vera
446 1266 818 1319 familiaritatis
861 1262 1136 1318 exhibeas.
1168 1258 1344 1313 Sacris
1378 1256 1518 1312 enim
1550 1256 1612 1309 ll.

107 1358 153 1411 Ν.
174 1357 360 1410 IIonorii
386 1354 744 1423 augustissimi
774 1351 1025 1421 principis
1063 1350 1256 1405 litteris
1286 1347 1351 1402 ad
1381 1344 1617 1399 ofﬁcium

107 1445 321 1517 magniﬁci
356 1445 589 1499 consulis
634 1452 909 1509 evocatus,
942 1440 1276 1495 occasionem
1318 1436 1485 1500 dabit,
1514 1450 1615 1504 qua

106 1548 144 1590 et
166 1537 301 1604 ipsius
320 1535 561 1589 meritum
577 1532 778 1602 judicio
799 1538 891 1585 tuo
912 1538 1106 1599 pateat,
1130 1537 1184 1583 et
1207 1536 1291 1579 tua
1314 1526 1370 1579 in
1397 1540 1519 1579 eum
1544 1524 1620 1577 af-

109 1628 229 1681 feetio
259 1627 525 1681 clarescat.
560 1628 764 1679 Interea
796 1631 971 1691 partes
1009 1623 1246 1691 parentis
1290 1620 1620 1672 interventus

108 1730 225 1768 meus
242 1715 557 1785 exsequitur.
596 1713 706 1768 Nec
737 1713 789 1766 in
817 1712 1043 1767 dubium‘
1062 1710 1206 1783 venit
1252 1709 1377 1778 quid
1418 1707 1618 1776 ponde-

108 1807 163 1859 ris
200 1807 367 1863 habeat
416 1805 693 1873 pignorum
734 1801 1126 1857 commendatio
1165 1800 1303 1867 apud
1347 1813 1471 1853 eum
1533 1797 1620 1866 qui

3156 414 3261 473 30f?

2271 524 2485 579 EPIST.
2529 524 2712 580 XCIX.

2156 631 2458 672 SYHMACHUS
2492 633 2805 673 ιοκοικλκο.

1776 706 1984 760 Cultum
2007 706 2249 762 amicitiae
2275 708 2497 765 libenter
2519 723 2759 763 exerceo.
2785 708 2951 763 Video
2973 709 3112 763 enim
3136 709 3265 765 milii

1710 815 1737 852 a
1769 809 1818 853 te
1850 801 2097 853 talionem
2124 814 2265 865 curae
2296 800 2475 869 parilis
2523 816 2625 856 non
2666 801 2867 869 negari.
2919 801 3139 870 Magnus
3174 817 3269 855 au—

1712 902 1815 941 tem
1848 888 2125 958 diligentia:
2159 891 2398 944 incentor
2421 899 2503 945 est
2547 904 2695 945 amor
2723 900 2857 944 tuus.
2888 890 3061 957 Quare
3102 890 3268 946 bene-

1713 981 1813 1035 fiiii
1848 982 1964 1036 loco
1984 982 2305 1050 exprobrare
2333 996 2437 1036 non
2463 995 2699 1050 possum,
2723 982 2861 1050 quod
2885 998 2945 1035 ex
2976 980 3153 1036 debito
3176 981 3272 1035 dt.~

1714 1072 1841 1127 fero.
1881 1073 1997 1141 Ipse
2036 1075 2177 1128 enim
2222 1074 2313 1127 tibi
2360 1084 2545 1127 auctor
2579 1088 2637 1127 es
2684 1074 2978 1127 officiorum
3010 1087 3267 1149 ineorum,

1716 1180 1830 1235 quae
1852 1166 2113 1220 scribendi
2141 1165 2449 1222 assiduitate
2468 1165 2739 1221 sollicitas.
2777 1165 2921 1220 Vale.

2336 1259 2547 1316 EPIST.
2589 1258 2648 1313 C.

2166 1365 2467 1405 SYIIACBUS
2506 1368 2818 1406 LONGIMANO.

1788 1439 1973 1496 Sentio
2002 1442 2126 1510 quid
2151 1442 2276 1495 mihi
2303 1441 2597 1496 affectionis
2616 1441 2839 1495 invicem
2862 1440 3073 1494 deferre
3096 1440 3276 1508 digne.

1720 1534 1813 1586 ris.
1844 1532 1947 1586 Sed
1980 1530 2319 1587 vehementer
2338 1532 2588 1596 admiror,
2634 1532 2773 1601 quod
2806 1531 3077 1585 dominum
3111 1529 3274 1583 lilium

1722 1639 1895 1679 meum
1927 1625 2253 1689 Flavianum,
2276 1623 2367 1693 qui
2396 1632 2448 1678 te
2486 1623 2638 1690 parili
2669 1638 2853 1678 amore
2890 1621 3291 1691 complectitur,

1722 1730 1845 1784 erga
1876 1716 2136 1770 amicitias
2164 1724 2281 1770 tuas
2310 1716 2563 1784 imparem
2598 1728 2719 1769 esse
2746 1716 3067 1785 suspiceris.
3088 1715 3142 1770 Si
3188 1715 3282 1784 igic

1727 1815 1809 1857 tur
1838 1805 2031 1873 aliquid
2071 1806 2132 1859 in
2151 1804 2443 1859 assertione
2484 1817 2601 1858 mea
2640 1812 2793 1873 putas
2832 1816 2952 1859 esse
2989 1802 3287 1872 gravitatis,

111 1911 207 1949 suos
226 1896 388 1964 diligit
426 1895 550 1949 Haec
578 1901 754 1947 autem
784 1906 991 1946 summa
1018 1899 1102 1946 est
1128 1889 1378 1945 desiderii
1418 1882 1544 1953 mei',
1570 1896 1624 1940 ut
1656 1875 1702 1934 Β
1728 1908 1823 1947 oro
1850 1903 1906 1948 ut
1937 1893 2232 1961 hujusmodi
2279 1894 2674 1961 persuasionem
2712 1906 2795 1946 me
2822 1901 3089 1946 assertore
3121 1890 3283 1961 depo-

110 1989 149 2040 in
184 1989 336 2041 animo
366 1996 452 2041 tuo
497 1986 728 2055 reperiat
760 1998 1000 2039 amorem
1042 1996 1162 2037 meo
1192 1982 1444 2037 similem.
1470 1979 1621 2033 Vale.

616 2074 827 2131 EPIST.
871 2072 1055 2129 XCVI.

518 2180 824 2222 SVIIIACIIUS
856 2180 1170 2220 LOICIIANO.

162 2254 208 2309 In
232 2256 443 2312 favorem
472 2273 557 2312 me
577 2258 796 2328 Dynami
816 2255 1133 2321 cohortaris,
1158 2254 1309 2322 cujus
1332 2251 1425 2307 tibi
1443 2267 1625 2307 amore

111 2358 192 2398 non
219 2349 472 2402 cesserim.
503 2348 594 2401 Est
624 2348 766 2401 enim
789 2346 868 2402 vir
892 2347 1085 2400 artium
1116 2346 1395 2409 bonarum,
1428 2343 1622 2407 cultus,

108 2447 306 2492 ornatus.
332 2438 519 2493 Libens
548 2439 727 2507 itaque
754 2439 806 2492 in
836 2446 981 2491 tuam
1008 2437 1244 2490 concedo
1284 2434 1622 2508 sententiam,

108 2526 381 2603 dignumque
416 2542 538 2584 esse
583 2514 815 2596 praedico
870 2527 957 2596 qui
994 2535 1175 2580 nostro
1206 2526 1375 2579 ordini
1419 2525 1628 2593 copule-

110 2628 191 2672 tur.
215 2620 304 2675 Sed
327 2620 619 2687 adjicienda
650 2627 730 2675 est
750 2620 797 2673 ei
832 2620 1177 2687 prmiogativa
1201 2618 1420 2682 milium,
1450 2626 1507 2671 ut
1531 2616 1625 2671 he-

109 2709 264 2764 neflcio
289 2712 571 2766 alleciionis
605 2721 805 2765 utatur.
844 2711 933 2765 llis
962 2713 1154 2780 quippe
1197 2719 1399 2763 tantum
1449 2707 1625 2763 munia

107 2799 291 2855 relaxari
316 2803 497 2856 divalia
526 2806 814 2857 constituta
835 2803 1136 2867 voluerunt,
1178 2815 1315 2871 quos
1340 2799 1628 2854 castrensis

107 2892 244 2945 honor
273 2895 539 2948 illuminat.
583 2895 637 2949 Si
670 2896 827 2961 igitur
852 2904 906 2946 ct
948 2894 1047 2947 hoc
1095 2893 1299 2960 insigne
1344 2889 1625 2953 detnleris,

104 2982 217 3046 quod
264 2998 581 3037 annonamm
626 2998 676 3035 ct
714 2983 1044 3036 evectionum
1073 2981 1309 3036 cumulet
1361 2980 1625 3049 adjectlo,

106 3087 242 3137 prono
286 3091 432 3130 cursu
490 3078 541 3129 in
588 3077 899 3130 consulares
953 3076 1172 3141 legetur.
1218 3074 1391 3139 Quare
1443 3073 1493 3125 in
1540 3081 1627 3125 tua

104 3182 231 3220 manu
253 3179 322 3221 est
353 3182 399 3223 et
426 3171 563 3223 illius
599 3169 863 3231 meritum,
895 3174 946 3221 et
968 3182 1141 3221 meum
1164 3167 1393 3222 studium
1419 3164 1627 3233 supple-

1726 1996 1853 2047 nzis;
1880 1992 1932 2037 et
1961 1984 2197 2052 expulsis
2216 1984 2441 2037 aliorum
2470 1984 2702 2036 susurris
2727 1982 3077 2037 constantiam
3107 1996 3309 2035 serves.

1727 2075 1923 2126 sanctis
1954 2074 2189 2128 moribus
2212 2073 2314 2127 tuis
2340 2080 2395 2127 et
2413 2070 2661 2125 amicitiae
2690 2082 3086 2141 congruentem.
3109 2071 3284 2137 Certe,

1720 2154 1949 2239 si-quid
1992 2164 2044 2219 in
2088 2165 2328 2219 netitiam
2358 2170 2503 2218 tuam
2531 2162 2752 2217 aemulus
2789 2178 2965 2217 sermo
3012 2164 3284 2233 pervexit;

1729 2272 1935 2311 mecum
1966 2272 2149 2327 quaeso
2176 2257 2478 2327 participes,
2508 2266 2566 2312 ut
2590 2256 2905 2325 amaritudo,
2934 2273 3053 2325 qua:
3078 2272 3138 2311 ex
3159 2257 3287 2311 alio-

1726 2363 1843 2401 rum
1877 2347 2267 2406 insimulatione
2302 2357 2559 2419 concepta
2600 2358 2700 2417 est,
2732 2349 2850 2405 fidis
2894 2349 3291 2425 purgationibus

1728 2439 1979 2493 diluatur.
2017 2438 2169 2493 Vale.

2346 2528 2557 2585 EPIST.
2596 2530 2682 2585 εἰς.

2176 2618 2489 2676 'sntncues
2528 2633 2843 2674 tonsi-arto.

1800 2713 1995 2769 Sancto
2027 2714 2253 2769 Eusebio
2279 2713 2508 2769 arbitror
2530 2727 2625 2781 pro
2649 2726 2852 2766 summa
2875 2709 3288 2770 commendatio-

1732 2807 1811 2864 nis
1831 2808 2097 2873 sufﬁcere,
2122 2808 2259 2876 quod
2289 2822 2409 2861 eum
2455 2804 2583 2859 mihi
2625 2805 2876 2875 profiteor
2901 2803 3245 2881 approbatum
3274 2822 3286 2857 :

1731 2910 1781 2954 et
1813 2900 1931 2953 ideo
1959 2899 2138 2953 verbis
2186 2898 2426 2965 pluribus
2472 2897 2747 2953 elaborare
2788 2910 2891 2949 non
2934 2896 3120 2959 debeo,
3151 2905 3206 2948 ut
3241 2896 3289 2948 ei

1731 2997 1871 3041 tuam
1895 2990 2171 3042 conciliem
2202 2990 2543 3043 voluntatem.
2576 2988 2959 3056 Prmsumptum
2998 2986 3191 3055 quippe
3215 2995 3285 3039 te-

1733 3095 1851 3141 neo,
1882 3079 1982 3141 his,
2008 3080 2097 3147 qui
2127 3078 2251 3131 mihi
2287 3078 2385 3132 fida
2413 3077 2664 3145 obsequia
2698 3076 3018 3141 detulerunt,
3054 3076 3286 3131 favorem

1734 3180 1877 3221 tuum
1903 3170 2114 3223 minime
2144 3170 2465 3223 defuturum.
2499 3166 2603 3220 Nos
2624 3181 2688 3220 ex
2723 3166 2980 3220 sententia
3011 3166 3283 3228 valemus;

104 3260 263 3312 mentis
293 3262 476 3314 talibus
505 3261 775 3327 adjuvare.
828 3258 1030 3313 Interea
1061 3258 1218 3312 nimis
1260 3258 1445 3324 miror,
1486 3256 1624 3325 quod
1656 3233 1703 3294 C
1734 3259 1959 3313 libenter
1987 3260 2237 3327 habituri,
2266 3259 2309 3314 si
2339 3256 2610 3328 SOSpitatis
2640 3264 2742 3311 tua:
2774 3257 2975 3313 litteras
3004 3272 3106 3312 non
3134 3272 3287 3328 nega-

103 3350 142 3401 in
168 3351 268 3406 viro
294 3352 473 3405 illustri
500 3351 752 3405 Flaviano
780 3349 995 3404 domino
1016 3359 1067 3403 et
1090 3349 1199 3402 filio
1224 3364 1371 3417 meo,
1393 3363 1489 3403 nec
1507 3364 1628 3417 grao

100 3438 206 3490 dum
234 3442 454 3506 honoris,
489 3456 589 3495 nec
634 3440 719 3509 jus
757 3440 1000 3494 amicitia
1037 3442 1299 3509 cogitasti.
1345 3440 1475 3493 Nam
1505 3454 1626 3495 cum

101 3539 322 3594 praestans
349 3533 637 3585 auctoritas
668 3541 751 3585 tua
781 3531 965 3585 vinarii
986 3531 1118 3585 tituli
1146 3530 1320 3586 debita
1343 3531 1625 3599 flagitaret,

102 3633 239 3689 usque
258 3623 315 3675 ad
334 3622 493 3678 officii
518 3622 736 3676 multam
757 3622 1197 3678 condemnatione
1217 3635 1494 3691 progressa
1522 3631 1623 3675 est.

102 3709 335 3768 Patienter
360 3716 602 3779 admitte,
637 3730 810 3782 neque
829 3714 1215 3782 praefecturam,
1246 3728 1418 3782 neque
1446 3727 1627 3766 aman-

101 3801 326 3856 tissimum
370 3806 440 3857 tui
480 3805 654 3857 virum
702 3801 794 3857 tali
843 3804 1161 3857 contumelia
1208 3804 1454 3857 debuisse
1501 3818 1625 3871 per-

98 3894 274 3961 stringi.
302 3884 493 3959 Quaeso
517 3896 699 3963 igitur,
746 3905 803 3948 ut
831 3904 1029 3948 tantum
1065 3896 1113 3949 ei
1156 3895 1376 3963 posthac
1417 3894 1627 3949 deferre

99 3982 316 4049 digneris,
335 3995 585 4053 quantum
610 3986 703 4038 tibi
727 3984 946 4038 invicem
964 3985 1212 4038 convenit
1231 3984 1490 4045 exhiberi,
1516 3984 1626 4053 Ego

98 4084 217 4126 certe
229 4076 489 4129 amborum
517 4090 709 4143 parens
728 4076 855 4128 nihil
877 4091 903 4128 a
929 4084 977 4129 te
1003 4076 1172 4145 patior
1191 4074 1434 4131 stridoris
1451 4082 1627 4131 emen-

95 4167 481 4233 g-‘rezquinimo
526 4166 785 4236 religiosis
823 4167 1013 4221 officiis
1054 4182 1295 4224 crescere
1340 4169 1477 4224 inter
1532 4184 1626 4224 vos

94 4267 259 4309 causas
282 4258 439 4313 mutui
466 4258 666 4313 amoris
691 4266 906 4325 exopto.
940 4259 1087 4311 Vale.

616 4349 827 4403 EPIST.
870 4347 1073 4401 XCVII.

513 4452 824 4492 εῑιυοιιυδ
850 4454 1160 4493 LONGIIIASO.

150 4524 261 4595 Cepi
290 4544 346 4582 ex
378 4528 568 4583 litteris
600 4527 704 4579 tuis
733 4526 997 4596 gaudium,
1035 4536 1307 4597 postquam
1335 4527 1623 4585 familiares

1729 3353 1822 3407 ris.
1854 3352 1999 3405 Vale.

2340 3437 2551 3493 EPIST.
2594 3438 2697 3493 CII.

2020 3545 2325 3585 SVNtIAClIUS
2360 3545 2613 3585 PETRONIO
2644 3540 2697 3585 et
2738 3545 3017 3585 PATRUII‘O.

1801 3624 1902 3677 Pro
1923 3624 2146 3690 cognitis
2185 3632 2237 3677 et
2272 3621 2505 3689 probatis
2547 3635 2711 3689 pauca
2750 3620 2972 3675 dicenda
3016 3628 3159 3675 sunt.
3192 3621 3290 3678 Mei

1728 3713 1868 3767 enim
1895 3713 2073 3779 ofﬁcii,
2099 3725 2201 3764 non
2233 3710 2313 3764 sui
2347 3711 2519 3764 meriti
2552 3710 2906 3764 testimonium
2934 3709 3124 3771 ferunt.
3152 3710 3291 3777 Qua-
3388 3778 3393 3781 _

1732 3815 1946 3871 prepter
1968 3803 2204 3857 laborare
2227 3815 2335 3855 non
2354 3802 2544 3869 debeo,
2576 3808 2629 3854 ut
2650 3801 2965 3869 prastantire
2986 3809 3173 3856 vestra:
3196 3802 3291 3857 do-

1730 3894 1856 3947 mini
1884 3904 1938 3949 et
1967 3892 2059 3947 filii
2091 3893 2193 3948 mei
2222 3892 2457 3947 Flaviani
2489 3892 2673 3947 merita
2696 3892 3097 3971 commendem:
3124 3894 3292 3963 siqui.

1730 3986 1849 4040 dem
1880 3995 2028 4039 vetus
2069 3987 2205 4039 inter
2232 3998 2327 4037 vos
2358 3983 2589 4037 amicitia
2619 3993 2857 4037 vertetur
2880 3982 2944 4035 ad
2978 3996 3127 4036 usum
3177 3984 3292 4040 feli-

1728 4076 1944 4131 ciorem.
1980 4076 2077 4129 Mei
2106 4074 2365 4129 sermonis
2393 4073 2506 4127 haec
2534 4087 2736 4127 summa
2762 4081 2862 4145 est,
2895 4081 2952 4126 ut
2982 4072 3032 4126 in
3070 4074 3291 4140 patriam

1729 4168 1893 4221 redux
1932 4167 2031 4220 sibi
2082 4175 2392 4234 perpetuum
2440 4177 2678 4219 amorem
2718 4173 2974 4229 vestrum,
3002 4164 3136 4218 mihi
3174 4180 3291 4219 mu-

1730 4268 1871 4313 tuam
1903 4267 2140 4327 reportet
2159 4256 2553 4311 salutationem.
2586 4255 2787 4310 Valete.

2316 4348 2532 4402 EPIS'I’.
2572 4349 2700 4404 CIII.
2726 4400 2737 4405 -

2025 4452 2328 4493 sruuacnus
2360 4453 2619 4491 PETRONIO
2644 4447 2695 4492 et
2718 4444 2989 4492 PAMUINO.

1798 4532 1933 4599 Opto
1965 4542 2020 4583 ut
2060 4531 2196 4584 banc
2230 4529 2604 4583 salutationem
2626 4530 2822 4598 vigoris
2864 4531 3069 4599 integer
3097 4537 3151 4585 et
3180 4546 3292 4600 ριόι

92 4632 218 4671 meos
254 4619 313 4672 ad
347 4620 650 4690 HESpauiam
699 4628 1058 4671 commeantes
1100 4618 1307 4686 adjutos
1352 4620 1621 4688 epistolari
1644 4590 1701 4683 νυ
1726 4623 1896 4689 speris
1949 4621 2099 4673 laetus
2140 4620 2386 4688 accipias.
2418 4619 2680 4675 Tradetur
2716 4628 2892 4675 autem
2934 4622 3000 4675 ad
3033 4590 3291 4691 Optimum

86 4712 513 4767 commendatione
532 4710 781 4763 docuisti.
814 4710 986 4776 Quare
1008 4721 1272 4777 acceptam
1308 4712 1531 4780 gratiam
1570 4720 1624 4766 et

89 4816 244 4855 meme
264 4804 526 4864 contineo,
558 4811 615 4853 et
644 4814 739 4854 ore
763 4810 1055 4855 contestor.
1088 4800 1234 4855 Facit
1263 4812 1436 4855 autem
1474 4817 1625 4857 vere-

86 4892 252 4945 cundia
280 4902 381 4957 tua,
409 4901 463 4944 ut
493 4890 560 4945 de
585 4890 685 4943 hoc
707 4892 917 4957 parcius
944 4892 1159 4961 loquar;
1191 4892 1431 4947 affectum
1455 4893 1617 4963 enim,
1658 4913 1671 4929 ο

86 4995 179 5035 non
207 4986 351 5039 verba
377 4984 673 5039 desideras.
709 4980 856 5037 Vale.

600 5072 817 5127 EPIST.
861 5070 1083 5128 XCVIII.

518 5179 823 5219 εηεικηυς
852 5179 1163 5219 ιοςςωλκθ.

142 5249 435 5309 Iamdudum
464 5254 801 5309 desideratas
840 5254 1044 5308 litteras
1088 5264 1226 5319 tuas,
1259 5270 1395 5308 nunc
1434 5254 1625 5308 immo-

76 5344 185 5399 ἀλα
208 5350 356 5404 animi
391 5348 754 5420 gralulatione
791 5347 1021 5411 suscepi.
1058 5346 1240 5400 Debita
1289 5349 1445 5416 igitur
1475 5361 1624 5402 reve-

78 5435 232 5491 rentia
264 5449 315 5494 et
348 5456 531 5495 amore
562 5437 913 5507 respondens,
948 5439 1159 5505 adjicio,
1206 5448 1259 5491 ut
1285 5439 1337 5491 in
1365 5438 1621 5505 reliquum

78 5528 388 5596 (regulare
413 5534 657 5603 digneris
688 5546 879 5582 munus
903 5529 1243 5597 voluptabile,
1268 5530 1405 5599 quod
1434 5540 1622 5597 sponte

78 5616 303 5674 tribuisti.
329 5621 432 5678 Sed
464 5624 590 5676 huic
619 5622 883 5689 pnslulalo
912 5635 1015 5674 non
1048 5634 1180 5688 opus
1206 5630 1290 5675 est
1330 5621 1619 5674 immorari.

74 5706 239 5779 Ναικ
260 5712 391 5767 enim
422 5712 617 5782 petitio
640 5727 761 5766 mea
792 5710 949 5768 debet
975 5710 1194 5779 elicere,
1222 5711 1360 5781 quod
1390 5719 1472 5766 tua
1504 5726 1624 5781 pro-

76 5806 231 5861 uidit
244 5804 551 5879 benignitas.
580 5803 739 5865 Vale.

1730 4714 1896 4767 virum
1928 4712 2281 4775 Desiderium,
2320 4712 2406 4765 cui
2441 4712 2721 4765 maximam
2770 4711 2976 4764 laudem
3018 4725 3145 4779 pura
3187 4712 3293 4765 vita

1729 4803 1994 4858 conciliat.
2020 4803 2192 4857 Testis
2218 4801 2333 4855 haec
2355 4800 2513 4854 officii
2547 4800 2646 4853 mei
2681 4801 2899 4868 pagina;
2924 4802 3150 4855 relatura
3175 4803 3295 4870 plu-

1732 4896 1921 4947 rimunt
1956 4892 2097 4954 boni,
2125 4892 2167 4945 si
2196 4900 2245 4943 te
2286 4905 2504 4957 pronum
2534 4890 2587 4943 in
2614 4889 2898 4944 amicitiam
2928 4890 3183 4945 tradentis
3208 4902 3294 4946 at-

1731 4989 1969 5038 traxerit.
1988 4983 2115 5035 Nam
2141 4990 2201 5034 uti
2222 4982 2542 5050 respondere
2564 4980 2815 5049 digneris,
2838 4981 3141 5036 enitendum
3164 4982 3293 5037 mihi

1732 5094 1827 5146 pro
1857 5089 1944 5130 tuo
1986 5090 2169 5129 amore
2202 5090 2308 5128 non
2335 5074 2584 5127 arbitror.
2614 5072 2735 5125 Haec
2761 5087 2860 5126 una
2896 5073 3003 5127 voti
3033 5074 3135 5127 mei
3163 5087 3291 5127 cura

1728 5180 1827 5231 est,
1882 5176 1939 5219 ut
1985 5166 2215 5219 favorem
2263 5162 2665 5218 commendatus
2704 5162 2961 5231 acquirat,
3008 5161 3292 5230 redeatque

1729 5261 1967 5313 laudator
1998 5257 2374 5312 beneficiorum
2424 5266 2667 5315 tuorum;
2707 5268 2931 5321 quorum
2974 5253 3176 5308 utilitas
3225 5255 3293 5309 ad

1729 5352 1866 5403 il:ins
1897 5350 2255 5412 commodum,
2295 5347 2361 5401 ad
2412 5361 2586 5401 meum
2628 5358 2842 5399 sensum
2885 5345 3166 5413 gratulatio
3207 5359 3295 5399 m-

1725 5441 1998 5495 dundaliit.
2032 5440 2177 5494 Vale.

2322 5528 2530 5584 EPIST.
2572 5525 2702 5581 CIV.

2011 5635 2310 5676 svuatacnus
2340 5633 2594 5673 PETRONIO
2621 5625 2675 5672 et
2700 5629 2975 5670 PATRUINO.

1802 5713 1963 5765 Video
1992 5712 2225 5766 Flaviani
2265 5711 2356 5763 lilii
2396 5710 2497 5763 mei
2530 5710 2785 5762 honorem
2838 5710 3114 5775 propterea
3164 5705 3292 5761 huo—

1728 5803 2158 5873 usquejaculsse,
2189 5812 2247 5858 ut
2275 5802 2322 5858 ei
2348 5800 2495 5859 testis
2521 5798 2713 5857 melior
2738 5796 2998 5855 eveniret.
3024 5795 3308 5853 luciderat
