3826 6368
490 485 587 536 307

1644 479 1698 544 ρ.
1744 475 2078 532 AURELIL‘S
2117 458 2540 532 svu’uacuts.

3593 476 3688 531 308

491 595 538 644 in
570 589 772 659 tyranni
807 588 1058 655 justitiam
1096 585 1292 652 judicio
1323 585 1577 637 bonorum
1613 595 1905 650 temporum
1953 599 2038 637 re-
2073 591 2114 645 Α
2145 587 2467 655 allegataque
2511 589 2560 639 iu
2586 585 2781 654 judicio
2827 570 3144 642 monimenta
3190 590 3520 658 placitorum,
3557 589 3687 644 ﬁlius

488 677 794 730 wrvandus.
845 678 943 728 Sed
1000 676 1240 742 prmslilit
1293 675 1367 725 illi
1419 674 1636 726 amissio
1692 675 2038 740 prmfeeturag

487 768 621 832 quod
647 767 855 816 mutavit
880 774 1164 816 aucturmn.
1187 765 1314 828 Qua:
1339 763 1498 830 igitur
1520 764 1676 815 verba
1709 773 1904 815 tantum
1930 746 2043 815 mu-

488 871 584 907 uus
615 857 923 923 sequabunt?
965 855 1296 921 Curtjungite,
1331 868 1424 905 oro
1450 867 1564 914 vos,
1609 854 1777 914 nobis,
1811 853 1872 904 ad
1910 853 2044 906 refe-

488 944 678 997 rendas
711 945 960 1010 przecelso
990 944 1100 994 \‘iro
1135 943 1350 1010 gratias»
1392 940 1518 992 Nam
1551 955 1668 993 cum
1710 941 1899 1008 singuli
1929 943 2042 994 vin-

489 1049 668 1085 ('amur
699 1033 772 1085 rei
799 1033 1172 1100 magnitudine,
1201 1045 1332 1099 opus
1358 1042 1435 1084 est
1462 1030 1816 1084 laudatoribus
1839 1031 2037 1096 multis,

487 1140 542 1180 ut
585 1142 834 1198 numerus
881 1129 1092 1196 impleat
1121 1143 1253 1181 onus
1288 1127 1474 1180 debiti.
1513 1127 1577 1180 Et
1621 1143 1749 1181 sane
1796 1126 2040 1182 dominus

487 1222 711 1285 penoris
738 1222 858 1287 mer,
890 1235 918 1271 a
955 1235 1060 1286 quo
1113 1218 1401 1286 profectum
1440 1227 1518 1269 est
1564 1217 1898 1279 beneficium,
1930 1233 2036 1270 non

486 1324 549 1360 ex
581 1309 794 1360 alterius
821 1308 1007 1366 verbis,
1042 1307 1132 1359 sed
1163 1321 1226 1359 ex
1251 1307 1440 1372 gaudio
1462 1306 1798 1358 conscientia:
1820 1321 2036 1360 mensus

487 1414 596 1452 ram
640 1398 758 1451 facti
806 1399 884 1450 sui
921 1397 1117 1465 colligit
1156 1415 1166 1447 :
1219 1411 1316 1450 nec
1357 1396 1562 1463 ignorat
1597 1396 1715 1450 talia
1756 1411 1893 1458 esse,
1925 1411 2039 1460 qua:

485 1499 718 1556 prastat,
749 1499 801 1542 ut
832 1491 1040 1542 vincant
1071 1503 1217 1554 spem
1249 1487 1544 1540 solutionis.
1571 1486 1675 1539 Nos
1708 1497 1878 1541 tamen
1915 1502 2035 1555 gra-

485 1580 568 1634 the
593 1579 781 1643 vicem,
816 1579 916 1630 fide
945 1578 1187 1630 amicitiae
1212 1585 1264 1629 et
1285 1577 1632 1631 observantia:
1657 1577 2033 1644 rependemus:

485 1670 772 1736 damusque
803 1670 919 1721 huic
955 1669 1031 1721 rei
1072 1668 1282 1721 obsides
1331 1669 1557 1731 animos,
1601 1668 1788 1735 quibus
1836 1669 2039 1720 satisfa-

484 1763 628 1813 ciunt
657 1760 808 1813 liberi
848 1759 979 1812 lucis
1009 1759 1329 1813 auctoribus.
1375 1759 1478 1812 I’iis
1505 1760 1643 1814 enim
1681 1761 2036 1816 contractibus

485 1866 631 1905 amor
659 1850 869 1905 sufficit.
905 1851 1051 1906 Vale.

1077 1939 1286 1993 EPIST.
1319 1939 1422 1993 CV.

950 2043 1246 2082 εγωιλεηυε
1288 2043 1560 2084 ΙἎΤΜΙΙΝΟο

553 2117 782 2184 Agendls
813 2117 869 2170 D.
899 2118 963 2171 BI.
1012 2119 1192 2171 comiti
1235 2119 1684 2172 excellentissimo
1715 2119 1828 2172 viro
1852 2121 2034 2186 gratiis

484 2222 577 2275 par
597 2222 716 2261 esse
749 2223 850 2260 non
883 2217 1055 2274 potest
1091 2207 1433 2261 mediocritas
1460 2209 1740 2261 verborum
1773 2224 2028 2261 meormu.

482 2297 596 2348 'l‘ibi
629 2297 783 2364 igitur
815 2298 912 2350 hoc
941 2312 1127 2350 munus
1159 2297 1394 2366 injungo,
1422 2306 1479 2350 ut
1507 2287 1582 2351 de
1604 2297 1890 2366 impetratis
1915 2313 2034 2351 eve-

484 2387 746 2438 t-tionibus
779 2388 827 2439 in
863 2388 1236 2440 adminiculum
1264 2388 1525 2454 praetorias
1552 2386 1852 2449 fuitetionis,
1891 2387 2034 2440 h..bi«

488 2492 592 2530 llllll
630 2481 821 2532 mentis
865 2493 993 2530 tne;c
1025 2477 1161 2544 apud
1201 2492 1319 2530 eum
1351 2477 1554 2544 plenius
1585 2477 1889 2543 exSequaris
1921 2495 1931 2527 :
1966 2479 2033 2529 si-

485 2570 693 2635 mulque
723 2567 952 2635 digneris
981 2567 1128 2631 eniti,
1158 2577 1211 2619 ut
1239 2567 1289 2620 in
1321 2582 1430 2621 rem
1456 2567 1629 2620 missis
1660 2567 1801 2621 celer
1826 2569 1891 2619 ad
1918 2569 2032 2619 llis-

485 2656 664 2724 panius
723 2657 970 2708 transitus
1010 2658 1340 2723 impetretur.
1403 2658 1614 2724 Appetit
1651 2658 1790 2710 enim
1830 2667 2033 2722 tempus

483 2745 752 2808 editionis,
796 2757 1068 2812 metusque
1099 2746 1226 2798 mihi
1261 2753 1342 2799 est
1374 2759 1440 2799 ne
1486 2760 1739 2813 equorum
1772 2747 2028 2800 curulium

484 2834 626 2896 tarda
653 2838 936 2904 coemptio,
986 2847 1038 2888 et
1076 2850 1282 2889 morosa
1321 2837 1567 2890 deductio
1595 2838 1834 2892 sollicitis
1864 2848 2034 2891 arcte-

484 2935 565 2978 tur
593 2929 863 2994 angustiis.
904 2928 974 2981 De
1003 2928 1100 2981 hoc
1130 2929 1284 2982 etiam
1309 2917 1585 2982 sublimem
1621 2932 1786 2982 virum
1815 2940 1867 2984 et
1894 2947 2030 2999 prrco

481 3031 541 3068 ce
566 3017 909 3071 lentissimum
942 3020 1209 3082 comitem,
1235 3035 1450 3074 securus
1471 3021 1849 3088 impetrationis
1864 3023 2026 3076 oravi.

484 3107 658 3173 Ailjeci
707 3103 960 3175 przetere'a
1012 3112 1479 3175 eontmonitorem,
1529 3114 1678 3181 cujus
1718 3114 2031 3182 suffragator

481 3212 598 3251 e-se
637 3198 937 3265 dignaberis
973 3219 983 3250 :
1017 3209 1073 3253 ut
1103 3203 1144 3253 si
1187 3203 1408 3256 molesta
1448 3203 1628 3270 petitio
1658 3219 1760 3256 non
1801 3205 2027 3269 videtur,

487 3291 775 3344 familiares
817 3305 994 3355 meos,
1035 3293 1169 3344 d..tis
1205 3295 1267 3343 al
1314 3294 1613 3359 potissimos
1665 3295 2026 3362 Hispaniarum

485 3381 691 3443 litteris,
720 3390 1082 3448 prosequatur.
1119 3382 1255 3434 Salis
1287 3383 1480 3436 dictum
1522 3395 1620 3438 cst.
1655 3385 1708 3438 Si
1739 3385 1860 3453 quid
1890 3388 2026 3440 aliud

481 3474 580 3520 tllls
612 3472 822 3524 auribus
866 3472 1152 3524 amicorum
1187 3489 1422 3528 meorum
1467 3491 1641 3529 sermo
1684 3481 2022 3544 suggesserim

479 3574 591 3622 oro,
631 3569 683 3610 ut
717 3561 766 3611 in
797 3575 974 3612 curam
1003 3565 1167 3616 sancti
1197 3575 1248 3617 et
1279 3567 1566 3620 udelissimi
1593 3569 1820 3635 pectoris
1851 3571 1922 3622 tui
1949 3586 2028 3623 re-

478 3648 652 3715 ci,cre
692 3663 792 3702 non
827 3651 1078 3718 graveris.
1118 3653 1259 3705 Vale.

1067 3745 1278 3799 EPIST.
1302 3747 1432 3800 CVI.

939 3848 1237 3886 SVMHACIIL'S
1280 3851 1574 3890 PATRL'IVOJ

553 3923 714 3974 Amor
744 3931 956 3976 mutnus
1005 3924 1120 3976 facit
1150 3938 1201 3976 ut
1231 3926 1320 3978 tibi
1350 3942 1411 3979 ex
1434 3927 1534 3979 hsu
1567 3943 1683 3982 meo
1706 3931 1904 3998 agenda
1936 3932 2024 3985 de-

477 4012 663 4075 legem.
707 4013 833 4064 Cum
876 4015 1028 4078 igitur
1074 4016 1164 4067 lilii
1202 4017 1304 4069 mei
1355 4020 1598 4084 praetoria
1642 4021 1799 4074 instet
1839 4021 2022 4084 editio,

475 4117 630 4163 quant
663 4101 738 4151 \‘ir
769 4101 983 4154 illustris
1021 4117 1220 4162 eomes,
1265 4107 1404 4158 omni
1439 4110 1684 4160 virtutum
1713 4124 1903 4174 genere
1929 4125 2019 4164 su-

476 4190 838 4251 blimissimus,
887 4192 993 4242 suis
1021 4195 1375 4248 evectiOuibus
1411 4197 1598 4264 juvare
1635 4198 1878 4266 dignatus
1905 4213 1980 4252 est
2005 4243 2018 4264 ,

475 4280 791 4342 cneinptioui
824 4296 1078 4346 equorum
1111 4285 1370 4337 curulium
1400 4287 1641 4339 celeritas
1672 4289 2016 4343 admovenda.

475 4371 646 4432 Quare
670 4382 845 4434 qureso
895 4380 942 4420 te
975 4381 1026 4421 ut
1048 4372 1324 4425 familiares
1350 4389 1494 4426 meos
1515 4377 1576 4427 ad
1602 4377 1874 4443 Hispanias
1899 4381 2020 4430 mis-

473 4473 557 4508 sos
587 4458 727 4509 nulla
757 4459 974 4511 tarditas
1000 4461 1300 4514 demoretur
1329 4481 1339 4513 :
1371 4478 1501 4531 quos
1531 4469 1886 4518 commendari
1920 4469 2022 4520 tuis

475 4546 663 4598 litteris
686 4546 821 4609 volo,
850 4557 902 4598 ut
937 4548 1031 4600 IIIIS
1061 4550 1246 4603 merita
1274 4561 1359 4604 tua
1383 4553 1731 4622 Hispanorum
1759 4558 2016 4610 mentibus

475 4635 726 4701 impressa
753 4635 1000 4702 suzlragio
1027 4639 1153 4690 sint.
1185 4639 1330 4691 Vale.

1045 4728 1254 4782 EI’IS'I‘.
1286 4729 1440 4783 CVII.

939 4833 1242 4874 SUIMACIIL’S
1272 4837 1550 4877 PATREINO.

540 4905 730 4958 Juliani
774 4911 985 4973 Agentis
1025 4912 1075 4963 in
1114 4915 1272 4968 rebus
1304 4917 1598 4970 molestiam
1639 4920 1782 4984 novi,
1819 4922 2019 4975 natales

474 4998 656 5058 probo,
689 4998 948 5050 fortunam
981 4999 1153 5053 doleo.
1190 5002 1454 5058 Fatalibus
1500 5007 1641 5060 enim
1674 5009 1825 5060 malis
1849 5009 1936 5062 diu
1968 5021 2019 5063 et

474 5084 698 5148 graviter
727 5087 1014 5140 exhaustus
1039 5098 1140 5142 est.
1192 5090 1293 5145 Sed
1324 5094 1484 5147 credo
1509 5111 1626 5148 cum
1657 5112 1720 5150 eo
1760 5097 1932 5149 omnia
1963 5098 2011 5149 in

473 5173 689 5236 gratiam
721 5174 973 5237 reditura,
1002 5178 1044 5228 si
1076 5179 1365 5244 patrocinio
1393 5191 1482 5236 tuo
1511 5193 1563 5236 et
1594 5183 1913 5237 humanitate
1942 5185 2015 5236 fo-

475 5272 674 5312 scatur.
728 5263 885 5315 l’lura
927 5280 1029 5318 non
1072 5267 1261 5331 dicam,
1307 5283 1424 5323 cum
1475 5273 1740 5339 przeclaris
1785 5273 2016 5326 moribus

475 5351 575 5402 tuis
604 5353 853 5406 familiare
890 5355 956 5407 sit
997 5358 1112 5423 opis
1140 5359 1343 5427 indigos
1368 5362 1662 5424 sublevare,
1695 5374 1744 5416 et
1775 5363 1893 5416 huic
1923 5379 2012 5429 pe-

449 5442 640 5516 ititiotti
687 5459 814 5497 mea:
867 5446 1025 5498 etiam
1076 5457 1178 5500 tua:
1223 5452 1414 5503 mentis
1467 5463 1650 5504 natura
1700 5453 2009 5505 consentiat,

480 5535 612 5586 Vale.

1036 5631 1244 5684 EI’IST.
1277 5632 1448 5684 CVIII.

937 5734 1235 5773 SYINACHL‘S
1273 5736 1547 5774 PAIRL'INO.

541 5807 664 5864 l‘est
693 5823 1000 5864 consensunt
1032 5811 1276 5879 partium,
1307 5818 1423 5879 post
1442 5809 1704 5864 vinculum
1735 5810 2008 5876 pactionis,

2143 693 2288 731 meus
2329 679 2646 732 Czccilianus
2680 679 2853 732 denuo
2885 680 2949 732 ad
2993 681 3189 733 incerta
3241 681 3347 734 litis
3385 680 3684 733 attrahitur.

2145 769 2275 822 Nota
2322 778 2402 823 est
2451 771 2542 823 tibi
2579 771 2805 839 qualitas
2843 785 3036 835 causa},
3086 773 3275 826 merito
3311 773 3501 825 omitto
3537 786 3686 825 com-

2145 871 2287 929 perta
2315 862 2450 928 SI)I0
2471 863 2703 929 exsequi.
2733 861 2842 915 lloc
2864 873 3063 915 tantum
3095 863 3158 916 de
3185 873 3368 916 sancto
3396 863 3574 915 animo
3602 872 3686 915 tuo

2142 953 2477 1019 impetratum
2509 953 2649 1016 volo,
2699 963 2754 1006 ut
2793 951 2978 1006 iisdem
3028 954 3249 1015 viribus,
3299 954 3491 1022 quibus
3531 953 3690 1005 lucta-

2142 1041 2279 1093 mina
2304 1041 2521 1100 sedasti,
2555 1042 2791 1110 repetita
2826 1042 3085 1095 medearis
3110 1042 3352 1109 injuriae:
3384 1041 3503 1109 quia
3539 1041 3687 1108 justi-

2142 1129 2266 1181 tiam
2297 1139 2436 1182 tuam
2460 1128 2619 1183 debet
2641 1131 2811 1183 acrius
2843 1129 3062 1185 incitare
3084 1131 3363 1185 adversum
3395 1129 3552 1185 fidem
3580 1131 3685 1199 pla-

2095 1244 2101 1251 -
2141 1219 2230 1273 citi
2260 1228 2410 1286 rupta
2438 1219 2740 1274 concordia.
2777 1219 2924 1273 Vale.

2731 1308 2942 1362 EPIST.
2965 1308 3099 1365 CIX.

2617 1415 2916 1455 SVIIACIIUS
2944 1415 3220 1454 PATBUINO.

2208 1487 2399 1558 Aperta
2422 1497 2503 1545 est
2519 1489 2824 1557 improbitas
2848 1505 3028 1546 eorum
3068 1491 3155 1561 qui
3197 1490 3455 1545 reducunt
3483 1488 3534 1543 in
3555 1503 3688 1557 quat-

2141 1578 2366 1632 stionem
2397 1580 2726 1647 pactionibus
2767 1580 3068 1642 terminata,
3102 1588 3156 1634 et
3186 1595 3280 1648 per
3309 1579 3684 1647 impatientiam

2139 1667 2328 1734 quietis
2377 1667 2533 1726 finem
2551 1667 2708 1736 jurgii
2735 1668 2963 1721 secunda
2987 1669 3080 1722 lite
3099 1679 3444 1723 commutant.
3466 1670 3684 1724 Estima

2139 1757 2294 1824 igitur
2325 1756 2415 1810 filii
2453 1757 2556 1810 mei
2593 1757 2859 1812 Caeciliani
2888 1757 3147 1819 dolorem,
3187 1760 3272 1812 cui
3311 1760 3477 1813 otium
3508 1757 3684 1811 conci-

2138 1847 2266 1900 liare
2294 1862 2397 1901 non
2421 1848 2591 1914 potuit
2615 1847 2820 1901 damnis
2844 1848 3145 1915 patrimonii
3174 1858 3347 1917 empta
3380 1848 3679 1903 concordia.

2067 1926 2110 1984 Β
2139 1939 2262 1990 Nam
2288 1937 2554 1991 reducitur
2581 1940 2632 1992 in
2674 1939 2950 2006 longinqua
2971 1937 3186 2006 judicia,
3215 1938 3406 2006 quibus
3431 1937 3605 1998 facile,
3638 1937 3683 1992 si

2135 2026 2437 2095 suffragium
2481 2026 2693 2091 tuleris,
2741 2037 2995 2081 eruetur:
3032 2037 3111 2080 est
3153 2027 3292 2080 enim
3345 2026 3396 2079 in
3442 2037 3492 2080 te
3533 2035 3684 2094 atque

2136 2116 2294 2168 fratre
2327 2126 2508 2182 portus
2527 2117 2782 2178 omnium,
2814 2129 2946 2184 quos
2975 2115 3186 2168 fortuita
3217 2116 3525 2169 sollicitant.
3551 2116 3686 2170 'I‘ro-

2138 2205 2292 2258 lixior
2325 2206 2373 2256 in
2406 2207 2632 2271 petendo
2657 2220 2760 2258 non
2794 2219 2914 2259 esse
2943 2203 3134 2271 debeo,
3165 2219 3286 2258 cum
3319 2219 3490 2259 causae
3519 2207 3684 2273 quali-

2136 2303 2233 2354 las,
2281 2304 2336 2346 et
2379 2302 2464 2344 tua
2497 2294 2697 2361 justitia
2729 2294 2844 2362 plus
2895 2293 2962 2350 de
3003 2303 3055 2367 te
3102 2294 3296 2350 favoris
3333 2309 3492 2366 quam
3538 2309 3684 2350 meus

2136 2385 2465 2437 interventus
2499 2385 2693 2438 eliciat.
2727 2385 2878 2439 Vale.

2736 2473 2944 2529 EPIST.
2975 2472 3085 2532 CX.

2606 2577 2908 2619 ειωηςιιυε
2935 2579 3208 2620 Ρλτηυιδο.

2206 2653 2315 2705 Duo
2338 2653 2402 2706 ad
2446 2668 2532 2708 me
2561 2654 2696 2708 bona
2727 2655 2908 2723 parilis
2938 2657 3219 2725 voluptatis
3248 2665 3488 2713 recentes
3517 2657 3681 2713 nuntii

2135 2745 2467 2812 pertulerunt
2495 2754 2584 2800 :et
2609 2759 2702 2800 vos
2729 2744 2887 2814 justis
2924 2745 3178 2800 bonorum
3207 2749 3444 2803 crevisse
3471 2763 3681 2818 proces-

2133 2833 2300 2896 sibus,
2335 2843 2387 2886 et
2411 2833 2629 2887 domino
2657 2848 2719 2888 ac
2746 2835 2854 2888 lilio
2883 2849 3000 2888 meo
3039 2834 3291 2890 Flaviano
3326 2836 3551 2890 fructum
3583 2837 3681 2904 pri-

2134 2927 2236 2979 vati
2276 2926 2368 2979 otii
2409 2940 2525 2992 esse
2554 2925 2806 2980 delatum.
2837 2926 3054 2995 Sumpta
3101 2928 3255 2996 igitur
3296 2929 3504 2996 gemina
3551 2927 3675 2992 fide,

2136 3025 2336 3070 vestras
2354 3017 2548 3071 litteras
2571 3033 2728 3087 super
2747 3017 2845 3072 hoc
2870 3029 3174 3087 exspectare
3194 3019 3371 3085 debui,
3389 3033 3520 3089 quas
3541 3021 3681 3073 :es'i-

2135 3108 2267 3160 mavi
2297 3121 2391 3176 per
2418 3110 2787 3162 verecundiam
2811 3107 3146 3163 diﬁerendas.
3176 3111 3351 3175 Quare
3376 3111 3681 3163 a:stimatio-

2137 3215 2255 3253 nem
2288 3200 2480 3254 laztitire
2522 3215 2654 3254 mea:
2698 3202 2847 3255 vobis
2892 3202 3169 3267 relinquo:
3201 3200 3323 3267 quia
3372 3214 3677 3254 mensuram

2135 3289 2250 3357 ejus
2275 3292 2339 3343 de
2369 3300 2540 3344 vestro
2565 3292 2616 3344 in
2665 3306 2759 3344 nos
2788 3305 2968 3344 amore
2997 3290 3261 3358 colligitis.
3296 3289 3398 3344 Sed
3434 3290 3514 3343 bis
3542 3305 3675 3357 gau-

2133 3382 2232 3434 diis
2260 3381 2420 3436 etiam
2453 3381 2535 3434 illa
2566 3391 2692 3449 OpIO
2718 3382 2984 3451 conjungi,
3034 3396 3151 3448 quze
3194 3380 3260 3434 de
3286 3379 3531 3449 praetoria
3561 3379 3677 3431 edi-

2130 3475 2272 3528 tione
2294 3473 2385 3526 filii
2417 3475 2517 3527 mei
2536 3473 2643 3542 jam
2674 3474 2876 3542 pridem
2904 3472 3159 3539 postulata
3190 3471 3524 3525 meministis.
3548 3469 3675 3523 Nam

2131 3563 2471 3617 vehementer
2508 3564 2760 3627 admiror,
2785 3563 2942 3632 justis
2970 3571 3022 3616 et
3051 3561 3372 3619 solemnibus
3397 3559 3677 3615 desideriis

2131 3653 2360 3707 nondum
2397 3654 2641 3708 arrisisse
2667 3668 2874 3708 sacrum
2906 3652 3243 3719 rescriptum.
3271 3651 3455 3720 Itaque
3478 3664 3670 3704 secun-

2129 3745 2208 3797 dis
2253 3745 2442 3798 litteris
2475 3758 2657 3798 rursus
2693 3743 2872 3810 oravi,
2904 3753 2958 3796 ut
2989 3743 3272 3810 petitiones
3308 3742 3433 3794 nulli
3462 3753 3674 3809 graves,

2130 3833 2256 3889 mihi
2285 3850 2408 3888 vero
2435 3836 2717 3902 jucundas,
2748 3836 2935 3904 quibus
2965 3836 3121 3887 missa
3165 3835 3366 3902 pariter
3392 3832 3549 3886 etiam
3582 3832 3678 3884 mi-

2129 3942 2311 3979 norum
2337 3927 2730 3994 magistratuum
2755 3926 2991 3994 exempli
3011 3925 3392 3994 suffragantur,
3423 3925 3674 3992 benigne,

2128 4027 2182 4068 ut
2209 4031 2322 4070 mos
2351 4018 2464 4083 ejus
2494 4027 2595 4082 est,
2629 4015 2762 4069 tradi
2789 4015 2967 4084 jubeat
2993 4014 3219 4068 effectui.
3249 4013 3350 4069 Sed
3382 4014 3678 4068 beneficen-

2128 4109 2250 4160 tiam
2284 4109 2410 4159 tanti
2433 4107 2552 4169 viri,
2583 4106 2666 4160 cui
2694 4121 2903 4172 semper
2933 4106 3172 4172 voluptas
3203 4115 3286 4159 est
3320 4119 3477 4173 supra
3525 4118 3676 4170 spem

2127 4210 2310 4262 magna
2355 4204 2628 4262 prrestare,
2679 4194 3054 4261 promptiorem
3089 4208 3182 4261 spe
3219 4194 3564 4256 reddendam,
3610 4192 3675 4254 si,

2125 4296 2180 4338 ut
2210 4286 2506 4352 frequenter
2547 4284 2784 4352 poposci,
2837 4281 3030 4336 vestris
3075 4282 3519 4337 admonitionibus
3549 4295 3675 4350 pro-

2125 4388 2355 4429 vocetur.
2403 4375 2544 4428 Vale.

2704 4444 2916 4499 EPIST.
2948 4442 3086 4497 CXI.

2591 4547 2896 4587 ςςιηιλεηυς
2926 4547 3200 4588 PATBCINO.

2194 4622 2425 4674 Fratrem
2452 4636 2624 4674 meum
2648 4622 2894 4674 Severum
2920 4623 3086 4674 multo
3110 4635 3354 4675 sermone
3383 4632 3675 4687 proseque-

2123 4728 2228 4776 rer,
2263 4711 2303 4763 si
2335 4725 2468 4763 novo
2497 4709 2637 4762 aditu
2666 4709 2948 4762 amicitiam
2992 4720 3130 4762 tuam
3159 4717 3380 4776 peteret,
3412 4719 3498 4760 aut
3541 4724 3677 4776 ρη-

2123 4801 2368 4854 dicationi
2410 4800 2672 4867 ingenium
2705 4799 2818 4865 ejus
2842 4800 3165 4853 conveniret.
3199 4798 3365 4852 Parco
3395 4797 3555 4866 igitur
3587 4813 3677 4852 co-

2123 4893 2240 4956 piae,
2273 4901 2462 4956 tuoque
2486 4889 2706 4956 judicio,
2743 4899 2794 4941 ut
2821 4890 3022 4958 justitia
3054 4890 3338 4957 diligentia:
3367 4898 3469 4942 tum
3495 4888 3675 4956 potius

2127 4982 2374 5034 voluntati
2403 4995 2556 5048 quam
2588 4981 2716 5034 meis
2743 4980 2928 5033 litteris
2956 4981 3266 5048 applicetur.
3301 4978 3446 5034 Vale.

2690 5092 2898 5146 EPIST.
2926 5091 3086 5146 CXII.

2585 5199 2887 5236 SVINACIIL’S
2919 5200 3196 5238 PATRL’INO.

2186 5273 2314 5326 Cum
2340 5271 2427 5323 tibi
2460 5273 2692 5324 omnium
2719 5287 2952 5324 meorum
2982 5288 3106 5326 cura
3133 5272 3391 5340 praecipua
3420 5273 3509 5333 sit,
3537 5288 3676 5343 pne-

2121 5378 2270 5418 sumo
2302 5361 2408 5414 lilio
2441 5376 2558 5413 meo
2601 5361 2848 5415 Arcentio
2876 5363 3148 5429 spectabili
3176 5361 3308 5425 viro,
3341 5376 3496 5430 quem
3546 5365 3675 5418 mibi

2119 5453 2351 5519 adjnngit
2373 5449 2622 5514 affinitas,
2648 5449 2883 5503 intimam
2912 5450 3315 5503 familiaritatem
3347 5460 3486 5504 tuam
3516 5467 3679 5520 posse

2119 5544 2364 5609 reserari,
2398 5556 2550 5609 quam
2597 5542 2785 5595 merito
2815 5543 2886 5598 illi
2915 5553 2970 5596 et
3001 5542 3120 5595 vita:
3161 5544 3341 5606 decus,
3377 5551 3431 5596 et
3461 5543 3679 5598 familiz

2119 5634 2398 5699 antiquitas
2439 5631 2706 5684 conciliat.
2763 5632 2854 5685 llis
2900 5632 3128 5699 propriis
3167 5631 3284 5698 ejus
3323 5632 3474 5685 bonis
3512 5635 3676 5687 etiam

2120 5739 2248 5775 mea:
2298 5735 2481 5789 preces
2527 5723 2576 5773 in
2621 5731 2958 5788 augmentum
3005 5719 3482 5775 commendationis
3523 5736 3678 5776 acce-

2118 5812 2246 5866 dunt
2284 5830 2294 5862 ;
2327 5821 2378 5862 ut
2416 5812 2563 5875 plane
2593 5812 2832 5866 dubitare
2864 5825 2965 5865 non
3004 5811 3198 5881 possim
3251 5809 3580 5867 cumulatius
3607 5812 3677 5878 ei,
