3896 6330
102 469 180 521 309

1225 421 1697 513 srtsrounun
1741 457 1937 510 LIBER
1981 457 2086 510 vn.

3176 455 3283 512 3W

100 587 238 623 meum
279 571 650 634 It‘SlllIIOﬂIum,
702 580 759 624 et
796 579 942 622 tuum
975 567 1224 636 judicium
1254 565 1607 634 profuturum.
1642 570 1686 624 Α
1722 580 1857 619 nunc
1891 575 2149 634 tempero,
2195 581 2316 620 cum
2356 569 2576 636 gratiam
2627 577 2858 621 mutuam
2886 580 2991 620 non
3037 575 3272 634 reposto.

98 663 212 713 Vale.

609 747 838 801 EPIST.
868 745 1051 800 CXIII.

515 851 838 890 SYSIIACIUS
864 849 1137 889 PATBL'ISO.

144 924 386 978 Dominum
413 935 466 979 et
495 927 665 978 lilium
707 940 883 979 meum
911 925 1145 977 Attalum
1175 921 1241 976 de
1266 922 1615 975 summatibus

91 1016 189 1068 viris
219 1015 274 1067 ad
317 1014 560 1070 dominos
607 1025 660 1068 et
692 1014 970 1081 principes
996 1019 1219 1066 nostros.
1259 1011 1616 1078 amplissimus

91 1105 194 1158 Ordo
232 1104 428 1170 legavit,
478 1104 804 1156 instructum
847 1102 1008 1154 variis
1043 1101 1110 1154 de
1150 1114 1296 1154 more
1334 1099 1614 1160 mandatis,

91 1208 179 1261 qua
217 1201 445 1259 spectare
494 1191 606 1245 visa
652 1200 777 1244 sunt
825 1190 1018 1243 bonum
1060 1188 1349 1257 publicum.
1397 1187 1524 1239 Huic
1573 1187 1616 1238 si

93 1286 229 1334 fautor
266 1280 576 1344 accesseris,
624 1281 859 1332 futurum
901 1293 1040 1340 reor,
1078 1287 1137 1331 ut
1177 1276 1251 1330 illi
1297 1291 1391 1344 pro
1437 1275 1619 1328 labore

90 1373 254 1424 {ructus
302 1367 692 1421 accommodet.
745 1367 937 1432 Quaeso
980 1368 1159 1436 igitur,
1213 1367 1297 1418 vel
1344 1364 1621 1432 legationis

92 1463 266 1522 merito,
287 1461 366 1512 vel
394 1474 514 1511 meo
538 1460 759 1512 nomine
787 1459 838 1510 in
861 1459 1116 1524 optimum
1142 1457 1313 1508 virum
1339 1455 1475 1507 bene
1495 1467 1622 1507 con-

88 1551 233 1613 sulas;
260 1548 342 1615 qui
373 1551 506 1602 satis
535 1547 703 1600 animi
742 1546 1082 1600 conﬁrmatus
1117 1551 1210 1599 est.
1231 1543 1484 1612 sulIragio
1516 1552 1630 1596 tuo

89 1653 400 1695 successqu
431 1639 766 1693 felicitatem.
802 1638 946 1692 Vale.

620 1788 840 1841 EPIST.
872 1786 1052 1841 CXIV.

527 1892 845 1930 εωιιλειίυε
869 1891 1148 1932 PATBUIKO.

144 1970 331 2023 Beatum
362 1979 430 2030 te,
460 1970 554 2034 qui
590 1969 855 2020 honorum
883 1969 1137 2021 emeritus
1176 1968 1384 2022 otiaris.
1433 1965 1538 2020 Nos
1571 1965 1623 2020 iu

93 2073 239 2123 patria:
260 2059 365 2108 salo
409 2057 751 2120 vivimus,et
787 2054 1033 2110 ﬂuctibus
1060 2057 1425 2110 verberamur.
1458 2057 1630 2123 Quor-

92 2165 181 2201 sum
205 2150 290 2199 ista
324 2148 669 2214 protulerint,
696 2148 942 2203 dominus
972 2156 1024 2201 et
1054 2147 1191 2202 Illius
1229 2163 1380 2201 meus
1419 2147 1659 2201 Attalus.

93 2241 330 2305 eloquetur
358 2255 369 2287 :
402 2238 491 2291 cui
525 2251 654 2306 spes
697 2238 930 2293 visendae
976 2239 1294 2307 praastantia:
1333 2247 1435 2291 tua:
1480 2238 1631 2292 labo-

95 2343 181 2382 rem
208 2328 648 2398 peregrinationis
677 2329 802 2382 fecit
828 2329 1133 2396 optabilem.
1169 2328 1312 2383 Vale.

638 2459 854 2513 EPIST.
886 2458 1044 2515 CXV.

526 2563 842 2602 SYIIIACHL'S
869 2562 1148 2602 PATRCINO.

147 2636 244 2689 Duo
267 2637 617 2702 mihipariter
635 2639 868 2704 jucunda
892 2638 1061 2690 delata
1082 2645 1224 2690 sunt.
1249 2635 1430 2690 Primo
1453 2650 1632 2691 sermo

95 2737 212 2779 tuus:
239 2728 319 2793 qui
347 2727 564 2779 etiamsi
598 2730 906 2790 continuus,
937 2727 1202 2780 fastidium
1234 2744 1339 2780 non
1373 2737 1628 2780 moveret.

98 2814 262 2867 bebiuc
287 2815 463 2868 [i'atris
491 2818 666 2868 nostri
713 2817 1004 2871 Frumentii
1034 2827 1314 2886 exoptatus
1338 2817 1628 2879 adventus;

93 2917 219 2968 quem
256 2919 348 2973 ego
377 2906 430 2958 in
479 2921 770 2958 numerum
802 2909 1058 2960 bonorum
1105 2923 1224 2961 esse
1271 2907 1628 2969 referendum,

94 2995 354 3064 priusquam
381 3013 596 3050 morum
625 2998 792 3063 ipStus
815 2998 1101 3064 periculum
1125 2995 1375 3058 facerem,
1406 3011 1467 3050 ex
1496 3010 1634 3064 prte-

95 3090 290 3153 rogativa
335 3093 408 3141 tut
462 3087 759 3141 testimonii
798 3087 1052 3155 judicavi.
1100 3087 1206 3141 Sed
1254 3088 1341 3140 libi
1384 3087 1631 3154 propiore

94 3192 342 3244 congressu
381 3181 678 3248 probitatis
718 3187 1029 3233 ornamenta
1072 3188 1391 3248 patuerunt,
1423 3179 1626 3231 adverti

95 3283 190 3319 eum
216 3244 572 3338 minus—quam
605 3273 744 3325 ratio
787 3244 1088 3339 postulabat
1138 3286 1230 3339 per
1259 3244 1707 3324 verecundiamC

95 3359 420 3427 pradieat‘um,
453 3377 529 3416 ne
549 3363 744 3429 ipsese
773 3363 1085 3421 laudatione,
1101 3376 1195 3415 sua
1224 3361 1467 3414 mandata
1497 3361 1638 3414 litte-

96 3447 150 3499 ris
172 3448 422 3503 videretur
454 3454 714 3519 ingerere
743 3469 753 3501 :
782 3450 862 3504 his
902 3465 1029 3518 ergo
1061 3451 1370 3503 muneribus
1398 3458 1634 3517 optatum

93 3539 166 3589 tibi
190 3539 332 3591 solvo
362 3555 723 3608 responsum,
753 3554 858 3608 quo
887 3554 970 3592 me
994 3552 1153 3605 agere
1180 3553 1243 3591 ex
1267 3539 1552 3601 sententia,
1583 3548 1638 3591 et

93 3626 172 3678 frui
214 3630 488 3682 commoda
548 3645 670 3683 cum
721 3629 856 3682 meis
912 3626 1215 3682 valetudine
1260 3640 1634 3695 recognoscas.

92 3717 195 3772 lluic
229 3730 401 3774 autem
447 3721 542 3774 rei
588 3718 723 3772 nihil
765 3718 1117 3785 adjiciendum
1159 3725 1308 3783 puto,
1354 3731 1474 3769 cum
1522 3717 1639 3769 solo

93 3819 255 3863 nostra:
281 3813 469 3868 salutis
511 3812 718 3868 indicio
749 3810 1031 3880 Eratulatio
1068 3808 1295 3864 fraterna
1338 3808 1504 3876 possit
1541 3823 1636 3864 ex-

90 3900 216 3967 pleri.
248 3901 396 3959 Vale.

641 3991 858 4045 EPIST.
886 3992 1064 4045 CXVI.

547 4093 855 4133 SVIHIACHUS
882 4095 1160 4134 PA'I'tttlll'lo.

140 4169 242 4224 Scis
273 4187 368 4238 pro
409 4173 583 4226 insita
616 4173 706 4224 tibi
741 4173 1086 4236 humanitate,
1118 4171 1241 4240 quid
1288 4171 1544 4240 parvulis,
1588 4179 1640 4226 et

84 4267 328 4321 parentum
358 4259 631 4325 suﬂ'ragio
659 4258 927 4312 destitutis
965 4259 1303 4328 benignitatis
1339 4276 1403 4314 ac
1431 4260 1642 4313 miseri-

81 4346 245 4397 curde
275 4346 578 4401 debeatur.
606 4347 796 4400 Merito
823 4347 949 4399 mihi
991 4349 1129 4415 apud
1159 4358 1211 4402 te
1242 4349 1492 4404 utendum
1521 4363 1640 4403 esse
1712 4334 1716 4339 ’

82 4447 167 4484 non
185 4435 422 4498 arbitror
471 4435 650 4502 longo
689 4433 890 4488 ambitu
935 4434 1232 4490 litterarum
1283 4452 1380 4506 pro
1419 4437 1638 4491 illustris

83 4525 323 4578 atauoriae
350 4525 455 4579 viri
501 4523 697 4578 Severi
743 4524 906 4580 ﬁliis:
938 4526 1024 4595 qui
1071 4527 1175 4580 nisi
1214 4527 1472 4581 bonorum
1499 4528 1640 4596 judi-

81 4627 182 4664 cum
199 4614 452 4680 juventur
480 4612 714 4679 auxilio,
740 4615 930 4681 prada:
960 4625 1120 4682 atque
1163 4616 1368 4684 injuria:
1397 4617 1639 4685 subjace-

81 4701 206 4754 bunt.
230 4704 505 4772 Quidquid
547 4718 728 4759 eorum
761 4706 933 4771 poscit
962 4706 1184 4768 utilitas,
1221 4705 1368 4759 favor
1393 4717 1512 4760 tuus
1534 4722 1636 4760 non

79 4803 304 4853 gravetur
345 4796 677 4862 impendere
711 4803 806 4847 :ut
835 4796 1043 4863 publico
1085 4796 1264 4848 saltim
1287 4798 1640 4852 delendantttr

79 4880 274 4948 adjutu,
337 4885 432 4952 qui
483 4883 852 4938 familiaribus
908 4885 1244 4942 adminiculis
1299 4887 1644 4941 deseruntur.

82 4967 207 5025 Vale.

628 5061 843 5118 EPIST.
887 5061 1090 5118 CXVII.

549 5167 859 5207 "HACBUS
888 5170 1166 5209 PATRUINO.

142 5237 410 5297 Exsortem
452 5253 510 5296 te
540 5242 808 5295 sermonis
835 5244 935 5297 mei
961 5257 1082 5300 esse
1114 5261 1216 5299 non
1251 5247 1439 5315 patiar,
1473 5262 1645 5316 neque
1671 5237 1673 5240 I

84 5340 106 5375 2
132 5330 383 5388 scribendi
425 5334 838 5402 perseverantia
883 5335 1078 5389 silentii
1111 5337 1181 5389 tui
1224 5336 1519 5392 imitatione
1546 5340 1639 5393 de-

86 5416 380 5478 dear.Scio
405 5426 556 5478 enim
609 5421 926 5490 plerumque
964 5440 1066 5477 non
1093 5427 1342 5482 amicitiae
1373 5429 1641 5496 negligen-

88 5507 272 5570 tia,sed
293 5511 740 5582 obstrepentibus
773 5513 918 5565 curis
946 5514 1120 5569 ofﬁcia
1155 5519 1434 5571 retardari.
1469 5518 1637 5572 Veiim

90 5598 208 5653 idem
230 5606 433 5674 credas,
468 5616 525 5660 et
563 5607 616 5660 in
665 5617 942 5677 poswrnm
987 5622 1168 5662 curam
1212 5624 1459 5677 capessas
1498 5612 1635 5665 inte-

93 5690 252 5753 sraudi
279 5693 428 5749 istius
460 5699 725 5763 muneris,
755 5697 898 5766 quod
942 5699 1051 5766 ipse
1075 5700 1185 5766 jam
1219 5702 1419 5770 pridem
1468 5718 1640 5756 mora-

98 5781 177 5835 ris.
200 5781 293 5840 Ero
323 5797 449 5843 tunc
493 5791 796 5860 promptior
839 5787 1155 5847 exhibendis
1198 5793 1408 5861 litteris,
1443 5794 1534 5865 qui
1572 5809 1639 5852 ne

1722 656 1867 710 Vale.

2272 746 2478 799 EPIST.
2510 745 2738 800 CXVIII.

2196 851 2500 889 εϊδιιιιειίυε
2529 850 2812 888 ινιτηυικο.

1791 925 2005 981 Certum
2054 925 2224 979 habeo
2270 926 2398 978 nihil
2439 925 2575 990 apud
2623 926 2854 976 animum
2897 933 3041 975 tuum
3084 925 3280 976 amico-

1723 1031 1840 1068 rum
1891 1015 2080 1068 litteris
2122 1029 2241 1068 esse
2277 1015 2598 1082 jucundius.
2630 1024 2685 1068 et
2731 1015 2850 1068 ideo
2897 1015 3288 1081 promptissime

1723 1111 1999 1177 frequento
2029 1110 2314 1176 colloquia,
2359 1125 2476 1176 qua:
2520 1111 2632 1163 scio
2673 1110 2811 1177 apud
2840 1111 3088 1164 eximium
3119 1111 3289 1162 virum

1722 1200 1896 1269 magni
1925 1215 2044 1254 esse
2069 1201 2342 1254 momenti.
2382 1200 2636 1269 Superest
2673 1212 2730 1254 ut
2779 1201 2891 1268 ipse
2939 1217 3094 1270 quam
3141 1201 3288 1254 beni-

1725 1309 1828 1357 gne
1854 1293 2060 1346 litteras
2087 1309 2234 1348 meas
2255 1295 2446 1358 sumis,
2468 1304 2574 1348 tam
2598 1295 2825 1350 libenter
2845 1296 3035 1350 indicia
3065 1295 3289 1364 propria:

1728 1383 2001 1451 sospitatis
2031 1383 2260 1435 emittas.
2304 1382 2450 1436 Vale.

2292 1471 2508 1526 EPIST.
2547 1472 2731 1527 CXIX.

2200 1574 2505 1615 BYIIACBUS
2535 1576 2813 1616 PATRIFINO.

1797 1647 1954 1702 Cordi
1988 1658 2065 1703 est
2099 1649 2406 1716 frequenter
2427 1649 2623 1718 alloqui
2649 1664 2763 1714 vos,
2791 1665 2857 1704 ne
2882 1649 3125 1703 videatur
3153 1648 3292 1715 apud

1730 1753 1815 1792 me
1841 1739 2136 1791 ofﬁciorum
2165 1739 2507 1793 familiarium
2529 1755 2654 1794 cura
2686 1740 2937 1808 tepuisse.
2977 1743 3146 1808 Atque
3173 1739 3292 1792 ideo

1731 1828 1951 1880 salutem
2004 1826 2143 1880 votis
2189 1837 2355 1893 Opto,
2412 1829 2605 1883 litteris
2659 1828 2779 1882 dico
2823 1843 2846 1882 >
2898 1838 3082 1896 petens
3145 1838 3204 1882 ut
3252 1829 3296 1880 si

1658 1903 1703 1962 Β
1731 1918 1940 1985 quando
1969 1918 2090 1986 styii
2119 1932 2244 1969 usus
2271 1918 2552 1972 intervallo
2568 1917 2810 1986 longiore
2836 1918 3150 1980 cessaverit,
3173 1932 3295 1970 can-

1730 2025 1844 2064 s;im
1871 2008 2066 2063 silentii
2099 2023 2202 2060 non
2232 2007 2514 2074 voluntati,
2542 2017 2634 2062 aut
2657 2009 2895 2073 desidiae,
2928 2008 3024 2062 sed
3069 2022 3296 2077 occupa-

1733 2099 1964 2154 tionibus
2002 2098 2300 2168 applicatis.
2338 2099 2489 2152 Vale.

2305 2186 2521 2241 EPIST.
2553 2187 2716 2241 CXX.

2202 2291 2512 2330 εῖιικλεηυδ
2541 2292 2817 2331 PATRUINO.
2899 2290 2901 2292 ’

1804 2367 2126 2420 Athanasius
2175 2365 2242 2418 V.
2275 2367 2337 2420 C.
2377 2367 2813 2434 peregrinationis
2853 2365 3100 2433 lnjnriam
3156 2367 3300 2433 justo

1732 2457 1917 2510 dolore
1945 2456 2198 2524 suscepit.
2230 2455 2362 2509 Nam
2392 2465 2560 2524 pacta
2590 2444 2663 2521 ei,
2686 2466 2739 2510 et
2768 2455 2918 2508 nobis
2946 2456 3158 2510 arbitris
3179 2458 3299 2524 juu-

1733 2561 1833 2602 cta:
1861 2549 2187 2615 obligatione
2217 2548 2496 2614 pignorum
2524 2547 2720 2614 nuptire
2747 2547 3093 2616 denegantur.
3126 2549 3300 2614 Exag-

1734 2652 1976 2705 gerarem
2008 2636 2126 2689 lacti
2178 2635 2333 2702 hujus
2363 2635 2635 2697 invidiam,
2677 2637 2779 2689 nisi
2823 2639 2984 2690 verba
3025 2639 3181 2691 rebus
3212 2654 3299 2691 es-

1735 2735 1854 2780 sent
1898 2727 2124 2778 minora.
2161 2724 2278 2792 Ipse
2312 2723 2451 2792 apud
2495 2733 2549 2779 te
2582 2725 2722 2793 quod
2768 2725 2990 2793 quaesito
3034 2741 3167 2794 npus
3196 2737 3298 2789 est,

1735 2814 1944 2882 plenius
1974 2816 2270 2880 eloquetur.
2311 2815 2478 2868 Orare
2508 2827 2614 2868 non
2654 2813 2844 2876 debeo,
2887 2823 2947 2866 ut
2971 2823 3061 2867 tuo
3086 2815 3302 2881 juvetur

1736 2905 1951 2969 auxilio,
1981 2905 2118 2970 quod
2150 2905 2223 2956 illi
2247 2916 2298 2957 et
2326 2919 2475 2958 amor
2500 2914 2621 2961 tuus
2642 2904 2888 2974 Spondet,
2916 2913 2971 2959 et
3000 2906 3198 2960 munita
3232 2909 3302 2961 le-

1733 2993 1887 3063 gibus
1928 3009 2087 3048 causa
2127 2993 2400 3050 conciliat.
2443 2993 2590 3047 Vale.

2201 3137 2214 3144 '
2306 3127 2734 3182 EPiST.CXXI.
2811 3146 2816 3152 '

2216 3230 2522 3271 SVIIIACIIUS
2548 3233 2825 3271 PATBUINO.

1811 3307 1934 3361 Scio
1961 3306 2025 3359 ad
2056 3307 2307 3361 indicium
2336 3308 2580 3362 amicitia:
2609 3311 2895 3377 pertinere,
2919 3311 3059 3379 quod
3094 3313 3303 3382 religiu-

1742 3412 1862 3450 nem
1921 3406 2059 3448 tttam
2108 3398 2415 3463 participem
2459 3410 2653 3452 nostra:
2702 3401 3031 3455 necessitatis
3069 3418 3300 3457 assumo,

1738 3487 1958 3548 Suscipe
2008 3487 2180 3553 igitur.
2216 3502 2398 3555 qumso
2429 3497 2497 3551 te,
2531 3490 2767 3557 procliv‘c
2807 3494 3132 3557 mandatum,
3163 3497 3301 3563 quod

1743 3591 1838 3645 pro
1867 3586 2044 3630 mutua
2075 3579 2343 3645 diligentia
2375 3581 2533 3632 etiam
2559 3595 2660 3632 ηοη
2694 3591 2903 3649 rogatus
2932 3597 3119 3638 curare
3145 3585 3302 3637 debe-

1741 3681 1848 3719 res.
1883 3666 2000 3719 Ursi
2030 3682 2183 3733 quam
2214 3667 2425 3734 plurimi
2452 3670 2516 3720 ad
2548 3669 2836 3723 editionem
2870 3674 3107 3728 muneris
3136 3675 3301 3727 nostri

1740 3772 1804 3810 ex
1835 3757 1976 3809 Italia
2000 3757 2354 3818 devehuntur,
2384 3773 2515 3824 quos
2541 3761 2782 3827 cupimus
2808 3761 3052 3814 celeriter
3080 3763 3130 3814 in
3150 3779 3300 3816 usum

1740 3848 1998 3902 exhiberi.
2043 3848 2270 3915 Dignare
2314 3849 2470 3917 igitur
2507 3866 2689 3904 eorum
2724 3854 3000 3905 transitum
3032 3855 3206 3907 studio
3248 3866 3304 3907 et

1740 3938 2009 4007 diligentia
2047 3939 2351 4004 vindicare;
2386 3941 2649 4008 simulque
2692 3941 2947 3994 adhibere
2977 3943 3316 4018 custodiam.

1742 4043 1809 4081 ne
1838 4044 1939 4096 qua
1979 4028 2122 4082 fraus
2147 4043 2302 4082 avara
2343 4039 2652 4083 commutet.
2687 4032 2908 4086 Maxime
2953 4044 3126 4086 autem
3161 4052 3303 4088 rutu-

1741 4117 1930 4183 pendze
1951 4125 2075 4168 sunt
2111 4131 2298 4179 morm,
2328 4118 2449 4185 quia
2497 4117 2613 4173 dies
2636 4121 2904 4183 proximus
2931 4121 3186 4176 lunotioni
3214 4139 3302 4177 eo-

1742 4207 1914 4276 gendo
1944 4206 2219 4274 apparatui
2252 4221 2358 4260 non
2385 4209 2588 4262 relaxat
2616 4210 2874 4265 inducias.
2908 4211 3052 4267 Vale.

2293 4335 2505 4391 EPIST.
2545 4337 2751 4393 CXXII.

2216 4441 2516 4483 SYIMACHUS
2547 4445 2827 4485 PATBL'INO.

1813 4537 1988 4591 Probo
2019 4537 2333 4591 modestiam
2355 4549 2518 4592 tuam.
2544 4541 2648 4594 Sed
2677 4543 2871 4598 damno
2898 4546 3026 4599 mibi
3054 4562 3172 4603 esse
3201 4567 3304 4604 non

1742 4629 1943 4689 debuit,
1970 4628 2093 4680 dum
2124 4636 2330 4695 sperata
2361 4639 2634 4698 exSpectat
2662 4632 2890 4701 impieri.
2920 4637 2980 4690 Et
3003 4647 3146 4693 certe
3168 4656 3306 4694 nunc

1744 4729 2019 4789 postquam
2044 4719 2118 4772 rei
2138 4718 2357 4774 elIectus
2382 4721 2538 4775 linem
2557 4723 2766 4777 silentio
2787 4726 2952 4792 dedit,
2974 4729 3308 4796 dispendium

1745 4823 1918 4862 meum
1955 4807 2286 4878 frequentior
2313 4810 2485 4878 Stylus
2514 4813 2730 4864 sarciat.
2759 4813 2850 4865 Est
2872 4815 3010 4867 aliud
3048 4833 3154 4886 quo
3176 4833 3307 4872 cun-

1746 4907 1828 4950 cta
1857 4898 2052 4963 scripta
2080 4912 2411 4965 compenses.
2440 4898 2496 4951 In
2527 4901 2744 4966 agendis
2776 4901 2836 4953 Ι).
2869 4903 2935 4956 Μ.
2973 4904 3189 4962 Consuli
3213 4926 3307 4977 pro

1749 4986 2012 5040 beneﬁcio
2044 5000 2140 5039 suo
2178 4985 2360 5052 gratiis
2388 4995 2622 5040 nostram
2663 4989 2855 5043 sortire
2899 5008 3196 5061 personam,
3242 5014 3308 5051 eo

1747 5077 1960 5144 affectu,
1994 5092 2100 5145 quo
2129 5077 2426 5131 amicorum
2458 5078 2551 5132 tibi
2582 5081 2767 5147 gaudia
2797 5082 3065 5137 vendicas.
3097 5086 3222 5149 Sed,
3254 5103 3311 5142 nt

1748 5170 1878 5233 scio,
1925 5170 2363 5222 luculentioribus
2393 5171 2590 5233 verbis,
2640 5182 2692 5222 et
2737 5181 2953 5240 propter
2997 5175 3190 5243 ingenii
3232 5183 3307 5231 tui

1747 5257 2185 5325 magnitudinem,
2216 5267 2270 5312 et
2313 5260 2431 5312 sine
2471 5261 2788 5315 adulationis
2833 5264 3032 5330 pudore
3076 5266 3308 5323 absentis

1744 5349 1992 5416 gaudium
2021 5349 2379 5416 prosequeris.
2415 5351 2582 5418 Adde,
2609 5353 2652 5404 si
2683 5353 2872 5418 placet,
2901 5354 3039 5420 quod
3067 5366 3189 5410 ante
3213 5374 3306 5425 po-

1748 5437 1996 5492 stolatum
2031 5450 2200 5504 tenes,
2247 5449 2302 5492 ut
2348 5442 2916 5511 aliarumLybicamm
2959 5446 3088 5500 mibi
3112 5453 3309 5517 emptio

1747 5541 1895 5582 sacra
1927 5529 2242 5583 auctoritate
2284 5540 2588 5597 przestetur.
2621 5536 2734 5598 Quo
2765 5535 3045 5601 impetrato
3073 5542 3306 5592 omnium

1749 5619 2145 5685 perceptionum
2175 5619 2370 5672 donum
2405 5623 2619 5688 putabo.
2665 5625 2737 5678 De
2760 5627 2954 5692 juvene
2983 5638 3157 5682 autem
3192 5648 3310 5683 meo

1747 5715 1990 5760 retexere
2040 5721 2142 5760 non
2185 5708 2389 5773 laboro,
2423 5728 2539 5780 qua:
2587 5725 2775 5781 sponte
2810 5718 3114 5770 meministi.
3151 5721 3308 5773 Intel-

1662 5856 1672 5866 _
1747 5794 1850 5865 ligo
1877 5799 2016 5853 enim
2043 5798 2240 5853 remitti
2264 5799 2539 5857 modestia:
2571 5819 2700 5858 uicae
2733 5805 2980 5872 precandi
3019 5810 3305 5864 necessita-
