3826 6364
473 490 565 545 5M

1631 479 1695 542 ρ.
1739 468 2081 530 AURELIGS
2121 467 2556 525 SYMMACIIUS.
3623 469 3710 527 3|!

476 611 605 665 rem,
635 611 752 651 cum
799 594 1048 648 libentius
1090 603 1118 645 a
1164 591 1380 646 sublimi
1424 599 1478 644 et
1519 583 2048 657 magniﬁcentissimo
2077 582 2129 640 Α
2155 587 2456 634 revertetur
2495 577 2700 646 legibus
2737 577 2950 646 quidem
2987 577 3186 642 debita,
3219 577 3312 634 sed
3352 578 3517 646 patris
3547 581 3709 633 sensui

476 693 591 744 viro
620 704 722 744 non
755 693 1060 755 exspectata
1093 693 1432 756 prtestentur.
1471 677 1617 734 Vale.

1020 815 1239 870 EPIST.
1272 812 1505 868 CXXIII.

955 922 1264 962 SYMIACIIL'S
1301 917 1579 958 PATRUXO.

551 1028 602 1080 In
642 1025 759 1078 viro
795 1023 1000 1091 Optimo
1040 1031 1094 1075 et
1118 1018 1440 1073 amicissimo
1478 1030 1599 1071 meo
1639 1015 1890 1069 Perrocio
1941 1013 2054 1067 Ro-

480 1133 633 1171 mana
664 1118 975 1184 simplicitas
1020 1123 1119 1168 est.
1173 1113 1348 1166 Taceo
1395 1108 1536 1178 quod
1580 1107 1727 1161 illum
1771 1107 1922 1174 longa
1955 1105 2054 1158 mi-

483 1212 592 1262 litia
636 1219 690 1263 et
728 1208 993 1275 inculpata
1041 1205 1374 1259 cohonestat.
1427 1201 1629 1255 Minora
1673 1199 1815 1253 enim
1861 1208 2056 1251 cetera

482 1305 604 1357 facit
633 1316 838 1354 morum
869 1300 985 1364 ejus
1023 1298 1302 1363 inspectio.
1344 1294 1493 1347 Ilunc
1521 1291 1840 1346 unanimitas
1881 1299 2055 1342 vestra

483 1399 605 1443 ante
637 1405 739 1442 non
769 1389 990 1442 didicit:
1014 1387 1265 1456 judicium
1300 1399 1475 1438 meum
1505 1391 1685 1436 secuta
1710 1381 1984 1448 suscipiat.
2003 1377 2058 1432 Si

485 1484 596 1532 visu
628 1490 803 1534 vestro
827 1479 935 1546 jatn
967 1481 1012 1532 ei
1046 1491 1181 1544 opus
1219 1474 1402 1537 fuerit,
1451 1485 1635 1541 quzeso
1680 1480 1737 1523 ut
1780 1469 1852 1522 illi
1891 1470 2061 1521 honor

487 1581 518 1620 te
541 1571 770 1624 stimonii
800 1571 902 1624 mei
929 1569 1178 1625 conciliet
1199 1565 1338 1634 apud
1362 1578 1455 1618 vos
1477 1562 1673 1617 amoris
1693 1569 2058 1629 augmentum.

490 1664 524 1713 γ
534 1664 636 1716 ale.

548 1664 636 1717 ’ω’
1034 1729 1242 1785 EPIST.
1276 1728 1510 1783 cxxrv.

956 1836 1266 1874 SYMIIACIIL‘S
1306 1832 1588 1874 ΡΛΤΙΗΣΙΝΟ.

558 1912 859 1965 Amicorum
889 1910 1070 1964 liberis
1097 1911 1208 1963 usui
1241 1926 1362 1964 esse
1383 1909 1660 1972 debemus,
1684 1905 1823 1977 quod
1850 1906 2060 1960 etiamsi

489 2001 599 2064 ipse
623 2003 902 2064 nescirem,
937 2012 1025 2053 tuo
1049 2003 1296 2070 exemplo
1325 2011 1377 2053 et
1408 2000 1702 2053 imitatione
1733 1998 2061 2052 didicissem.

491 2091 568 2142 Ad
602 2093 736 2143 lianc
771 2091 1090 2143 sententiam
1142 2091 1391 2157 pertinet,
1423 2089 1510 2157 qui
1544 2089 1636 2142 tibi
1678 2089 1881 2142 litteras
1912 2088 2064 2142 exlti-

490 2183 652 2236 bebit.
688 2181 944 2252 Fungitur
984 2192 1157 2234 autem
1196 2181 1379 2237 militia
1409 2182 1459 2234 in
1491 2180 1703 2235 scriniis
1732 2181 2025 2234 litterarum
2054 2197 2063 2230 :

490 2273 570 2325 cui
599 2272 727 2324 satis
756 2273 871 2338 opis
911 2281 963 2326 et
1001 2271 1269 2326 felicitatis
1307 2273 1538 2333 eveniet,
1571 2273 1614 2325 si
1656 2271 1723 2324 ad
1767 2270 2067 2323 clientelam

491 2362 934 2429 splendidissima:
963 2363 1155 2416 domus
1182 2373 1283 2416 tua:
1316 2365 1571 2418 meruerit
1599 2364 1897 2431 pervenire.
1917 2360 2066 2414 Vale.

1048 2495 1265 2552 EPIST.
1297 2495 1510 2550 CXXV.

967 2620 1269 2661 ςγωιλοιιυς
1307 2621 1591 2661 ΡΑτιιωκο.

563 2717 911 2773 Athanasium
954 2718 1107 2772 bonis
1145 2718 1347 2772 artibus
1377 2719 1578 2773 clarum
1622 2717 1862 2773 securius
1890 2730 2071 2770 amare

493 2812 653 2878 coepi,
674 2819 952 2879 postquam
982 2809 1048 2862 de
1069 2822 1134 2861 eo
1149 2808 1408 2876 judicium
1438 2819 1582 2862 tuum
1605 2809 1862 2876 comperi.
1888 2808 2071 2874 Magna

495 2904 636 2962 enim
668 2901 1016 2971 praerogativa
1043 2910 1144 2965 est,
1178 2901 1439 2969 placuisse
1467 2901 1904 2970 sapienti.Quare
1926 2913 2072 2952 comm

495 2991 832 3057 mendatione
861 2990 977 3058 ejus
1004 2991 1265 3052 abstineo,
1300 3006 1368 3043 ne
1400 2993 1606 3044 minora
1638 2989 1880 3054 aﬂeram,
1914 3003 2071 3058 quam

499 3091 547 3134 te
579 3078 740 3132 credo
767 3078 986 3132 sentire.
1020 3079 1109 3131 Illa
1146 3093 1268 3149 pars
1290 3079 1418 3133 mihi
1452 3080 1667 3148 pronior
1703 3079 1849 3133 dictu
1889 3088 1988 3145 est,
2017 3088 2074 3133 ut

497 3187 642 3226 ames
673 3173 726 3224 in
756 3187 820 3226 eo
873 3188 1021 3241 spem
1059 3173 1225 3244 quam
1257 3175 1480 3240 dedisti,
1524 3156 1793 3245 addasque
1824 3176 2072 3228 inchoato

501 3263 756 3318 beneficio
782 3266 1185 3333 perfectionem.
1217 3267 1386 3332 Quam
1419 3267 1462 3321 si
1489 3267 1680 3336 aliquis
1704 3277 1930 3321 eventus
1960 3267 2070 3320 elu-

499 3356 645 3417 serit,
678 3353 852 3419 effice,
881 3369 976 3408 oro
1001 3365 1075 3422 te,
1100 3356 1299 3424 majora
1333 3356 1656 3426 prazstando,
1689 3367 1748 3412 ut
1776 3357 1850 3412 illi
1876 3357 2070 3426 prioris

502 3447 602 3497 voti
629 3447 792 3514 prosit
813 3448 1050 3503 amissio.
1085 3449 1232 3504 Vale.

1047 3559 1259 3614 EPIST.
1288 3559 1516 3614 CXXVI.

970 3681 1273 3723 δῑηιΑειιυε
1311 3686 1594 3726 Ριτιιιιδο.

569 3775 684 3829 Νοη
715 3789 907 3829 novum
950 3789 1109 3847 atque
1153 3780 1472 3835 intentatum
1507 3783 1682 3837 refero
1710 3783 2072 3851 postulatum,

506 3866 596 3917 sed
625 3865 763 3931 quod
794 3867 1051 3933 ingesutm
1083 3870 1186 3924 tuis
1208 3871 1424 3924 auribus
1446 3887 1819 3941 recognoscas.
1850 3872 2075 3924 lllustris

507 3959 774 4009 memoria:
819 3957 914 4009 viri
957 3957 1128 4012 Rufini
1166 3961 1472 4030 exprarfecti
1506 3964 1652 4019 urbis
1693 3964 1826 4017 filias
1859 3972 2075 4032 paterna

507 4047 783 4100 atfectione
823 4047 1053 4104 defendo
1089 4071 1101 4101 ;
1133 4066 1357 4120 quarum
1396 4054 1811 4110 sollicitudinem
1837 4070 1930 4122 per
1957 4069 2071 4117 vos,

508 4139 696 4204 quibus
723 4139 951 4207 reipubl.
979 4155 1104 4194 cura
1124 4151 1226 4208 est,
1250 4153 1376 4212 opto
1401 4145 1578 4198 tutari.
1596 4144 1660 4198 Et
1686 4145 1808 4200 ideo
1832 4152 2076 4212 precator

510 4229 723 4292 accedo,
767 4238 823 4280 ut
865 4230 1114 4299 quidquid
1153 4233 1308 4286 clare
1345 4235 1582 4301 quidem,
1623 4234 1717 4288 sed
1755 4233 2078 4287 miserabilis

511 4318 698 4370 domus
725 4334 849 4371 usus
880 4322 1134 4388 exegerit,
1178 4323 1315 4376 facili
1349 4324 1720 4392 impetratione
1751 4331 2072 4377 mereantur.

512 4410 614 4461 lies
648 4425 870 4475 namque
903 4409 1005 4463 illis
1039 4420 1119 4464 est
1160 4427 1254 4479 per
1297 4414 1560 4480 Apuliam,
1608 4429 1710 4467 non
1755 4423 1861 4465 tam
1906 4412 2077 4466 reditu

512 4501 704 4564 ampla,
730 4513 884 4565 quam
915 4513 1095 4553 censu.
1129 4501 1250 4554 llrct‘.
1282 4503 1379 4554 nisi
1414 4503 1670 4554 bonorum
1713 4501 1952 4569 judicum
1982 4501 2080 4552 ful-

513 4591 679 4640 ciatur
725 4590 939 4654 auxilio,
993 4591 1214 4657 publicis
1258 4593 1509 4646 oneribus
1559 4593 1696 4646 fessa
1743 4593 2074 4646 succumbet.

513 4681 638 4742 Upis
683 4679 834 4742 igitur
863 4686 964 4730 tuac
1011 4681 1246 4733 levamen
1283 4692 1574 4750 exsiicctat.
1625 4683 1706 4735 Me
1744 4698 1954 4751 quoque
1987 4683 2079 4735 tibi

518 4768 676 4820 feries
701 4770 882 4835 grati-.e
909 4769 1221 4834 debitorem,
1251 4773 1292 4822 si
1334 4773 1477 4837 gravi
1511 4775 1742 4840 pondere
1773 4775 1966 4828 victam
1996 4787 2080 4826 sa-

519 4861 699 4912 lutaris
725 4857 970 4914 defensor
998 4861 1253 4916 ere\cris.
1291 4862 1437 4916 \‘ale.

1053 4996 1264 5049 EPIST.
1291 4996 1547 5055 CXXVII.

986 5125 1120 5164 Si!!!
1137 5126 1290 5164 \CIII'S
1331 5124 1608 5165 PATRCINO.

500 5275 514 5294 ,
589 5225 972 5293 Promptiorem
1008 5241 1086 5279 me
1109 5228 1246 5280 circa
1281 5227 1530 5280 Ilcrennii
1560 5227 1838 5281 laudabilis
1871 5226 1964 5279 viri
1997 5225 2086 5278 de-

519 5319 806 5369 ίρενςῑωιιριι)
828 5318 1025 5385 judicia
1059 5329 1230 5372 vestra
1261 5319 1516 5371 fecerunt.
1555 5320 1722 5373 Habet
1749 5320 1891 5371 enim
1922 5319 2084 5386 pluti-

520 5425 563 5454 ιι.
614 5424 657 5454 lli
693 5409 971 5474 voluptatis
994 5410 1203 5473 electio,
1233 5417 1593 5476 etprovocant
1616 5408 1851 5460 animum
1878 5419 2085 5475 sperata

521 5510 566 5556 j-i
591 5496 778 5546 rudia.
814 5495 918 5548 Sed
947 5511 1117 5549 meum
1149 5513 1254 5550 non
1280 5507 1379 5561 est,
1422 5497 1621 5565 seripto
1648 5505 1918 5550 ostentare
1961 5496 2085 5561 quid

587 5589 724 5649 cutio
758 5588 1116 5652 promovendo
1156 5601 1280 5640 cure
1311 5596 1488 5638 nostra
1513 5586 1819 5640 contulerit.
1848 5585 2091 5638 Narraiiit

521 5679 546 5723 3i
572 5691 628 5725 te
665 5676 810 5728 vehis
858 5676 946 5730 ille
973 5693 1125 5744 quem
1153 5677 1406 5744 jutimu-s,
1433 5677 1588 5729 simul
1621 5675 1787 5744 ipsius
1817 5676 1888 5728 rei
1918 5673 2090 5729 exitus

646 5783 685 5816 ea
730 5768 1025 5820 testabitur.
1068 5767 1268 5821 Cuncta
1314 5767 1476 5829 enim,
1506 5782 1626 5835 qua:
1667 5766 1898 5834 direptio
1938 5779 2089 5832 spar-

523 5868 676 5928 serit.
708 5860 1016 5930 intestigata
1053 5871 1354 5931 patuerunt.
1399 5860 1578 5930 Itaque
1619 5860 1669 5914 iu
1712 5858 1796 5929 jus
1829 5859 2088 5916 llerennii

2155 668 2344 721 acerba
2381 668 2669 722 successio.
2712 667 2861 732 Nunc
2905 677 3096 722 vestrae
3132 668 3199 723 de
3233 684 3316 722 me
3346 669 3706 723 existimationi

2154 758 2352 824 gratias
2377 769 2476 821 ago
2518 765 2677 825 atque
2718 757 2888 810 habeo
2929 773 2943 810 :
2987 766 3040 810 et
3084 771 3242 825 spero
3271 757 3518 811 fiduciam
3559 760 3709 812 nostri

2156 848 2292 913 apud
2316 847 2598 912 optimates
2613 847 2752 902 viros
2770 860 2887 902 esse
2905 861 3228 911 mansuram,
3242 848 3394 916 cujus
3410 846 3710 902 documenta

2156 939 2415 1008 cmpistis.
2455 937 2601 993 Vate.

2661 1028 2876 1084 EPIST.
2916 1027 3201 1084 CXXVIII.

2631 1154 2936 1195 εγδιιιλειιυε
2971 1153 3246 1195 ῐιιτιωικο.

2229 1271 2394 1324 Amor
2424 1271 2474 1325 iu
2513 1280 2564 1326 te
2601 1285 2750 1326 meus
2780 1286 2846 1325 ex
2881 1270 3105 1325 summis
3138 1269 3328 1338 opibus
3354 1271 3633 1335 annititur,
3659 1278 3710 1323 ut

2161 1362 2213 1416 in
2237 1361 2352 1416 dies
2372 1362 2613 1432 singulos
2643 1363 2903 1416 bonorum
2933 1362 3029 1416 tibi
3051 1363 3223 1418 cultus
3251 1363 3472 1418 accedat
3494 1381 3508 1420 ς
3533 1371 3715 1417 tantum

2162 1455 2314 1509 abest
2355 1465 2410 1509 ut
2447 1458 2620 1509 sinam
2669 1463 2878 1510 veteres
2919 1457 3011 1512 tibi
3049 1458 3250 1511 amicos
3281 1458 3716 1510 insimulationum

2164 1542 2502 1611 improbitate
2517 1544 2770 1614 decerpi.
2785 1543 2940 1599 ‘lnter
2959 1559 3094 1615 quos
3114 1547 3195 1599 vir
3214 1547 3540 1600 clarissimus
3560 1546 3718 1614 Scipio

2163 1634 2417 1686 virtutum
2453 1643 2698 1699 tuarum,
2749 1649 2836 1689 me
2873 1649 3084 1704 quoque
3111 1644 3245 1691 teste
3268 1680 3282 1701 ,
3318 1638 3580 1702 laudator,
3609 1653 3718 1705 spo-

2167 1723 2351 1779 Iiatum
2392 1739 2451 1777 se
2498 1737 2685 1780 amore
2727 1733 2818 1780 tuo
2863 1739 2959 1794 per
3002 1727 3220 1781 aemulos
3271 1729 3586 1796 ingemiscit.
3630 1729 3718 1783 Sed

2071 1841 2073 1843 ι
2105 1878 2114 1882 ⁸
2167 1813 2298 1866 mihi
2337 1814 2630 1869 verisimile
2673 1829 2779 1870 non
2816 1809 3048 1883 videtur,
3093 1815 3438 1870 stabilitatem
3479 1817 3633 1869 animi
3661 1816 3719 1869 tui

2097 1940 2140 1997 Β
2169 1902 2470 1955 rumoribus
2498 1901 2646 1957 falsis
2675 1903 2910 1971 potuisse
2939 1905 3154 1971 mutari,
3187 1919 3306 1958 cum
3341 1905 3477 1959 bene
3498 1906 3720 1959 conscius

2171 1993 2289 2045 vitae
2333 1992 2466 2045 nihil
2510 1993 2562 2046 in
2592 2007 2652 2047 se
2680 1993 2956 2048 maledicis
2986 1995 3146 2050 licere
3183 1995 3521 2050 sermonibus
3553 1996 3720 2050 debeat

2168 2085 2454 2138 a-stimare.
2482 2084 2657 2150 Quare
2680 2085 2865 2139 hortor
2892 2093 2945 2140 et
2966 2086 3245 2154 deprecor,
3277 2087 3529 2156 despuas,
3559 2089 3602 2140 si
3633 2100 3720 2155 qua

2168 2188 2290 2230 sunt
2323 2177 2582 2231 inculcata
2626 2171 2902 2231 mendacia
2925 2218 2941 2243 ,
2981 2187 3138 2248 atque
3169 2181 3308 2233 hunc
3341 2179 3596 2232 honorem
3624 2192 3721 2232 me-

2169 2268 2287 2320 ritis
2317 2269 2420 2320 tuis
2452 2267 2724 2333 vendiees,
2774 2274 2835 2321 ut
2873 2267 3043 2335 qualis
3085 2269 3200 2337 ipse
3249 2283 3328 2332 es,
3371 2267 3534 2321 talem
3577 2276 3628 2321 te
3667 2265 3722 2322 ab

2170 2358 2418 2412 omnibus
2470 2357 2732 2426 intelligas
2772 2357 3020 2427 judicari.
3071 2359 3237 2413 Nemo
3274 2358 3326 2411 in
3371 2366 3423 2412 te
3467 2357 3722 2412 transferat

2173 2449 2279 2501 odii
2327 2450 2406 2501 sui
2453 2447 2678 2503 semina.
2724 2448 2839 2502 Jam
2884 2447 3083 2503 dudum
3126 2449 3267 2502 enim
3297 2462 3464 2515 genus
3489 2456 3571 2501 est
3595 2447 3723 2508 artis.

2171 2538 2234 2590 ad
2283 2537 2500 2591 aiendas
2546 2535 2688 2592 vires
2729 2536 3008 2592 discordiae
3053 2553 3185 2602 suae,
3221 2538 3507 2592 sollicitare
3547 2546 3723 2592 metum

2176 2630 2460 2696 potiorum.
2493 2630 2603 2683 Non
2635 2629 2723 2683 ibo
2750 2630 2977 2698 longius,
3008 2645 3130 2685 cum
3161 2629 3288 2682 mihi
3321 2629 3723 2698 impetrationem

2176 2719 2434 2786 spondeat
2482 2719 2736 2787 sapientia
2778 2734 2986 2774 morum
3025 2729 3257 2781 tuorum,
3294 2734 3451 2786 quam
3492 2727 3615 2786 puto
3651 2731 3723 2772 ea-

2178 2823 2327 2864 tenus
2368 2825 2742 2880 responsuram
2783 2811 2974 2866 litteris
3015 2811 3181 2877 meis,
3233 2822 3289 2865 ut
3331 2826 3436 2865 non
3469 2821 3574 2864 tam
3604 2811 3724 2878 igno-

2175 2904 2312 2952 visee
2338 2911 2386 2954 te
2424 2902 2661 2969 Scipioni
2701 2917 2856 2971 quam
2887 2901 3015 2956 nihil
3038 2902 3104 2956 de
3126 2917 3190 2957 eo
3211 2916 3420 2958 asseras
3442 2901 3725 2957 credidisse.

2182 2989 2330 3042 Vale.

2719 3081 2938 3139 EPIST.
2971 3084 3203 3138 CXXIX.

2689 3207 2995 3250 SYﬂIM‘JIUS
3032 3209 3238 3251 SIIIDIO.

2097 3289 2148 3354 ε
2245 3305 2435 3360 Curam
2459 3304 2524 3361 de
2547 3317 2599 3361 te
2627 3323 2796 3362 meam
2823 3310 2948 3364 nolo
2969 3325 3032 3364 ex
3050 3311 3272 3378 epistola
3296 3313 3552 3366 metiaris.
3574 3313 3727 3366 Pauca

2176 3397 2518 3451 salutantium
2549 3399 2710 3453 verba
2738 3409 2884 3469 sunt,
2919 3402 3011 3456 sed
3045 3414 3162 3458 vota
3195 3405 3416 3473 prolixa.
3452 3405 3627 3459 Liceat
3653 3403 3726 3474 igi-

2177 3497 2263 3540 tur
2300 3488 2492 3541 imitari
2534 3504 2659 3558 erga
2688 3499 2737 3544 te
2775 3495 3157 3558 parcimoniam
3200 3494 3532 3560 religionum,
3565 3495 3727 3564 quibus

2177 3579 2293 3646 jura
2320 3580 2572 3633 amicitia:
2598 3581 3035 3646 conferuntur,et
3063 3584 3294 3637 officium
3319 3585 3461 3653 pium
3488 3586 3632 3640 brevi
3656 3600 3726 3653 pa-

2176 3668 2295 3735 gina
2340 3676 2588 3737 tanquam
2630 3685 2795 3740 parvo
2835 3687 2942 3726 aere
2982 3674 3336 3740 persolvetur.
3385 3675 3566 3744 Neque
3606 3675 3728 3729 enim

2176 3756 2394 3814 devmio
2441 3761 2664 3828 requirit
2705 3776 3016 3818 excursum.
3080 3765 3196 3818 Tibi
3244 3776 3422 3820 autem
3469 3763 3726 3829 prmscribc

2177 3848 2300 3915 styli
2327 3850 2608 3903 terminos.
2645 3851 2813 3904 Erunt
2840 3853 2967 3905 mihi
2991 3869 3109 3923 quin
3126 3856 3190 3908 de
3217 3864 3267 3910 te
3295 3855 3574 3924 scripseris
3595 3854 3730 3910 nimis

2180 3951 2387 4005 magna,
2419 3938 2461 3990 si
2494 3938 2612 3991 lana
2640 3941 2763 3993 sint.
2799 3940 2943 3995 Vale.

2735 4095 2947 4149 EPIST.
2981 4097 3191 4151 CXXX.

2685 4225 2991 4263 SYSUIACHUS
3030 4226 3234 4264 SIBIDIO.

2253 4317 2415 4385 Egcr
2449 4327 2531 4380 est
2569 4319 2772 4371 animus
2814 4335 3000 4384 meus,
3042 4320 3271 4388 quamliu
3323 4319 3454 4373 fides
3508 4330 3649 4374 certa
3682 4318 3732 4372 sit

2182 4413 2318 4478 quod
2354 4407 2559 4479 portum
2586 4414 2826 4467 sanitatis
2858 4415 3161 4468 intraveris.
3209 4415 3338 4470 IIuic
3368 4413 3733 4482 exspectationi

2182 4503 2473 4556 satisfacias
2505 4504 2645 4556 volo.
2674 4504 2785 4557 Non
2818 4508 2956 4558 enim
2991 4508 3119 4559 mihi
3152 4507 3410 4561 honorem
3460 4508 3570 4561 ﬁeri
3599 4508 3734 4559 obsc-

2184 4595 2308 4660 quio
2351 4593 2629 4656 litterario,
2683 4597 2776 4646 sed
2828 4610 3034 4664 magna:
3085 4597 3462 4651 sollicitudinis
3504 4597 3734 4650 levamen

2189 4685 2344 4739 tribui
2373 4693 2587 4753 exopto.
2630 4686 2774 4740 Vale.

2730 4820 2943 4874 EPIST.
2976 4820 3207 4875 CXXXl.

2687 4943 2986 4985 εῑιιυλαιιυε
3025 4946 3231 4986 SIBIDIO.

2260 5043 2535 5110 Nunquam
2565 5041 2763 5096 efﬁcies
2793 5042 3018 5108 silendo,
3053 5054 3109 5097 ut
3137 5057 3221 5095 me
3265 5042 3328 5095 ad
3357 5055 3534 5109 parem
3564 5039 3735 5093 volun-

2196 5143 2357 5186 tatem
2394 5132 2552 5185 ducat
2589 5132 2833 5185 imitatio.
2875 5132 3061 5200 Cogito
3091 5132 3229 5186 enim
3260 5147 3361 5184 non
3392 5125 3521 5198 quid
3557 5141 3735 5199 tempo-

2198 5225 2290 5276 rali
2339 5238 2534 5287 causte,
2578 5221 2668 5274 sed
2718 5221 2838 5286 quid
2901 5223 3118 5291 perenni
3190 5224 3436 5278 amicitia:
3485 5222 3728 5277 debeatur

2197 5314 2432 5381 Cumque
2462 5313 2559 5364 sim
2587 5312 2687 5364 mei
2718 5312 2875 5364 officii
2907 5327 3124 5366 severus
3155 5315 3374 5380 arbiter,
3406 5329 3586 5366 curam
3619 5322 3735 5365 tum
3797 5307 3799 5314 “

2196 5421 2319 5457 casu
2365 5405 2555 5470 saepius
2604 5419 2757 5470 quam
2801 5402 3012 5457 fastidio
3062 5406 3222 5460 credo
3268 5420 3500 5459 cessare.
3552 5405 3656 5460 Sed
3691 5418 3735 5457 nt

2199 5496 2352 5564 longa
2397 5495 2645 5562 colloquii
2687 5496 3058 5564 intercapedo,
3087 5498 3329 5565 quamvis
3359 5500 3431 5550 tui
3470 5509 3736 5552 amantem.

2195 5597 2346 5653 cogat
2390 5585 2575 5639 timere
2620 5586 2954 5652 neglectum,
3002 5603 3186 5658 quasso
3227 5596 3534 5658 constanter
3583 5587 3736 5642 muni:

2197 5676 2567 5729 familiaritatis
2608 5689 2873 5732 exerceas.
2911 5656 3032 5745 Quo
3071 5679 3213 5733 enim
3258 5656 3414 5747 pacto
3463 5679 3736 5748 intelligert

2197 5784 2408 5835 passum
2457 5777 2599 5832 grata
2633 5782 2750 5825 esse
2779 5785 2897 5840 quce
2919 5769 3120 5836 defero,
3146 5770 3188 5823 si
3223 5772 3497 5842 negaveris
3524 5783 3642 5841 qua:
3670 5780 3736 5824 re-

2195 5874 2350 5928 iizhLO
2372 5860 2389 5908 ’ξ
2419 5858 2537 5911 Vale
2550 5894 2561 5914 ο
