3896 6342
153 437 234 501 SB

1279 425 1756 496 sptsrouiuun
1797 439 1997 495 unus
2033 441 2170 497 vut.

3245 439 3349 500 3H

1059 659 1534 766 LIBER
1618 658 2053 764 ΟΟΤΑ
2072 659 2393 766 VUS.

583 821 923 878 EPISTOLA
963 820 1189 874 PRIMA.

198 919 506 984 Compertum
535 915 742 978 habeo,
761 914 994 983 quolibet
1022 913 1279 965 honorum
1305 911 1536 966 culmine
1557 908 1678 964 ani-

140 1026 256 1062 mum
288 1019 424 1061 tuum
462 1020 569 1058 non
599 1009 788 1058 solere
821 1005 1031 1056 mutari.
1067 1003 1329 1071 Quidquid
1358 1003 1498 1056 enim
1536 1002 1673 1056 bene

141 1101 311 1154 meritis
337 1097 624 1152 honestatis
657 1097 888 1156 accedit,
931 1096 980 1148 id
1011 1096 1238 1148 solutum
1271 1097 1438 1164 magis
1464 1093 1673 1146 videtur

138 1207 236 1247 esse
258 1204 402 1258 quam
435 1189 759 1255 prmstitum.
788 1185 854 1238 Et
875 1185 990 1239 ideo
1021 1185 1200 1237 mirari
1242 1199 1326 1237 me
1362 1198 1426 1236 ac
1455 1192 1673 1249 stupere

138 1283 379 1346 confiteor,
401 1295 493 1334 cur
526 1287 673 1333 tanta
706 1278 899 1332 virtute
924 1287 1080 1345 atque
1112 1276 1442 1329 humanitate
1476 1274 1671 1341 praedi-

139 1386 223 1439 tus,
261 1371 571 1442 jampridem
615 1370 764 1422 circa
790 1383 876 1422 me
911 1380 1130 1421 munere
1174 1366 1468 1419 litterarum
1508 1363 1676 1416 absti-

138 1480 258 1520 neas.
303 1462 449 1529 Quod
495 1476 598 1530 ego
637 1460 744 1516 etsi
787 1474 1067 1514 causarum
1105 1458 1458 1526 occupatione
1506 1454 1673 1525 magis

135 1570 265 1624 quam
286 1553 551 1608 voluntate
572 1552 820 1606 arbitror
843 1550 1099 1605 accidisse
1117 1590 1134 1613 ,
1168 1557 1347 1602 tamen
1376 1563 1534 1603 orare
1566 1563 1672 1602 non

135 1649 289 1700 desino
323 1654 379 1698 ut
404 1659 694 1698 censuram
720 1652 863 1697 tuam
896 1641 1062 1697 nostri
1102 1655 1393 1696 memorem
1425 1639 1673 1708 frequens

134 1752 283 1793 sermo
306 1735 556 1792 declaret.
591 1733 745 1788 Vale.

740 1823 952 1877 EPIST.
979 1823 1040 1876 II.

566 1932 881 1973 ιηυαιυε
922 1928 1206 1969 Αιιιλεαιο.

189 2011 298 2067 Ilihi
323 2010 536 2080 quidem
568 2025 599 2062 a
638 2019 691 2062 te
721 2009 1021 2075 multiplex,
1053 2017 1212 2075 atque
1241 2004 1443 2058 varium
1479 2018 1671 2057 munus

133 2103 386 2160 cxbﬂiitum
421 2109 545 2155 est:
576 2099 675 2154 sed
704 2099 909 2152 adverti
939 2097 1254 2152 verecundia
1287 2096 1504 2157 factum,
1529 2093 1670 2162 quod

133 2195 206 2248 tibi
225 2194 270 2246 in
290 2191 510 2246 solidum
535 2203 817 2244 assumere
850 2189 1064 2242 noluisti
1087 2202 1299 2240 omnem
1324 2194 1554 2255 captura:
1575 2184 1666 2239 sil-
1704 2170 1746 2228 Β

133 2284 294 2340 vestris
317 2294 589 2338 eventum.
638 2281 772 2336 Nam
803 2291 886 2333 tua
915 2279 1162 2348 indagine
1187 2291 1400 2348 captum
1432 2278 1672 2347 leporem

131 2375 368 2444 gloriatus,
389 2388 581 2442 aprum
611 2370 838 2426 serviles
862 2383 1047 2422 manus
1073 2369 1270 2422 asseris
1293 2369 1564 2422 incidisse.
1590 2371 1670 2421 An

131 2466 310 2519 veritas
347 2465 470 2517 fera:
517 2462 741 2530 indigna
787 2462 879 2515 tibi
909 2463 1017 2515 visa
1044 2471 1149 2525 est,
1184 2474 1341 2529 quam
1379 2459 1518 2513 laudi
1542 2475 1669 2528 pro-

133 2556 240 2624 pria;
264 2553 598 2609 vindicaret?
629 2551 736 2605 Sed
774 2550 887 2604 haec
918 2551 1040 2618 joco
1079 2551 1218 2603 dicta
1260 2551 1479 2604 ridebis.
1523 2549 1673 2604 Nunc

131 2647 211 2703 alia
251 2663 356 2715 ψη
392 2646 461 2700 de
501 2659 592 2700 me
637 2643 865 2710 requiris
919 2642 1156 2696 adverte.
1203 2643 1397 2696 Diebus
1433 2645 1674 2712 pauculis

129 2737 262 2790 etiam
283 2751 414 2790 nunc
438 2735 644 2790 morari
672 2734 866 2801 Capua:
894 2731 1158 2786 destinavi
1178 2731 1401 2796 ;debinc
1424 2734 1675 2787 mutatio-

131 2827 259 2879 nibus
298 2826 596 2881 vicinorum
647 2836 817 2879 totum
860 2823 1000 2878 hunc
1048 2836 1288 2877 mensem
1341 2822 1670 2890 producere;

128 2929 258 2986 atque
278 2917 363 2982 ita,
390 2918 433 2971 si
465 2915 542 2969 dii
564 2917 807 2983 juverint
826 2913 1426 2982 voluntatem,relegere
1446 2913 1670 2984 Appiam

129 3018 284 3076 potero
310 3009 551 3062 molesta
577 3019 801 3060 accessu
835 3006 1044 3058 hiemis.
1083 3003 1231 3058 Vale.

727 3096 937 3150 EPIST.
974 3096 1058 3150 Ill.

556 3202 870 3244 BYIHACHUS
907 3202 1222 3243 FRCCTIANO.

182 3278 486 3335 Sollicitatus
516 3276 839 3350 jamdudum
893 3279 1080 3335 litteris
1135 3279 1238 3334 tuis
1273 3280 1452 3335 tandiu
1482 3295 1667 3352 angar,

125 3370 324 3437 quandiu
351 3371 416 3424 de
450 3379 506 3425 te
538 3368 776 3421 secunda
819 3382 1158 3437 cognoscam.
1199 3369 1334 3435 Quid
1371 3371 1552 3439 igitur,
1585 3373 1670 3425 vel
1711 3417 1714 3438 ,

126 3459 420 3513 medicorum
460 3459 698 3522 curatio,
739 3461 821 3512 vel
864 3459 1185 3512 abstinentia
1218 3471 1301 3513 tua
1332 3462 1399 3513 ad
1442 3462 1666 3516 salutem

125 3555 445 3617 promoverit,
485 3560 620 3617 opto
650 3564 997 3618 cognoscere.
1025 3549 1142 3617 Ipse
1170 3552 1324 3605 bona;
1351 3552 1671 3608 valetudinis
1697 3529 1743 3591 ί)

124 3656 312 3711 compos
335 3647 580 3697 revisere
608 3643 835 3712 patriam
877 3642 1086 3697 fortuna
1117 3644 1440 3713 suﬂ‘ragante
1466 3648 1671 3700 consti-

123 3732 200 3796 tui,
229 3736 536 3804 priusquam
567 3735 720 3788 labor
749 3736 996 3790 itinerum
1028 3750 1282 3801 processu
1330 3737 1525 3792 adulta:
1551 3738 1668 3794 bie-

123 3827 204 3881 tuis
227 3838 496 3898 augeatur.
536 3827 685 3882 Vale.

710 3914 922 3972 EPIST.
963 3916 1052 3972 IV.

569 4023 877 4062 ηιηιΑοιιυε
917 4024 1188 4063 ιοιιιλκο.

173 4094 362 4151 Primas
407 4098 626 4152 litteras
682 4108 873 4164 sponte
921 4099 1190 4162 tribuisti;
1243 4100 1504 4154 secundas
1551 4117 1667 4157 mea

116 4198 219 4237 cura
245 4187 399 4242 debet
445 4178 672 4242 elicere.
703 4187 866 4242 Sume
898 4187 1054 4257 igitur
1081 4189 1477 4256 salutationem,
1512 4209 1667 4260 quam

114 4279 451 4335 vicissitudine
475 4281 802 4344 munereris,
821 4281 1072 4346 polliceor
1093 4281 1274 4336 itidem
1299 4299 1417 4337 cum
1442 4301 1666 4354 respuu-

114 4368 173 4419 sis
195 4371 289 4422 tuis
318 4372 467 4438 paria
500 4385 588 4424 me
611 4368 894 4424 facturum.
920 4369 1067 4423 Vale.

726 4457 938 4511 EPIST.
986 4459 1045 4510 V.

515 4563 830 4603 ςτκιηοιιυς
869 4564 1245 4605 I‘RISCILLIAXO.

171 4638 350 4694 Essent
373 4642 510 4694 mihi
544 4650 709 4709 gratae
742 4639 929 4693 litterre
960 4653 1081 4700 tum,
1109 4643 1190 4695 vel
1221 4643 1263 4695 si
1290 4643 1416 4696 nihil
1450 4643 1513 4697 de
1537 4645 1668 4700 meis

110 4732 227 4795 apud
255 4733 492 4786 Africam
527 4733 732 4785 meritis
767 4747 828 4785 ac
868 4731 1106 4786 laudibus
1144 4737 1500 4788 continerent.
1537 4737 1664 4792 Nam

110 4839 132 4872 n
183 4823 298 4875 mihi
344 4824 522 4879 decus
560 4824 796 4891 aliquod,
852 4825 919 4876 ita
964 4824 1053 4877 tibi
1097 4840 1189 4894 pro
1232 4836 1407 4880 mutua
1439 4832 1666 4884 amicitia

1697 820 1747 877 Α
1775 817 2027 871 turnitate
2071 821 2350 875 macerari.
2394 819 2587 886 Quieso
2631 821 2880 876 custodes
2922 821 3181 877 bonorum
3219 823 3345 879 deos

1774 909 2063 963 valetudini
2095 921 2193 964 tua:
2235 913 2468 965 medicas
2493 913 2762 980 applicent
2797 929 2984 966 manus
3011 932 3023 966 :
3059 931 3124 967 ne
3155 915 3343 980 Optimi

1774 1000 2036 1053 senatoris
2062 1001 2215 1069 longa
2244 1003 2454 1056 vexatio
2475 1003 2629 1057 fidem
2661 1003 2839 1067 faciat,
2863 1003 2991 1057 nihil
3013 1019 3201 1058 curare
3226 1019 3341 1059 cte-

1776 1090 1954 1152 lestes,
1985 1107 2012 1141 a
2044 1106 2147 1160 qua
2171 1092 2422 1160 Opinione
2449 1095 2730 1157 dissentio,
2777 1105 2934 1162 teque
2974 1095 3214 1160 protinus
3239 1109 3343 1161 0pc

1773 1185 2084 1239 salutarium
2114 1195 2431 1253 potestatum
2461 1189 2648 1242 solidae
2687 1190 2896 1242 sanitati
2931 1204 3191 1255 praesumo
3217 1188 3341 1242 red-

1773 1274 2030 1340 dendum,
2053 1278 2094 1328 si
2122 1278 2278 1330 modo
2301 1279 2414 1346 ipse
2434 1281 2620 1346 plenus
2644 1281 2757 1348 spei
2780 1279 2914 1334 lastis
2938 1279 3342 1348 cogitationibus

1773 1365 2023 1420 elucteris
2053 1367 2298 1422 adversa.
2337 1368 2483 1421 Vale.

2381 1458 2593 1514 EPIST.
2636 1460 2741 1515 VII.

2246 1561 2549 1603 στηλειιυε
2577 1565 2865 1604 ελριιεοιο.

1843 1637 2177 1693 Adventante
2210 1638 2402 1692 Euscio
2429 1642 2637 1707 speravi
2670 1641 2871 1696 litteras
2901 1651 3046 1706 tuas;
3086 1641 3177 1696 sed
3208 1641 3342 1696 fidu-

1774 1728 1909 1783 aiam
1939 1744 2095 1783 casus
2124 1728 2330 1782 fefellit.
2379 1731 2488 1799 Ego
2534 1741 2710 1786 tamen
2756 1733 2952 1787 silentii
3000 1733 3074 1787 tui
3113 1733 3343 1787 imitator

1775 1835 1893 1874 esse
1922 1837 2025 1878 non
2053 1821 2232 1888 potui,
2264 1835 2428 1888 quare
2463 1822 2713 1878 indebitis
2750 1824 2937 1894 fungor
2971 1825 3217 1892 alloquiis
3246 1842 3259 1878 :
3286 1832 3344 1879 ut

1772 1914 1861 1978 qui
1897 1911 2090 1979 przesul
2123 1911 2277 1979 hujus
2306 1911 2466 1966 officii
2496 1927 2616 1966 esse
2655 1913 2913 1968 debueras
2940 1957 2952 1979 ,
2995 1915 3222 1984 exempli
3250 1930 3344 1969 ne-

1772 2004 2020 2057 cessitate
2048 2003 2113 2056 ad
2137 2002 2460 2071 diligentiam
2489 2006 2810 2071 provoceris.
2839 2004 2988 2058 Vale.

2354 2135 2570 2192 EPIST.
2613 2136 2746 2190 VlII.

2266 2239 2573 2280 SYIIACHUS
2610 2241 2845 2281 IUSEBIO.

1847 2333 2028 2388 Fuerit
2056 2334 2390 2389 verecundiae
2420 2345 2543 2405 tum,
2573 2336 2714 2404 quod
2753 2337 3006 2392 hactenus
3036 2338 3162 2392 nihil
3193 2338 3342 2394 nobis

1775 2425 1993 2493 alloquii
2021 2426 2254 2480 detulisti
2287 2446 2298 2478 :
2331 2442 2471 2481 nunc
2499 2441 2651 2482 sume
2683 2428 2949 2492 fiduciam,
2981 2443 3137 2498 quam
3169 2431 3232 2482 ad
3267 2433 3344 2485 in-

1773 2515 2116 2570 vitamentum
2145 2517 2515 2571 familiaritatis
2545 2518 2832 2586 ingerimus
2853 2559 2869 2583 ,
2901 2528 2954 2573 et
2979 2530 3155 2587 gratas
3184 2519 3345 2576 fuisse

1776 2606 1976 2661 litteras
2004 2621 2149 2662 meas
2171 2608 2434 2685 sermonis
2461 2609 2771 2663 assiduitate
2800 2619 3015 2664 testare.
3048 2609 3198 2664 Vale.

2394 2738 2608 2793 EPIST.
2650 2738 2742 2793 IX.

2247 2843 2552 2884 IYIIACIIUS
2589 2844 2874 2883 IAITIANO.

1843 2916 2158 2988 Scriptionis
2185 2919 2420 2986 auspicio
2447 2918 2686 2972 fiduciam
2721 2928 2860 2973 tuam
2887 2933 3136 2988 provoco.
3171 2918 3346 2985 Quare

1776 3007 2149 3062 familiaritatis
2173 3018 2366 3062 nostra
2386 3010 2585 3064 aditum
2614 3008 2891 3077 ingredere
2918 3024 3152 3063 securus.
3183 3008 3346 3062 Vicis-

1726 3114 1730 3120 τ
1773 3094 1949 3149 aitudo
1975 3092 2136 3148 officii
2168 3093 2240 3146 tui
2269 3093 2468 3160 faciet,
2512 3103 2568 3148 ut
2604 3095 2847 3149 inchoata
2877 3110 2970 3164 per
2998 3109 3084 3149 me
3116 3095 3344 3149 amicitia

1698 3255 1702 3259 η
1771 3183 2124 3239 convalescat.
2159 3182 2305 3238 Vale.

2401 3276 2615 3332 EPIST.
2655 3276 2722 3331 Χ.

2279 3383 2582 3423 SYIIACBUS
2620 3382 2834 3422 IRENIO.

1844 3456 2203 3527 Exspectasse
2228 3465 2278 3511 te
2307 3459 2537 3509 arbitror
2566 3458 2769 3509 litteras
2801 3471 2966 3516 meas.
3004 3466 3056 3509 ut
3084 3457 3132 3509 in
3164 3469 3342 3512 mutua

1775 3547 1948 3602 officia
1980 3557 2296 3617 provocatus
2323 3560 2651 3613 erumperes.
2677 3545 2838 3599 Sume
2868 3546 3024 3614 igitur
3048 3562 3345 3601 sermonem

1776 3639 1928 3705 cujus
1957 3638 2196 3706 sequeris
2226 3640 2546 3706 exemplum.
2596 3638 2705 3689 Erit
2726 3635 2944 3704 posthac
2988 3638 3037 3689 in
3070 3638 3348 3692 scribendo

1774 3729 2099 3796 diligentior,
2128 3728 2171 3782 si
2217 3729 2404 3796 emptis
2445 3729 2639 3779 nostris
2669 3727 2974 3780 vicissitudo
3005 3729 3345 3796 respondeat.

1778 3820 1924 3876 Vale.

2391 3911 2598 3965 EPIST.
2643 3911 2730 3966 XI.

2321 4019 2642 4059 δι’κηλοκυε.
2672 4044 2685 4057 .
2710 4041 2724 4056 ο
2750 4043 2764 4057 ι
2790 4044 2805 4057 .

1844 4117 2067 4171 Afl'cctio
2098 4116 2148 4168 in
2179 4124 2229 4168 te
2247 4115 2409 4168 animi
2436 4114 2538 4168 mei
2570 4131 2674 4169 non
2698 4115 2885 4170 litteris
2913 4118 3220 4171 aestimanda
3242 4128 3342 4173 cst.

1774 4209 1977 4274 Religio
2009 4209 2147 4260 cnim
2183 4207 2282 4259 fide
2324 4207 2550 4272 pectoris
2589 4207 2889 4261 continetur
2921 4230 2932 4262 :
2965 4205 3030 4261 in'
3058 4213 3340 4265 verborum

1773 4299 1960 4352 officiis
1985 4299 2113 4351 latet
2141 4299 2460 4365 plerumque
2482 4298 2769 4350 aemulatio.
2802 4299 2975 4364 Quare
3009 4302 3097 4352 tibi
3131 4303 3180 4355 in
3213 4306 3344 4356 scri-

1773 4390 1945 4443 bendo
1967 4389 2135 4440 rarior
2156 4388 2353 4450 videar.
2382 4387 2508 4440 nihil
2532 4389 2699 4441 amori
2722 4391 2991 4445 existimes
3011 4391 3339 4460 decerptum.

1774 4479 1838 4534 Et
1869 4495 2009 4547 sa‘pe
2039 4481 2216 4533 evenit
2253 4491 2308 4532 ut
2339 4480 2582 4533 homines
2632 4479 2704 4531 tui
2739 4495 2835 4532 nec
2862 4481 3204 4548 profectionis
3234 4498 3340 4537 suae

1773 4575 1897 4628 mihi
1932 4572 2180 4624 indicium
2217 4572 2439 4634 faciant,
2479 4582 2532 4623 et
2570 4581 2781 4623 mutuas
2813 4574 3026 4638 paginas
3057 4588 3156 4624 non
3186 4589 3340 4642 repo-

1771 4672 1936 4716 sc.int.
1988 4662 2090 4714 Sed
2121 4662 2184 4714 de
2217 4664 2317 4713 hoc
2359 4662 2498 4730 loqui
2544 4662 2740 4730 largius
2784 4679 2888 4716 non
2926 4672 3150 4730 'oportct
3182 4683 3191 4716 :
3222 4668 3341 4734 quia

1771 4753 1966 4807 sufficit
2010 4752 2208 4805 amanti
2253 4753 2426 4806 brevis
2467 4760 2515 4803 et
2555 4752 2793 4805 districta
2843 4756 3099 4820 purgatio.
3157 4755 3234 4808 Ad
3280 4771 3340 4809 ea

1775 4855 1983 4896 transeo
2021 4859 2135 4910 qurc
2189 4843 2403 4908 utrique
2434 4838 2604 4894 votiva
2635 4850 2779 4894 sunt.
2815 4841 3080 4896 Ililarntus
3110 4860 3224 4897 sum
3254 4861 3340 4900 sa-

110 4914 333 4974 guudium
364 4915 759 4983 praestiterunt.
792 4914 922 4967 Hinc
953 4911 1146 4969 factum
1175 4927 1272 4980 est,
1304 4929 1357 4970 ut
1388 4921 1664 4986 epistolam

1786 4935 1953 4986 sitatis
1983 4943 2083 4985 tuze
2123 4934 2312 4985 nuntio
2337 4977 2350 4999 ,
2395 4942 2448 4985 et
2494 4933 2729 5001 rependo
2752 4975 2766 4998 ,
2801 4951 2904 5000 quo
2933 4938 3179 5001 gaudeas.
3213 4937 3341 4992 Nam

112 5004 246 5059 lz-tus
273 5007 575 5062 emitteres.
613 5005 892 5057 Exsultans
924 5007 1115 5073 quippe
1156 5010 1362 5063 animus
1390 5013 1664 5078 gloriatur,

112 5107 156 5148 rt
182 5101 539 5154 ostentatione
588 5100 667 5152 sui
709 5114 816 5152 non
860 5108 1030 5166 potest
1068 5100 1357 5158 abstinere.
1393 5106 1496 5158 Pro
1526 5116 1668 5163 tanto

115 5188 254 5250 igitur
279 5189 328 5243 iu
356 5204 458 5243 nos
485 5203 672 5243 amore
694 5190 917 5243 deorum
945 5191 1234 5258 benignitas
1262 5202 1311 5246 te
1338 5210 1664 5254 muneretur.

115 5279 303 5335 litenim
340 5297 464 5336 cum
495 5282 609 5350 ipse
641 5297 725 5335 me
755 5297 859 5334 non
894 5283 1145 5337 Solvendo
1174 5285 1386 5350 dignum
1419 5288 1665 5358 arbitrer,

116 5371 172 5420 ad
197 5371 353 5426 vicem
386 5390 522 5429 mea:
550 5375 753 5445 gratim,
791 5375 1021 5430 favorem
1057 5377 1145 5430 tibi
1179 5381 1409 5445 praesidii
1435 5383 1669 5439 caelestis

117 5472 310 5532 exopto.
341 5467 488 5524 Vale.

717 5557 932 5613 EPIST.
978 5561 1059 5617 VI.

593 5667 694 5707 ηιι
704 5664 910 5705 ιισιιυς
946 5665 1165 5710 SEVERO.

185 5737 345 5796 Grata
384 5743 597 5815 quidem
637 5761 854 5814 semper
884 5744 1077 5798 littera:
1127 5757 1229 5801 tua:
1269 5764 1406 5801 nunc
1449 5749 1670 5816 legentis

127 5835 334 5894 animum
357 5839 778 5908 momorderuut,
801 5853 922 5895 cum
954 5849 1003 5896 te
1030 5837 1326 5896 indicarent
1354 5843 1523 5898 morbi
1556 5841 1668 5897 diu-

1745 5027 1747 5029 ’
1774 5025 1876 5079 mei
1899 5039 2108 5093 quoque
2129 5026 2368 5092 corporis
2388 5026 2536 5095 vigor
2567 5036 2681 5094 post
2707 5024 2965 5077 infirmam
2989 5028 3339 5081 valetudinem

1772 5117 1934 5187 cmpit
1964 5132 2261 5186 assurgere.
2307 5116 2457 5170 Vale.

2370 5204 2586 5258 EPIST.
2627 5205 2741 5259 XII.

2286 5311 2590 5351 SVBIIACHUS
2620 5310 2841 5349 PACATO.

1848 5390 1910 5443 Et
1941 5391 1992 5444 in
2018 5389 2319 5445 deferendis
2338 5400 2390 5443 et
2418 5389 2467 5442 in
2493 5387 2843 5454 rependendis
2869 5390 2958 5443 tibi
2986 5388 3174 5443 litteris
3203 5392 3340 5446 desi-

1776 5483 1894 5537 dem
1926 5501 2008 5537 me
2037 5485 2267 5536 arbitror
2296 5498 2397 5536 non
2432 5482 2619 5536 videri.
2672 5483 2841 5548 Quare
2864 5524 2878 5544 ,
2907 5487 3002 5535 etsi
3036 5486 3244 5538 memini
3274 5488 3340 5540 ad

1777 5582 1827 5628 te
1873 5575 2056 5628 diebus
2100 5574 2352 5641 proximis
2399 5575 2566 5629 officia
2610 5584 2783 5628 nostra
2830 5591 3117 5629 manasse:
3160 5585 3336 5632 curavi

1778 5673 1949 5716 tamen
1982 5665 2138 5717 etiam
2179 5664 2356 5717 debito
2386 5666 2566 5719 fenore
2604 5667 2864 5719 sermonis
2893 5669 3113 5720 absolvi.
3164 5669 3264 5722 Sed
3296 5672 3336 5724 si

1779 5767 2005 5821 unquam
2037 5753 2179 5805 brevi
2215 5753 2494 5808 intervallo
2532 5770 2657 5809 usus
2691 5756 2788 5808 iste
2815 5756 3140 5824 cessaverit,
3185 5760 3340 5816 velim

1776 5844 1973 5901 crinitos
2015 5844 2361 5902 amicitiarum
2403 5863 2506 5903 non
2545 5847 2735 5917 frigore
2770 5857 3088 5917 respectum.
3135 5848 3338 5917 Religio
