3826 6364
463 480 562 534 315

1599 477 1662 542 Q.
1705 470 2044 528 AURELIUS
2082 469 2513 527 SV.\I.\I.\CIIL"S.

3582 469 3683 522 316

455 589 594 642 enim
623 587 786 656 magis
820 587 918 642 ηδε
947 588 1107 642 animi
1135 587 1396 641 metienda
1440 596 1518 640 est
1577 602 1730 654 quam
1777 593 2012 638 ostenta-
2045 582 2094 638 Α
2120 583 2265 647 (μίη.
2299 593 2350 633 ιιι
2381 593 2457 634 est
2491 594 2638 633 mens
2669 589 2752 632 tua
2783 581 2968 646 quietis
3000 580 3207 645 cupida,
3244 581 3430 632 malles
3464 581 3683 647 negotiis

457 683 598 732 tione
626 680 926 732 verborum.
957 680 1102 731 \"alo.

1051 765 1259 820 EI‘IS'I‘.
1291 766 1425 818 XIII.

897 875 1200 913 ει-ωιριειιυε
1240 872 1597 912 Λειοιιυυοαο.

528 948 839 1002 Pervenisse
868 949 1096 1001 arbitror
1123 948 1336 1011 famam,
1366 963 1481 1015 qua:
1506 956 1558 999 te
1587 945 1881 999 absolutam
1914 957 2020 995 non

461 1038 617 1088 modo
643 1037 887 1102 honoris,
921 1052 1105 1090 verum
1135 1037 1293 1089 etiam
1323 1049 1568 1086 curarum
1603 1032 1741 1085 fasce
1773 1034 2019 1097 vulgavit.

461 1130 514 1179 Si
549 1128 614 1178 ita
642 1137 743 1190 est,
775 1143 867 1180 ero
899 1127 988 1179 tibi
1022 1140 1160 1179 nunc
1185 1125 1523 1179 confirmator
1555 1124 1675 1176 boni
1717 1123 1842 1175 olim
1885 1121 2024 1175 desi-

458 1217 648 1272 derati.
683 1219 791 1272 Mea
819 1232 937 1270 cum
966 1217 1075 1269 filio
1104 1216 1301 1270 sanitas
1331 1231 1432 1283 Ope
1460 1215 1751 1267 divinitatis
1779 1215 1826 1265 in
1855 1213 2024 1264 solido

460 1319 561 1361 est.
593 1309 709 1361 Tibi
738 1320 793 1361 ut
815 1318 867 1362 et
897 1310 1041 1362 salus
1068 1307 1263 1369 valida,
1293 1317 1345 1360 et
1373 1306 1572 1359 reditus
1601 1304 1720 1357 felix
1749 1303 2021 1366 secundet,

462 1409 566 1453 tam
599 1410 773 1452 nostra
805 1409 922 1451 vota
953 1412 1108 1466 quant
1140 1407 1224 1448 tua
1256 1398 1440 1450 merita
1475 1395 1813 1463 pnestabuut.
1849 1394 1997 1446 Vale.

1042 1486 1259 1540 EPIST.
1303 1486 1436 1538 XIV.

743 1592 1050 1630 εγιιυλςιιυε
1087 1589 1378 1628 εεειιιικο
1409 1589 1475 1626 ετ
1511 1587 1747 1626 PBOBINO.

533 1667 758 1720 Abundo
791 1667 1000 1729 lmtitia,
1074 1674 1352 1735 postquam
1390 1663 1568 1715 valere
1597 1675 1691 1714 vos
1721 1659 1910 1723 didici,
1937 1673 2031 1712 no-

463 1770 687 1828 stra-que
711 1758 966 1811 amicitia:
1005 1759 1145 1811 inter
1180 1756 1508 1824 negotiorum
1545 1753 1672 1806 dura
1705 1753 2028 1806 meminisse.

467 1849 568 1903 Sed
602 1847 813 1915 quando
851 1847 941 1900 fiet
989 1855 1044 1898 ut
1095 1845 1297 1898 solatiis
1329 1845 1620 1898 litterarum
1648 1845 1837 1894 damna
1870 1842 2034 1893 absti-

2122 672 2335 724 rusticis
2366 672 2651 724 immorari.
2695 670 2818 723 Mihi
2854 669 3226 722 suburbanitas
3255 671 3446 737 pedum
3479 673 3684 737 a-gritu-

2119 759 2242 814 dine
2272 760 2526 814 laboranti
2555 761 2718 827 magis
2745 760 2932 812 solatio
2966 775 3120 826 quam
3161 759 3413 826 voluptati
3439 769 3543 813 est.
3566 760 3687 813 Nul-

2123 850 2223 900 lam
2250 849 2629 916 jucunditatem
2660 850 2822 901 tristis
2862 848 3030 901 morbi
3065 863 3254 902 sensus
3292 848 3543 900 admittit.
3586 848 3684 901 Sed

2121 953 2316 1006 spero,
2356 943 2397 992 si
2430 940 2783 994 innocentiam
2822 940 2995 993 divina
3043 940 3366 1006 respiciunt,
3411 949 3464 993 et
3497 940 3685 992 forensi

2123 1030 2493 1084 observatione
2535 1031 2848 1084 sanandum.
2893 1030 3084 1082 Gratus
3124 1041 3179 1083 et
3225 1030 3395 1083 facilis
3444 1028 3566 1090 erit.
3601 1039 3687 1082 aut

2126 1121 2254 1173 mihi
2285 1121 2502 1174 Romam
2530 1123 2749 1183 reditus,
2779 1131 2868 1173 aut
2899 1121 2993 1174 tibi
3022 1122 3084 1174 ad
3113 1137 3315 1190 agrum,
3345 1121 3395 1174 in
3418 1133 3526 1190 quo
3549 1133 3688 1174 nunc

2125 1210 2366 1262 diversor
2386 1249 2402 1274 ,
2433 1224 2704 1264 excursus.
2736 1210 2882 1261 Vale.

2710 1299 2922 1352 EPIST.
2965 1297 3104 1351 XIX.

2611 1401 2913 1440 BVIIACHUS
2943 1400 3217 1439 PATBUINO.

2199 1476 2375 1541 Ipsum
2414 1483 2468 1530 tae
2511 1476 2650 1528 malo
2670 1517 2684 1538 ,
2712 1490 2867 1544 quam
2911 1476 3251 1529 deiinimenta
3279 1473 3584 1528 verborum.
3614 1473 3690 1526 Tu

2130 1577 2312 1619 contra
2342 1567 2582 1635 epistolis
2609 1566 2864 1620 absentia:
2893 1578 3072 1618 moras
3094 1563 3329 1617 redimis.
3364 1563 3502 1628 Quid
3532 1563 3576 1616 si
3602 1564 3692 1616 tibi

2131 1655 2492 1722 respondisset
2518 1655 2788 1723 optimitas
2815 1655 3029 1721 segetis.
3060 1661 3149 1705 aut
3177 1651 3456 1706 vindemiae
3483 1652 3691 1704 arrisis-

2132 1753 2215 1795 set
2250 1744 2494 1797 ubertas?
2540 1744 2781 1798 Omnium
2826 1753 3117 1809 temporum
3162 1742 3306 1795 vices
3336 1740 3388 1793 in
3416 1741 3526 1792 otio
3563 1739 3695 1793 ruris

2134 1834 2414 1899 exigeres,
2463 1836 2552 1903 qui
2602 1836 2784 1901 patria:
2835 1835 3023 1888 famem
3056 1834 3193 1899 agris
3239 1828 3564 1882 demorando
3593 1844 3694 1880 non

466 1940 658 1992 tientia:
703 1938 1034 1991 sarciantur?
1080 1935 1190 2004 Ego
1235 1945 1411 1988 autem
1456 1948 1548 1985 vos
1598 1931 1856 1999 praetoriis
1898 1930 2031 1982 meis
2066 1912 2111 1970 Β
2140 1923 2380 1989 respicis.
2433 1925 2510 1978 An
2556 1926 2672 1979 solo
2697 1926 2897 1992 juvaris
2937 1922 3194 1988 aucupio,
3223 1920 3375 1988 cujus
3425 1935 3510 1974 me
3555 1928 3693 1986 parte

377 2097 384 2105 ⁸
466 2029 696 2082 fascibus
729 2029 931 2095 primos
957 2029 1214 2079 interesse
1245 2025 1524 2077 voluissem
1545 2064 1560 2086 ,
1599 2021 1850 2087 festisque
1886 2033 2032 2072 com-

470 2117 717 2170 munibus
744 2117 905 2168 decus
944 2113 1136 2166 facere.
1178 2112 1282 2166 Sed
1310 2112 1472 2166 feram
1502 2105 1718 2163 necesse
1742 2117 1856 2171 est,
1887 2117 2032 2159 ante-

468 2206 591 2258 ferri
617 2205 742 2257 mihi
772 2210 1230 2256 causamsenatus.
1257 2200 1431 2267 Quare
1456 2199 1506 2251 in
1534 2198 1893 2265 superioribus
1917 2211 2033 2248 ver-

468 2297 548 2349 bis
585 2294 832 2348 desiderii
882 2292 1049 2362 magis
1102 2293 1417 2345 contestatio
1457 2301 1538 2342 est
1566 2329 1579 2351 ,
1624 2303 1777 2355 quam
1819 2285 2030 2352 querela

466 2383 691 2437 dissidii.
734 2382 1012 2435 Praestabit
1042 2382 1334 2434 caelestium
1364 2378 1533 2442 favor,
1565 2387 1622 2430 ut
1652 2376 1909 2430 mandatis
1946 2393 2034 2443 pa-

469 2478 584 2529 tria:
629 2475 886 2536 absoluti,
931 2474 1031 2528 iter
1060 2473 1183 2526 felix
1223 2471 1288 2525 ad
1331 2471 1572 2525 ludorum
1620 2478 1920 2522 nostrorum
1947 2482 2032 2521 so-

467 2568 642 2622 lemne
672 2568 936 2637 relegatis.
987 2566 1187 2619 Valete.

1070 2653 1278 2710 EI'IST.
1320 2653 1433 2709 XV.

959 2760 1266 2800 SVHSIACHL'S
1298 2759 1533 2820 Αιιςνιῡ.

542 2837 615 2889 Ex
645 2836 824 2890 debito
850 2837 991 2889 venit
1017 2850 1192 2888 sermo
1235 2835 1322 2902 qui
1355 2835 1607 2894 redditur,
1642 2848 1701 2886 cx
1757 2833 2034 2897 beneficio,

470 2929 558 2996 qui
603 2938 791 2995 spnttte
839 2927 1098 2980 defertur.
1145 2925 1404 2979 Secuudze
1438 2923 1574 2996 .ﬂIiIlI
1626 2934 1798 2989 partes
1839 2923 2036 2974 relictae

473 3025 592 3067 sunt
619 3056 634 3078 ,
668 3028 941 3083 postquam
989 3018 1157 3082 stylus
1205 3023 1325 3065 tuus
1370 3028 1484 3065 mea
1514 3013 1705 3078 scripta
1746 3011 2032 3078 prtevertit.

474 3105 622 3158 Nunc
655 3107 764 3160 tice
790 3105 1123 3158 salutationis
1152 3117 1394 3170 repensa,
1420 3118 1632 3170 operam
1666 3112 1803 3154 tuam
1831 3117 2037 3154 curam-

472 3210 575 3264 que
597 3197 825 3264 deposco
854 3196 903 3248 iu
949 3196 1028 3247 his
1061 3209 1177 3261 quae
1210 3194 1392 3246 Castor
1418 3208 1483 3246 ex
1516 3208 1608 3245 usu
1637 3203 1791 3259 atque
1816 3191 2036 3244 utilitate

474 3298 653 3340 nostra
678 3286 1034 3354 promovenda
1063 3283 1403 3350 suggesserit.
1438 3281 1583 3334 Vale.

1065 3371 1276 3425 EI‘IST.
1320 3369 1458 3423 XVI.

943 3477 1251 3517 εϊδιιηωυς
1280 3476 1564 3515 CARTERIO.

544 3555 760 3608 Gratum
791 3553 958 3606 habeo
1005 3554 1073 3607 de
1110 3552 1413 3605 testimonio
1443 3567 1561 3606 meo
1599 3567 1700 3603 non
1734 3565 1853 3604 esse
1889 3549 2040 3604 dubi-

476 3658 640 3701 tatum
670 3686 685 3709 ,
727 3655 1104 3709 receptumqtze
1147 3642 1196 3694 'm
1237 3642 1486 3695 familiam
1538 3653 1677 3695 tuam
1725 3643 2039 3695 Auxentium

479 3737 642 3790 filium
690 3743 926 3787 nostrutn
973 3730 1315 3786 lectissimum
1359 3732 1648 3800 juvenem,
1681 3733 1730 3784 in
1775 3747 1890 3784 meo
1932 3748 2040 3786 :ere

476 3829 628 3878 duco.
662 3826 776 3889 Quo
808 3826 1020 3874 nomine
1059 3822 1286 3875 amicitia
1331 3830 1509 3873 nostra
1556 3822 1606 3873 iu
1648 3821 1872 3873 arctiora
1919 3822 2039 3874 fidei

478 3917 590 3986 jura
638 3914 906 3966 convenit.
944 3913 1000 3964 Et
1036 3913 1308 3980 pt'acstabit
1336 3927 1462 3965 usus
1503 3911 1726 3979 longior,
1755 3923 1808 3961 ut
1839 3926 1955 3963 cum
1989 3911 2040 3962 in

479 4021 542 4061 eo
581 4007 712 4058 bona
763 4005 910 4070 plura
969 4003 1319 4069 cognoveris,
1387 4003 1811 4069 astipulationem
1871 4018 2039 4054 meam

479 4098 543 4149 de
592 4098 791 4148 meritis
829 4095 944 4163 ejus
1001 4096 1131 4147 infra
1178 4094 1431 4148 terminos
1465 4094 1698 4148 veritatis
1727 4104 1935 4145 stetisse
1966 4092 2043 4144 fa-

482 4172 659 4248 tearis.
693 4186 842 4240 Vale.

1055 4275 1268 4330 EPIST.
1310 4274 1470 4328 XVII.

985 4381 1289 4419 δῑωιλιῖιιυε
1325 4383 1534 4420 3151130.

550 4456 864 4513 Provinciali
891 4459 1096 4510 actione
1126 4457 1344 4509 decursa
1363 4497 1378 4521 ,
1402 4470 1519 4524 qua:
1545 4455 1609 4507 ad
1635 4454 1768 4506 sacri
1797 4453 2043 4508 auditorii

482 4552 808 4620 Cognitorem
850 4549 1146 4604 necessaria
1185 4548 1557 4617 provocatione
1594 4545 1862 4614 pervenit,
1900 4545 2045 4597 dele-

2135 2019 2375 2072 donasti?
2410 2016 2511 2071 Sed
2544 2017 2628 2070 hic
2662 2031 2871 2085 quoque
2907 2017 3103 2083 positus
3131 2012 3266 2080 gula:
3296 2009 3563 2065 illecebris
3592 2009 3694 2061 lar-

2133 2110 2267 2174 giter
2299 2107 2544 2159 utereris.
2587 2106 2714 2159 Nam
2759 2104 2916 2159 simul
2961 2103 3051 2156 tibi
3075 2141 3090 2165 ,
3132 2109 3185 2154 et
3219 2107 3460 2165 coempta
3489 2113 3553 2150 ex
3584 2100 3696 2149 foro

2135 2195 2525 2263 Cupedinario,
2556 2205 2610 2248 et
2650 2211 2712 2248 ex
2758 2192 3061 2247 suburbano
3089 2198 3178 2242 tuo
3217 2189 3415 2254 perlata
3457 2197 3695 2252 suppete-

2139 2295 2275 2339 rent.
2325 2284 2500 2350 Quid,
2547 2284 2684 2350 quod
2727 2282 2886 2335 etiam
2931 2278 3115 2346 jactari
3167 2275 3352 2330 morbo
3400 2284 3694 2327 matronam

2137 2385 2278 2430 tuam
2317 2373 2568 2426 simulas?
2613 2371 2764 2438 cujus
2809 2367 3132 2430 valetudini,
3165 2364 3207 2416 si
3250 2377 3372 2416 vera
3419 2361 3696 2430 pradicas,

2137 2468 2366 2522 solitudo
2396 2481 2500 2520 non
2526 2465 2792 2529 competit.
2837 2460 2989 2515 Plura
3035 2457 3173 2509 enim
3207 2454 3383 2507 Roma:
3415 2449 3692 2506 salubrita-

2139 2561 2204 2613 tis
2247 2560 2592 2612 instrumenta
2637 2566 2757 2608 sunt
2784 2594 2799 2618 ,
2849 2552 3014 2620 major
3057 2549 3377 2603 medentium
3424 2558 3695 2598 numerus.

2139 2648 2270 2701 Vide
2319 2648 2474 2714 igitur
2521 2661 2586 2698 ne
2633 2645 2770 2696 aliud
2801 2658 2964 2711 genus
3009 2636 3323 2706 suspicionis
3352 2636 3627 2698 incurras,
3654 2633 3699 2686 si

2138 2737 2408 2790 obsessam
2437 2751 2464 2788 a
2488 2735 2672 2788 morbo
2712 2734 2986 2800 conjung
3020 2740 3183 2781 vacuo
3211 2736 3423 2779 secessu
3461 2730 3518 2778 et
3537 2722 3700 2775 intuta

2139 2825 2476 2895 ablegatione
2506 2823 2876 2877 macemveris.
2912 2817 3061 2871 Vale.

2734 2912 2944 2968 EPIST.
2985 2910 3103 2962 XX.

2209 3006 2323 3060 Prae
2363 3006 2569 3058 caeteris
2609 3013 2902 3072 temporum
2949 3000 3149 3052 vicibus
3191 3004 3375 3050 astate
3417 2991 3697 3048 delector:

2141 3114 2246 3152 non
2294 3097 2431 3165 quod
2476 3098 2691 3149 diurnas
2740 3098 2896 3145 horas
2939 3089 3142 3157 longior
3172 3086 3299 3140 solis
3333 3093 3468 3135 meta
3503 3079 3701 3147 produ-

2138 3189 2247 3252 cit,
2289 3202 2384 3240 nec
2420 3187 2558 3255 quod
2606 3200 2692 3238 res
2759 3182 3092 3246 rationesque
3152 3188 3344 3230 nostra:
3383 3186 3512 3224 nova
3553 3170 3700 3236 fruge

2059 3257 2405 3350 Cditescunt
2446 3291 2459 3326 :
2493 3275 2586 3328 sed
2617 3273 2736 3340 quia
2774 3277 2956 3338 pacata
3002 3265 3332 3333 navigatione
3369 3260 3700 3314 desideratas

2140 3364 2267 3417 mihi
2294 3346 2499 3437 litteras
2529 3372 2645 3415 tuas
2672 3361 2706 3413 fi
2721 3373 2922 3427 equeus
2951 3356 3150 3410 invehit
3189 3359 3532 3408 commeatus.
3562 3349 3702 3414 Quid

2138 3463 2278 3516 enim
2308 3461 2388 3514 vel
2420 3460 2580 3513 animi
2610 3457 2876 3523 voluptate
2912 3450 3197 3521 jucundius
3216 3488 3230 3509 .
3257 3447 3338 3499 vel
3369 3445 3434 3498 ad
3462 3443 3700 3497 officium

2140 3551 2383 3604 amicitiae
2427 3547 2874 3602 accommodatius
2921 3540 3157 3610 praestari
3201 3544 3411 3606 potest,
3451 3549 3612 3599 quam
3651 3542 3706 3586 ut

2141 3650 2193 3695 te
2239 3640 2343 3693 mei
2390 3645 2654 3690 amantem
2712 3649 2808 3687 usu
2860 3630 3032 3683 crebri
3086 3625 3350 3681 sermonis
3408 3620 3703 3687 experiar?

2142 3733 2278 3798 Ergo
2317 3729 2441 3782 dum
2471 3726 2594 3780 anni
2626 3735 2830 3790 tempus
2870 3720 3091 3782 invitat,
3117 3717 3242 3769 dum
3282 3711 3515 3782 pervium
3556 3721 3705 3760 mare

2142 3832 2256 3882 est;
2303 3820 2485 3884 pabula
2521 3816 2760 3884 quaedam
2797 3822 2850 3864 et
2884 3810 3201 3861 nutrimenta
3239 3814 3431 3856 mutua:
3467 3799 3707 3853 affectio-

2143 3912 2224 3964 nis
2261 3909 2422 3962 veluti
2466 3907 2517 3958 in
2557 3906 2782 3956 hiemem
2819 3907 3187 3965 congerantur.
3247 3893 3375 3945 Cum
3417 3891 3530 3942 haec
3573 3889 3707 3942 scri—

2143 4000 2320 4052 berem
2350 3996 2489 4047 salus
2517 3993 2643 4046 mihi
2678 4007 2740 4045 ex
2775 3989 3032 4044 sententia
3063 3982 3372 4053 suppetebat
3397 4024 3410 4044 ,
3438 3978 3536 4031 tuis
3558 3977 3707 4031 vide-

2145 4089 2268 4140 licet
2303 4088 2479 4152 adjuta
2519 4084 2672 4136 votis.
2714 4080 2894 4147 Neque
2934 4077 3075 4131 enim
3118 4074 3217 4126 alia
3252 4069 3403 4124 nobis
3446 4068 3513 4122 de
3540 4080 3706 4120 causa

2145 4178 2374 4230 arbitror
2417 4183 2594 4242 optata
2631 4172 2917 4225 succedere
2940 4207 2956 4234 ,
2993 4180 3149 4235 quam
3178 4163 3406 4230 judicio,
3437 4169 3491 4215 et
3521 4172 3710 4213 amore

2143 4265 2494 4334 Carthaginis.
2536 4263 2682 4317 Vale.

2475 4345 2494 4380 ’·
2735 4346 2947 4403 EPIST.
2987 4344 3124 4398 XXI.

2641 4453 2942 4494 SVIILCBUS
2974 4449 3208 4490 LUCILLO.

2217 4535 2490 4602 Indulgere
2536 4541 2589 4586 te
2627 4531 2765 4598 otio,
2801 4531 3062 4598 Opinionis
3114 4527 3277 4580 falsus
3317 4521 3568 4591 putabam
3610 4539 3623 4573 :
3659 4529 3711 4574 tu

483 4653 652 4698 etatus
677 4656 792 4694 sum
827 4640 929 4694 fide
955 4655 1015 4692 ac
1044 4640 1316 4706 diligentia
1350 4650 1436 4692 tua
1469 4657 1482 4690 ε
1510 4649 1561 4693 et
1590 4637 1852 4691 fortunam
1884 4650 2035 4704 nego-

2149 4641 2273 4680 vero
2309 4626 2548 4677 animum
2581 4621 2836 4686 lectiOne,
2875 4620 3055 4671 labore
3093 4630 3282 4680 corpus
3317 4628 3560 4668 exerces.
3604 4611 3713 4667 Hoc

485 4734 560 4799 tii,
593 4749 696 4786 non
723 4731 1013 4788 defensoris
1044 4731 1355 4792 inscientiae,
1384 4729 1477 4783 sed
1511 4739 1633 4781 voto
1653 4728 1846 4795 judicis
1872 4729 2043 4794 impu-

485 4827 609 4878 tavi.
653 4825 848 4878 llortor
876 4823 1031 4893 igitur
1061 4822 1308 4875 amicitiae
1350 4834 1480 4873 mete
1511 4818 1753 4871 fiduciam
1791 4832 1962 4885 geras,
1991 4825 2046 4870 et

485 4915 771 4969 testimonii
814 4912 1022 4967 interim
1062 4911 1434 4979 astipulatione
1478 4915 1779 4970 contentus,
1828 4907 2041 4959 domum

485 5017 754 5084 nostiam‘
782 5021 898 5074 quae
938 5002 1115 5056 multis
1143 5001 1568 5055 circumlatratur
1599 4987 1801 5065 injuriis
1823 5041 1835 5064 ,
1865 4997 2043 5049 foren-

485 5102 558 5152 sis
603 5083 873 5150 industrize
911 5094 1106 5146 tuearis
1153 5089 1349 5144 officio.
1397 5087 1504 5143 Nos
1530 5098 1586 5140 ut
1611 5095 1797 5154 sponte
1824 5083 2041 5152 gratiam

486 5193 626 5246 nudo
654 5202 706 5245 et
747 5187 968 5256 simplici
1011 5193 1359 5252 protestantur
1393 5180 1622 5248 alloquio
1649 5219 1662 5242 ,
1695 5178 1760 5229 ita
1803 5177 1864 5228 ad
1905 5175 2044 5227 refe-

490 5286 705 5337 rendam
754 5277 1191 5339 vicissitudinem,
1245 5275 1288 5325 si
1331 5271 1440 5326 fors
1474 5271 1692 5340 juverit,
1736 5284 1889 5336 pares
1927 5280 2044 5320 esse

491 5378 735 5431 nitetnur.
771 5372 917 5426 Vale.

1050 5456 1260 5511 EPIST.
1301 5454 1482 5508 XVIII.

963 5563 1265 5604 εἳΙὶΙΔῦιίυὸ
1298 5561 1570 5600 Ριιτιιυικο.

563 5647 615 5701 In
645 5658 771 5712 agro
798 5656 881 5696 me
908 5655 1026 5694 esse
1068 5636 1294 5690 miraris.
1337 5637 1402 5688 At
1430 5649 1526 5701 ego
1549 5629 1740 5700 jIIrIIUS
1769 5638 1950 5694 stupeo
1979 5629 2044 5682 ad

492 5752 823 5795 communem
857 5745 905 5787 te
934 5732 1152 5802 patriam
1195 5738 1372 5794 Spreto
1416 5727 1550 5780 ruris
1591 5726 1695 5776 otio
1740 5721 2043 5782 revertisse,

495 5834 596 5888 nisi
622 5832 758 5899 quod
786 5841 995 5885 causam
1022 5824 1115 5880 tibi
1142 5821 1342 5880 reditus
1369 5820 1555 5875 iterata
1585 5819 1646 5872 lis
1678 5815 1868 5869 attulit.
1896 5814 2042 5868 Alio-

2143 4715 2380 4771 indicant
2425 4715 2663 4780 scripta,
2717 4721 2770 4764 et
2821 4723 3038 4762 munera
3090 4716 3176 4759 tua
3223 4706 3362 4774 stylo
3409 4703 3714 4772 exscquta,

2145 4817 2201 4860 et
2243 4813 2392 4872 parta
2432 4813 2644 4856 venatu.
2699 4801 2823 4853 Mihi
2863 4798 3119 4852 Flamlnia
3160 4795 3456 4853 emetienda
3495 4804 3611 4860 est,
3649 4792 3714 4847 ad

2146 4906 2311 4946 novos
2353 4892 2525 4943 fasces
2561 4889 2803 4957 generosi
2836 4886 3064 4940 consulis
3102 4897 3342 4940 evocato.
3372 4883 3415 4937 Ο
3438 4883 3480 4936 si
3503 4883 3716 4936 reditus

2147 4990 2268 5034 tuus
2288 4987 2622 5046 antecaperet
2644 4978 2981 5047 profectionis
3010 4990 3143 5030 mea:
3171 4972 3506 5028 molitiones‘.
3533 4971 3713 5039 juvari

2151 5087 2236 5127 me
2275 5070 2602 5139 amplissimo
2647 5071 2836 5124 viatico
2880 5067 3176 5122 crederem.
3230 5062 3336 5117 Sed
3374 5062 3500 5129 quia
3540 5063 3714 5116 multo

2149 5163 2339 5217 itinere
2376 5162 2721 5216 discerniniur
2748 5201 2762 5220 ,
2803 5168 2858 5213 et
2913 5173 3082 5225 neque
3126 5155 3256 5209 mihi
3305 5167 3450 5208 mora
3477 5147 3715 5217 {neque

2149 5254 2238 5305 tibi
2281 5252 2578 5320 properatio
2624 5246 2897 5303 Commoda
2950 5255 3072 5310 est,
3115 5244 3290 5299 verbis
3349 5241 3540 5309 pagina
3589 5227 3715 5294 fun-

2149 5356 2316 5413 getur.
2382 5343 2604 5398 Prxfata
2657 5341 2926 5393 numinum
2990 5341 3180 5403 venia,
3226 5343 3505 5404 pmtorem
3556 5331 3716 5403 Sym-

2151 5440 2393 5490 machum
2449 5451 2622 5489 meum
2688 5447 2810 5487 mox
2866 5431 3122 5484 urbanum
3181 5423 3405 5481 tribunal
3461 5423 3719 5492 accipiet.

2153 5532 2303 5585 Festa
2334 5532 2449 5599 ejus
2485 5527 2799 5598 frequentari
2829 5525 3114 5594 potissimis
3152 5522 3439 5574 amicorum
3461 5559 3478 5584 ,
3519 5519 3718 5586 quibus

2150 5623 2533 5686 annumeraris,
2565 5628 2774 5687 exopto.
2829 5618 2898 5671 Da
2939 5620 3088 5670 istam
3129 5611 3347 5683 gratiam
3391 5609 3577 5678 procul
3625 5609 3715 5662 ab,

2153 5717 2326 5767 futuro
2349 5713 2536 5767 iisdem
2571 5710 2776 5766 diebus.
2808 5707 3018 5764 Gratius
3045 5712 3125 5759 est
3165 5701 3306 5772 quod
3345 5697 3590 5756 defertur
3619 5697 3716 5752 ab-

2153 5811 2405 5869 sentibus.
2432 5807 2578 5863 Vale.
