3896 6320
170 434 248 485 ειτ
1260 422 1727 490 ΕΡΙΞΤΟΙΑΒΟΜ
1770 434 1965 491 LIBER
2008 439 2139 492 vui.

1696 546 1970 603 A~atunris
2022 547 2070 598 in
2125 557 2174 600 te
2225 549 2387 601 nostri
2442 548 2641 602 tenebis
2691 558 2896 603 testem.
2947 549 3137 605 Verum
3179 565 3226 608 te
3264 556 3315 607 in

705 544 908 598 EPiST.
951 543 1106 598 XXII.

574 646 885 687 Stulteuts
914 650 1215 687 sat-nuxtco.

216 722 262 774 In
301 738 382 776 ore
420 730 509 776 tuo
562 735 755 778 vernat
795 725 1041 792 Cecropia
1089 740 1234 777 musa
1282 722 1449 776 :niihi
1496 722 1671 789 lingua

158 812 342 864 Latiaris
377 822 471 865 est.
522 812 635 867 Nec
681 813 1056 867 desideraveris
1096 828 1242 880 aqua
1280 813 1397 880 styli
1430 812 1528 864 mei
1559 828 1672 863 inu-

151 917 271 955 nera.
301 900 497 956 Litteris
524 905 793 958 vincimur
815 944 831 969 ,
873 919 1051 958 amore
1093 915 1371 957 certamus.
1421 902 1523 956 Sed
1554 918 1666 955 me-

146 992 229 1044 rito
253 992 583 1045 rescriberem
611 1033 628 1058 ,
662 994 707 1045 si
746 994 911 1047 solam
948 994 1217 1058 epistolam
1256 993 1550 1045 detulisses.
1588 992 1665 1045 Tu

146 1097 246 1135 vero
268 1123 280 1141 .
308 1094 359 1134 ut
382 1098 438 1137 es
465 1083 759 1138 amicorum
788 1084 1011 1153 diligens
1034 1127 1051 1149 ,
1102 1084 1428 1137 bibliotheca:
1473 1094 1666 1137 nostra

143 1173 396 1225 carminum
447 1184 663 1225 tuorum
704 1172 911 1226 divitias
955 1172 1194 1225 intulisti.
1240 1172 1372 1235 Quid
1420 1171 1511 1226 tibi
1564 1173 1665 1226 hoc

142 1264 318 1329 dignum
361 1262 648 1330 rependam
674 1304 691 1327 ,
742 1263 911 1318 tenuis
957 1262 1068 1329 ipse
1113 1261 1367 1315 facundia
1393 1300 1410 1324 ,
1440 1270 1493 1314 et
1532 1276 1661 1328 [nau-

140 1353 293 1419 pertini
334 1352 567 1420 ingenii?
626 1351 855 1405 Tradam
893 1353 1109 1418 publicai
1139 1350 1470 1405 admirationi
1498 1393 1512 1417 ,
1544 1366 1661 1417 qua:

140 1442 319 1509 legenda
350 1442 561 1496 misisti.
605 1441 677 1495 Et
704 1456 1003 1510 quanquam
1042 1441 1283 1494 laudator
1314 1442 1481 1509 impar
1504 1484 1519 1505 ,
1560 1442 1657 1493 bo-

133 1546 233 1584 num
276 1532 450 1585 seculi
503 1531 807 1598 publicabo.
870 1530 1006 1583 Nihil
1059 1545 1122 1583 ex
1180 1531 1278 1583 hoc
1323 1530 1660 1597 derogabitur

130 1621 275 1688 operis
320 1620 391 1673 tui
444 1620 652 1688 gloriae.
710 1620 840 1674 Nam
894 1629 947 1673 et
1003 1620 1283 1673 Homerum
1336 1619 1577 1672 novimus
1624 1634 1654 1671 a

127 1710 431 1764 dissimilibus
481 1711 783 1779 pradicari.
850 1708 1068 1764 Careret
1114 1710 1305 1777 quippe
1355 1708 1488 1760 fama
1539 1723 1652 1760 ma-

126 1818 313 1871 gnorum
356 1802 592 1857 virorum
650 1801 1002 1865 celebritate,
1051 1800 1097 1855 si
1150 1800 1306 1853 etiam
1362 1798 1653 1852 minoribus

3214 447 3318 502 518

1776 634 2114 687 re-cribcudo
2154 637 2304 689 decet
2351 652 2467 690 esse
2509 637 2788 705 prolixum.
2840 639 3015 708 Neque
3047 641 3185 694 enim
3226 658 3317 707 par

1771 722 2005 774 conditio
2033 733 2113 776 est
2144 725 2313 778 iterati
2340 739 2368 777 a
2394 740 2498 788 me,
2520 727 2727 793 utrique
2746 737 2920 780 autem
2950 741 3185 782 nostrum
3211 733 3317 783 sin-

1768 813 1963 880 gularis
1993 814 2207 867 laboris.
2253 815 2391 869 Duos
2418 827 2619 869 meatus
2649 817 2851 885 replere
2880 832 2984 871 uno
3012 819 3153 873 fonte
3180 820 3317 874 (lifti-

1767 903 1867 955 cile
1892 913 1972 955 est
2006 921 2017 953 :
2045 906 2133 957 uni
2164 906 2313 958 alveo
2339 905 2546 959 abunde
2580 906 2803 959 influunt
2828 906 3089 974 duplicata
3118 909 3314 977 princi-

1766 994 1869 1057 pia.
1906 991 2049 1044 Vale.

2329 1082 2542 1138 EPIST.
2582 1083 2745 1137 XXV.

2271 1187 2571 1226 SVIIACIICS
2608 1186 2813 1225 ALBINO.

1830 1262 1999 1316 Credo
2019 1263 2288 1331 arbitreris
2306 1263 2710 1316 circumsessum
2733 1279 2816 1317 me
2830 1262 3128 1333 Campania
3148 1279 3312 1319 amre-

1760 1354 2029 1417 nitatibus,
2061 1354 2323 1407 scribendi
2353 1354 2416 1406 ad
2445 1362 2497 1408 te
2524 1355 2777 1409 hactenus
2805 1355 3149 1425 negligentem
3181 1357 3308 1411 fuis-

1758 1458 1835 1494 se.
1879 1442 1991 1495 Non
2019 1452 2097 1495 est
2124 1457 2187 1496 ea
2238 1442 2442 1495 fortuna
2474 1443 2657 1496 horum
2689 1442 2926 1498 locorum
2950 1484 2965 1507 ,
3012 1453 3070 1498 ut
3114 1445 3305 1498 seriam

1758 1548 1935 1586 curam
1968 1533 2217 1599 sepeliant
2254 1532 2567 1599 voluptates.
2607 1530 2837 1587 Insolitis
2872 1534 3045 1586 omnia
3079 1534 3309 1587 necessi-

1759 1624 1950 1675 tatibus
1980 1631 2241 1689 strepunt,
2273 1630 2324 1675 et
2353 1621 2498 1675 oneri
2527 1636 2736 1676 cessere
2759 1621 2981 1676 deliciae.
3014 1623 3184 1688 Quare
3214 1636 3308 1674 ne-

1753 1714 1950 1780 gotium
1982 1728 2078 1780 pro
2119 1713 2224 1766 οιῖο
2267 1713 2457 1780 reperi.
2504 1711 2609 1765 Nec
2638 1726 2847 1781 possum
2886 1711 3037 1765 facile
3080 1711 3145 1765 ad
3193 1710 3305 1765 hanc

1752 1802 1997 1855 amicitiae
2026 1801 2202 1854 munia
2229 1803 2459 1854 animum
2489 1811 2815 1869 retorquere.
2856 1801 3100 1869 Spondeo
3130 1811 3302 1854 tamen

125 1870 312 1945 testibus
354 1901 606 1947 contenta
666 1907 771 1945 non
821 1900 981 1946 esset.
1046 1890 1150 1946 Sed
1198 1889 1326 1959 quid
1372 1889 1486 1945 hac
1528 1891 1645 1944 lon-
1676 1870 1724 1929 Β
1753 1892 2056 1946 reverentiae
2086 1902 2210 1955 tum,
2237 1907 2351 1959 qum
2376 1891 2564 1945 litteris
2593 1892 2720 1944 meis
2752 1892 3019 1958 prml’eras.
3052 1891 3305 1959 Relegere

121 1982 213 2048 gius
247 1979 421 2044 traho,
452 1996 574 2034 cum
621 1981 934 2035 brevitatem
983 1980 1300 2034 verecundia
1334 1988 1421 2033 tua
1472 1989 1650 2048 postu-

120 2070 213 2122 let?
252 2068 377 2123 Cura
407 2079 465 2123 ut
492 2072 696 2124 valeas.
746 2070 810 2124 Et
834 2071 880 2123 si
906 2069 1031 2137 quid
1059 2070 1196 2138 stylo
1224 2069 1501 2141 adieceris,
1528 2083 1647 2122 eum

120 2158 335 2213 mediocri
358 2159 573 2229 judice,
604 2159 702 2214 sed
738 2174 841 2213 non
880 2159 1085 2229 ingrato
1114 2160 1339 2227 lectore,
1372 2158 1642 2228 participa.

119 2247 239 2302 Vale.

642 2337 857 2392 EPIST.
900 2334 1084 2392 XXIII.

246 2476 247 2479 η
538 2442 848 2501 δῖωμιευες
887 2442 1167 2480 ΙΑΙιΩιΑΝο.

166 2516 286 2570 Deos
331 2530 469 2581 oro,
518 2527 579 2571 ut
633 2532 753 2586 qua:
806 2517 931 2570 niihi
982 2517 1189 2572 interim
1237 2513 1480 2568 valetudo
1526 2522 1639 2579 est,

110 2605 267 2659 eadem
322 2606 414 2660 tibi
484 2620 548 2660 ac
602 2608 707 2661 tuis
763 2615 1024 2674 suppetat.
1090 2605 1284 2660 Videor
1340 2608 1493 2672 plene
1543 2606 1641 2658 hoc

104 2694 373 2763 anteloquio
432 2696 718 2749 scribenda
768 2698 1117 2762 complexus,
1166 2698 1232 2749 de
1281 2706 1368 2749 tua
1418 2698 1639 2750 sanitate

104 2794 255 2836 votum
293 2800 465 2837 meum
492 2826 507 2849 ,
536 2786 605 2839 de
649 2800 766 2839 mea
796 2786 1060 2853 gaudium.
1105 2784 1207 2839 Sed
1235 2785 1487 2852 epistolas
1516 2788 1636 2839 bre-

104 2886 177 2926 ves
198 2888 307 2928 esse
332 2890 433 2928 non
463 2874 684 2943 pateris.
708 2875 835 2941 Qua:
859 2875 1015 2944 igitur
1043 2876 1281 2935 ὑπόθεσις
1309 2876 1408 2929 erit
1437 2877 1637 2943 paginas

103 2964 359 3032 langiorisi
409 2965 510 3021 Ubi
574 2966 699 3028 sim,
750 2966 874 3032 quid
922 2967 1117 3034 egerim
1169 2968 1329 3036 (nam
1377 2970 1635 3036 praecipue

101 3056 302 3109 amicitia
345 3073 524 3112 rerum
572 3058 757 3111 talium
798 3058 1006 3111 curiosa
1057 3058 1160 3123 est)
1205 3060 1247 3109 si
1296 3058 1465 3124 placet
1515 3073 1636 3127 pro-

103 3156 289 3209 sequar.
337 3145 662 3213 Principium
706 3146 1028 3211 voluptatum
1076 3145 1467 3224 quurmiano
1515 3147 1632 3200 sinu

102 3233 323 3296 nascitur,
360 3250 476 3303 qua:
506 3237 699 3289 civitas
728 3235 988 3303 quondam
1020 3234 1414 3304 Laestrygonum
1443 3237 1633 3304 papulo

98 3321 239 3375 fertur
272 3323 520 3378 habitata.
577 3325 689 3379 Hos
713 3326 883 3379 ventri
922 3335 974 3379 et
1013 3327 1149 3395 gula:
1195 3342 1360 3395 usque
1405 3327 1470 3380 ad
1508 3328 1634 3381 feri-

99 3413 199 3464 tatis
240 3412 481 3467 invidiam
530 3414 758 3481 legimus
804 3414 1097 3467 obsecutos.
1123 3474 1129 3481 .
1156 3415 1428 3468 Plusculos
1472 3418 1523 3468 in
1567 3432 1633 3470 eo

100 3497 251 3554 littore
294 3503 438 3566 dies,
486 3504 583 3557 sed
622 3503 928 3558 deliciarum
970 3519 1157 3572 parcus
1194 3508 1379 3574 exegi;
1433 3516 1629 3561 tantam

97 3592 195 3644 ωειιί
260 3593 561 3649 salubritate
641 3604 698 3650 et
746 3610 997 3663 aquarum
1047 3596 1238 3664 frigore
1291 3597 1631 3653 suadentibus

98 3696 296 3735 moram.
348 3684 624 3737 Aﬂ'uerunt
680 3684 897 3753 pignora
942 3700 1095 3749 mea;
1152 3702 1373 3753 quorum
1416 3689 1630 3756 cupiens

95 3782 251 3823 nostra
284 3773 408 3828 urbe
437 3788 824 3841 processeram.
870 3774 973 3829 Nec
1009 3776 1105 3829 fuit
1145 3792 1355 3845 operae,
1387 3794 1510 3831 mox
1547 3780 1628 3832 ul-

96 3862 234 3915 terius
282 3864 374 3916 iter
410 3864 660 3933 aggredi,
706 3880 825 3919 cum
870 3878 1062 3932 przesto
1102 3878 1277 3921 essent
1322 3868 1625 3923 desiderati.

92 3947 284 4005 litorum
325 3954 515 4007 dehinc
555 3955 819 4008 arbitratu
867 3956 966 4024 legi
1014 3972 1158 4011 oram
1186 4002 1199 4023 ,
1240 3977 1355 4027 quae
1391 3961 1629 4014 Formias

92 4050 133 4090 ct
166 4041 444 4095 Cumanum
490 4044 639 4097 littus
686 4046 978 4113 interjacet.
1029 4050 1173 4103 Nunc
1215 4052 1407 4104 mutuis
1438 4052 1624 4104 invita-

89 4130 294 4183 tionibus
318 4142 404 4187 aut
440 4134 491 4186 in
526 4134 758 4202 Baulos,
801 4148 891 4190 aut
930 4139 981 4191 in
1016 4138 1355 4194 Nichomacbi
1386 4141 1624 4196 Gaurana

87 4222 371 4287 migramus.
418 4225 723 4279 Amicorum
758 4228 979 4283 subinde
1008 4232 1131 4284 mihi
1163 4232 1488 4286 afﬂuentium
1521 4235 1624 4287 lar-

86 4308 204 4371 giter
226 4322 323 4365 est.
360 4312 468 4368 Non
498 4330 691 4368 vereor
710 4359 724 4383 ,
762 4330 831 4369 ne
856 4332 939 4370 me
969 4317 1209 4373 lascivire
1237 4323 1288 4373 in
1321 4330 1457 4375 tanta
1484 4322 1626 4375 loco-

84 4411 185 4449 rum
214 4403 535 4468 amcaitate,
571 4414 626 4457 et
646 4418 824 4458 rerum
854 4406 1000 4474 copia
1033 4418 1202 4477 putes.
1232 4411 1431 4479 Ubique
1462 4413 1621 4465 vitam

84 4487 271 4552 agimus
292 4492 637 4558 consularem,
662 4502 717 4548 et
742 4495 795 4547 in
818 4494 1042 4550 Lucrino
1068 4498 1190 4552 serii
1213 4513 1412 4557 sumus.
1441 4501 1620 4556 Nullus
1642 4544 1645 4547 .

1749 1982 1813 2035 ad
1855 1997 1952 2035 vos
1996 1983 2097 2035 iter
2140 1980 2438 2035 avidissime
2483 1981 2687 2034 studeo.
2743 1980 2935 2034 Eadem
2987 1982 3179 2049 quippe
3217 1996 3303 2036 me

1745 2088 1903 2128 causa
1922 2110 1937 2141 ,
1967 2089 2085 2143 qua:
2114 2076 2279 2128 vetuit
2306 2076 2563 2141 scribere,
2588 2076 2729 2144 cogit
2755 2075 2947 2131 redire.
2980 2075 3125 2130 Vale.

2304 2200 2509 2257 EPIST.
2553 2201 2739 2255 XXVI.

2222 2305 2526 2346 SVIIACHUS
2554 2306 2831 2347 αιιςοκιο.

1813 2401 1944 2456 Dedi
1973 2400 2038 2454 ad
2064 2410 2338 2468 parentem
2368 2408 2515 2453 tuum
2544 2400 2767 2467 litteras,
2801 2401 2990 2469 quibus
3018 2411 3296 2455 contentus

1741 2504 1859 2545 esse
1886 2492 2121 2558 potuisti.
2155 2489 2284 2543 Nam
2322 2499 2379 2542 ut
2404 2496 2487 2543 est
2521 2490 2731 2558 utrique
2766 2499 2996 2544 vestrum
3029 2506 3161 2545 unus
3185 2493 3296 2544 ani-

1741 2594 1888 2641 mus;
1923 2580 1989 2632 ita
2013 2579 2296 2631 satisfaciet
2324 2577 2463 2632 idem
2491 2578 2661 2632 cultus
2689 2578 2961 2632 ambobus.
2994 2578 3095 2633 Sed
3132 2580 3294 2635 metui

1738 2667 2123 2732 imitationem,
2156 2683 2222 2721 ne
2261 2667 2389 2720 mihi
2428 2669 2563 2722 alter
2594 2682 2624 2721 e
2658 2664 2807 2721 vobis
2842 2668 3063 2721 duorum
3092 2670 3205 2722 vice
3241 2680 3293 2723 et

1737 2772 1831 2810 ore
1860 2757 2199 2811 rescriberet.
2225 2756 2430 2823 Quare,
2467 2766 2523 2809 ut
2549 2756 2599 2809 in
2634 2756 2834 2811 honore
2865 2756 3144 2811 Numinuut
3178 2758 3291 2811 ﬁeri

1736 2848 1889 2910 solet,
1921 2846 2143 2900 litationi
2170 2846 2307 2898 addo
2332 2846 2631 2909 donarium,
2656 2846 2835 2909 breve,
2863 2847 3046 2913 fateor,
3078 2857 3125 2900 et
3154 2847 3291 2913 quod

1737 2935 1995 3005 prolixius
2020 2949 2138 2989 esse
2162 2935 2445 2987 voluisses.
2467 2934 2569 2987 Sed
2595 2934 2644 2986 in
2672 2935 2889 3001 adjectis
2917 2950 3157 2988 mensura
3189 2950 3290 2988 non

1737 3027 2007 3092 queritur.
2041 3024 2157 3091 Ipse
2192 3024 2397 3091 c0piam
2426 3024 2587 3078 redde
2616 3024 2879 3087 brevitati;
2912 3025 3028 3090 quia
3069 3024 3291 3077 familia-

1736 3131 1823 3168 res
1863 3115 2080 3183 paginas
2118 3128 2212 3168 eos
2249 3123 2459 3182 oportet
2496 3116 2814 3179 extendere,
2843 3116 3034 3185 quibus
3072 3131 3173 3170 non
3210 3125 3291 3170 est

1660 3205 1702 3266 C
1737 3220 1955 3260 necesse
1981 3204 2266 3273 geminare.
2306 3204 2449 3257 Vale.

2276 3292 2490 3347 EPIST.
2532 3292 2743 3347 XXVII.

2189 3403 2489 3442 SYMIACHL'S
2516 3402 2821 3440 CENSORINO.

1804 3490 2049 3565 Prompta
2078 3506 2130 3551 et
2159 3496 2309 3549 avida
2332 3511 2491 3548 manu
2520 3496 2719 3548 litteras
2752 3504 3022 3557 tuas,cum
3056 3493 3181 3545 mihi
3212 3493 3287 3545 of.

1733 3589 2027 3655 ferrentur,
2066 3588 2267 3652 invasi,
2302 3597 2356 3639 ut
2402 3601 2650 3654 prospera
2687 3586 3007 3653 cogniturus.
3040 3583 3143 3639 Sed
3169 3568 3287 3638 cum

1732 3693 2095 3745 percurrerem
2136 3679 2360 3729 lectione
2399 3679 2849 3731 enumerationem
2894 3677 3288 3745 dispendiorunt

1730 3779 1971 3831 tuorum,
2002 3766 2258 3835 voluptati
2289 3767 2543 3820 successit
2580 3766 2822 3820 offensio.
2858 3765 2921 3817 Et
2953 3766 3041 3818 illa
3078 3766 3287 3833 quidem

1730 3859 1983 3923 adversa,
2011 3873 2127 3925 qua:
2153 3872 2271 3910 cum
2305 3856 2544 3924 plurimis
2575 3856 2865 3925 pertulisti,
2896 3869 3043 3909 more
3073 3853 3286 3909 humani

1730 3948 1943 4016 ingenii,
1978 3947 2174 4000 habent
2209 3946 2419 4014 aliquod
2450 3947 2515 3998 de
2542 3946 2792 3998 societate
2824 3945 3067 3998 solatium
3101 3962 3115 3998 :
3150 3944 3287 3998 hunc

1728 4053 1853 4092 vero
1883 4039 2114 4107 piratica:
2144 4034 2550 4103 depraedationis
2590 4036 2751 4087 ictum
2774 4078 2787 4101 ,
2817 4050 2969 4103 quem
3013 4034 3286 4102 speciatim

1727 4144 1880 4184 casus
1926 4129 2017 4181 tibi
2068 4128 2230 4181 durus
2278 4128 2505 4194 adjecit,
2549 4127 2862 4195 impressum
2910 4126 3069 4179 altius
3108 4135 3283 4193 puto;

1726 4222 1844 4290 quia
1884 4234 2052 4288 neque
2081 4218 2237 4271 habet
2270 4219 2598 4285 participem,
2627 4226 2679 4271 et
2704 4218 2986 4286 geminavit
3024 4216 3284 4281 dolorem,

1725 4314 1915 4365 Contra
1960 4311 2069 4363 haec
2106 4309 2346 4375 fortuita,
2376 4310 2569 4363 virtute
2604 4324 2663 4363 ac
2708 4309 2909 4361 ratione
2951 4306 3161 4361 animus
3199 4322 3284 4361 ar.

1727 4405 1948 4456 mandus
1972 4410 2072 4463 est,
2102 4415 2225 4469 spes
2249 4414 2458 4467 quoque
2476 4397 2792 4455 assumenda
2815 4397 3114 4451 meliorum.
3134 4396 3283 4464 Saepe

1727 4494 2004 4547 titubantia
2048 4492 2101 4545 in
2140 4490 2368 4544 solidum
2409 4494 2765 4540 reverterunt.
2804 4484 2942 4538 Nihil
2982 4484 3282 4539 hominibus

81 4590 121 4626 Ill
162 4579 374 4633 navibus
408 4596 573 4637 canor
600 4624 615 4649 ,
643 4584 787 4639 nulla
817 4586 869 4640 in
900 4588 1151 4643 conviviis
1189 4589 1436 4646 helluatio
1459 4632 1475 4657 ,
1522 4609 1619 4647 nec
1651 4552 1700 4612 θ
1727 4596 1981 4639 aeternum
2013 4594 2112 4637 est.
2144 4583 2379 4635 Volvunt
2401 4580 2641 4635 mortalia
2673 4580 2813 4633 vices
2840 4580 3059 4645 crebrze,
3092 4588 3144 4633 et
3168 4594 3281 4631 om-

81 4662 414 4735 frequentatio
440 4672 747 4728 balnearum
773 4714 788 4740 ,
833 4678 1054 4762 nec.‘ulli
1082 4678 1330 4745 iuvenum
1371 4695 1621 4748 procaces

80 4768 296 4813 natatus.
338 4761 483 4819 Scias
510 4766 717 4820 nullum
757 4782 880 4823 esse
915 4761 969 4823 in
1011 4769 1212 4824 luxuria
1242 4771 1440 4826 crimen
1470 4771 1618 4827 loco-

78 4862 205 4905 rum.
243 4849 384 4907 Vale.
784 4906 790 4911 ,
1308 4877 1330 4908 r

623 4945 839 5003 EPIST.
881 4947 1067 5002 XXIV.

500 5052 811 5094 SVIIACIIUS
836 5056 1198 5096 ΙΛΧΠΠΝΙΔΝΟ.

140 5119 281 5176 Nihil
307 5123 437 5180 inter
463 5134 548 5193 te,
580 5138 635 5182 et
674 5139 945 5197 parentem
980 5139 1124 5185 tuum
1162 5134 1415 5201 optimum
1445 5149 1503 5189 re
1528 5146 1617 5192 aut

74 5208 340 5268 adiectione
358 5214 578 5270 divisum
601 5226 703 5272 est.
738 5219 881 5288 Ergo
914 5230 969 5275 et
997 5221 1220 5289 litteras,
1256 5240 1383 5295 quas
1412 5225 1476 5279 ad
1503 5226 1617 5294 ejus

72 5302 403 5359 reveratiam
440 5305 600 5371 misi,
643 5315 703 5361 ut
738 5311 972 5363 omnium
1022 5315 1280 5380 particeps
1306 5356 1320 5381 ,
1369 5314 1420 5367 in
1464 5329 1614 5370 acce-

78 5394 223 5452 pturu
256 5392 441 5451 referre
479 5395 719 5464 potuisti.
761 5396 867 5451 Sed
916 5399 1017 5462 iam
1056 5400 1308 5455 colendus
1355 5416 1413 5457 es
1464 5404 1613 5457 nobis

76 5482 231 5533 etiam
265 5489 344 5537 tuo
380 5492 607 5544 nomine.
660 5488 924 5544 Prmterea
960 5495 1113 5559 cavi,
1156 5508 1223 5546 ne
1261 5492 1611 5561 respondente

82 5583 187 5621 uno
244 5571 567 5642 imputaretur
617 5578 749 5633 mihi
816 5580 1044 5634 vicissim
1114 5598 1303 5637 munus
1362 5584 1606 5639 duorum.

80 5658 319 5721 Convenit
352 5678 517 5728 tamen
558 5673 801 5731 brevitas
845 5674 967 5727 huic
1010 5675 1252 5743 paginae,
1281 5674 1401 5746 quia
1440 5679 1606 5731 relatu

83 5752 229 5823 dis"!
266 5763 542 5835 Mcrpsi.
588 5764 772 5834 Quare
814 5762 1112 5824 sermonem
1159 5764 1316 5821 istum
1360 5776 1603 5837 tanquam

1726 4675 1868 4729 nium
1910 4689 2083 4727 rerum
2126 4672 2246 4740 fuga
2276 4672 2483 4725 visitur.
2511 4670 2697 4724 Paucis
2724 4670 2820 4723 ista
2856 4668 3279 4738 perstrinxerim,

1722 4783 1842 4823 cum
1874 4767 1965 4821 tibi
2012 4780 2106 4835 pro
2150 4764 2448 4819 eruditione
2473 4764 2623 4831 plura
2665 4772 2995 4816 succurrant.
3028 4761 3175 4815 Nunc
3211 4763 3275 4814 ad

1725 4863 1811 4915 illa
1866 4860 2160 4927 respondeo
2203 4872 2319 4927 quae
2346 4866 2398 4909 tu
2442 4870 2527 4909 me
2550 4856 2686 4909 scire
2712 4854 2921 4908 voluisti
2944 4871 2964 4907 ;
2999 4854 3279 4922 Quampii-

1724 4966 1865 5005 mum
1900 4950 2167 5017 Neapolim
2196 4949 2359 5016 petitu
2385 4946 2574 5000 civium
2604 4956 2813 4998 tuorum
2850 4945 3021 4999 visere
3049 4944 3273 5005 studeo;

1722 5042 1827 5096 illic
1852 5041 2036 5093 honori
2065 5038 2210 5092 urbis
2230 5036 2493 5105 religioste
2523 5034 2856 5089 intervallum
2889 5033 3031 5087 bidui
3061 5033 3277 5101 deputa-

1722 5132 1807 5185 bo.
1838 5130 2065 5191 Dehinc,
2097 5129 2139 5181 si
2172 5128 2305 5180 bene
2333 5125 2591 5180 destinata
2629 5124 2699 5177 dii
2730 5123 2992 5192 juverint,
3022 5121 3274 5189 Capuano

1722 5223 1907 5275 itinere
1937 5218 2294 5273 venerabilem
2334 5216 2486 5270 nobis
2530 5216 2777 5278 Romam,
2818 5213 3088 5281 laremque
3131 5211 3294 5280 ιντερ-⁸

1722 5326 1857 5365 mus.
1890 5311 2027 5363 Inter
2051 5310 2183 5375 inec,
2210 5308 2254 5361 si
2282 5308 2407 5362 mihi
2438 5307 2675 5362 evenerit
2700 5314 2912 5373 aspectu
2934 5316 2984 5360 et
3014 5306 3272 5373 colloquio

1720 5412 1809 5455 tuo
1839 5401 2007 5455 defrui
2031 5440 2046 5465 ,
2078 5400 2328 5468 explebor
2356 5398 2530 5466 gaudii
2572 5397 2831 5458 satietate.
2862 5399 2952 5451 Sin
2986 5398 3153 5465 major
3180 5414 3269 5450 ne-

1720 5494 1937 5545 cessitas
1968 5490 2237 5558 negaverit
2278 5488 2429 5543 nobis
2462 5488 2533 5542 tui
2568 5490 2807 5557 copiam,
2840 5488 2995 5541 velim
3026 5504 3267 5542 curarmu

1718 5583 1856 5636 nube
1892 5585 2095 5637 detersa
2128 5598 2243 5636 eam
2282 5586 2549 5651 sapienter
2575 5594 2812 5635 resumas
2841 5583 3001 5635 animi
3027 5581 3268 5634 alacrita-

1716 5682 1852 5737 tem,
1885 5689 2037 5741 quam
2082 5674 2174 5727 tibi
2207 5687 2521 5744 congressus
2561 5684 2739 5730 noster
2765 5674 2948 5729 sedulo
2984 5672 3268 5729 conciliare

1714 5766 1984 5835 potuisset.
2018 5765 2161 5823 Vale.
