3826 6358
499 436 597 492 319

1025 545 1237 601 EPIST.
1279 544 1510 601 XXVIII.

989 650 1293 691 SVIIMCBIJB
1323 654 1552 697 κουλκο.

569 720 872 779 Meminisse
896 733 946 779 te
967 726 1080 779 scio
1118 727 1257 795 quod
1284 742 1369 781 me
1392 743 1600 797 quoque
1628 726 1766 782 idem
1794 727 1861 783 de
1886 728 2061 783 amico

496 811 647 865 dolor
670 814 925 881 perculit;
952 816 1043 869 sed
1062 816 1170 885 jam
1200 817 1351 872 nobis
1378 833 1682 873 sermonum
1703 819 1843 874 vices
1866 820 2063 875 debent

495 916 613 956 esse
643 904 850 959 solatio.
880 904 1068 966 Scribo
1097 906 1281 975 igitur,
1315 909 1641 976 respondere
1670 911 1877 980 cogaris
1896 952 1912 974 ,
1941 921 1997 966 et
2029 926 2059 967 a

500 990 721 1046 funestis
763 996 1175 1063 cogitationibus
1213 999 1399 1053 redeas
1443 1001 1494 1055 in
1530 990 1707 1055 ‘offtcia
1746 1005 2060 1059 viventium.

498 1080 703 1137 Fecerit
751 1086 991 1153 religiosa
1020 1103 1177 1143 causa
1205 1104 1271 1144 ne
1306 1093 1449 1159 prior
1484 1094 1749 1149 scriberes
1775 1111 1788 1147 :
1819 1111 1923 1151 non
1951 1098 2066 1153 eris

493 1180 600 1229 tam
628 1175 958 1245 irreverens,
987 1186 1045 1234 ut
1073 1193 1393 1249 provocatus
1417 1183 1704 1240 abstineas.
1734 1186 1881 1242 Vale.

1058 1289 1268 1346 EPIST.
1313 1292 1517 1348 XXIX-

1010 1396 1316 1439 εῐιιιιΑειιυε
1342 1401 1546 1443 εΑινιο.

564 1463 683 1520 Vidi
716 1467 766 1522 in
807 1468 997 1525 litteris
1029 1486 1201 1538 nuper
1228 1472 1354 1528 mihi
1379 1476 1601 1531 redditis
1632 1479 1933 1549 religiosum
1965 1497 2066 1552 pro

494 1556 647 1612 nobis
667 1560 827 1613 animi
862 1562 937 1615 tui
971 1561 1241 1630 gaudium,
1271 1573 1325 1618 et
1375 1567 1705 1633 apertissime
1735 1566 2063 1640 deprehendi

496 1648 622 1715 quid
674 1650 957 1717 voluptatis
1012 1667 1078 1707 es
1139 1654 1430 1711 amicorum
1482 1662 1751 1729 prosperis
1816 1679 2066 1733 usurpes.

498 1735 797 1805 Prumptius
847 1741 1005 1808 igitur
1052 1751 1107 1797 te
1154 1743 1317 1813 diligo
1347 1788 1362 1811 ,
1412 1758 1692 1819 postquam
1738 1752 1838 1808 hoc
1881 1768 2061 1812 votum

498 1824 651 1881 bona:
681 1828 873 1883 mentis
902 1831 1124 1899 inspexi.
1148 1832 1215 1889 Et
1242 1838 1482 1903 quamvis
1508 1838 1619 1907 ipse
1641 1839 1855 1897 domino
1885 1858 2063 1915 pecto-

497 1918 572 1972 ris
612 1920 714 1975 mei
753 1922 1201 1979 excellentissimo
1230 1925 1345 1980 viro
1370 1930 1687 1998 scriptorum
1718 1937 1938 2003 gratiam
1971 1955 2065 2008 pro

498 2005 740 2089 Flaviani
786 2011 961 2064 fratris
1001 2011 1075 2065 tui
1120 2013 1324 2069 honore
1355 2016 1626 2073 retulerim
1652 2063 1671 2087 ,
1718 2005 2065 2083 nihilominus

501 2105 675 2151 tamen
712 2114 927 2167 qttmso,
966 2111 1021 2155 ut
1050 2104 1211 2159 etiam
1243 2109 1658 2177 magnitudinem
1698 2118 2066 2183 gratulationis

504 2202 635 2242 mea:
662 2190 798 2259 apud
821 2203 1095 2283 auctorem
1125 2197 1254 2250 tanti
1283 2197 1525 2256 beneﬁcii
1546 2204 1781 2274 digneris
1802 2219 2065 2267 astruere.

502 2277 649 2334 Vale.
834 2277 845 2283 ⁷
1023 2336 1029 2341 .

1068 2353 1279 2410 EPIST.
1322 2359 1493 2416 XXX.

1030 2459 1338 2503 Si’ulscutrs
1364 2468 1530 2509 JOVto.
1596 2500 1597 2503 η

566 2528 807 2585 Interfuit
848 2532 1071 2600 publica
1119 2539 1358 2594 utilitatis
1399 2552 1455 2595 ut
1493 2545 1585 2598 tibi
1618 2548 1816 2617 majora
1855 2554 2073 2622 negotia

498 2619 869 2677 crederentur.
917 2624 1331 2695 Quareprolisa
1376 2648 1481 2687 non
1524 2635 1683 2691 debet
1728 2654 1846 2697 esse
1892 2619 2067 2713 gaudii

428 2775 432 2778 p
498 2711 601 2766 mei
650 2713 958 2781 attestatio,
999 2731 1068 2771 ne
1112 2718 1430 2777 adulationis
1475 2728 1707 2793 suspicio
1752 2711 2068 2791 devenustet

493 2803 675 2867 judicii
707 2808 1030 2868 veritatem.
1070 2808 1210 2879 Opto
1256 2811 1443 2882 igitur,
1489 2817 1581 2872 tibi
1624 2827 1858 2892 suscepti
1903 2824 2067 2883 ofﬁcii

494 2905 682 2947 cursus
709 2894 961 2950 arrideat.
989 2898 1244 2965 Quamvis
1281 2903 1525 2962 dubitare
1560 2925 1665 2964 non
1702 2917 1933 2981 possim,
1968 2932 2068 2973 nec

496 2983 691 3035 mutari
731 2986 1045 3051 probitatem
1072 3028 1088 3053 ,
1116 2999 1171 3045 et
1198 2991 1366 3048 bonas
1394 3006 1539 3052 artes
1570 3001 1787 3058 stimulo
1820 3008 2070 3074 pratmio-

494 3089 612 3129 rum
651 3076 858 3133 felicius
888 3080 1118 3136 incitari.
1152 3084 1303 3141 Vale.

1054 3174 1265 3231 EPIST.
1310 3176 1495 3234 XXXI.

981 3277 1283 3321 sunmus
1312 3280 1559 3343 suoosto'.

564 3347 830 3405 Exsiiltavi
860 3355 1049 3422 gaudio
1073 3358 1143 3412 ob
1182 3360 1430 3416 amicitias
1458 3363 1751 3432 honorem,
1804 3385 1921 3428 cum
1972 3372 2064 3429 lit-

492 3445 631 3492 teras
668 3451 784 3500 tnas
826 3458 1110 3500 sumerem.
1154 3450 1256 3503 Sed
1303 3452 1389 3507 ubi
1428 3454 1631 3512 Annius
1674 3470 1871 3528 noster,
1900 3479 2057 3533 quam

490 3528 562 3581 sis
603 3529 796 3585 dubius
834 3534 1180 3604 valetudinis,
1224 3541 1488 3610 indicavit,
1531 3546 1581 3599 in
1628 3563 1839 3615 gravem
1878 3528 2058 3609 curam

488 3616 665 3672 Ιωιὶιίιι
698 3620 937 3677 derivata
982 3636 1082 3679 est.
1121 3628 1281 3684 Video
1312 3632 1451 3688 enim
1480 3640 1910 3708 peregrinatiOni,
1940 3661 2059 3714 qute

489 3708 659 3762 morbi
693 3710 857 3766 instar
884 3723 995 3777 est,
1026 3716 1277 3773 damnum
1317 3724 1559 3780 sanitatis
1596 3731 1877 3796 adjectum.
1910 3708 2059 3788 Sola-

490 3804 573 3849 tur
621 3805 798 3853 tamen
840 3802 1251 3864 sollicitudinem
1303 3826 1504 3879 meam,
1548 3820 1684 3884 quod
1737 3823 2059 3888 parcimouia

489 3885 583 3937 tibi
616 3885 890 3944 familiaris
918 3899 1036 3957 est,
1063 3895 1199 3962 quod
1227 3910 1448 3967 cognata
1475 3885 1766 3974 sapientiai,
1798 3918 1850 3963 et
1872 3911 2062 3966 ailver-

440 3980 443 3983 ‘
488 3974 560 4026 sis
598 3974 819 4031 fortuna:
856 3982 1063 4037 animus
1108 3985 1369 4054 ingentior
1408 4008 1423 4045 :
1466 4008 1583 4059 quae
1623 3995 1759 4050 bona
1803 4000 2062 4057 reducere

488 4066 663 4119 solent
693 4069 975 4123 valentiam
1004 4076 1262 4141 corporis,
1291 4088 1343 4131 et
1366 4080 1562 4147 vigoris
1589 4101 1857 4142 serenum.
1890 4090 2060 4158 Spero

489 4157 650 4222 igitur
685 4160 751 4213 de
793 4171 844 4217 te
885 4165 1092 4232 Cognitu
1132 4168 1368 4235 laetiora,
1416 4184 1466 4225 ct
1504 4190 1658 4229 aures
1682 4178 1788 4245 jam
1818 4157 2063 4237 felicibus

492 4252 687 4305 nuntiis
729 4268 875 4320 paro.
922 4256 1097 4311 Faciet
1131 4259 1367 4327 justitia,
1410 4280 1527 4332 quae,
1570 4268 1683 4334 pios
1718 4272 1965 4339 respicit,
2005 4283 2063 4328 ut

489 4351 607 4407 post
640 4342 792 4409 hujus
822 4345 1135 4401 incommodi
1158 4351 1318 4403 citum
1345 4357 1645 4425 transitum,
1672 4359 1791 4414 vita:
1817 4372 1918 4416 tua:
1937 4377 2060 4432 pro-

488 4448 645 4502 spera
676 4433 880 4505 longius
914 4440 1267 4513 porrigantur.
1308 4444 1449 4498 Vale.

1030 4554 1248 4612 EPIST.
1292 4559 1504 4613 XXXII.

997 4660 1297 4703 SYIIACIUS
1336 4667 1542 4705 ωιιιιεο.

553 4733 854 4800 Auspicium
886 4737 1010 4791 milii
1042 4741 1305 4795 scribendi
1338 4744 1499 4810 prior,
1527 4755 1587 4799 ut
1614 4737 1727 4801 mos
1757 4758 1860 4814 est,
1885 4750 2058 4807 facere

485 4822 735 4888 debuisti,
763 4842 883 4881 cum
914 4838 965 4881 te
994 4830 1147 4896 hujus
1175 4831 1459 4901 diligentia:
1482 4834 1765 4891 domestici
1792 4841 2052 4895 tabellarii

483 4913 687 4968 reditus
714 4928 1097 4972 commoneret.
1135 4921 1239 4974 Sed
1270 4926 1391 4989 quia
1420 4925 1573 4979 nobis
1602 4929 1681 4982 vel
1712 4928 1939 4995 oblivio,
1966 4932 2051 4987 vel

486 5009 763 5073 occupatio
796 5010 1062 5077 religionis
1095 5018 1196 5064 tua:
1228 5012 1587 5067 desideratum
1625 5034 1811 5072 munus
1841 5021 2050 5087 invidit,

479 5112 577 5165 ego
608 5115 802 5167 usurpo
831 5102 1139 5169 principium
1173 5123 1185 5155 :
1217 5106 1571 5159 aestimaturus
1612 5108 1663 5161 in
1700 5111 1958 5180 reliquum
1989 5114 2054 5170 de

481 5191 693 5245 raritate
724 5194 802 5245 vel
845 5193 993 5258 copia
1040 5204 1250 5247 tuorum
1283 5198 1529 5263 apicum,
1564 5210 1739 5255 utrum
1778 5205 2049 5261 voluntate

481 5280 669 5333 litteris
724 5280 991 5335 ordiendis
1024 5325 1038 5348 ,
1094 5298 1161 5337 an
1215 5286 1381 5351 magis
1432 5294 1748 5345 necessitate
1796 5293 2045 5351 defueris.

482 5367 623 5423 Vale.

1030 5444 1241 5497 EI’IST.
1284 5446 1520 5502 XXXIII.

935 5549 989 5585 δῖ
1002 5550 1239 5588 llALHUS
1269 5552 1590 5592 JUSTINIANO.

556 5620 675 5675 Scio
708 5637 791 5675 me
824 5621 873 5675 in
901 5624 1182 5679 scobendo
1209 5626 1414 5680 tardum
1449 5627 1627 5683 fuisse.
1657 5629 1912 5687 Consulto
1943 5642 2054 5706 sty-

476 5709 587 5763 Ium
622 5712 833 5779 distuli,
877 5714 999 5767 dum
1032 5716 1247 5772 refoveo
1278 5726 1546 5774 tenuatum
1580 5720 1765 5777 itinere
1791 5726 2046 5795 vigorem,

474 5819 579 5874 quo
612 5805 702 5863 tibi
732 5806 797 5865 de
825 5824 912 5865 me
944 5809 1061 5867 laeta
1090 5810 1322 5880 cupienti
1350 5820 1477 5869 voto
1503 5813 1692 5872 similis
1720 5818 1907 5886 pagina
1941 5828 2048 5875 ira-

1650 434 1717 497 0.
1758 432 2102 491 AUR’ELIUS
2138 431 2581 525 SYMMACIIUS.

2081 544 2134 604 Λ
2159 543 2392 598 deretur.
2426 544 2543 599 Fiat
2575 544 2733 614 igitur
2758 559 2821 599 ex
2853 547 3055 614 Optimo
3079 548 3264 605 nuntio
3302 562 3465 603 mora:
3485 564 3719 620 compen-

3627 439 3716 495 320

2164 636 2318 688 satio.
2351 634 2507 689 Certe
2548 651 2645 705 ego
2678 650 2794 690 eam
2837 637 2959 692 dico
2998 640 3165 708 legem
3205 639 3395 696 litteris
3424 641 3716 707 amicorum,

2163 736 2219 779 ut
2248 726 2564 781 assiduitate
2598 728 2808 782 illorum
2845 732 3052 787 animos
3088 731 3314 801 probent
3334 773 3349 799 ,
3380 748 3554 787 meum
3579 732 3718 788 boni-

2164 822 2269 871 tate
2297 816 2577 874 delectent.
2614 819 2759 873 Vale.

2705 908 2916 964 EPIS’I‘.
2957 910 3195 966 XXXIV.

2670 1014 2768 1054 δῖε
2777 1016 2980 1057 IACEO!
3008 1017 3245 1057 BUSEBIO.

2234 1086 2483 1144 Scribere
2510 1089 2576 1144 ad
2614 1099 2665 1146 te
2698 1100 2822 1147 ante
2849 1094 3177 1159 voluissem;
3198 1093 3291 1148 sed
3317 1094 3717 1149 commeantibus

2163 1177 2342 1233 multis
2370 1178 2529 1233 ﬁdam
2570 1182 2903 1238 occasionem
2932 1184 3090 1239 debet
3124 1200 3413 1253 excerpere
3454 1186 3718 1240 scribentis

2164 1272 2380 1326 electio.
2411 1273 2680 1340 Aecepisti
2721 1290 2933 1331 causam
2974 1277 3223 1332 tardioris
3263 1277 3424 1332 ofﬁcii
3470 1296 3483 1331 :
3531 1292 3647 1345 qua:
3680 1276 3718 1330 si

2163 1363 2342 1419 animo
2384 1374 2476 1419 tuo
2518 1368 2809 1437 satisfecit,
2854 1385 3041 1425 curare
3077 1370 3381 1439 dignaberis
3438 1369 3614 1423 ttt.ad
3648 1386 3719 1425 Ine

2164 1468 2378 1523 quoque
2419 1471 2676 1527 responsa
2709 1469 2800 1516 tua
2841 1460 3050 1533 idoneis
3087 1460 3372 1517 commissa
3409 1460 3715 1531 perveniant.

2168 1543 2318 1600 Vale.
2342 1584 2345 1585 ν

2718 1640 2933 1696 EPIST.
2973 1640 3192 1697 XXXV.

2664 1743 2968 1787 BVIIACHUS
2994 1746 3233 1786 ιοιυικιη.

2234 1816 2397 1883 Quod
2412 1832 2535 1873 sero
2563 1819 2630 1874 ad
2659 1829 2713 1876 te
2742 1823 2920 1877 scribo
2941 1863 2955 1887 ,
2983 1824 3231 1877 amicitia
3260 1820 3464 1877 tenacis
3490 1820 3720 1875 indicium

2094 1903 2140 1962 Β
2168 1916 2269 1970 est,
2302 1908 2452 1977 cujus
2490 1913 2747 1965 memoria
2782 1914 3029 1979 repetitis
3066 1928 3129 1969 ex
3181 1912 3472 1967 intervallo
3492 1911 3727 1981 probatur

2168 1996 2380 2053 ofﬁciis.
2413 1997 2528 2064 Ipse
2558 2015 2769 2069 quoque
2799 2002 3065 2057 silentium
3095 2012 3242 2057 tuum
3274 2019 3378 2058 non
3401 2003 3553 2059 aliter
3579 2004 3723 2058 inter-

2168 2096 2367 2159 pretor.
2395 2090 2528 2145 Nam
2555 2095 2655 2146 etsi
2682 2094 2805 2164 styli
2834 2094 3293 2151 honoriﬁcentiam
3322 2109 3536 2164 quaero,
3561 2104 3724 2150 certus

2168 2180 2291 2235 ﬁdei
2339 2189 2443 2236 tua
2467 2224 2484 2248 ,
2526 2184 2684 2238 etiam
2732 2184 2801 2240 de
2847 2185 3009 2241 tacito
3045 2200 3228 2242 amore
3262 2202 3368 2241 non
3407 2186 3607 2241 dubito.
3636 2186 3724 2242 Sed

2166 2285 2379 2336 vereor,
2420 2289 2487 2329 ne
2528 2274 2625 2329 ista
2662 2278 2924 2331 sententia
2963 2279 3058 2334 tibi
3097 2279 3317 2334 suadeat
3369 2279 3726 2348 negligentiam

2165 2364 2497 2433 scriptionis,
2513 2376 2567 2421 et
2590 2367 2704 2422 brec
2724 2368 2974 2425 amicitiae
2995 2369 3174 2425 munia
3193 2370 3379 2439 iudicii
3403 2371 3506 2426 mei
3528 2384 3725 2426 securus

2167 2455 2406 2509 omittas.
2439 2456 2632 2512 Hortor
2662 2458 2840 2528 igitur,
2866 2474 3170 2532 quaesoque,
3204 2471 3263 2517 ut
3284 2463 3427 2515 illam
3453 2462 3629 2531 potius
3654 2474 3727 2515 co-

2166 2544 2307 2611 gites
2330 2554 2556 2611 partem,
2580 2561 2699 2614 quas
2724 2548 3020 2603 assiduitati
3046 2552 3268 2619 gratiam
3300 2550 3469 2620 parit;
3501 2564 3605 2604 non
3626 2564 3727 2619 qua:

2169 2634 2430 2704 promittit
2460 2637 2672 2691 veniam
2705 2639 2927 2693 raritati.
2956 2639 3105 2694 Vale.

2718 2729 2926 2785 EPIST.
2969 2730 3209 2785 XXXVI.

2609 2833 2916 2876 σηιιΔοιιυε
2943 2838 3303 2885 QUINTILIANO.

2236 2908 2317 2963 Ad
2358 2909 2609 2964 indicium
2652 2909 2759 2969 mei
2800 2912 2941 2965 circa
2976 2921 3028 2964 te
3067 2913 3263 2965 amoris
3298 2912 3414 2966 haec
3441 2909 3728 2974 scribimus,

2169 3006 2223 3053 et
2267 3007 2325 3053 ut
2375 3001 2489 3069 ipse
2537 2999 2601 3054 ad
2647 3000 3076 3069 respondendum
3126 3003 3432 3070 provoceris
3473 3002 3727 3070 exemplo.

2166 3088 2297 3147 Cum
2326 3092 2483 3161 igitur
2530 3107 2627 3162 ego
2674 3102 2853 3162 partes
2882 3093 3149 3161 religionis
3178 3093 3528 3161 impleverim,
3556 3105 3727 3158 exspe-

2168 3190 2257 3236 cto
2299 3191 2359 3235 ut
2396 3183 2507 3252 ipse
2559 3183 2722 3246 etiam
2758 3184 3132 3237 vicissitudinis
3178 3182 3443 3238 solutione
3491 3181 3727 3253 fungaris.

2092 3254 2138 3318 ο
2174 3270 2321 3327 Vale.

2702 3363 2916 3420 EPIST.
2956 3363 3220 3419 XXXVII.

2622 3465 2926 3506 SYﬁIMLCﬂUS
2954 3467 3281 3506 CRISOCOME.

2234 3541 2483 3595 Proxime
2524 3543 2804 3609 penatibus
2840 3544 2972 3595 meis
3013 3543 3249 3596 redditus
3271 3582 3283 3605 ,
3315 3540 3473 3595 etiam
3511 3555 3648 3594 nunc
3684 3548 3730 3593 te

2160 3638 2337 3685 mente
2368 3640 2419 3683 et
2460 3633 2778 3701 cegitatione
2818 3633 3064 3700 respicio.
3098 3632 3275 3699 Itaque
3317 3632 3477 3685 animi
3522 3632 3613 3685 illa
3650 3632 3727 3700 ju-

2163 3724 2433 3777 cunditate
2463 3768 2477 3791 ,
2522 3740 2676 3791 quam
2718 3732 2897 3777 coram
2943 3726 3008 3779 de
3055 3740 3303 3781 sermone
3340 3734 3432 3778 tuo
3470 3724 3728 3792 hucusque

2163 3812 2437 3880 capiebam
2471 3813 2819 3878 voluptatem,
2852 3828 3158 3879 compenso.
3192 3814 3289 3867 Cui
3328 3815 3372 3868 si
3404 3824 3583 3868 mutua
3614 3824 3727 3868 cura

2168 3901 2537 3970 responderit,
2573 3918 2689 3953 cum
2722 3911 2918 3955 tantam
2960 3903 3087 3955 mihi
3133 3903 3302 3957 delata
3350 3905 3597 3957 amicitia:
3637 3912 3731 3957 tua

2164 3996 2383 4062 scriptio
2411 4000 2630 4060 gratiam
2666 3994 2891 4064 tribuat,
2925 4004 3122 4065 quanto
3160 3996 3387 4065 amplius
3416 3996 3582 4051 relata
3608 4008 3733 4065 prata

2164 4088 2360 4141 stabit?
2396 4088 2544 4141 Vale.

2676 4176 2898 4231 EPIST.
2936 4178 3221 4232 XXXVIII.

2673 4283 2975 4324 SVIIIACHUS
3006 4285 3237 4324 ιιοιιυιο.

2235 4364 2406 4417 Salus‘
2425 4354 2659 4432 pignoris
2688 4363 2985 4417 communis
3020 4364 3072 4418 in
3103 4371 3217 4418 tuto
3242 4371 3357 4429 est,
3388 4362 3541 4434 cujus
3568 4362 3729 4418 studia

2164 4453 2510 4507 sollicitudini
2554 4468 2689 4507 mea:
2734 4454 2969 4523 delegata
3019 4454 3333 4524 proﬁcient,
3361 4455 3489 4510 Meae
3529 4468 3733 4525 quoque

2166 4543 2481 4597 valetudinis
2509 4552 2624 4596 esto
2652 4558 2870 4598 securus
2889 4585 2906 4609 ,
2933 4552 2987 4599 et
3016 4545 3085 4599 ad
3109 4545 3280 4601 vicem
3312 4546 3497 4600 talium
3524 4546 3732 4601 nuntio.

2082 4612 2137 4671 D
2162 4650 2277 4688 rum
2310 4648 2491 4687 curam
2526 4632 2593 4687 de
2624 4643 2674 4687 te
2703 4648 2875 4688 meam
2907 4635 3171 4691 similibus
3200 4638 3475 4706 responsis
3502 4636 3733 4693 absolve.

2160 4726 2307 4779 Vale.

2708 4814 2925 4872 EPIST.
2966 4816 3205 4872 XXXIX.

2753 4924 3125 4965 SYIIIACHUS...

2227 4998 2383 5064 Queri
2416 4997 2481 5052 de
2515 4985 2875 5054 silentio‘non
2904 5010 3083 5069 potes,
3112 5002 3203 5069 qui
3239 5000 3379 5055 nihil
3413 5002 3728 5069 scriptorum

2158 5092 2286 5145 mihi
2324 5092 2595 5159 hucusque
2626 5092 2874 5147 tribuisti.
2901 5095 3005 5147 Sed
3035 5095 3078 5147 si
3112 5094 3285 5148 simile
3320 5095 3445 5165 styli
3474 5094 3731 5164 upperiris

2158 5180 2487 5246 auspicium,
2537 5196 2687 5234 sume
2727 5182 3025 5247 exemplum
3070 5183 3305 5251 religiosi
3341 5183 3501 5238 ofﬁcii
3528 5172 3727 5257 {quod

2156 5270 2353 5325 debeas
2380 5272 2635 5326 aemulari.
2662 5274 2766 5326 Ero
2788 5275 3036 5342 deinceps
3063 5275 3127 5329 ad
3150 5277 3510 5331 exercendum
3532 5278 3725 5347 stylum

2157 5366 2470 5433 promptior,
2504 5366 2548 5419 si
2580 5380 2663 5419 me
2694 5365 2869 5421 fructu
2897 5369 3067 5423 mutui
3095 5370 3365 5425 sermonis
3388 5370 3726 5428 animaveris.

2155 5454 2301 5509 Vale.

2764 5550 2983 5610 EPIST.
3007 5553 3123 5610 ιι.

2641 5652 2947 5698 δηιηοιιυς
2980 5656 3223 5700 ᾹΥΕΒΤΙΟ.

2224 5704 2593 5784 Secessionem
2641 5740 2783 5786 tuam
2826 5734 2986 5788 etiam
3028 5733 3222 5789 tacitus
3256 5736 3564 5805 approbavi.
3598 5736 3728 5792 Nam

2154 5833 2273 5873 cum
2318 5820 2700 5878 interveniente
2737 5821 3004 5881 discordia
3040 5826 3305 5899 supremis
3345 5827 3528 5899 generi
3566 5825 3732 5883 inter-
