3826 6332
131 387 201 445 Sil
1237 387 1633 445 EPISTOLARI

1759 386 1958 441 LIBER
2001 387 2130 442 VIII.

131 513 216 552 esse
238 512 323 550 non
352 507 529 566 posses
549 538 562 560 ,
595 512 659 553 ea
703 509 887 554 mo‘sta
928 498 1251 567 profectione
1277 501 1421 552 visus
1447 512 1507 551 es
1546 512 1634 550 sa-
1661 507 1716 565 Α

129 591 327 644 tisfecisse
352 591 554 658 pietati.
586 590 708 660 Ipse
729 632 744 657 ,
773 601 1024 660 quantum
1056 592 1157 646 civi
1199 590 1437 658 Optimati
1468 593 1636 644 fuerat

129 679 411 734 deferendum
433 723 445 746 ,
476 681 660 734 triduo
687 682 827 734 domi
862 690 1217 735 commoratus
1245 681 1456 748 implevi
1483 721 1497 743 ,
1530 695 1632 733 non

128 771 273 824 famam
297 782 524 838 captans,
559 772 655 826 sed
689 773 928 825 humana:
955 773 1176 826 fortuna:
1206 775 1348 825 vices
1374 773 1628 839 cogitans.

127 864 227 926 Quid
261 867 384 915 enim
425 873 530 914 tam
575 862 889 916 rationabile
926 871 1034 925 est,
1069 879 1221 931 quam
1259 862 1486 913 tribuere
1523 861 1636 913 col-

129 956 250 1022 lege,
276 954 400 1023 quod
441 955 533 1007 tibi
572 957 889 1024 quandoque
920 957 1084 1010 bonos
1122 955 1301 1023 cupias
1335 954 1634 1008 exhibere?

133 1045 243 1117 Vale.

654 1137 864 1191 EPIST.
907 1136 1040 1190 XLI.

540 1245 846 1283 εγκηλουυε
878 1243 1158 1282 ANTIOCHO.

179 1321 296 1376 Nunc
323 1325 542 1390 primum
574 1324 790 1377 honoris
823 1323 978 1376 limen
1020 1323 1286 1389 ingressus
1308 1362 1323 1387 ,
1355 1323 1513 1377 nimis
1539 1323 1636 1376 im-

125 1425 286 1470 mature
309 1417 589 1470 adventum
628 1417 960 1471 successoris
989 1429 1226 1487 exoptas.
1269 1420 1513 1486 Agnosco
1541 1419 1635 1471 im-

125 1509 371 1573 patientiam
398 1508 595 1561 Grzecis
621 1508 822 1561 deliciis
849 1522 1226 1576 congruentem
1251 1552 1263 1574 ,
1292 1527 1448 1579 quam
1479 1513 1633 1565 velim

122 1606 206 1650 toto
233 1600 339 1652 anni
373 1599 502 1653 orbe
543 1599 844 1653 dissimules
867 1640 880 1664 ,
908 1614 969 1652 ac
998 1609 1049 1653 te
1086 1602 1341 1668 migrasse
1373 1603 1428 1656 in
1471 1603 1637 1656 tribus

122 1686 353 1741 Romuleas
385 1689 704 1743 recorderis.
728 1689 861 1755 Quid
889 1691 1026 1743 enim
1058 1691 1273 1756 dignum
1298 1693 1637 1760 conquestio-

121 1792 170 1829 ne
202 1794 450 1845 perpessus
485 1780 575 1833 es?
621 1779 862 1834 Nondum
912 1791 963 1834 te
1003 1781 1259 1834 militares
1303 1782 1634 1836 contumelia:

120 1869 405 1932 perculi-runt
437 1911 451 1935 ,

121 1968 236 2010 veste
273 1961 432 2028 fugisti
458 2001 472 2022 ,
533 1961 765 2014 nondum
795 1972 914 2015 ante
939 1964 1128 2030 januas
1158 1966 1501 2018 eminentium
1542 1980 1634 2031 po-

120 2057 314 2098 testatum
354 2049 562 2117 vigilem
606 2061 814 2104 noctem
859 2054 1113 2106 salutator
1159 2066 1409 2120 expertus
1449 2069 1541 2117 es;
1583 2064 1635 2108 et

117 2135 195 2200 jim
219 2138 418 2193 delicato
451 2140 663 2193 fastidio
700 2143 877 2194 renuis
904 2143 1306 2210 magistratum?
1334 2143 1632 2210 Commuta,

118 2228 149 2276 si
185 2226 332 2289 vales,
374 2229 641 2293 animum,
675 2238 829 2298 teque
876 2231 929 2283 in
979 2245 1196 2296 annum,
1227 2231 1308 2285 vel
1362 2231 1632 2286 biennium

115 2318 293 2370 obdura.

641 2411 856 2466 EPIST.
898 2412 1052 2466 XLII.

662 2518 1029 2557 ετιωλοιιυε...

170 2591 474 2647 Probabilem
517 2607 800 2646 causam...
845 2596 975 2658 Quis
1024 2595 1166 2648 enim
1207 2593 1440 2649 Siciliam
1490 2604 1638 2649 recto

113 2681 263 2735 itinere
304 2694 511 2750 petens.
544 2698 844 2738 sermonem
892 2700 1064 2738 meum
1108 2696 1284 2755 potest
1323 2682 1548 2740 reddere
1586 2688 1637 2737 in

113 2770 365 2841 longinquis
405 2776 600 2828 studiis
637 2777 956 2829 constituto?
987 2778 1090 2831 Sed
1125 2779 1332 2832 desino.
1361 2779 1438 2832 Tu
1481 2787 1633 2840 tene,

110 2876 252 2915 curam
286 2864 416 2916 circa
461 2873 512 2917 te
548 2880 722 2918 meam
769 2866 833 2920 de
879 2882 1102 2921 numero
1141 2869 1482 2935 epistularum
1530 2885 1634 2922 non

109 2950 265 3006 debere
291 2954 560 3022 perpendi.
598 2954 874 3022 Diligentia
901 2957 1042 3009 enim
1066 2971 1188 3024 erga
1220 2959 1418 3010 amicos
1440 2957 1636 3025 jugiter

109 3052 271 3108 manet,
321 3045 660 3096 occasionum
707 3059 830 3098 vero
867 3045 1057 3098 raritas
1096 3047 1289 3113 scripta
1336 3047 1631 3113 distinguit.

107 3131 189 3184 Sed
209 3135 264 3187 de
288 3137 378 3188 hoc
406 3136 540 3188 satis
568 3134 768 3187 dictum
798 3145 946 3203 puto.
975 3135 1122 3189 Nunc
1153 3137 1407 3204 elegantia
1439 3137 1630 3205 ingenii

108 3223 180 3278 tui,
204 3235 248 3276 et
268 3227 620 3279 inventionum
653 3226 914 3281 subtilitas
941 3229 1270 3295 praedicanda
1309 3241 1405 3282 est.
1435 3233 1536 3283 hut
1552 3247 1634 3283 um
1664 3229 1711 3291 C

105 3316 263 3383 quit-pe
294 3321 472 3372 musivi
503 3332 700 3386 genus,
730 3327 785 3371 et
815 3319 1127 3373 intentatum
1154 3324 1519 3388 snperiuribns
1547 3338 1633 3375 re-

105 3407 285 3469 peristi,
317 3408 445 3475 quod
479 3409 640 3461 etiam
671 3418 848 3460 nostra
897 3409 1097 3462 ruditas
1135 3412 1382 3463 ornandis
1410 3415 1633 3464 cameris

104 3495 287 3547 tentabit
336 3497 586 3565 afﬁgere,
624 3499 666 3550 si
714 3499 795 3550 vel
849 3499 901 3550 in
954 3500 1169 3566 tabulis,
1204 3502 1283 3554 vel
1343 3502 1392 3554 in
1446 3503 1634 3569 tegulis

103 3588 359 3654 exemplum
396 3591 458 3644 de
517 3599 568 3644 te
612 3592 961 3658 praemeditati
1009 3595 1186 3660 operis
1229 3595 1629 3662 sumpserimus.

104 3675 222 3731 Vale.

631 3773 838 3826 EPIST.
885 3772 1061 3825 XLIII.

494 3877 804 3916 εῑκκιευυε
835 3878 1200 3916 ελιιιδτιικο.

157 3947 282 4003 Inter
308 3962 488 4007 caetera
524 3964 802 4021 parentum
829 3954 1200 4009 decedentium
1241 3955 1377 4009 bona
1401 3999 1414 4022 ,
1450 3960 1630 4013 amici-

105 4041 176 4091 tia:
208 4058 399 4110 quoque
430 4045 725 4096 affectanda
755 4048 1019 4098 successio
1043 4055 1144 4101 est.
1180 4048 1242 4100 Et
1276 4047 1498 4104 fortasse
1523 4059 1630 4102 stu-

101 4130 172 4182 dio
201 4135 429 4188 validiore
461 4137 724 4203 captanda
757 4135 1117 4189 familiaritatis
1148 4137 1426 4190 hmreditas
1457 4157 1467 4189 :
1511 4141 1629 4206 quia

101 4222 339 4277 facultates
367 4227 568 4279 fortuna
602 4237 836 4294 pra'stat,
865 4228 1057 4280 carizas
1090 4231 1286 4296 judicio
1323 4232 1624 4286 ftederatur.

103 4312 144 4358 Vn
167 4316 210 4366 lu
239 4318 382 4384 igitur
413 4320 546 4372 inter
575 4333 672 4371 nos
711 4321 1000 4386 promptius
1040 4322 1377 4373 convalescat
1418 4322 1628 4374 familiai

99 4412 184 4456 tua:
212 4419 474 4474 propagata
509 4409 838 4474 cnnjunmio.
867 4408 1291 4463 Consentaneum
1322 4413 1514 4479 quippe
1539 4427 1629 4464 nae

99 4499 210 4547 tur:
242 4507 350 4562 est,
374 4510 424 4550 ut
452 4499 622 4550 ofﬁcia
663 4515 688 4547 a
724 4511 771 4550 te
810 4500 1068 4561 inchoata,
1097 4517 1121 4551 a
1151 4517 1233 4554 me
1261 4501 1473 4568 probata
1506 4517 1628 4554 coa-

94 4585 295 4636 lescent.
325 4587 450 4656 Ergo
482 4592 531 4640 in
565 4589 829 4655 reliquum
862 4593 1120 4642 sermonis
1154 4600 1269 4644 esto
1308 4590 1583 4644 munificus
1614 4608 1626 4644 :

97 4687 164 4724 ne
187 4688 305 4726 cura
336 4694 429 4731 non
461 4679 653 4743 deerit,
690 4694 805 4746 qua:
837 4687 885 4732 te
915 4680 1032 4747 styli
1067 4681 1421 4736 vicissitudine
1448 4697 1632 4736 mune-

97 4769 174 4810 "I..
209 4763 345 4816 Vale.

623 4853 838 4909 EPIST.
881 4854 1057 4907 XLIV.

525 4963 835 5006 S‘IIACBUS
863 4965 1164 5004 PASTINATO.

151 5032 366 5092 Litteras
401 5048 517 5094 tuas
558 5054 810 5110 agrorum
841 5038 1096 5094 fructibus
1132 5041 1251 5109 jure
1288 5043 1624 5096 contulerim.

92 5121 207 5178 Nam
254 5138 314 5181 ut
360 5129 562 5183 illorum
607 5138 894 5198 proventus
935 5145 1038 5184 non
1080 5131 1211 5184 fallit
1254 5133 1507 5198 temporis
1548 5134 1624 5186 sui

91 5211 336 5282 debitum,
367 5220 430 5272 ita
465 5220 622 5274 ﬁdem
657 5229 854 5273 nostra:
880 5223 1286 5288 exspectationis
1315 5237 1518 5274 annuus
1551 5226 1628 5274 di-

90 5305 331 5370 gnationis
363 5321 460 5362 tua:
499 5323 681 5364 sermo
719 5323 824 5362 non
869 5310 1055 5379 decipit
1093 5327 1104 5362 :
1145 5311 1296 5379 hujus
1327 5327 1463 5365 nunc
1499 5313 1627 5365 mihi

91 5407 175 5455 per
193 5391 416 5451 homines
454 5410 670 5452 nostros
701 5397 939 5452 advectio
973 5401 1241 5455 satisfecit.
1272 5402 1445 5457 Lectis
1476 5404 1629 5472 igitur

99 5485 305 5549 paginis,
335 5491 502 5542 valere
535 5501 586 5542 te
617 5489 825 5556 gaudeo
845 5529 860 5550 ,
892 5498 944 5542 et
970 5492 1180 5556 alloquii
1215 5492 1284 5544 tui
1313 5502 1511 5547 honore
1541 5496 1630 5545 de-

93 5585 264 5626 lector.
295 5577 389 5630 Nec
418 5595 502 5631 me
527 5582 766 5631 arlntror
797 5579 1162 5646 reSpondendo
1205 5582 1453 5650 imparem
1492 5585 1632 5652 judi-

90 5665 208 5718 αιτὶ.
255 5668 512 5724 Praestabit
567 5670 782 5722 divinus
817 5668 961 5721 favor
1005 5682 1059 5724 ut
1099 5673 1190 5725 has
1220 5676 1356 5727 inter
1395 5691 1491 5729 nos
1520 5677 1633 5731 ofﬁ-

90 5751 280 5812 ciorum
302 5761 436 5817 vices
462 5770 596 5816 atas
626 5759 834 5830 prolixa
859 5760 1026 5830 multi,
1047 5762 1180 5817 litet.
1215 5764 1356 5819 Vale.

3199 392 3303 448 39‘)

2316 494 2528 548 EPIST.
2573 494 2728 548 XLV.

2258 601 2558 640 SYIIACllUS
2587 601 2775 639 PIEBIO.

1806 675 2088 732 Redditum
2120 676 2247 730 mibi
2268 686 2350 730 est
2373 692 2603 729 annuum
2631 675 3020 745 quodammodo
3045 681 3298 731 sermonis

1738 769 1810 822 tui
1838 769 2097 823 debitum.
2121 768 2236 823 Tibi
2259 783 2466 838 quoque
2493 768 2738 837 gaudium
2766 770 3003 822 solemne
3032 769 3097 821 de
3128 769 3296 836 nobis,

1738 858 1851 912 haec
1882 873 2134 926 responsa
2165 859 2514 928 prastabunt,
2547 876 2664 928 qua:
2703 872 2916 928 propter
2954 871 3150 915 tantam
3183 865 3298 914 lun-

1737 951 2081 1019 ginquitatem
2129 951 2463 1017 frequentare
2514 968 2618 1005 non
2665 968 2985 1020 possumus,
3023 957 3116 1007 sed
3167 957 3301 1007 bona

1739 1041 1841 1094 ﬁde
1866 1043 2028 1095 certis
2065 1043 2388 1109 temporibus
2418 1044 2744 1096 exhibemus.
2787 1044 2990 1112 Maneat
3028 1047 3180 1113 igitur
3219 1047 3301 1099 hic

1739 1149 1885 1197 usus,
1909 1146 1962 1187 et
1986 1135 2212 1201 quodam
2240 1137 2425 1189 salutis
2453 1137 2644 1190 indicio
2675 1147 2851 1189 mutua
2874 1138 3010 1190 inter
3037 1151 3131 1190 nos
3153 1151 3300 1190 secu-

1739 1226 1869 1278 ritas
1896 1225 2232 1279 recundatur.
2272 1226 2417 1279 Vale.

2300 1317 2516 1372 EI’IST.
2555 1317 2736 1370 XLVI.

2205 1421 2510 1460 BYIIACHUS
2540 1423 2853 1462 εῐιιΑτεαιο.

1807 1496 1934 1566 Agis
1963 1511 2168 1550 mecum
2214 1498 2474 1551 desiderio
2507 1502 2766 1564 amantis,
2799 1510 2854 1551 ut
2892 1499 3102 1552 redeam
3147 1517 3159 1551 :
3193 1501 3302 1568 jam

1737 1587 1934 1641 dudum
1975 1587 2076 1642 hoc
2112 1591 2318 1643 animus
2360 1605 2509 1643 meus
2542 1596 2699 1644 vestri
2739 1594 2998 1660 expetitor
3030 1593 3302 1660 etﬁagitat.

1738 1679 1841 1733 Sed
1871 1679 2119 1734 valetudo
2143 1681 2320 1736 saucia
2347 1683 2602 1752 obstrepit
2633 1684 2908 1738 voluntati.
2941 1685 3139 1737 Ilumor
3162 1687 3304 1739 enim

1739 1771 1927 1826 noxius
1957 1774 2191 1827 articulis
2220 1774 2433 1842 illapsus
2459 1777 2615 1827 etiam
2645 1762 2781 1828 nunc
2809 1790 2891 1828 me
2922 1785 3062 1828 tenet
3093 1775 3304 1840 lectulo,

525 1869 763 1922 nondum
823 1881 1063 1924 catervas
1125 1872 1402 1924 mulierum
1470 1871 1636 1925 scissa
1665 1867 1712 1926 B
1740 1874 1793 1917 et
1819 1865 1902 1916 vix
1950 1864 2164 1917 littorali
2193 1866 2428 1918 siccitate
2467 1874 2728 1918 tenuatur.
2763 1866 2955 1918 Tribne
2991 1866 3145 1931 igitur
3174 1876 3304 1918 tem-

1737 1970 1836 2024 pus
1889 1955 2195 2020 refectioni,
2243 1958 2383 2025 quod
2425 1973 2524 2026 ego
2575 1959 2974 2011 vendicaveram
3026 1960 3301 2026 voluptati.

1739 2044 1852 2098 Pu:
1897 2055 1947 2100 te
1992 2056 2167 2100 autem
2218 2049 2321 2101 fers
2373 2048 2424 2101 in
2471 2058 2613 2100 tanta
2656 2050 2911 2101 b0norum
2971 2049 3304 2104 multitudine

1739 2145 1855 2202 post
1885 2136 2173 2201 discessum
2204 2151 2376 2190 meum
2419 2137 2546 2190 nihil
2598 2145 2653 2189 ut
2691 2149 2811 2193 ante
2846 2139 3131 2204 jucundum
3161 2155 3296 2191 esse.

1737 2224 1840 2278 Sed
1875 2235 1998 2292 puto
2027 2227 2162 2294 quod
2191 2228 2269 2293 pia
2295 2226 2568 2281 aﬂectione
2595 2227 2812 2291 fallaris,
2866 2230 2985 2297 quia
3017 2245 3193 2282 rarum
3223 2241 3304 2282 est

1739 2313 1792 2368 in
1828 2326 2036 2367 amante
2062 2317 2339 2382 judicium.
2385 2317 2449 2369 Et
2477 2332 2574 2386 ego
2601 2319 2810 2384 quidem
2844 2334 2948 2372 non
2981 2335 3042 2372 ex
3075 2319 3157 2372 his
3198 2335 3302 2387 pri-

1739 2406 1882 2458 r'num
1927 2407 2144 2469 litteris,
2177 2407 2300 2473 quid
2354 2407 2419 2460 de
2472 2423 2554 2461 me
2588 2409 2820 2475 sentias,
2849 2410 2978 2463 scio.
3011 2410 3178 2478 Prope
3219 2421 3301 2463 est

1739 2503 1936 2556 tamen,
1968 2507 2020 2548 ut
2050 2511 2203 2562 agere
2234 2499 2429 2562 gratias
2459 2499 2711 2552 absentia:
2739 2515 2872 2555 mere
2898 2500 3148 2563 debeam,
3181 2504 3300 2568 quia

1739 2587 1865 2638 mihi
1913 2589 2265 2654 syngrapham
2305 2590 2583 2654 quamdam
2618 2591 2908 2643 testimonii
2958 2600 3053 2644 tua
3100 2595 3301 2656 prasti-

1740 2680 1819 2730 tit.
1849 2679 2038 2732 Verum
2065 2679 2174 2732 Inec
2202 2682 2357 2733 missa
2389 2680 2594 2734 faciam.
2624 2682 2736 2735 Non
2769 2682 3012 2734 morabor
3030 2697 3300 2750 exspecta-

1741 2771 1937 2825 tionem
1979 2781 2119 2828 tuam
2164 2785 2280 2840 post
2319 2773 2739 2827 conciliationem
2779 2774 2992 2840 viguris.
3033 2774 3134 2827 Sed
3178 2778 3298 2842 quia

1739 2862 1838 2914 hoc
1883 2863 2092 2930 longum
2132 2872 2212 2914 est
2245 2863 2500 2931 diligenti,
2534 2863 2658 2918 visis
2687 2880 2804 2931 quae
2832 2866 2882 2918 in
2914 2868 3155 2934 proximo
3182 2882 3301 2934 pos-

1738 2952 1972 3005 sidemus
1993 2993 2007 3014 ,
2045 2953 2266 3006 reditum
2297 2957 2587 3008 maturaho.
2615 2955 2782 3022 Spero
2811 2957 2949 3008 enim
2979 2957 3300 3012 tantumdem

1737 3057 2072 3094 accessurum
2104 3044 2315 3096 sanitati
2346 3060 2477 3098 meae
2501 3061 2564 3098 ex
2594 3057 2879 3115 conspectu
2902 3058 3098 3116 vestro,
3128 3064 3298 3118 quan-

1740 3143 1848 3187 tum
1876 3137 2074 3204 sperari
2106 3145 2286 3203 posset
2310 3152 2370 3189 ex
2401 3137 2528 3190 alio.
2557 3137 2705 3191 Vale.

2233 3314 2235 3316 η
2299 3249 2506 3303 EPIST.
2555 3250 2752 3304 xcvu.

2218 3356 2524 3395 σνηκλςιιυε
2564 3359 2807 3397 VALERIO.

1807 3430 2010 3485 Vellem
2055 3432 2289 3486 sedatam
2335 3435 2422 3486 ﬁlii
2471 3435 2572 3488 mei
2609 3437 2974 3503 :cgritudinem
3035 3440 3298 3502 nuntiare,

1738 3524 1828 3576 sed
1866 3522 1990 3576 nihil
2041 3533 2257 3591 prosunt
2306 3524 2551 3592 figmenta
2594 3527 2851 3580 sollicitis.
2899 3528 3078 3581 Auden
3117 3541 3295 3582 tamen

1736 3628 1950 3681 sperare
1994 3618 2229 3667 meliora.
2275 3615 2574 3668 Imminutio
2599 3617 2738 3668 enim
2772 3617 3016 3681 febrium,
3058 3620 3168 3671 Deo
3208 3635 3300 3683 au-

1737 3717 1904 3767 cmre,
1935 3707 1998 3757 ad
2033 3706 2274 3759 ﬁduciam
2303 3707 2544 3759 sanitatis
2569 3709 2727 3776 cmpit
2757 3710 3032 3764 accedere.
3053 3709 3176 3762 Tuae
3207 3725 3300 3776 pro

1738 3798 1889 3849 nubis
1923 3796 2261 3849 sollicitudini
2290 3799 2486 3861 gratias
2521 3813 2638 3865 ago,
2683 3809 2734 3852 et
2760 3799 3030 3854 ccclesth
3062 3815 3301 3869 compre-

1736 3901 1828 3938 cur
1855 3894 2169 3953 potestatem
2225 3896 2278 3939 ut
2313 3896 2402 3939 tuo
2423 3887 2559 3940 circa
2586 3889 2782 3941 amicos
2819 3890 2996 3942 animo
3020 3905 3300 3958 prospero-

1735 3992 1850 4033 rum
1882 3979 2117 4032 omnium
2148 3978 2452 4031 vicissitudo
2482 3983 2815 4047 respondeat.
2854 3981 3003 4035 Vale.

2278 4088 2490 4143 EPIST.
2534 4089 2760 4146 XLVIII.

2172 4195 2468 4232 δγκκλειιυς
2495 4195 2728 4233 κλιιιιιιι
2742 4195 2855 4234 \NO.

1807 4270 1959 4321 Soles
2013 4270 2060 4320 in
2107 4271 2383 4323 sentiendo
2425 4285 2543 4324 esse
2587 4271 2819 4338 pruhxus
2867 4285 2960 4336 pro
3004 4271 3194 4338 ingenii
3227 4273 3298 4328 tui

1735 4360 1950 4412 viribus.
2011 4357 2290 4424 Postquam
2346 4368 2397 4412 te
2437 4359 2606 4412 honor
2646 4359 2847 4411 aulicus
2890 4361 2938 4411 in
2973 4361 3297 4424 procinctum

1734 4449 1956 4514 vocavit,
1992 4458 2043 4501 tu
2075 4464 2282 4516 quoque
2316 4447 2473 4502 verba
2503 4449 2782 4516 succingis,
2808 4457 2860 4500 et
2894 4457 3135 4515 tanquam
3169 4452 3297 4506 levis

1656 4560 1706 4617 ι)
1735 4553 2016 4597 armaturae
2054 4544 2202 4595 miles
2242 4543 2471 4594 rorarios
2507 4541 2788 4594 aemularis.
2823 4543 2955 4606 Quid
3002 4543 3186 4597 faciam
3217 4561 3294 4598 εει

1736 4650 1832 4687 nex
1851 4635 2109 4703 garrulus,
2137 4634 2218 4685 cui
2246 4648 2490 4686 mensura
2518 4635 2775 4686 sermonis
2801 4649 2826 4685 a
2849 4633 3042 4702 juvene
3060 4635 3299 4699 praescri-

1735 4726 1911 4778 bitur?
1941 4725 2124 4778 Trahit
2170 4740 2264 4778 nos
2298 4724 2476 4776 vitium
2510 4723 2675 4775 senile
2713 4723 3044 4776 verbositas:
3075 4724 3166 4777 sed
3208 4738 3300 4777 oc-

1733 4819 1899 4868 currit
1927 4815 2241 4880 exemplum,
2270 4822 2324 4866 et
2352 4812 2556 4866 fastidia
2599 4813 2803 4865 aurium
2843 4823 3048 4867 tuarum
3079 4813 3142 4868 de
3174 4816 3295 4883 styli

1736 4908 1987 4957 brevitate
2028 4905 2288 4969 conjecto.
2339 4903 2450 4956 Non
2483 4905 2622 4956 enim
2674 4903 2914 4958 violanda
2957 4916 3040 4960 est
3085 4906 3293 4960 interim

1734 4994 1858 5046 mihi
1892 4995 2090 5061 pagina:
2121 5003 2220 5046 tuae
2252 4995 2491 5047 formula.
2531 4995 2857 5060 Exspectabo
2911 5004 3084 5050 tamen
3117 5013 3180 5050 an
3208 5013 3295 5050 co-

1735 5085 1872 5154 piam
1906 5084 1969 5137 de
2001 5099 2083 5137 me
2105 5086 2303 5153 exigas,
2338 5087 2378 5136 si
2410 5085 2556 5150 plura
2589 5087 2782 5146 rescrip
2821 5087 2965 5138 :zzim.
3006 5086 3150 5139 Vale.

2296 5217 2505 5271 EPIST.
2551 5219 2731 5271 XLIX.

2247 5325 2544 5362 δγδικΑοιιυς
2585 5324 2776 5361 VITALI.

1807 5400 1903 5453 Diu
1932 5401 2139 5454 sanitati
2163 5402 2353 5466 pariter
2381 5415 2441 5452 ac
2470 5402 2726 5454 venustati
2755 5402 3046 5458 litterarum
3066 5415 3287 5470 tuarum,

1734 5493 2014 5546 mediocris
2043 5493 2234 5557 cloiluii
2262 5497 2506 5544 conseius
2537 5493 2857 5558 respondere
2897 5495 3131 5548 dubitavi
3158 5514 3167 5545 :
3200 5498 3289 5549 Sed

1734 5586 1918 5651 religio
1951 5585 2089 5650 rupit
2138 5586 2397 5638 timorem.
2431 5582 2586 5646 Malui
2617 5585 2754 5638 enim
2799 5590 2958 5655 stylo,
3009 5602 3165 5653 quam
3206 5603 3292 5641 su-

1734 5678 1909 5746 perbia
1945 5677 2241 5743 displicere.
2265 5675 2522 5743 Quidquid
2548 5676 2700 5745 igitur
2728 5677 2825 5732 Iioc
2853 5686 2949 5738 est.
2983 5681 3117 5745 quod
3152 5690 3293 5734 tenet

1738 5768 1941 5835 pagina,
1976 5781 2151 5845 qunso
2175 5767 2293 5819 boni
2315 5767 2581 5832 consulas,
2612 5775 2765 5831 teque
2796 5767 3072 5824 submittas
3096 5770 3159 5823 ad
3185 5785 3289 5824 me
