3826 6406
503 425 605 479 593

511 624 647 679 cium
672 630 869 678 meum,
893 615 1014 669 dum
1039 612 1349 679 desperatur
1375 607 1615 661 imitatio.
1651 604 1797 657 Vale.

1132 735 1367 816 EPIST.
1386 761 1447 814 L.

1042 868 1344 907 εγωιλειῑυε
1378 864 1541 906 ιογιο.

587 968 897 1027 Iamdudum
927 964 1062 1020 datis
1094 964 1159 1017 ad
1192 974 1245 1018 te
1285 962 1473 1015 litteris
1512 966 1691 1011 mutua
1721 955 1915 1023 scripta
1964 968 2067 1008 non

519 1061 720 1123 merui;
747 1067 800 1112 et
818 1067 992 1110 tamen
1027 1054 1349 1121 propositum
1381 1062 1553 1102 meum
1583 1060 1819 1111 servans,
1855 1044 2069 1097 honori-

436 1158 439 1159 ⁷
521 1152 783 1205 licentiam
813 1144 1111 1214 scriptionis
1140 1144 1394 1196 instauro.
1429 1137 1600 1192 Credo
1628 1136 1766 1189 enini
1793 1134 1930 1202 quod
1975 1116 2089 1186 ηεξ-ἶ

522 1251 692 1308 gatam
717 1241 882 1308 primo
911 1212 1081 1291 ofﬁcio
1105 1234 1296 1298 vicem,
1324 1230 1405 1284 vel
1435 1241 1573 1283 nunc
1604 1228 1883 1296 impetrare
1912 1223 2077 1292 possit
2112 1230 2121 1241 ’

525 1332 754 1386 iteratio.
788 1328 937 1383 Vale.

1134 1408 1347 1465 EPIST.
1387 1408 1473 1463 LI.

961 1518 1259 1559 SVMUACIIUS
1289 1514 1649 1556 MAXIIIILIAXO.

600 1596 974 1656 Assiduitatem
1004 1596 1317 1660 scriptorum
1349 1600 1587 1644 meorum
1616 1590 1708 1641 tibi
1731 1602 1848 1642 esse
1874 1586 2081 1639 fastidio

531 1705 696 1760 prope
724 1687 912 1743 asserit
934 1695 1137 1739 tuorum
1161 1683 1371 1737 raritas.
1401 1681 1471 1733 Es
1494 1681 1631 1735 enim
1657 1687 1847 1746 praeter
1872 1678 2082 1730 solitum

534 1794 721 1851 parcus
742 1775 974 1845 alloquii.
1003 1773 1105 1827 Sed
1132 1782 1280 1824 tueor
1296 1770 1643 1825 constantiam
1668 1768 1969 1831 diligentiae,
1990 1780 2085 1819 nec

1665 404 1728 471 ρ.
1772 400 1974 458 Αυῐιει
1988 397 2107 454 ,ιυε
2145 398 2216 453 δι
2231 394 2567 450 ΜΜᾹΟΠΙΞΒ.

506 530 828 588 diocritatem
858 523 1169 593 scriptorum
1208 530 1466 578 meorum,
1498 528 1563 568 ne
1599 511 1911 566 retundatur
1950 507 2067 564 offi—
2092 512 2144 569 Α

2753 493 2967 549 EPIST.
3013 492 3137 546 LVI.

2668 604 2719 642 ες
2729 601 2969 642 )IHACIIUS
2996 598 3224 639 ROMANO.

2234 685 2403 740 Servo
2430 679 2840 743 observantiam,
2867 691 3021 746 quam
3041 688 3157 728 mos
3183 670 3391 740 priscos
3413 668 3658 731 instituit,
3677 676 3733 719 ut

2167 772 2324 827 domo
2367 769 2589 839 profecti
2645 768 2847 822 litteras
2891 766 3249 832 auspicantur,
3295 769 3351 814 et
3401 759 3601 812 salvere
3645 771 3735 811 me

2169 864 2373 918 nuntio.
2428 863 2502 915 Ex
2547 860 2726 914 debito
2761 857 2906 910 venit
2934 865 2989 908 ttt
3034 864 3088 907 tu
3123 851 3317 906 emisso
3345 862 3376 900 a
3404 862 3486 901 me
3525 844 3737 899 muneri

2168 959 2343 1011 solvas
2370 953 2538 1007 antica
2567 963 2843 1017 responsa.
2876 946 3025 998 Vale.

2751 1032 2963 1089 EPIST.
3005 1030 3157 1085 LVII.

2671 1140 2978 1183 SYHHACIIL'S
3007 1138 3251 1178 VALERIO.

2246 1224 2433 1278 Filium
2467 1237 2642 1277 meum
2680 1220 2957 1273 Romulum
2997 1228 3244 1277 accerso;
3280 1221 3331 1265 ttt
3372 1211 3582 1264 retines.
3619 1207 3735 1272 Ego

2176 1320 2228 1374 in
2260 1334 2380 1373 eum
2410 1316 2538 1371 mihi
2569 1328 2846 1382 personam
2873 1310 3101 1378 parentis
3127 1321 3350 1375 arrogo;
3384 1314 3438 1358 tu
3462 1304 3544 1371 jus
3566 1302 3743 1355 afﬁnis

2179 1426 2422 1467 exerces.
2472 1408 2596 1465 Mihi
2640 1422 2705 1461 ex
2748 1405 3039 1459 uoluntaria
3084 1403 3367 1471 sponsione
3414 1398 3742 1468 pratsentiam

2182 1521 2329 1559 suum
2359 1505 2548 1567 debet;
2578 1517 2603 1552 a
2639 1501 2788 1554 vobis
2814 1514 2906 1567 Spe
2938 1498 3173 1552 soriandi
3208 1496 3411 1549 itineris
3434 1504 3742 1548 retentatur.

2185 1594 2287 1648 Sed
2316 1592 2614 1650 cum,etiam
2634 1599 2753 1643 tuus
2771 1589 3148 1655 praenuntiatur
3175 1586 3452 1648 adventus,
3481 1590 3746 1652 quazstuo-

2193 1702 2247 1740 sa
2305 1685 2499 1738 taxatio
2536 1692 2617 1737 est
2652 1697 2843 1742 morae.
2876 1697 2992 1750 qnte
3040 1680 3167 1733 mibi
3210 1695 3304 1749 pro
3340 1695 3443 1733 uno
3472 1690 3748 1745 utrumque

2188 1775 2466 1841 promittit.
2521 1773 2665 1826 Cedo
2714 1773 2872 1839 igitur
2901 1772 3153 1825 voluntati
3202 1780 3322 1835 tute,
3364 1779 3418 1825 et
3464 1785 3745 1840 paucorum

534 1886 566 1924 a
610 1869 877 1939 proposito
928 1866 1381 1935 argumentatione
1410 1862 1659 1917 deducor.
1704 1862 1814 1913 Erit
1856 1867 2086 1926 potestas
2116 1855 2161 1914 B
2190 1867 2391 1920 dierum
2422 1864 2727 1933 patientiam
2770 1877 2871 1914 non
2902 1876 3055 1930 nego.
3092 1860 3257 1915 Fratri
3284 1875 3493 1930 quoque
3524 1869 3608 1912 tuo
3639 1858 3747 1925 Ro-

535 1971 624 2016 tua
661 1964 797 2014 bunc
824 1958 1116 2018 animimei
1142 1956 1394 2019 habitum,
1437 1954 1519 2009 vel
1538 1967 1730 2024 augere
1756 1952 1986 2016 silentio,
2006 1949 2089 2004 vel

537 2053 725 2109 litteris
750 2052 975 2106 amoliri.
1006 2050 1158 2105 Vale.

832 2154 837 2157 '
1134 2138 1345 2194 EPIST.
1388 2139 1494 2192 LII.

606 2233 877 2300 Quatenus
903 2244 987 2284 me
1026 2229 1262 2283 absentia
1309 2228 1607 2289 contristet,
1642 2226 1914 2295 intelligis.
1964 2224 2093 2277 Nam

540 2323 661 2378 ideo
690 2321 1054 2375 necessitatem
1084 2318 1178 2373 tibi
1205 2332 1234 2371 a
1267 2318 1372 2369 tilio
1411 2332 1529 2371 meo
1557 2316 1745 2370 scribis
1783 2316 2096 2383 injttnctam,

541 2421 601 2483 ut
623 2411 812 2482 publici
843 2410 1038 2479 negotii
1060 2409 1406 2463 excusatione
1436 2407 1693 2475 purgeris.
1724 2406 1962 2459 Alterum
2005 2406 2100 2473 igi-

544 2513 631 2559 tur
665 2502 905 2571 religioni
946 2508 1047 2555 tua:
1074 2515 1141 2553 ex
1183 2508 1403 2566 utroque
1436 2497 1729 2551 faciendum
1760 2505 1860 2562 est,
1906 2505 1963 2549 ut
2013 2505 2103 2549 attt

543 2608 817 2650 cervorum
856 2607 918 2647 ac
966 2606 1213 2658 aprorum
1260 2591 1466 2657 copiam
1513 2589 1713 2653 mittas,
1745 2595 1837 2640 aut
1885 2588 1934 2639 itt
1976 2602 2101 2640 con-

543 2700 779 2760 spectum
826 2688 980 2741 amici
1020 2689 1245 2741 celerius
1290 2687 1593 2740 revertaris.
1646 2686 1799 2738 Nulla
1844 2687 1985 2738 enim
2018 2698 2104 2735 sa-

544 2778 827 2834 tisfactioni
856 2776 1053 2843 justitia
1085 2775 1350 2842 suppetit;
1379 2776 1420 2828 si
1444 2773 1585 2829 etilli
1609 2782 1879 2840 venatum,
1901 2782 1954 2826 et
1977 2770 2106 2826 mihi

545 2869 787 2925 solatium
814 2866 1109 2935 denegaris.
1150 2866 1296 2919 Vale.
1586 2854 1595 2866 ’

1130 2954 1343 3009 EI‘IST.
1384 2954 1515 3008 LIII.

1038 3058 1340 3099 SYIIACIIUS
1382 3060 1544 3100 LEPOI
1552 3059 1604 3098 10
1616 3078 1630 3099 ι

618 3136 860 3192 Debitum
918 3135 1012 3191 tibi
1061 3136 1292 3203 rependo
1339 3148 1683 3198 sermonem;
1714 3134 1913 3188 dudum
1966 3134 2106 3188 enim

2191 1960 2334 2013 mulo
2378 1957 2536 2011 nimis
2579 1955 2834 2024 gratulor,
2868 1954 3016 2022 cujus
3070 1953 3311 2025 sqlatium
3364 1951 3451 2018 pio
3490 1956 3545 2004 et
3584 1947 3752 2000 amico

2192 2051 2484 2107 certamine
2515 2049 2670 2104 nobis
2698 2048 2853 2102 ambo
2881 2048 3228 2101 vindicamus.
3264 2045 3413 2101 Vale.

2770 2142 2979 2198 EPIST.
3026 2142 3200 2195 LVIII.

2664 2247 2972 2288 εῖωιλειιυε
3009 2245 3292 2286 ΙΜἎΕΙΑΝΟ.

2271 2329 2436 2383 Filius
2468 2341 2635 2389 meus,
2678 2342 2797 2380 cum
2828 2327 2958 2377 bona
3004 2325 3093 2378 Dei
3125 2325 3297 2384 venia,
3328 2316 3561 2389 periculo
3587 2324 3751 2377 caret,

2201 2419 2290 2471 sed
2319 2418 2585 2471 defectum
2616 2416 2805 2467 virium
2845 2416 3037 2481 patitur
3065 2428 3228 2480 prope
3259 2425 3422 2479 usque
3450 2409 3513 2462 ad
3548 2408 3755 2476 atgritu.

2203 2507 2396 2559 dinem.
2426 2505 2618 2558 lletlire
2651 2504 2926 2556 consilium
2959 2512 3061 2565 est,
3110 2501 3357 2570 paulatim
3406 2497 3755 2552 mansionibus

2205 2595 2255 2646 in
2286 2594 2448 2659 spatia
2474 2595 2676 2646 minora
2710 2592 2910 2645 divisis.
2941 2591 3050 2659 Ego
3076 2605 3284 2658 quoque
3321 2603 3557 2642 meorum
3588 2596 3760 2639 conta-

2210 2666 2291 2751 gia
2321 2682 2494 2735 socius
2526 2680 2745 2733 accessi.
2785 2679 2958 2733 Credo
2985 2694 3047 2732 ex
3084 2677 3276 2745 vigiliis
3312 2677 3607 2743 nocturnis,
3635 2688 3757 2742 qna-

2208 2794 2322 2832 I'Iltll
2357 2778 2406 2830 in
2437 2776 2716 2845 praesentia
2744 2775 2961 2842 exiguus
2996 2772 3090 2824 fuit
3118 2785 3324 2834 sensus,
3357 2784 3493 2824 noxa
3517 2775 3631 2838 post
3649 2782 3759 2821 cru-

2206 2870 2338 2923 duit.
2390 2866 2751 2934 Comprimere
2796 2875 2972 2919 tamen
3012 2866 3153 2919 nitor
3179 2863 3481 2933 diligentia,
3512 2868 3565 2916 et
3595 2860 3757 2929 parci-

2209 2964 2385 3017 monia
2430 2966 2679 3029 ingruens
2728 2960 2944 3013 malum.
2999 2957 3137 3026 Ergo
3165 2955 3468 3011 caelestibus
3506 2951 3760 3007 advocatis

2210 3052 2311 3104 iter
2337 3064 2580 3118 paramus
2608 3048 2792 3102 ordiri.
2827 3046 3024 3100 Vestrae
3046 3046 3095 3099 in
3127 3061 3223 3101 nos
3251 3044 3610 3100 beneﬁcentia:
3650 3054 3758 3109 gra-

2213 3140 2309 3191 tias
2336 3140 2609 3199 referrem,
2643 3137 2687 3188 si
2719 3150 2776 3189 se
2806 3150 2955 3189 amor
2976 3145 3221 3202 speratus
3248 3142 3303 3189 et
3323 3148 3388 3187 ex
3418 3144 3598 3189 mutuo
3625 3129 3761 3186 debi-

552 3240 732 3295 parem
758 3226 884 3279 mihi
909 3225 1226 3292 scriptorum
1255 3233 1462 3278 tuorum
1491 3223 1941 3277 honoriﬁcentiam
1964 3238 2109 3276 com-
2134 3204 2180 3264 (ἶ
2214 3238 2297 3283 tus
2327 3228 2509 3283 lactari
2538 3226 2692 3280 laude
2722 3221 3007 3295 pateretur.
3041 3223 3191 3277 Vale.

553 3315 725 3369 munis
760 3314 960 3367 amicus
995 3312 1232 3367 exhibuit
1261 3330 1273 3364 :
1312 3313 1461 3380 cujus
1486 3314 1799 3367 verecundia
1845 3322 1898 3367 et
1943 3313 2108 3367 hone-

553 3414 687 3459 state
720 3395 994 3471 dili'genter
1028 3403 1283 3472 inspecta,
1324 3402 1535 3472 dignum
1580 3417 1699 3457 esse
1735 3418 1891 3473 quem
1921 3402 2107 3471 diligas

552 3493 857 3565 approbavi.
891 3493 1035 3547 \‘ale.
1547 3496 1549 3498 ’

1136 3578 1343 3636 EPIST.
1390 3580 1521 3635 LIV.

1026 3685 1330 3749 BVHIACIIUS
1358 3685 1636 3725 lABCIANO.

622 3762 782 3819 Seras
808 3762 899 3817 tibi
928 3762 1097 3816 videri
1127 3762 1353 3816 arbitror
1378 3763 1580 3816 litteras
1608 3776 1770 3816 meas.
1821 3760 1923 3817 Sed
1954 3762 1999 3815 si
2029 3761 2113 3814 iti-

559 3856 701 3910 neris
726 3854 837 3908 dies
882 3869 1151 3921 numeres,
1182 3855 1315 3909 ratio
1359 3870 1560 3909 moram
1602 3856 1785 3911 diluet.
1827 3857 2115 3911 Intervenit

559 3962 811 4020 praeterea
840 3964 910 4003 ex
934 3948 1151 4002 humore
1172 3948 1329 4002 solito
1355 3947 1506 4002 dolor
1530 3951 1790 4016 corporis,
1822 3948 2113 4001 officiorum

561 4040 893 4093 familiarium
924 4048 1303 4105 sequestrator.
1327 4037 1476 4091 Nunc
1504 4039 1625 4107 quia
1653 4038 1816 4091 labori
1839 4046 1890 4089 et
1919 4038 2121 4090 valetu-

560 4130 669 4183 dini
697 4131 846 4198 quies
876 4127 1077 4181 redtlita
1099 4138 1200 4195 est,
1234 4128 1560 4180 salutationis
1582 4127 1739 4180 verba
1769 4142 1873 4179 non
1910 4125 2113 4188 differo,

564 4222 787 4289 pretium
813 4219 1014 4272 laturus
1038 4217 1273 4287 obsequii
1304 4218 1370 4271 de
1400 4218 1827 4279 remuneratione
1856 4215 2116 4283 responsi.

565 4309 712 4365 Vale.

1163 4391 1373 4450 EPIST.
1414 4395 1521 4449 LV.

981 4497 1284 4538 SVIIACHCS
1329 4498 1693 4538 IAXIHILIASO.

634 4574 694 4628 Si
731 4573 868 4628 bene
895 4572 946 4627 in
977 4582 1029 4627 te
1072 4574 1303 4626 animum
1346 4588 1521 4625 meum
1551 4573 1709 4637 nosti,
1738 4571 1979 4626 dubitare
2016 4587 2123 4625 non
2149 4551 2202 4611 Ῑ)

568 4673 740 4734 potes,
753 4662 1027 4718 adversam
1051 4663 1399 4717 valetudinem
1421 4664 1657 4731 corporis
1678 4666 1779 4717 mei
1804 4663 2123 4719 missitaudis

573 4760 841 4825 hucusque
870 4756 1059 4811 litteris
1085 4756 1374 4810 obstitisse.
1399 4756 1506 4809 Hac
1531 4765 1678 4826 parte
1707 4766 1954 4827 purgatus
1979 4759 2125 4813 salu-

572 4846 811 4902 tatricem
850 4846 941 4900 tibi
971 4846 1211 4915 paginam
1240 4845 1558 4914 reddo,qu:e
1588 4848 1861 4901 testabitur
1887 4862 2005 4903 esse
2042 4862 2127 4903 tne

573 4937 843 5005 sospitem.

1301 5028 1408 5062 μ*

648 5120 927 5188 Postquam
976 5118 1170 5171 sanitas
1218 5117 1410 5171 silentii
1452 5121 1843 5176 excusationem
1880 5122 2122 5188 removit,

580 5219 857 5264 venturum
881 5218 932 5260 te
955 5206 1017 5260 ad
1039 5206 1372 5276 Campaniam
1396 5209 1483 5261 lilii
1508 5209 1608 5263 mei
1629 5212 1918 5263 assertione
1935 5225 2129 5279 cogno-

520 5372 525 5377 ἡ
582 5311 780 5351 veram.
814 5297 944 5350 Ilinc
967 5297 1152 5350 factum
1182 5307 1261 5351 est
1296 5307 1351 5353 ut
1388 5300 1623 5367 epistolis
1651 5301 1993 5355 abstinerem.
2026 5301 2129 5354 Sed

548 5418 551 5421 π
584 5392 708 5446 dum
737 5400 787 5445 te
823 5399 914 5443 aut
949 5405 1087 5443 cura:
1113 5392 1347 5454 urbanae.
1382 5403 1470 5446 aut
1497 5394 1790 5461 voluptates
1835 5406 2127 5457 morantur,

586 5495 721 5548 pene
766 5480 971 5546 culpam
1022 5481 1385 5534 taciturnitatis
1429 5484 1751 5550 exspectatio
1795 5496 1970 5537 nostra
2006 5496 2132 5539 con-

587 5570 763 5624 traxit.
800 5569 1010 5636 Fungor
1047 5572 1202 5639 igitur
1238 5586 1358 5640 erga
1400 5583 1449 5627 te
1493 5573 1660 5626 salute
1688 5574 1927 5638 dicenda,
1954 5582 2008 5628 et
2035 5575 2133 5628 eli-

568 5664 815 5731 gendum
843 5663 1076 5732 relinquo
1097 5676 1265 5718 utrum
1296 5665 1417 5716 ntihi
1448 5666 1727 5723 adventum
1752 5681 2001 5739 prmstare
2028 5686 2137 5725 ma-

594 5752 679 5816 lis,
703 5766 771 5807 an
798 5767 1105 5824 responsum
1133 5754 1444 5835 persolvere.
1478 5756 1621 5835 Vale.

2792 3317 3005 3373 EPIST.
3058 3316 3191 3371 LIX.

2696 3421 3003 3466 εγςιιίλοηυς
3044 3423 3273 3463 κονικο.

2280 3501 2358 3557 Ad
2388 3499 2722 3554 scribendum
2752 3500 2938 3552 creber
2966 3513 3085 3553 esse
3108 3498 3413 3561 voluissem,
3444 3493 3625 3551 ethoc
3655 3507 3764 3561 spe-

2154 3611 2161 3618 ·
2210 3589 2432 3645 randum
2454 3603 2573 3642 esse
2614 3587 2960 3655 promiseram
2987 3602 3001 3638 ε
3033 3588 3124 3640 sed
3154 3587 3404 3641 valetudo
3438 3587 3526 3639 ﬁlii
3560 3587 3657 3641 mei
3682 3585 3762 3637 diu

2213 3683 2264 3736 in
2294 3680 2454 3734 dubio
2500 3687 2731 3742 versata,
2763 3680 3116 3734 cessationem
3154 3678 3221 3733 ab
3268 3678 3566 3747 huiusmodi
3596 3678 3764 3732 officiis

2217 3772 2511 3839 imperavit.
2545 3770 2643 3836 Qui
2690 3770 2775 3823 ubi
2821 3768 3049 3838 primum
3080 3770 3328 3840 suﬂ‘ragio
3357 3772 3659 3826 salutarium
3686 3785 3765 3837 po-

2216 3866 2464 3912 testatum
2491 3860 2652 3925 ctepit
2677 3872 2969 3927 emergere,
2996 3868 3209 3914 secutus
3228 3871 3311 3915 est
3350 3860 3489 3916 illico
3521 3858 3762 3915 scribendi

2217 3963 2343 4002 usus
2384 3948 2742 4001 securitatem.
2795 3948 2989 4015 Accipe
3037 3949 3194 4017 igitur
3241 3948 3413 4004 libens
3460 3951 3646 4003 dictam
3695 3961 3767 3998 sa-

2220 4042 2403 4104 lutem,
2427 4054 2603 4110 quam,
2636 4040 2679 4093 si
2712 4039 2816 4093 fors
2846 4049 3023 4108 aptata
3050 4040 3266 4109 juverit,
3311 4057 3434 4095 mox
3478 4050 3761 4110 sequemur.

2221 4131 2368 4186 Vale.

2812 4214 3026 4273 EPIST.
3074 4217 3184 4277 LX.

2738 4324 3039 4366 SVMUACIIUS
3078 4325 3283 4366 SERVIO.

2295 4404 2588 4472 Opperiris,
2623 4413 2679 4456 ut
2723 4406 2983 4475 intelligo,
3024 4406 3228 4461 litteras
3283 4420 3467 4462 meas:
3498 4405 3644 4476 quasi
3674 4405 3765 4473 ipse

2230 4498 2501 4551 familiaris
2521 4494 2679 4548 ofﬁcii
2707 4497 2899 4563 pracsul
2923 4510 3043 4551 esse
3071 4512 3176 4549 non
3203 4497 3417 4552 debeas.
3448 4497 3688 4552 Fortasse
3706 4492 3765 4544 dl-

2231 4587 2488 4655 legatione
2516 4584 2679 4638 moris
2705 4585 2892 4651 uteris,
2920 4584 3165 4654 quoniam
3194 4586 3459 4654 plerisque
3481 4593 3765 4653 persuasum

2228 4689 2329 4746 est,
2359 4678 2649 4747 auSpicinm
2682 4678 3009 4731 salutationis
3022 4674 3273 4745 profectis
3301 4690 3419 4731 esse
3443 4674 3759 4743 capiendum.

2228 4776 2457 4829 Absolve
2483 4785 2535 4827 te
2563 4770 2958 4825 consuetudinis
2987 4770 3342 4831 observantia,
3371 4776 3460 4822 aut
3490 4769 3605 4837 lege
3633 4762 3767 4833 pigri~

2232 4864 2337 4916 tias.
2360 4862 2501 4916 Satis
2530 4860 2628 4913 erit
2656 4858 2781 4912 mihi
2804 4860 2869 4913 ad
2897 4859 3097 4926 plenam
3129 4858 3561 4917 satisfactionem.
3581 4856 3623 4908 si
3643 4866 3767 4907 aver-

2232 4962 2375 5004 satus
2403 4948 2664 5003 scribendi
2694 4963 2955 5019 occupare
2983 4948 3320 5018 principium,
3356 4948 3532 5002 saltim
3556 4941 3767 5016 sequaris

2233 5039 2554 5109 exemplum.
2595 5038 2745 5092 Vale.

2824 5125 3037 5185 EPIST.
3082 5128 3215 5185 LXI.

2635 5238 2941 5281 ετιηιλςηυε
2970 5240 3140 5278 ΔΗΙΟΙΒ
3171 5236 3368 5277 IIOIAI.

2305 5318 2408 5373 lter
2453 5316 2683 5387 Capuam
2740 5328 3149 5381 promovemns;
3190 5311 3413 5365 forsitan
3455 5303 3767 5382 sttspicemini

2236 5409 2644 5461 interventuram
2668 5404 2808 5458 soliti
2840 5404 2891 5457 in
2922 5418 3015 5456 vos
3043 5402 3197 5455 ofﬁcii
3226 5402 3544 5456 oblivionem
3571 5417 3660 5472 per
3681 5401 3769 5452 lon-

2236 5498 2522 5565 gitudinem
2551 5498 2671 5551 viae.
2730 5496 2932 5565 Vulgati
2964 5496 3158 5564 quippe
3198 5496 3463 5561 proverbii
3493 5507 3595 5560 est,
3622 5488 3767 5550 cnavi'

2235 5595 2355 5653 gnto
2395 5586 2561 5639 Maleo
2590 5586 2831 5639 ublimari
2868 5599 3050 5639 eorum
3105 5585 3431 5645 memoriam,
3482 5600 3612 5655 quos
3638 5579 3754 5637 domi

2240 5675 2536 5741 reliqueris.
2572 5674 2650 5729 Me
2679 5690 2887 5743 quoquo
2914 5689 3122 5729 versum
3154 5676 3339 5743 pedem
3380 5677 3569 5739 tulero,
3601 5676 3765 5728 amico-

2242 5781 2357 5817 rutn
2387 5780 2509 5819 cura
2557 5766 2859 5843 comitatur.
2900 5764 3121 5835 Sperate
3162 5751 3316 5832 igitur
3360 5765 3613 5821 honorem
3644 5762 3765 5830 hujus
