3896 6344
166 356 237 412 ὅὶὃ
1289 335 1757 397 EI‘ISTOLA-RCM
1800 335 1994 390 LIBER
2040 335 2162 390 \‘lll.

3257 336 3360 391 3‘16

167 463 360 516 muneris
391 463 534 514 circa
571 477 670 512 vos
699 475 820 515 esse
849 473 1168 523 ttiattsurutu,
1203 458 1243 508 si
1277 457 1466 522 optatis
1498 455 1696 504 fortuna
1725 449 1774 505 Α
1802 446 2005 497 cundia:
2034 445 2178 496 oneri
2211 449 2275 496 sit
2303 454 2476 495 nostra
2511 444 2766 510 purgatio.
2802 443 2945 495 Nunc
2974 443 3062 494 tibi
3099 446 3354 498 honorem

169 553 486 607 consenserit.
525 551 677 604 Vale.

731 642 940 696 EPIST.
985 638 1136 692 LXII.

646 747 949 788 SYMMACIIL’S
997 743 1217 784 ROIL'ID.

219 827 321 880 Non
365 840 483 878 sum
527 824 801 891 Opinionis
852 822 1122 888 ambiguus
1158 816 1448 885 exspectari
1505 816 1706 866 litteras

169 931 306 969 meas.
338 913 466 967 Nam
498 927 681 979 tarem
712 910 957 964 desiderii
992 908 1362 975 impatientiam
1391 905 1455 956 de
1489 908 1589 954 tuis
1619 917 1705 966 pa-

168 1011 264 1060 tior.
301 1005 408 1057 l'na
444 1004 609 1071 igitur
637 1012 720 1056 est
753 1001 916 1067 nostri
954 1012 1105 1051 causa
1150 997 1427 1054 sermonis,
1471 1004 1523 1043 ut
1560 1002 1705 1042 tuum

169 1113 385 1152 merear:
411 1099 591 1164 cuius,
625 1108 680 1148 ιιι
710 1097 758 1146 in
790 1105 911 1161 potu
941 1093 1180 1154 fontium,
1211 1091 1325 1143 ideo
1349 1090 1512 1155 major
1538 1098 1616 1140 est
1638 1087 1708 1140 si-

169 1191 239 1258 tis,
266 1191 389 1257 quia
416 1205 577 1258 sapor
608 1189 831 1242 dulcior.
868 1187 1012 1238 \‘ale.

716 1317 925 1370 EI‘IST.
967 1315 1140 1368 LXIII.

611 1419 915 1459 δῖιηιλςιιιδ
962 1418 1238 1458 ιΑιιΡΑυιο.

227 1501 606 1562 Admonueras,
639 1511 756 1550 cum
781 1497 1016 1564 proxime
1038 1496 1168 1547 urbe
1188 1492 1510 1561 digrederer,
1533 1491 1576 1544 si
1601 1491 1710 1544 vel-

169 1595 252 1646 lem
285 1593 373 1643 ttbi
403 1591 609 1642 aditum
641 1587 942 1657 scriptionis
985 1587 1215 1654 aperire,
1254 1594 1307 1636 ut
1333 1585 1472 1650 prior
1509 1586 1708 1634 luti-ras

169 1684 472 1734 indicarem.
502 1677 787 1733 Satisfacio
817 1675 1068 1728 voluntati
1111 1683 1232 1735 luce,
1262 1687 1379 1739 quce
1422 1674 1709 1722 observan-

1803 540 2132 591 salutzitionis
2190 537 2466 602 impendo,
2526 553 2620 588 nec
2669 550 2930 601 reposco,
2986 540 3122 602 Quod
3169 549 3355 606 sponte

1804 624 2038 677 lat-tutus
2093 641 2166 684 es,
2225 635 2279 676 ut
2335 639 2426 675 uos
2477 625 2669 676 mutuis
2709 625 3013 691 alloquaris;
3060 639 3174 674 cum
3230 625 3357 677 mihi

1806 717 1938 768 hanc
1977 720 2142 768 viceni
2177 727 2227 768 et
2277 717 2458 784 religio
2488 716 2647 768 animi
2701 715 2795 779 tui,
2825 725 2876 768 et
2900 715 3222 768 consuetudo
3248 733 3356 782 pro-

1807 809 1994 861 mittat.
2027 809 2172 861 Vale.

2349 915 2558 969 I‘II‘IST.
2602 915 2688 966 LX
2700 915 2731 960 ι’
2746 915 2825 966 III.

2303 1041 2604 1079 SYMMACIIUS
2645 1041 2871 1079 TiClAXO.

1792 1209 1794 1211 ,
1879 1161 2208 1214 Desideratas
2233 1161 2443 1227 quidem
2461 1160 2670 1212 litteras
2699 1170 2812 1211 tuas
2835 1161 3000 1212 liheus
3022 1160 3246 1226 sumpsi;
3273 1158 3363 1211 sed

1808 1251 2036 1317 cognitio
2086 1260 2291 1303 tuorum
2336 1260 2565 1309 actuum,
2599 1264 2821 1316 quorum
2873 1247 3021 1300 testis
3062 1257 3217 1313 atque
3249 1265 3365 1299 naru

1808 1349 1951 1392 rator
1977 1341 2194 1394 Euscius
2226 1340 2342 1402 fuit,
2366 1340 2660 1391 uberiorem
2686 1339 2810 1390 mihi
2833 1339 3002 1388 attulit
3021 1337 3363 1402 voluptatem.

1810 1430 1985 1495 Itaque
2004 1431 2186 1483 hortor
2213 1445 2276 1483 ac
2303 1444 2491 1481 moneo
2511 1437 2566 1480 ut
2591 1429 2723 1482 bene
2745 1437 2913 1494 empta
2939 1442 3041 1479 non
3057 1427 3288 1485 deseras,
3314 1437 3365 1480 et

1812 1521 2088 1586 prmminnt
2139 1519 2306 1571 laudis
2358 1517 2631 1570 honestate
2693 1516 2934 1569 secteris.
2988 1515 3366 1583 Sulnjnngereni

1807 1623 1985 1660 curam
2032 1623 2288 1668 meorum,
2322 1608 2365 1659 si
2393 1616 2535 1660 esset
2562 1607 2692 1658 alius
2719 1605 3083 1672 alloquendus,
3115 1607 3204 1659 sed
3247 1621 3366 1657 cum

1810 1697 1968 1748 facias
1997 1697 2133 1748 ultro
2163 1710 2278 1763 qua:
2310 1709 2459 1748 mens
2489 1710 2664 1747 sermo
2687 1706 2861 1762 νίψει
2884 1704 3160 1760 expetere,
3189 1703 3363 1757 partes

167 1781 269 1824 mm
301 1783 452 1836 Ρτ¹⁵⁶¹
485 1782 652 1821 mons
689 1767 1040 1833 amplecmu"
1081 1763 1363 1816 AbSOI'm’S
1399 1771 1556 1828 '3'!”
1611 1761 1708 1812 ¹¹”⁰
1739 1785 1782 1843 Β
1809 1761 2281 1840 co:nmendationis
2324 1785 2509 1836 omitto
2542 1803 2550 1833 :
2587 1761 2706 1851 quia
2759 1784 3006 1851 quidquid
3062 1798 3124 1835 ex
3181 1784 3364 1835 fiducia

168 1864 427 1931 religione,
472 1873 696 1928 erumpe
737 1861 788 1911 in
839 1859 1110 1911 familiaris
1154 1857 1274 1926 styli
1327 1870 1564 1916 munera,
1600 1869 1710 1906 me-

165 1964 373 2015 cumque
394 1948 757 2010 communica,
783 1945 1033 2014 quidquid
1057 1946 1106 1998 in
1133 1945 1544 1998 administranda
1570 1945 1713 1996 urbis

167 2044 308 2095 tutela
336 2059 398 2096 ex
445 2044 586 2094 bono
635 2039 845 2109 publico
875 2037 1084 2094 feceris.
1137 2037 1241 2090 Nec
1269 2037 1549 2104 quidquam
1587 2051 1712 2089 vero

167 2139 424 2192 scribentis
453 2136 703 2190 detrahat
734 2135 920 2202 pudor,
960 2147 1027 2187 ne
1061 2132 1314 2200 voluptati
1347 2146 1477 2184 mea:
1518 2131 1713 2183 damno
1764 2160 1768 2165 -

169 2230 229 2280 sit
253 2229 484 2298 cpistola:
517 2225 851 2280 verecundia.
884 2223 1028 2277 Vale.

721 2330 926 2385 EPIST.
976 2329 1150 2383 LXIV.

631 2435 932 2474 S\'.\IHACHU§
970 2434 1084 2473 DIO.‘
1094 2433 1224 2469 YSIO.

226 2516 522 2571 Ollenderat
546 2514 714 2566 bonos
743 2511 880 2580 quod
906 2512 1184 2563 immature
1209 2519 1332 2561 ante
1368 2507 1709 2561 discesseras.

174 2607 339 2661 Doluit
385 2607 593 2660 fortuna
638 2615 908 2671 peccatum
947 2619 1120 2667 suum,
1152 2617 1268 2670 que
1317 2603 1467 2655 nobis
1517 2611 1565 2654 te
1592 2602 1713 2668 pari

171 2697 492 2749 festinatione
523 2696 773 2748 restituit.
810 2693 912 2748 Sed
935 2695 1056 2760 quid
1086 2693 1355 2745 absentem
1380 2691 1524 2757 juvat
1559 2689 1713 2741 amici

167 2788 393 2840 reditus?
435 2786 626 2840 Solare
656 2785 796 2836 hunc
838 2797 1016 2835 casum
1070 2782 1256 2833 litteris
1308 2779 1668 2846 frequentibus
1704 2794 1714 2827 :

167 2876 328 2928 scribe
347 2876 502 2928 etiam
532 2873 660 2942 quid
689 2872 780 2924 tibi
810 2870 946 2938 apud
971 2869 1162 2924 Urbem
1186 2868 1428 2921 mandata
1457 2881 1580 2920 cura
1602 2881 1718 2933 per-

166 2965 408 3016 miserit:
450 2974 510 3018 ut
559 2978 682 3017 cum
740 2961 864 3015 mihi
915 2976 1062 3029 spem
1112 2960 1344 3013 visenda:
1399 2959 1718 3012 eximietatis

170 3062 264 3106 tua
306 3055 602 3121 promiserit
653 3053 767 3106 dies
811 3051 1045 3119 largior,
1102 3064 1198 3119 ego
1243 3062 1449 3116 quoque
1487 3047 1566 3098 vix
1603 3055 1719 3113 post

1811 1878 2054 1929 amicitia:
2093 1877 2444 1941 prmsnmitnr,
2481 1876 2596 1942 plus
2648 1875 2803 1928 habet
2835 1875 3032 1942 cratim,
3072 1878 3127 1926 ~si
3179 1886 3366 1937 sponte

1813 1976 2111 2033 praestetur.
2150 1966 2297 2018 \‘ale.
2413 1953 2428 1962 ”

2367 2058 2578 2114 EPIST.
2620 2058 2798 2110 LXIX.

2270 2163 2577 2203 δῖιιιίλειιιε
2610 2162 2918 2200 ι’λιειιιιειο.

1889 2259 2145 2313 Rusticari
2179 2268 2232 2312 te
2281 2259 2497 2319 asseris,
2527 2266 2582 2310 et
2611 2255 2864 2308 ducendis
2901 2255 3114 2317 vitibus,
3147 2261 3239 2308 aut
3286 2269 3365 2308 ar-

1819 2349 2034 2404 boribus
2083 2348 2382 2402 inserendis
2422 2346 2638 2400 crudam
2669 2354 2994 2398 senectutem
3025 2344 3221 2396 fovere.
3253 2343 3365 2396 Non

1821 2441 1918 2491 hoc
1947 2439 2134 2490 littera:
2165 2448 2266 2490 tua:
2295 2436 2526 2502 sapiunt,
2567 2435 2664 2487 nisi
2698 2434 2832 2486 forte
2866 2431 3029 2485 Gallia
3073 2442 3158 2485 tua
3202 2432 3363 2485 redux

1815 2527 1879 2580 sit
1909 2526 1974 2578 ab
2006 2526 2279 2579 llelicooe.
2309 2525 2454 2577 Alios
2499 2523 2673 2575 sulcos
2698 2523 2835 2590 stylo
2865 2523 3207 2584 intermoves,
3239 2522 3367 2573 alios

1815 2615 2028 2669 ordines
2078 2615 2282 2682 pangis.
2318 2613 2424 2679 Ego
2471 2620 2670 2673 autem,
2702 2608 2949 2677 quoniam
3002 2611 3137 2661 scire
3191 2619 3366 2661 nostra

1816 2705 2112 2768 desideras,
2148 2705 2197 2756 in
2227 2703 2493 2756 domicilio
2518 2700 2740 2754 Latiaris
2767 2698 3041 2761 facundiae,
3062 2699 3166 2751 otio
3191 2709 3243 2751 et
3261 2706 3368 2750 stu-

1817 2794 1906 2846 dio
1959 2803 2162 2859 torpeo.
2200 2791 2278 2843 Dii
2325 2790 2524 2841 dabunt
2574 2790 2892 2840 incrementa
2945 2803 3200 2840 annorum
3256 2801 3368 2839 meo

1819 2883 2060 2950 parvulo.
2098 2882 2212 2945 Ipse
2247 2894 2351 2943 me,
2380 2877 2595 2947 praefata
2626 2879 2844 2929 fortuna:
2876 2877 3046 2938 venia,
3079 2875 3142 2926 ad
3175 2875 3371 2927 studiu-

1819 2989 1932 3026 rum
1958 2986 2172 3024 suorum
2197 2971 2504 3023 societatem
2536 2969 2757 3021 vocavit.
2783 2966 2982 3019 Interea
3010 2966 3368 3032 frequentibus

1819 3063 2062 3128 epistolis
2087 3061 2338 3114 desidiam
2365 3072 2533 3112 meam
2581 3058 2812 3110 stitnula.
2831 3056 2999 3110 Unum
3030 3057 3223 3122 quippe
3270 3055 3368 3107 hoc

167 3145 384 3200 urbanas
434 3145 712 3200 molestias
759 3149 1011 3211 usurpato
1063 3140 1173 3194 otio
1218 3137 1422 3206 longius
1482 3135 1713 3190 defruar.

1826 3155 2109 3206 litterarum
2139 3165 2306 3218 genus
2352 3156 2615 3215 superest,
2649 3157 2760 3213 post
2806 3160 3015 3196 amaros
3059 3158 3210 3196 casus
3253 3158 3370 3192 ora.

173 3234 311 3288 Vale.

737 3322 946 3378 EPIST.
987 3322 1143 3375 LXV.

637 3430 934 3469 SYSIIAUIUS
963 3427 1236 3466 LLIPADIO.

234 3506 426 3561 Indicio
451 3507 643 3577 quietis
667 3507 881 3559 urbana:
913 3515 1116 3571 tempus
1138 3499 1525 3569 quodammodo
1569 3513 1721 3551 usur-

167 3602 324 3669 pandi
348 3603 431 3656 otii
463 3602 758 3672 prorogasti
791 3617 804 3654 :
839 3598 1026 3652 abesse
1069 3595 1206 3649 enim
1235 3594 1471 3662 longum,
1507 3593 1722 3657 placidi-

166 3707 246 3750 tas
269 3698 460 3748 civium
488 3711 572 3748 me
597 3695 744 3757 sinit,
771 3691 873 3743 tuis
895 3697 1036 3756 parta
1061 3685 1314 3747 consiliis,
1335 3683 1521 3751 quibus
1546 3682 1724 3748 plebes

165 3790 374 3844 redacta
413 3798 493 3841 est
531 3787 587 3839 in
635 3781 922 3852 pmnitendi
971 3776 1360 3832 verecundiam.
1415 3772 1560 3824 Nunc
1599 3784 1723 3838 ergo

164 3893 286 3950 post
317 3895 552 3935 curarum
583 3863 820 3931 omnium
868 3873 1042 3942 fugam
1072 3869 1362 3940 producere
1393 3866 1516 3919 mihi
1541 3863 1718 3930 ferias,

165 3981 222 4023 ut
254 3970 330 4023 ita
355 3970 538 4035 dicam,
572 3969 791 4038 pingues
813 3965 1010 4019 licebit.
1037 3961 1284 4028 Quamvis
1306 3959 1589 4029 prmcipere
1611 3957 1723 4008 ani-

165 4077 254 4118 mo
280 4064 475 4117 incerta
519 4075 623 4114 non
663 4058 905 4119 debeam,
935 4055 1023 4124 qui
1066 4054 1164 4107 sim
1201 4051 1327 4104 mihi
1376 4050 1617 4102 conscius
1647 4055 1722 4098 te-

163 4170 318 4209 nera
347 4156 394 4208 in
428 4169 520 4207 vos
568 4148 878 4210 all’eCtionis,
922 4156 975 4203 et
1021 4145 1159 4198 illius
1188 4139 1455 4199 desiderii,
1488 4151 1589 4205 qtto
1619 4150 1723 4202 prze

164 4246 374 4299 cunctis
399 4245 518 4312 vite
539 4238 888 4308 voluptatibus
923 4234 1140 4301 patriam
1163 4246 1330 4284 meam
1359 4229 1538 4296 diligo.
1577 4226 1719 4278 Vale.

732 4362 940 4420 EPIST.
986 4359 1168 4414 LXVI.

640 4468 940 4514 SYIIACBUS
966 4464 1242 4537 ῑεκρυιιο,

237 4559 465 4624 Agerem
524 4552 616 4606 tibi
670 4550 884 4616 largiter
931 4532 1146 4614 gratias,
1182 4541 1425 4609 quoniam
1467 4551 1552 4590 me
1585 4532 1724 4586 haud

162 4644 377 4697 dudum
400 4658 428 4696 a
456 4643 607 4695 vobis
635 4639 924 4708 profectum
950 4633 1169 4689 dicenda
1193 4631 1361 4684 salute
1384 4644 1473 4696 pra
1493 4628 1723 4687 veneris,

163 4733 277 4785 nisi
327 4732 453 4783 hanc
499 4730 599 4783 sibi
645 4727 1044 4796 gratulationem
1091 4736 1259 4776 meam
1309 4733 1430 4785 spes
1473 4715 1724 4768 auctioris

163 4819 417 4874 beneﬁcii
445 4819 764 4872 vendicaret.
796 4815 910 4880 Ipse
927 4814 1070 4866 enim
1089 4811 1279 4864 diceris
1309 4809 1612 4868 adfuturus;
1634 4820 1723 4856 cu-

154 4909 252 4975 jus
283 4907 370 4962 rei
393 4909 598 4960 nomine
627 4905 808 4958 vadari
837 4917 919 4956 me
941 4902 1034 4954 tibi
1075 4901 1128 4952 in
1158 4901 1373 4968 majoris
1400 4899 1581 4966 gratia:
1611 4911 1723 4950 mo-

161 5000 304 5051 dum
356 4997 528 5051 fateor.
560 4997 725 5050 Velim
767 5005 939 5047 tamen
970 4989 1176 5057 scriptis
1206 4991 1309 5041 tuis
1348 4997 1558 5056 sperato
1588 4985 1728 5036 bono

165 5092 346 5144 fidem
388 5092 563 5151 astrui,
615 5087 785 5154 utqui
833 5083 923 5137 tati
965 5083 1212 5150 opinione
1255 5079 1510 5136 delector,
1560 5078 1724 5127 multo

161 5184 408 5251 amplius
433 5183 679 5254 gaudea
701 5176 1119 5233 confirmationis
1147 5175 1446 5229 securitate.
1483 5174 1624 5224 Vale.

730 5307 941 5363 EPIST.
982 5307 1181 5362 LXVII.

664 5413 969 5457 εγιιιιλειιυς
1005 5412 1247 5453 DYKAIIO.

224 5522 462 5578 Litteras
480 5534 620 5574 meas
638 5532 820 5572 amore
834 5514 1118 5579 desideras,
1138 5511 1229 5565 sed
1245 5510 1621 5576 infrequentem
1646 5519 1730 5558 me

165 5612 360 5669 rideri
378 5611 654 5664 communis
675 5608 813 5662 filius
837 5604 976 5666 facit,
998 5605 1085 5673 qui
1114 5602 1365 5668 rescripta
1392 5613 1494 5651 non
1517 5597 1727 5664 repetit.

170 5705 298 5758 llo:
329 5710 495 5758 tamen
525 5698 749 5758 strictim
779 5696 974 5753 dixisse
1014 5691 1258 5754 sufﬁciat,
1291 5704 1357 5744 ne
1402 5689 1541 5742 Illius
1582 5703 1728 5743 vere-

1819 3245 2019 3298 ti0num
2051 3257 2307 3303 mearum,
2338 3240 2477 3308 quod
2508 3253 2590 3292 me
2616 3239 2680 3289 ad
2718 3252 2869 3290 usum
2899 3236 3163 3290 scribendi
3207 3235 3373 3303 possit

1819 3332 2056 3385 allicere.
2098 3331 2241 3382 Vale.

2393 3415 2604 3469 EI’IST.
2640 3413 2799 3467 LXX.

2306 3521 2612 3562 I‘IIACHLS
2652 3520 2883 3560 IOIANO.

1892 3645 2039 3700 Nunc
2081 3643 2290 3698 demum
2338 3641 2497 3695 affluo
2543 3642 2828 3707 voluptate,
2874 3637 3015 3706 quod
3047 3645 3096 3688 te
3131 3650 3373 3688 curarum

1823 3753 2044 3791 vacuum
2075 3733 2345 3788 nuntiasti.
2377 3733 2504 3785 Nam
2547 3746 2630 3784 me
2660 3731 2913 3782 hactenus
2943 3742 3118 3780 rerum
3168 3733 3372 3779 tuarum

1825 3825 2123 3879 amaritudo
2169 3824 2460 3877 mordebat.
2511 3821 2688 3885 Itaque
2731 3819 2914 3872 salutis
2955 3816 3207 3884 prasides
3249 3817 3375 3869 deos

1825 3931 2153 3984 comprecor,
2186 3929 2252 3967 ne
2282 3925 2506 3978 unquam
2540 3912 2752 3977 paginas
2781 3918 2895 3958 tuas
2924 3919 3072 3958 mens
3103 3903 3268 3956 tristis
3298 3905 3374 3956 in-

1826 4005 2014 4059 fuscet.
2047 4005 2248 4057 Interea
2280 4002 2468 4055 talibus
2500 3999 2685 4052 litteris
2732 3996 2955 4062 pretium
2983 3993 3374 4062 rependendum

1826 4107 1924 4150 est.
1957 4096 2130 4161 Quare
2171 4093 2398 4146 vicissim
2448 4104 2597 4144 sume
2625 4102 2731 4156 quo
2771 4087 2838 4139 de
2884 4099 2968 4138 me
3018 4083 3265 4152 gaudeas.
3323 4082 3376 4136 In

1828 4190 1964 4243 booo
1987 4197 2123 4240 statu
2161 4183 2470 4238 valetudinis
2496 4194 2696 4240 sumus,
2726 4188 2778 4232 et
2805 4179 3042 4242 relegere
3083 4176 3207 4231 Urbi
3252 4189 3375 4243 pro-

1828 4283 2018 4348 pinqua
2050 4277 2386 4330 meditamur.
2419 4273 2567 4326 Sinat
2597 4271 2819 4323 fortuna:
2843 4269 3134 4335 benignitas
3165 4265 3264 4316 hoc
3295 4265 3372 4316 in-

1828 4381 1906 4424 ter
1950 4385 2044 4422 nos
2077 4382 2289 4419 manere
2332 4361 2731 4424 commercium,
2765 4368 2820 4412 ut
2862 4357 3126 4427 prosperis
3171 4355 3377 4423 scriptis

1749 4461 1804 4528 Β
1825 4470 2076 4529 responsa
2103 4453 2451 4509 consentiant.
2486 4451 2632 4503 Vale.

2380 4583 2593 4639 EPIST.
2628 4581 2808 4635 LXXI.

2278 4715 2342 4752 AD
2373 4711 2536 4750 PBJST.
2569 4708 2728 4746 ICLT.
2759 4706 2918 4743 INVI‘I'.

1898 4812 2115 4866 Prmlato
2145 4808 2433 4862 divinitatis
2461 4806 2660 4866 favore,
2691 4802 2904 4856 urbanae
2935 4808 3179 4868 praetura:
3208 4797 3376 4849 fasces

1831 4907 1966 4958 filius
1993 4917 2138 4957 mens
2165 4900 2512 4969 Symmachus
2545 4894 2784 4948 kalendis
2813 4892 3074 4944 Januariis
3103 4891 3366 4941 sortietur.

1829 4994 2111 5048 Praesentia
2143 5002 2225 5042 tua
2264 4989 2438 5041 ornari
2471 4987 2585 5051 ejus
2627 4983 2855 5035 officium
2888 4981 3189 5047 participata
3239 4978 3372 5046 peti-

1829 5088 1966 5137 tione
1997 5083 2347 5148 deposcitnus.
2389 5077 2528 5127 Vale.

2391 5185 2603 5239 EI‘IST.
2637 5182 2841 5236 LXXII.

2522 5312 2726 5352 SIIILIS.

1905 5417 2201 5473 Divinitatis
2233 5416 2433 5467 honore
2461 5412 2750 5478 praemisso.
2783 5407 2924 5468 Iil‘us
2955 5421 3101 5459 meus
3124 5447 3142 5457 ._
3164 5419 3368 5472 ,inma-

1834 5511 1967 5565 chus
1997 5506 2232 5561 calentlis
2279 5502 2540 5556 Januariis
2595 5510 2836 5567 praeturas
2887 5499 3099 5549 urbanae
3151 5495 3370 5558 accipiet

1836 5601 2215 5667 magistratum.
2246 5595 2451 5655 Quaeso.
2491 5601 2546 5642 ut
2577 5589 2852 5658 praesentia
2902 5597 2984 5638 tua
3019 5585 3146 5637 festa
3196 5597 3370 5638 nostra

1838 5689 2164 5742 cohonestet.
2203 5684 2342 5738 Vale.
