  <div class='ocr_page' id='page_1' title='image "/cluster/home/n/w/nwhite01/storage/ocr_20150623/18-19/uva.x000826554/175.png"; bbox 0 0 3826 6374; ppageno 0'>
   <div class='ocr_carea' id='block_1_1' title="bbox 504 433 606 493">
    <p class='ocr_par' dir='ltr' id='par_1_1' title="bbox 504 433 606 493">
     <span class='ocr_line' id='line_1_1' title="bbox 504 433 606 493; baseline -0.088 -1"><span class='ocrx_word' id='word_1_1' title='bbox 504 433 606 493; x_wconf 71' lang='grc'><strong>527</strong></span> 
     </span>
    </p>
   </div>
   <div class='ocr_carea' id='block_1_2' title="bbox 1054 536 1515 597">
    <p class='ocr_par' dir='ltr' id='par_1_2' title="bbox 1054 536 1515 597">
     <span class='ocr_line' id='line_1_2' title="bbox 1054 536 1515 597; baseline -0.013 0"><span class='ocrx_word' id='word_1_2' title='bbox 1054 540 1261 597; x_wconf 79' lang='lat' dir='ltr'><strong>EPIST.</strong></span> <span class='ocrx_word' id='word_1_3' title='bbox 1290 536 1515 592; x_wconf 73' lang='lat' dir='ltr'><strong>LXXIII.</strong></span> 
     </span>
    </p>
   </div>
   <div class='ocr_carea' id='block_1_3' title="bbox 963 641 1568 689">
    <p class='ocr_par' dir='ltr' id='par_1_3' title="bbox 963 641 1568 689">
     <span class='ocr_line' id='line_1_3' title="bbox 963 641 1568 689; baseline -0.012 -1"><span class='ocrx_word' id='word_1_4' title='bbox 963 646 1261 689; x_wconf 68' lang='lat' dir='ltr'><strong>SYMMACUUS</strong></span> <span class='ocrx_word' id='word_1_5' title='bbox 1290 646 1321 682; x_wconf 73' lang='grc' dir='ltr'><strong>Μ</strong></span> <span class='ocrx_word' id='word_1_6' title='bbox 1336 641 1568 681; x_wconf 62' lang='grc' dir='ltr'><strong>ὶΒΕΙΑΝΟ.</strong></span> 
     </span>
    </p>
   </div>
   <div class='ocr_carea' id='block_1_4' title="bbox 593 712 2082 785">
    <p class='ocr_par' dir='ltr' id='par_1_4' title="bbox 593 712 2082 785">
     <span class='ocr_line' id='line_1_4' title="bbox 593 712 2082 785; baseline -0.016 0"><span class='ocrx_word' id='word_1_7' title='bbox 593 728 866 785; x_wconf 77' lang='lat' dir='ltr'><strong>Silentium</strong></span> <span class='ocrx_word' id='word_1_8' title='bbox 914 726 1043 778; x_wconf 89' lang='lat' dir='ltr'><strong>mihi</strong></span> <span class='ocrx_word' id='word_1_9' title='bbox 1088 725 1206 776; x_wconf 84' lang='lat' dir='ltr'><strong>duci</strong></span> <span class='ocrx_word' id='word_1_10' title='bbox 1242 720 1369 773; x_wconf 87' lang='lat' dir='ltr'><strong>vitio</strong></span> <span class='ocrx_word' id='word_1_11' title='bbox 1402 734 1503 771; x_wconf 89' lang='lat' dir='ltr'><strong>non</strong></span> <span class='ocrx_word' id='word_1_12' title='bbox 1553 724 1759 781; x_wconf 75' lang='lat' dir='ltr'><strong>oportet</strong></span> <span class='ocrx_word' id='word_1_13' title='bbox 1796 729 1808 766; x_wconf 90' lang='lat'>:</span> <span class='ocrx_word' id='word_1_14' title='bbox 1852 712 2082 765; x_wconf 57' lang='lat' dir='ltr'><strong>familiae</strong></span> 
     </span>
    </p>
   </div>
   <div class='ocr_carea' id='block_1_5' title="bbox 524 801 2074 887">
    <p class='ocr_par' dir='ltr' id='par_1_5' title="bbox 524 801 2074 887">
     <span class='ocr_line' id='line_1_5' title="bbox 524 801 2074 887; baseline -0.013 -13"><span class='ocrx_word' id='word_1_15' title='bbox 524 824 656 876; x_wconf 88' lang='lat' dir='ltr'><strong>rium</strong></span> <span class='ocrx_word' id='word_1_16' title='bbox 678 820 867 887; x_wconf 79' lang='lat' dir='ltr'><strong>quippe</strong></span> <span class='ocrx_word' id='word_1_17' title='bbox 889 815 1180 869; x_wconf 82' lang='lat' dir='ltr'><strong>ofliciorum</strong></span> <span class='ocrx_word' id='word_1_18' title='bbox 1211 824 1337 862; x_wconf 87' lang='lat' dir='ltr'><strong>usus</strong></span> <span class='ocrx_word' id='word_1_19' title='bbox 1365 810 1503 861; x_wconf 89' lang='lat' dir='ltr'><strong>inter</strong></span> <span class='ocrx_word' id='word_1_20' title='bbox 1524 808 1745 858; x_wconf 78' lang='lat' dir='ltr'><strong>adversa</strong></span> <span class='ocrx_word' id='word_1_21' title='bbox 1770 801 2074 870; x_wconf 68' lang='lat' dir='ltr'><strong>negligitur.</strong></span> 
     </span>
    </p>
   </div>
   <div class='ocr_carea' id='block_1_6' title="bbox 524 896 2077 978">
    <p class='ocr_par' dir='ltr' id='par_1_6' title="bbox 524 896 2077 978">
     <span class='ocr_line' id='line_1_6' title="bbox 524 896 2077 978; baseline -0.017 -11"><span class='ocrx_word' id='word_1_22' title='bbox 524 912 628 967; x_wconf 88' lang='lat' dir='ltr'><strong>Sed</strong></span> <span class='ocrx_word' id='word_1_23' title='bbox 658 908 773 978; x_wconf 76' lang='lat' dir='ltr'><strong>quia</strong></span> <span class='ocrx_word' id='word_1_24' title='bbox 798 923 919 974; x_wconf 86' lang='lat' dir='ltr'><strong>spes</strong></span> <span class='ocrx_word' id='word_1_25' title='bbox 941 906 1091 957; x_wconf 89' lang='lat' dir='ltr'><strong>datur</strong></span> <span class='ocrx_word' id='word_1_26' title='bbox 1113 900 1431 969; x_wconf 86' lang='lat' dir='ltr'><strong>Symmacho</strong></span> <span class='ocrx_word' id='word_1_27' title='bbox 1460 912 1578 949; x_wconf 90' lang='lat' dir='ltr'><strong>meo</strong></span> <span class='ocrx_word' id='word_1_28' title='bbox 1604 896 1924 959; x_wconf 69' lang='lat' dir='ltr'><strong>integrantla</strong></span> <span class='ocrx_word' id='word_1_29' title='bbox 1950 906 2077 958; x_wconf 71' lang='lat' dir='ltr'><strong>pau-</strong></span> 
     </span>
    </p>
   </div>
   <div class='ocr_carea' id='block_1_7' title="bbox 524 982 2075 1059">
    <p class='ocr_par' dir='ltr' id='par_1_7' title="bbox 524 982 2075 1059">
     <span class='ocr_line' id='line_1_7' title="bbox 524 982 2075 1059; baseline -0.015 -2"><span class='ocrx_word' id='word_1_30' title='bbox 524 1003 671 1059; x_wconf 86' lang='lat' dir='ltr'><strong>latim</strong></span> <span class='ocrx_word' id='word_1_31' title='bbox 702 1002 853 1053; x_wconf 84' lang='lat' dir='ltr'><strong>bona</strong></span> <span class='ocrx_word' id='word_1_32' title='bbox 892 995 1229 1058; x_wconf 89' lang='lat' dir='ltr'><strong>valetudinis,</strong></span> <span class='ocrx_word' id='word_1_33' title='bbox 1274 990 1408 1043; x_wconf 89' lang='lat' dir='ltr'><strong>redit</strong></span> <span class='ocrx_word' id='word_1_34' title='bbox 1458 989 1667 1040; x_wconf 87' lang='lat' dir='ltr'><strong>animus</strong></span> <span class='ocrx_word' id='word_1_35' title='bbox 1717 984 1780 1036; x_wconf 90' lang='lat' dir='ltr'><strong>ad</strong></span> <span class='ocrx_word' id='word_1_36' title='bbox 1830 982 2075 1035; x_wconf 90' lang='lat' dir='ltr'><strong>amicitia</strong></span> 
     </span>
    </p>
   </div>
   <div class='ocr_carea' id='block_1_8' title="bbox 526 1071 2075 1157">
    <p class='ocr_par' dir='ltr' id='par_1_8' title="bbox 526 1071 2075 1157">
     <span class='ocr_line' id='line_1_8' title="bbox 526 1071 2075 1157; baseline -0.017 -7"><span class='ocrx_word' id='word_1_37' title='bbox 526 1094 706 1150; x_wconf 90' lang='lat' dir='ltr'><strong>munia</strong></span> <span class='ocrx_word' id='word_1_38' title='bbox 740 1110 753 1144; x_wconf 90' lang='lat'>:</span> <span class='ocrx_word' id='word_1_39' title='bbox 781 1076 901 1144; x_wconf 87' lang='lat' dir='ltr'><strong>utsi</strong></span> <span class='ocrx_word' id='word_1_40' title='bbox 932 1103 1085 1157; x_wconf 85' lang='lat' dir='ltr'><strong>quem</strong></span> <span class='ocrx_word' id='word_1_41' title='bbox 1119 1087 1211 1139; x_wconf 90' lang='lat' dir='ltr'><strong>tibi</strong></span> <span class='ocrx_word' id='word_1_42' title='bbox 1238 1081 1566 1137; x_wconf 90' lang='lat' dir='ltr'><strong>taciturnitas</strong></span> <span class='ocrx_word' id='word_1_43' title='bbox 1603 1091 1719 1131; x_wconf 89' lang='lat' dir='ltr'><strong>mea</strong></span> <span class='ocrx_word' id='word_1_44' title='bbox 1761 1085 1961 1129; x_wconf 89' lang='lat' dir='ltr'><strong>metum</strong></span> <span class='ocrx_word' id='word_1_45' title='bbox 1997 1071 2075 1125; x_wconf 84' lang='lat' dir='ltr'><strong>fe-</strong></span> 
     </span>
    </p>
   </div>
   <div class='ocr_carea' id='block_1_9' title="bbox 524 1167 1725 1247">
    <p class='ocr_par' dir='ltr' id='par_1_9' title="bbox 524 1167 1725 1247">
     <span class='ocr_line' id='line_1_9' title="bbox 524 1167 1725 1247; baseline -0.018 -8"><span class='ocrx_word' id='word_1_46' title='bbox 524 1193 690 1247; x_wconf 91' lang='lat' dir='ltr'><strong>cerat,</strong></span> <span class='ocrx_word' id='word_1_47' title='bbox 719 1181 980 1236; x_wconf 83' lang='lat' dir='ltr'><strong>sermonis</strong></span> <span class='ocrx_word' id='word_1_48' title='bbox 1004 1177 1260 1230; x_wconf 85' lang='lat' dir='ltr'><strong>securitas</strong></span> <span class='ocrx_word' id='word_1_49' title='bbox 1290 1174 1548 1224; x_wconf 87' lang='lat' dir='ltr'><strong>absolvat.</strong></span> <span class='ocrx_word' id='word_1_50' title='bbox 1583 1167 1725 1220; x_wconf 86' lang='lat' dir='ltr'><strong>Vale.</strong></span> 
     </span>
    </p>
   </div>
   <div class='ocr_carea' id='block_1_10' title="bbox 1648 387 2090 494">
    <p class='ocr_par' dir='ltr' id='par_1_10' title="bbox 1648 424 2090 494">
     <span class='ocr_line' id='line_1_10' title="bbox 1648 424 2090 494; baseline -0.005 -13"><span class='ocrx_word' id='word_1_51' title='bbox 1648 427 1714 494; x_wconf 77' lang='grc' dir='ltr'><strong>Ω.</strong></span> <span class='ocrx_word' id='word_1_52' title='bbox 1757 424 2090 482; x_wconf 77' lang='lat' dir='ltr'><strong>AURELIUS</strong></span> 
     </span>
    </p>
   </div>
   <div class='ocr_carea' id='block_1_11' title="bbox 2204 387 3716 494">
    <p class='ocr_par' dir='ltr' id='par_1_11' title="bbox 2204 387 3716 478">
     <span class='ocr_line' id='line_1_11' title="bbox 2204 387 3716 478; baseline -0.008 -1"><span class='ocrx_word' id='word_1_53' title='bbox 2204 420 2571 478; x_wconf 64' lang='lat' dir='ltr'><strong>notiones.</strong></span> <span class='ocrx_word' id='word_1_54' title='bbox 3506 387 3512 392; x_wconf 83' lang='grc'><em>’</em></span> <span class='ocrx_word' id='word_1_55' title='bbox 3632 410 3716 465; x_wconf 71' lang='grc' dir='ltr'><strong>διε</strong></span> 
     </span>
    </p>
   </div>
   <div class='ocr_carea' id='block_1_12' title="bbox 2103 544 2157 601">
    <p class='ocr_par' dir='ltr' id='par_1_12' title="bbox 2103 544 2157 601">
     <span class='ocr_line' id='line_1_12' title="bbox 2103 544 2157 601; baseline 0 0"><span class='ocrx_word' id='word_1_56' title='bbox 2103 544 2157 601; x_wconf 79' lang='grc' dir='ltr'><strong>Α</strong></span> 
     </span>
    </p>
   </div>
   <div class='ocr_carea' id='block_1_13' title="bbox 2738 523 3218 581">
    <p class='ocr_par' dir='ltr' id='par_1_13' title="bbox 2738 523 3218 581">
     <span class='ocr_line' id='line_1_13' title="bbox 2738 523 3218 581; baseline -0.01 0"><span class='ocrx_word' id='word_1_57' title='bbox 2738 524 2949 581; x_wconf 77' lang='lat' dir='ltr'><strong>EFIST.</strong></span> <span class='ocrx_word' id='word_1_58' title='bbox 2985 523 3218 579; x_wconf 78' lang='lat' dir='ltr'><strong>LXXIV.</strong></span> 
     </span>
    </p>
   </div>
   <div class='ocr_carea' id='block_1_14' title="bbox 2678 626 3259 669">
    <p class='ocr_par' dir='ltr' id='par_1_14' title="bbox 2678 626 3259 669">
     <span class='ocr_line' id='line_1_14' title="bbox 2678 626 3259 669; baseline -0.012 0"><span class='ocrx_word' id='word_1_59' title='bbox 2678 630 2984 669; x_wconf 64' lang='lat' dir='ltr'><strong>SYSIIIACIIUS</strong></span> <span class='ocrx_word' id='word_1_60' title='bbox 3047 626 3259 667; x_wconf 66' lang='lat' dir='ltr'><strong>ANCIIIO.</strong></span> 
     </span>
    </p>
   </div>
   <div class='ocr_carea' id='block_1_15' title="bbox 2255 699 3712 769">
    <p class='ocr_par' dir='ltr' id='par_1_15' title="bbox 2255 699 3712 769">
     <span class='ocr_line' id='line_1_15' title="bbox 2255 699 3712 769; baseline -0.007 -9"><span class='ocrx_word' id='word_1_61' title='bbox 2255 705 2471 760; x_wconf 89' lang='lat' dir='ltr'><strong>Certum</strong></span> <span class='ocrx_word' id='word_1_62' title='bbox 2504 705 2692 769; x_wconf 87' lang='lat' dir='ltr'><strong>habeo,</strong></span> <span class='ocrx_word' id='word_1_63' title='bbox 2726 705 2855 758; x_wconf 81' lang='lat' dir='ltr'><strong>nihil</strong></span> <span class='ocrx_word' id='word_1_64' title='bbox 2887 716 2936 757; x_wconf 92' lang='lat' dir='ltr'><strong>te</strong></span> <span class='ocrx_word' id='word_1_65' title='bbox 2962 704 3150 756; x_wconf 87' lang='lat' dir='ltr'><strong>litteris</strong></span> <span class='ocrx_word' id='word_1_66' title='bbox 3181 700 3311 753; x_wconf 86' lang='lat' dir='ltr'><strong>meis</strong></span> <span class='ocrx_word' id='word_1_67' title='bbox 3339 699 3598 767; x_wconf 80' lang='lat' dir='ltr'><strong>antiquius</strong></span> <span class='ocrx_word' id='word_1_68' title='bbox 3625 715 3712 751; x_wconf 69' lang='lat' dir='ltr'><strong>tes-</strong></span> 
     </span>
    </p>
   </div>
   <div class='ocr_carea' id='block_1_16' title="bbox 2187 789 3717 861">
    <p class='ocr_par' dir='ltr' id='par_1_16' title="bbox 2187 789 3717 861">
     <span class='ocr_line' id='line_1_16' title="bbox 2187 789 3717 861; baseline -0.006 -13"><span class='ocrx_word' id='word_1_69' title='bbox 2187 798 2393 849; x_wconf 81' lang='lat' dir='ltr'><strong>tiniare.</strong></span> <span class='ocrx_word' id='word_1_70' title='bbox 2423 796 2551 848; x_wconf 79' lang='lat' dir='ltr'><strong>Nam</strong></span> <span class='ocrx_word' id='word_1_71' title='bbox 2604 794 2729 847; x_wconf 84' lang='lat' dir='ltr'><strong>inihi</strong></span> <span class='ocrx_word' id='word_1_72' title='bbox 2776 807 2985 861; x_wconf 87' lang='lat' dir='ltr'><strong>quoque</strong></span> <span class='ocrx_word' id='word_1_73' title='bbox 3030 794 3213 843; x_wconf 64' lang='lat' dir='ltr'><strong>eadem</strong></span> <span class='ocrx_word' id='word_1_74' title='bbox 3254 789 3319 843; x_wconf 92' lang='lat' dir='ltr'><strong>de</strong></span> <span class='ocrx_word' id='word_1_75' title='bbox 3366 789 3438 842; x_wconf 93' lang='lat' dir='ltr'><strong>tui</strong></span> <span class='ocrx_word' id='word_1_76' title='bbox 3482 804 3717 841; x_wconf 81' lang='lat' dir='ltr'><strong>sermons</strong></span> 
     </span>
    </p>
   </div>
   <div class='ocr_carea' id='block_1_17' title="bbox 2178 878 3716 955">
    <p class='ocr_par' dir='ltr' id='par_1_17' title="bbox 2178 878 3716 955">
     <span class='ocr_line' id='line_1_17' title="bbox 2178 878 3716 955; baseline -0.005 -20"><span class='ocrx_word' id='word_1_77' title='bbox 2178 886 2510 955; x_wconf 83' lang='lat' dir='ltr'><strong>jncunditate</strong></span> <span class='ocrx_word' id='word_1_78' title='bbox 2561 884 2820 937; x_wconf 83' lang='lat' dir='ltr'><strong>sententia</strong></span> <span class='ocrx_word' id='word_1_79' title='bbox 2874 890 2977 935; x_wconf 91' lang='lat' dir='ltr'><strong>est.</strong></span> <span class='ocrx_word' id='word_1_80' title='bbox 3018 880 3201 932; x_wconf 55' lang='lat' dir='ltr'><strong>Merito</strong></span> <span class='ocrx_word' id='word_1_81' title='bbox 3256 878 3500 931; x_wconf 78' lang='lat' dir='ltr'><strong>amititia</strong></span> <span class='ocrx_word' id='word_1_82' title='bbox 3552 894 3716 930; x_wconf 84' lang='lat' dir='ltr'><strong>munus</strong></span> 
     </span>
    </p>
   </div>
   <div class='ocr_carea' id='block_1_18' title="bbox 2185 972 3715 1055">
    <p class='ocr_par' dir='ltr' id='par_1_18' title="bbox 2185 972 3715 1055">
     <span class='ocr_line' id='line_1_18' title="bbox 2185 972 3715 1055; baseline -0.005 -26"><span class='ocrx_word' id='word_1_83' title='bbox 2185 976 2565 1055; x_wconf 85' lang='lat' dir='ltr'><strong>arripui.Quod</strong></span> <span class='ocrx_word' id='word_1_84' title='bbox 2590 977 2633 1027; x_wconf 90' lang='lat' dir='ltr'><strong>si</strong></span> <span class='ocrx_word' id='word_1_85' title='bbox 2666 976 2773 1041; x_wconf 79' lang='lat' dir='ltr'><strong>pari</strong></span> <span class='ocrx_word' id='word_1_86' title='bbox 2808 975 2954 1025; x_wconf 82' lang='lat' dir='ltr'><strong>lance</strong></span> <span class='ocrx_word' id='word_1_87' title='bbox 2979 972 3291 1035; x_wconf 82' lang='lat' dir='ltr'><strong>reddideris,</strong></span> <span class='ocrx_word' id='word_1_88' title='bbox 3315 974 3541 1025; x_wconf 77' lang='lat' dir='ltr'><strong>studium</strong></span> <span class='ocrx_word' id='word_1_89' title='bbox 3564 987 3715 1025; x_wconf 84' lang='lat' dir='ltr'><strong>meum</strong></span> 
     </span>
    </p>
   </div>
   <div class='ocr_carea' id='block_1_19' title="bbox 2184 1065 3279 1135">
    <p class='ocr_par' dir='ltr' id='par_1_19' title="bbox 2184 1065 3279 1135">
     <span class='ocr_line' id='line_1_19' title="bbox 2184 1065 3279 1135; baseline -0.007 -12"><span class='ocrx_word' id='word_1_90' title='bbox 2184 1070 2531 1123; x_wconf 89' lang='lat' dir='ltr'><strong>incitamento</strong></span> <span class='ocrx_word' id='word_1_91' title='bbox 2561 1067 2829 1135; x_wconf 82' lang='lat' dir='ltr'><strong>religionis</strong></span> <span class='ocrx_word' id='word_1_92' title='bbox 2858 1074 3097 1119; x_wconf 86' lang='lat' dir='ltr'><strong>acuetur.</strong></span> <span class='ocrx_word' id='word_1_93' title='bbox 3133 1065 3279 1119; x_wconf 86' lang='lat' dir='ltr'><strong>Vale.</strong></span> 
     </span>
    </p>
   </div>
   <div class='ocr_carea' id='block_1_20' title="bbox 540 1263 3691 1319">
    <p class='ocr_par' dir='ltr' id='par_1_20' title="bbox 540 1263 3691 1319">
     <span class='ocr_line' id='line_1_20' title="bbox 540 1263 3691 1319; baseline -0.013 -1"><span class='ocrx_word' id='word_1_94' title='bbox 540 1263 3691 1319; x_wconf 64' lang='lat'><strong>_______________________.______—__——————————-</strong></span> 
     </span>
    </p>
   </div>
   <div class='ocr_carea' id='block_1_21' title="bbox 1568 1312 2758 1485">
    <p class='ocr_par' dir='ltr' id='par_1_21' title="bbox 1568 1312 2758 1485">
     <span class='ocr_line' id='line_1_21' title="bbox 1568 1312 2758 1485; baseline -0.005 -1"><span class='ocrx_word' id='word_1_95' title='bbox 1568 1376 2031 1485; x_wconf 85' lang='lat' dir='ltr'><strong>LIBER</strong></span> <span class='ocrx_word' id='word_1_96' title='bbox 2106 1312 2758 1479; x_wconf 42' lang='lat' dir='ltr'><strong>NONUSC</strong></span> 
     </span>
    </p>
   </div>
   <div class='ocr_carea' id='block_1_22' title="bbox 1002 1540 1885 1602">
    <p class='ocr_par' dir='ltr' id='par_1_22' title="bbox 1002 1540 1885 1602">
     <span class='ocr_line' id='line_1_22' title="bbox 1002 1540 1885 1602; baseline -0.024 0"><span class='ocrx_word' id='word_1_97' title='bbox 1002 1544 1331 1602; x_wconf 76' lang='lat' dir='ltr'><strong>EPISTOLA</strong></span> <span class='ocrx_word' id='word_1_98' title='bbox 1358 1540 1587 1595; x_wconf 76' lang='lat' dir='ltr'><strong>PRIMA.</strong></span> <span class='ocrx_word' id='word_1_99' title='bbox 1880 1576 1885 1581; x_wconf 88' lang='lat'><strong>.</strong></span> 
     </span>
    </p>
   </div>
   <div class='ocr_carea' id='block_1_23' title="bbox 908 1646 1696 1699">
    <p class='ocr_par' dir='ltr' id='par_1_23' title="bbox 908 1646 1696 1699">
     <span class='ocr_line' id='line_1_23' title="bbox 908 1646 1696 1699; baseline -0.016 -1"><span class='ocrx_word' id='word_1_100' title='bbox 908 1654 1302 1699; x_wconf 68' lang='grc' dir='ltr'><strong>ειιιιιλειιυε</strong></span> <span class='ocrx_word' id='word_1_101' title='bbox 1350 1646 1696 1690; x_wconf 64' lang='grc' dir='ltr'><strong>Ρλιιιλῡιο.</strong></span> 
     </span>
    </p>
   </div>
   <div class='ocr_carea' id='block_1_24' title="bbox 595 1735 2080 1815">
    <p class='ocr_par' dir='ltr' id='par_1_24' title="bbox 595 1735 2080 1815">
     <span class='ocr_line' id='line_1_24' title="bbox 595 1735 2080 1815; baseline -0.014 -3"><span class='ocrx_word' id='word_1_102' title='bbox 595 1758 652 1815; x_wconf 88' lang='lat' dir='ltr'><strong>Si</strong></span> <span class='ocrx_word' id='word_1_103' title='bbox 682 1754 924 1810; x_wconf 88' lang='lat' dir='ltr'><strong>amicitia</strong></span> <span class='ocrx_word' id='word_1_104' title='bbox 945 1751 1139 1806; x_wconf 82' lang='lat' dir='ltr'><strong>veteris</strong></span> <span class='ocrx_word' id='word_1_105' title='bbox 1174 1744 1428 1803; x_wconf 82' lang='lat' dir='ltr'><strong>memoria</strong></span> <span class='ocrx_word' id='word_1_106' title='bbox 1469 1749 1794 1814; x_wconf 78' lang='lat' dir='ltr'><strong>perseverat,</strong></span> <span class='ocrx_word' id='word_1_107' title='bbox 1836 1753 1935 1793; x_wconf 90' lang='lat' dir='ltr'><strong>nec</strong></span> <span class='ocrx_word' id='word_1_108' title='bbox 1979 1735 2080 1791; x_wconf 88' lang='lat' dir='ltr'><strong>ulla</strong></span> 
     </span>
    </p>
   </div>
   <div class='ocr_carea' id='block_1_25' title="bbox 526 1823 2084 1904">
    <p class='ocr_par' dir='ltr' id='par_1_25' title="bbox 526 1823 2084 1904">
     <span class='ocr_line' id='line_1_25' title="bbox 526 1823 2084 1904; baseline -0.017 -1"><span class='ocrx_word' id='word_1_109' title='bbox 526 1847 794 1904; x_wconf 79' lang='lat' dir='ltr'><strong>oblivione</strong></span> <span class='ocrx_word' id='word_1_110' title='bbox 815 1849 1027 1897; x_wconf 88' lang='lat' dir='ltr'><strong>tenuata</strong></span> <span class='ocrx_word' id='word_1_111' title='bbox 1067 1846 1180 1899; x_wconf 89' lang='lat' dir='ltr'><strong>est,</strong></span> <span class='ocrx_word' id='word_1_112' title='bbox 1210 1832 1369 1889; x_wconf 87' lang='lat' dir='ltr'><strong>credo</strong></span> <span class='ocrx_word' id='word_1_113' title='bbox 1413 1832 1551 1902; x_wconf 86' lang='lat' dir='ltr'><strong>quod</strong></span> <span class='ocrx_word' id='word_1_114' title='bbox 1598 1831 1800 1883; x_wconf 89' lang='lat' dir='ltr'><strong>litteras</strong></span> <span class='ocrx_word' id='word_1_115' title='bbox 1847 1841 1993 1880; x_wconf 87' lang='lat' dir='ltr'><strong>meas</strong></span> <span class='ocrx_word' id='word_1_116' title='bbox 2020 1823 2084 1877; x_wconf 89' lang='lat' dir='ltr'><strong>Ii-</strong></span> 
     </span>
    </p>
   </div>
   <div class='ocr_carea' id='block_1_26' title="bbox 528 1915 2160 2001">
    <p class='ocr_par' dir='ltr' id='par_1_26' title="bbox 528 1915 2160 2001">
     <span class='ocr_line' id='line_1_26' title="bbox 528 1915 2160 2001; baseline -0.02 -7"><span class='ocrx_word' id='word_1_117' title='bbox 528 1937 718 1993; x_wconf 84' lang='lat' dir='ltr'><strong>benter</strong></span> <span class='ocrx_word' id='word_1_118' title='bbox 762 1930 1008 2001; x_wconf 71' lang='lat' dir='ltr'><strong>accipias,</strong></span> <span class='ocrx_word' id='word_1_119' title='bbox 1036 1942 1165 1998; x_wconf 86' lang='lat' dir='ltr'><strong>quas</strong></span> <span class='ocrx_word' id='word_1_120' title='bbox 1196 1925 1383 1979; x_wconf 78' lang='lat' dir='ltr'><strong>fiducia</strong></span> <span class='ocrx_word' id='word_1_121' title='bbox 1432 1919 1601 1976; x_wconf 88' lang='lat' dir='ltr'><strong>mutui</strong></span> <span class='ocrx_word' id='word_1_122' title='bbox 1648 1917 1845 1971; x_wconf 88' lang='lat' dir='ltr'><strong>amoris</strong></span> <span class='ocrx_word' id='word_1_123' title='bbox 1882 1915 2030 1968; x_wconf 89' lang='lat' dir='ltr'><strong>emisi</strong></span> <span class='ocrx_word' id='word_1_124' title='bbox 2065 1927 2077 1963; x_wconf 93' lang='lat'><strong>:</strong></span> <span class='ocrx_word' id='word_1_125' title='bbox 2112 1937 2160 1995; x_wconf 70' lang='grc' dir='ltr'><strong>Β</strong></span> 
     </span>
    </p>
   </div>
   <div class='ocr_carea' id='block_1_27' title="bbox 528 2004 2085 2086">
    <p class='ocr_par' dir='ltr' id='par_1_27' title="bbox 528 2004 2085 2086">
     <span class='ocr_line' id='line_1_27' title="bbox 528 2004 2085 2086; baseline -0.017 -5"><span class='ocrx_word' id='word_1_126' title='bbox 528 2028 748 2082; x_wconf 89' lang='lat' dir='ltr'><strong>multum</strong></span> <span class='ocrx_word' id='word_1_127' title='bbox 782 2022 1047 2077; x_wconf 81' lang='lat' dir='ltr'><strong>relaturus</strong></span> <span class='ocrx_word' id='word_1_128' title='bbox 1083 2017 1289 2086; x_wconf 83' lang='lat' dir='ltr'><strong>gratia,</strong></span> <span class='ocrx_word' id='word_1_129' title='bbox 1314 2015 1359 2067; x_wconf 91' lang='lat' dir='ltr'><strong>si</strong></span> <span class='ocrx_word' id='word_1_130' title='bbox 1389 2012 1567 2068; x_wconf 89' lang='lat' dir='ltr'><strong>oflicio</strong></span> <span class='ocrx_word' id='word_1_131' title='bbox 1612 2004 2085 2073; x_wconf 75' lang='lat' dir='ltr'><strong>meo,vicissitudo</strong></span> 
     </span>
    </p>
   </div>
   <div class='ocr_carea' id='block_1_28' title="bbox 529 2098 2088 2185">
    <p class='ocr_par' dir='ltr' id='par_1_28' title="bbox 529 2098 2088 2185">
     <span class='ocr_line' id='line_1_28' title="bbox 529 2098 2088 2185; baseline -0.017 -12"><span class='ocrx_word' id='word_1_132' title='bbox 529 2116 871 2185; x_wconf 83' lang='lat' dir='ltr'><strong>respondeat.</strong></span> <span class='ocrx_word' id='word_1_133' title='bbox 899 2112 1048 2165; x_wconf 82' lang='lat' dir='ltr'><strong>Nunc</strong></span> <span class='ocrx_word' id='word_1_134' title='bbox 1077 2117 1129 2163; x_wconf 90' lang='lat' dir='ltr'><strong>te</strong></span> <span class='ocrx_word' id='word_1_135' title='bbox 1159 2123 1253 2176; x_wconf 92' lang='lat' dir='ltr'><strong>pro</strong></span> <span class='ocrx_word' id='word_1_136' title='bbox 1280 2105 1453 2159; x_wconf 89' lang='lat' dir='ltr'><strong>amico</strong></span> <span class='ocrx_word' id='word_1_137' title='bbox 1497 2117 1616 2157; x_wconf 90' lang='lat' dir='ltr'><strong>meo</strong></span> <span class='ocrx_word' id='word_1_138' title='bbox 1646 2098 1929 2155; x_wconf 88' lang='lat' dir='ltr'><strong>Benedicto</strong></span> <span class='ocrx_word' id='word_1_139' title='bbox 1968 2110 2088 2149; x_wconf 81' lang='lat' dir='ltr'><strong>ora-</strong></span> 
     </span>
    </p>
   </div>
   <div class='ocr_carea' id='block_1_29' title="bbox 530 2184 2083 2269">
    <p class='ocr_par' dir='ltr' id='par_1_29' title="bbox 530 2184 2083 2269">
     <span class='ocr_line' id='line_1_29' title="bbox 530 2184 2083 2269; baseline -0.015 -10"><span class='ocrx_word' id='word_1_140' title='bbox 530 2184 639 2259; x_wconf 87' lang='lat' dir='ltr'><strong>tum</strong></span> <span class='ocrx_word' id='word_1_141' title='bbox 668 2204 808 2269; x_wconf 88' lang='lat' dir='ltr'><strong>volo,</strong></span> <span class='ocrx_word' id='word_1_142' title='bbox 841 2214 1000 2269; x_wconf 88' lang='lat' dir='ltr'><strong>quem</strong></span> <span class='ocrx_word' id='word_1_143' title='bbox 1021 2196 1187 2267; x_wconf 88' lang='lat' dir='ltr'><strong>gradu</strong></span> <span class='ocrx_word' id='word_1_144' title='bbox 1218 2206 1379 2263; x_wconf 91' lang='lat' dir='ltr'><strong>atque</strong></span> <span class='ocrx_word' id='word_1_145' title='bbox 1407 2193 1611 2246; x_wconf 86' lang='lat' dir='ltr'><strong>honore</strong></span> <span class='ocrx_word' id='word_1_146' title='bbox 1644 2187 1844 2242; x_wconf 86' lang='lat' dir='ltr'><strong>militia</strong></span> <span class='ocrx_word' id='word_1_147' title='bbox 1876 2184 2083 2238; x_wconf 80' lang='lat' dir='ltr'><strong>fortuna</strong></span> 
     </span>
    </p>
   </div>
   <div class='ocr_carea' id='block_1_30' title="bbox 533 2275 2087 2363">
    <p class='ocr_par' dir='ltr' id='par_1_30' title="bbox 533 2275 2087 2363">
     <span class='ocr_line' id='line_1_30' title="bbox 533 2275 2087 2363; baseline -0.015 -15"><span class='ocrx_word' id='word_1_148' title='bbox 533 2296 703 2363; x_wconf 88' lang='lat' dir='ltr'><strong>magis</strong></span> <span class='ocrx_word' id='word_1_149' title='bbox 722 2305 879 2360; x_wconf 86' lang='lat' dir='ltr'><strong>quam</strong></span> <span class='ocrx_word' id='word_1_150' title='bbox 908 2289 1060 2355; x_wconf 85' lang='lat' dir='ltr'><strong>culpa</strong></span> <span class='ocrx_word' id='word_1_151' title='bbox 1091 2284 1349 2353; x_wconf 79' lang='lat' dir='ltr'><strong>privavit:</strong></span> <span class='ocrx_word' id='word_1_152' title='bbox 1382 2291 1439 2334; x_wconf 91' lang='lat' dir='ltr'><strong>ut</strong></span> <span class='ocrx_word' id='word_1_153' title='bbox 1470 2278 1737 2333; x_wconf 88' lang='lat' dir='ltr'><strong>innocenti</strong></span> <span class='ocrx_word' id='word_1_154' title='bbox 1784 2275 1957 2327; x_wconf 87' lang='lat' dir='ltr'><strong>fautor</strong></span> <span class='ocrx_word' id='word_1_155' title='bbox 2003 2287 2087 2325; x_wconf 89' lang='lat' dir='ltr'><strong>ar-</strong></span> 
     </span>
    </p>
   </div>
   <div class='ocr_carea' id='block_1_31' title="bbox 537 2360 2088 2447">
    <p class='ocr_par' dir='ltr' id='par_1_31' title="bbox 537 2360 2088 2447">
     <span class='ocr_line' id='line_1_31' title="bbox 537 2360 2088 2447; baseline -0.02 -3"><span class='ocrx_word' id='word_1_156' title='bbox 537 2360 729 2447; x_wconf 75' lang='lat' dir='ltr'><strong>rideas,</strong></span> <span class='ocrx_word' id='word_1_157' title='bbox 761 2396 858 2435; x_wconf 90' lang='lat' dir='ltr'><strong>nec</strong></span> <span class='ocrx_word' id='word_1_158' title='bbox 880 2393 1002 2433; x_wconf 90' lang='lat' dir='ltr'><strong>eum</strong></span> <span class='ocrx_word' id='word_1_159' title='bbox 1032 2376 1253 2446; x_wconf 85' lang='lat' dir='ltr'><strong>publica</strong></span> <span class='ocrx_word' id='word_1_160' title='bbox 1283 2371 1569 2436; x_wconf 87' lang='lat' dir='ltr'><strong>felicitatis,</strong></span> <span class='ocrx_word' id='word_1_161' title='bbox 1612 2381 1730 2435; x_wconf 83' lang='lat' dir='ltr'><strong>qua</strong></span> <span class='ocrx_word' id='word_1_162' title='bbox 1777 2363 1842 2416; x_wconf 87' lang='lat' dir='ltr'><strong>ad</strong></span> <span class='ocrx_word' id='word_1_163' title='bbox 1874 2360 2088 2415; x_wconf 85' lang='lat' dir='ltr'><strong>univer-</strong></span> 
     </span>
    </p>
   </div>
   <div class='ocr_carea' id='block_1_32' title="bbox 531 2462 2089 2541">
    <p class='ocr_par' dir='ltr' id='par_1_32' title="bbox 531 2462 2089 2541">
     <span class='ocr_line' id='line_1_32' title="bbox 531 2462 2089 2541; baseline -0.017 -12"><span class='ocrx_word' id='word_1_164' title='bbox 531 2489 621 2529; x_wconf 79' lang='lat' dir='ltr'><strong>sos</strong></span> <span class='ocrx_word' id='word_1_165' title='bbox 649 2472 760 2541; x_wconf 86' lang='lat' dir='ltr'><strong>pari</strong></span> <span class='ocrx_word' id='word_1_166' title='bbox 786 2471 989 2525; x_wconf 83' lang='lat' dir='ltr'><strong>ratione</strong></span> <span class='ocrx_word' id='word_1_167' title='bbox 1030 2465 1285 2526; x_wconf 86' lang='lat' dir='ltr'><strong>manavit,</strong></span> <span class='ocrx_word' id='word_1_168' title='bbox 1313 2462 1482 2513; x_wconf 89' lang='lat' dir='ltr'><strong>solum</strong></span> <span class='ocrx_word' id='word_1_169' title='bbox 1514 2463 1779 2512; x_wconf 75' lang='lat' dir='ltr'><strong>exsortem</strong></span> <span class='ocrx_word' id='word_1_170' title='bbox 1827 2465 1947 2506; x_wconf 87' lang='lat' dir='ltr'><strong>esse</strong></span> <span class='ocrx_word' id='word_1_171' title='bbox 1995 2465 2089 2518; x_wconf 84' lang='lat' dir='ltr'><strong>pa-</strong></span> 
     </span>
    </p>
   </div>
   <div class='ocr_carea' id='block_1_33' title="bbox 534 2550 2087 2619">
    <p class='ocr_par' dir='ltr' id='par_1_33' title="bbox 534 2550 2087 2619">
     <span class='ocr_line' id='line_1_33' title="bbox 534 2550 2087 2619; baseline -0.017 1"><span class='ocrx_word' id='word_1_172' title='bbox 534 2564 701 2619; x_wconf 83' lang='lat' dir='ltr'><strong>tiaris.</strong></span> <span class='ocrx_word' id='word_1_173' title='bbox 761 2560 986 2614; x_wconf 85' lang='lat' dir='ltr'><strong>Interest</strong></span> <span class='ocrx_word' id='word_1_174' title='bbox 1053 2556 1193 2610; x_wconf 90' lang='lat' dir='ltr'><strong>enim</strong></span> <span class='ocrx_word' id='word_1_175' title='bbox 1266 2550 1724 2607; x_wconf 86' lang='lat' dir='ltr'><strong>serenissimorum</strong></span> <span class='ocrx_word' id='word_1_176' title='bbox 1792 2553 2087 2610; x_wconf 85' lang='lat' dir='ltr'><strong>temporum</strong></span> 
     </span>
    </p>
   </div>
   <div class='ocr_carea' id='block_1_34' title="bbox 533 2630 2090 2725">
    <p class='ocr_par' dir='ltr' id='par_1_34' title="bbox 533 2630 2090 2725">
     <span class='ocr_line' id='line_1_34' title="bbox 533 2630 2090 2725; baseline -0.015 -18"><span class='ocrx_word' id='word_1_177' title='bbox 533 2653 734 2725; x_wconf 87' lang='lat' dir='ltr'><strong>gloria,</strong></span> <span class='ocrx_word' id='word_1_178' title='bbox 766 2658 823 2703; x_wconf 91' lang='lat' dir='ltr'><strong>ut</strong></span> <span class='ocrx_word' id='word_1_179' title='bbox 848 2646 1000 2702; x_wconf 78' lang='lat' dir='ltr'><strong>sicuti</strong></span> <span class='ocrx_word' id='word_1_180' title='bbox 1044 2643 1291 2698; x_wconf 90' lang='lat' dir='ltr'><strong>omnibus</strong></span> <span class='ocrx_word' id='word_1_181' title='bbox 1321 2642 1373 2694; x_wconf 91' lang='lat' dir='ltr'><strong>in</strong></span> <span class='ocrx_word' id='word_1_182' title='bbox 1425 2641 1525 2691; x_wconf 87' lang='lat' dir='ltr'><strong>hac</strong></span> <span class='ocrx_word' id='word_1_183' title='bbox 1554 2635 1663 2689; x_wconf 84' lang='lat' dir='ltr'><strong>vita</strong></span> <span class='ocrx_word' id='word_1_184' title='bbox 1705 2632 1891 2702; x_wconf 85' lang='lat' dir='ltr'><strong>positis</strong></span> <span class='ocrx_word' id='word_1_185' title='bbox 1920 2645 1982 2684; x_wconf 90' lang='lat' dir='ltr'><strong>ac</strong></span> <span class='ocrx_word' id='word_1_186' title='bbox 2009 2630 2090 2683; x_wconf 57' lang='lat' dir='ltr'><strong>Ioc</strong></span> 
     </span>
    </p>
   </div>
   <div class='ocr_carea' id='block_1_35' title="bbox 535 2718 2088 2805">
    <p class='ocr_par' dir='ltr' id='par_1_35' title="bbox 535 2718 2088 2805">
     <span class='ocr_line' id='line_1_35' title="bbox 535 2718 2088 2805; baseline -0.018 -8"><span class='ocrx_word' id='word_1_187' title='bbox 535 2718 689 2805; x_wconf 73' lang='lat' dir='ltr'><strong>catis,</strong></span> <span class='ocrx_word' id='word_1_188' title='bbox 716 2718 1015 2793; x_wconf 85' lang='lat' dir='ltr'><strong>communis</strong></span> <span class='ocrx_word' id='word_1_189' title='bbox 1035 2741 1117 2787; x_wconf 86' lang='lat' dir='ltr'><strong>est</strong></span> <span class='ocrx_word' id='word_1_190' title='bbox 1153 2730 1273 2785; x_wconf 74' lang='lat' dir='ltr'><strong>cali</strong></span> <span class='ocrx_word' id='word_1_191' title='bbox 1318 2727 1551 2797; x_wconf 83' lang='lat' dir='ltr'><strong>spiritus,</strong></span> <span class='ocrx_word' id='word_1_192' title='bbox 1584 2725 1671 2777; x_wconf 84' lang='lat' dir='ltr'><strong>lux</strong></span> <span class='ocrx_word' id='word_1_193' title='bbox 1701 2721 1805 2775; x_wconf 89' lang='lat' dir='ltr'><strong>diei</strong></span> <span class='ocrx_word' id='word_1_194' title='bbox 1821 2727 1857 2784; x_wconf 88' lang='lat'><strong>;&#39;</strong></span> <span class='ocrx_word' id='word_1_195' title='bbox 1882 2720 1951 2772; x_wconf 88' lang='lat' dir='ltr'><strong>ita</strong></span> <span class='ocrx_word' id='word_1_196' title='bbox 1980 2718 2088 2771; x_wconf 87' lang='lat' dir='ltr'><strong>cle-</strong></span> 
     </span>
    </p>
   </div>
   <div class='ocr_carea' id='block_1_36' title="bbox 533 2813 2090 2891">
    <p class='ocr_par' dir='ltr' id='par_1_36' title="bbox 533 2813 2090 2891">
     <span class='ocr_line' id='line_1_36' title="bbox 533 2813 2090 2891; baseline -0.019 -2"><span class='ocrx_word' id='word_1_197' title='bbox 533 2831 781 2889; x_wconf 78' lang='lat' dir='ltr'><strong>mentiam</strong></span> <span class='ocrx_word' id='word_1_198' title='bbox 820 2826 1029 2880; x_wconf 80' lang='lat' dir='ltr'><strong>maximi</strong></span> <span class='ocrx_word' id='word_1_199' title='bbox 1072 2821 1326 2891; x_wconf 83' lang='lat' dir='ltr'><strong>principis</strong></span> <span class='ocrx_word' id='word_1_200' title='bbox 1371 2816 1537 2873; x_wconf 88' lang='lat' dir='ltr'><strong>nostri</strong></span> <span class='ocrx_word' id='word_1_201' title='bbox 1586 2816 1822 2869; x_wconf 83' lang='lat' dir='ltr'><strong>sentiant</strong></span> <span class='ocrx_word' id='word_1_202' title='bbox 1864 2817 1988 2864; x_wconf 84' lang='lat' dir='ltr'><strong>vota</strong></span> <span class='ocrx_word' id='word_1_203' title='bbox 2035 2813 2090 2862; x_wconf 87' lang='lat' dir='ltr'><strong>et</strong></span> 
     </span>
    </p>
   </div>
   <div class='ocr_carea' id='block_1_37' title="bbox 537 2910 1215 2976">
    <p class='ocr_par' dir='ltr' id='par_1_37' title="bbox 537 2910 1215 2976">
     <span class='ocr_line' id='line_1_37' title="bbox 537 2910 1215 2976; baseline -0.019 0"><span class='ocrx_word' id='word_1_204' title='bbox 537 2920 672 2976; x_wconf 83' lang='lat' dir='ltr'><strong>facta</strong></span> <span class='ocrx_word' id='word_1_205' title='bbox 707 2924 1035 2973; x_wconf 89' lang='lat' dir='ltr'><strong>cunctorum.</strong></span> <span class='ocrx_word' id='word_1_206' title='bbox 1064 2910 1215 2966; x_wconf 88' lang='lat' dir='ltr'><strong>Vale.</strong></span> 
     </span>
    </p>
   </div>
   <div class='ocr_carea' id='block_1_38' title="bbox 1164 2995 1471 3053">
    <p class='ocr_par' dir='ltr' id='par_1_38' title="bbox 1164 2995 1471 3053">
     <span class='ocr_line' id='line_1_38' title="bbox 1164 2995 1471 3053; baseline -0.016 -1"><span class='ocrx_word' id='word_1_207' title='bbox 1164 2996 1376 3053; x_wconf 79' lang='lat' dir='ltr'><strong>EPIST.</strong></span> <span class='ocrx_word' id='word_1_208' title='bbox 1407 2995 1471 3049; x_wconf 91' lang='lat' dir='ltr'><strong>II.</strong></span> 
     </span>
    </p>
   </div>
   <div class='ocr_carea' id='block_1_39' title="bbox 987 3098 1594 3147">
    <p class='ocr_par' dir='ltr' id='par_1_39' title="bbox 987 3098 1594 3147">
     <span class='ocr_line' id='line_1_39' title="bbox 987 3098 1594 3147; baseline -0.018 0"><span class='ocrx_word' id='word_1_209' title='bbox 987 3104 1294 3147; x_wconf 65' lang='lat' dir='ltr'><strong>SVSIBIACIIUS</strong></span> <span class='ocrx_word' id='word_1_210' title='bbox 1330 3098 1594 3140; x_wconf 74' lang='lat' dir='ltr'><strong>JAMBLICO.</strong></span> 
     </span>
    </p>
   </div>
   <div class='ocr_carea' id='block_1_40' title="bbox 604 3168 2092 3257">
    <p class='ocr_par' dir='ltr' id='par_1_40' title="bbox 604 3168 2092 3257">
     <span class='ocr_line' id='line_1_40' title="bbox 604 3168 2092 3257; baseline -0.021 -11"><span class='ocrx_word' id='word_1_211' title='bbox 604 3189 877 3257; x_wconf 81' lang='lat' dir='ltr'><strong>Plerisque</strong></span> <span class='ocrx_word' id='word_1_212' title='bbox 902 3199 1051 3238; x_wconf 88' lang='lat' dir='ltr'><strong>amor</strong></span> <span class='ocrx_word' id='word_1_213' title='bbox 1073 3190 1153 3235; x_wconf 88' lang='lat' dir='ltr'><strong>est</strong></span> <span class='ocrx_word' id='word_1_214' title='bbox 1194 3178 1425 3242; x_wconf 85' lang='lat' dir='ltr'><strong>undique</strong></span> <span class='ocrx_word' id='word_1_215' title='bbox 1448 3176 1677 3243; x_wconf 88' lang='lat' dir='ltr'><strong>gentium</strong></span> <span class='ocrx_word' id='word_1_216' title='bbox 1708 3168 1937 3237; x_wconf 86' lang='lat' dir='ltr'><strong>pretiosa</strong></span> <span class='ocrx_word' id='word_1_217' title='bbox 1964 3178 2092 3217; x_wconf 85' lang='lat' dir='ltr'><strong>con-</strong></span> 
     </span>
    </p>
   </div>
   <div class='ocr_carea' id='block_1_41' title="bbox 2184 1527 3717 1599">
    <p class='ocr_par' dir='ltr' id='par_1_41' title="bbox 2184 1527 3717 1599">
     <span class='ocr_line' id='line_1_41' title="bbox 2184 1527 3717 1599; baseline -0.001 -15"><span class='ocrx_word' id='word_1_218' title='bbox 2184 1530 2430 1599; x_wconf 80' lang='lat' dir='ltr'><strong>IIepende</strong></span> <span class='ocrx_word' id='word_1_219' title='bbox 2475 1530 2635 1597; x_wconf 77' lang='lat' dir='ltr'><strong>igitur</strong></span> <span class='ocrx_word' id='word_1_220' title='bbox 2681 1527 2807 1581; x_wconf 90' lang='lat' dir='ltr'><strong>mihi</strong></span> <span class='ocrx_word' id='word_1_221' title='bbox 2858 1530 3044 1598; x_wconf 87' lang='lat' dir='ltr'><strong>pignus</strong></span> <span class='ocrx_word' id='word_1_222' title='bbox 3092 1536 3287 1583; x_wconf 84' lang='lat' dir='ltr'><strong>mutua</strong></span> <span class='ocrx_word' id='word_1_223' title='bbox 3335 1531 3633 1593; x_wconf 82' lang='lat' dir='ltr'><strong>voluntatis,</strong></span> <span class='ocrx_word' id='word_1_224' title='bbox 3676 1542 3717 1582; x_wconf 89' lang='lat' dir='ltr'><strong>et</strong></span> 
     </span>
    </p>
   </div>
   <div class='ocr_carea' id='block_1_42' title="bbox 2183 1621 3719 1690">
    <p class='ocr_par' dir='ltr' id='par_1_42' title="bbox 2183 1621 3719 1690">
     <span class='ocr_line' id='line_1_42' title="bbox 2183 1621 3719 1690; baseline -0.004 -12"><span class='ocrx_word' id='word_1_225' title='bbox 2183 1624 2396 1690; x_wconf 86' lang='lat' dir='ltr'><strong>suscipe</strong></span> <span class='ocrx_word' id='word_1_226' title='bbox 2425 1625 2475 1674; x_wconf 89' lang='lat' dir='ltr'><strong>in</strong></span> <span class='ocrx_word' id='word_1_227' title='bbox 2504 1621 2834 1687; x_wconf 90' lang='lat' dir='ltr'><strong>disciplinam</strong></span> <span class='ocrx_word' id='word_1_228' title='bbox 2884 1621 3126 1675; x_wconf 87' lang='lat' dir='ltr'><strong>medendi</strong></span> <span class='ocrx_word' id='word_1_229' title='bbox 3161 1636 3293 1689; x_wconf 76' lang='lat' dir='ltr'><strong>quos</strong></span> <span class='ocrx_word' id='word_1_230' title='bbox 3325 1629 3380 1674; x_wconf 91' lang='lat' dir='ltr'><strong>et</strong></span> <span class='ocrx_word' id='word_1_231' title='bbox 3418 1621 3538 1674; x_wconf 87' lang='lat' dir='ltr'><strong>ﬁdei</strong></span> <span class='ocrx_word' id='word_1_232' title='bbox 3567 1632 3657 1673; x_wconf 85' lang='lat' dir='ltr'><strong>tua-</strong></span> <span class='ocrx_word' id='word_1_233' title='bbox 3676 1630 3719 1674; x_wconf 90' lang='lat' dir='ltr'><strong>et</strong></span> 
     </span>
    </p>
   </div>
   <div class='ocr_carea' id='block_1_43' title="bbox 2186 1709 3565 1785">
    <p class='ocr_par' dir='ltr' id='par_1_43' title="bbox 2186 1709 3565 1785">
     <span class='ocr_line' id='line_1_43' title="bbox 2186 1709 3565 1785; baseline -0.004 -18"><span class='ocrx_word' id='word_1_234' title='bbox 2186 1713 2449 1768; x_wconf 85' lang='lat' dir='ltr'><strong>honestati</strong></span> <span class='ocrx_word' id='word_1_235' title='bbox 2487 1709 2676 1764; x_wconf 83' lang='lat' dir='ltr'><strong>Euscio</strong></span> <span class='ocrx_word' id='word_1_236' title='bbox 2709 1710 2949 1785; x_wconf 83' lang='lat' dir='ltr'><strong>tradente</strong></span> <span class='ocrx_word' id='word_1_237' title='bbox 2981 1709 3385 1763; x_wconf 88' lang='lat' dir='ltr'><strong>committimus.</strong></span> <span class='ocrx_word' id='word_1_238' title='bbox 3422 1709 3565 1762; x_wconf 87' lang='lat' dir='ltr'><strong>Vale.</strong></span> 
     </span>
    </p>
   </div>
   <div class='ocr_carea' id='block_1_44' title="bbox 2811 1796 3120 1851">
    <p class='ocr_par' dir='ltr' id='par_1_44' title="bbox 2811 1796 3120 1851">
     <span class='ocr_line' id='line_1_44' title="bbox 2811 1796 3120 1851; baseline -0.003 -1"><span class='ocrx_word' id='word_1_239' title='bbox 2811 1796 3024 1851; x_wconf 78' lang='lat' dir='ltr'><strong>EPIST.</strong></span> <span class='ocrx_word' id='word_1_240' title='bbox 3059 1796 3120 1850; x_wconf 88' lang='lat' dir='ltr'><strong>V.</strong></span> 
     </span>
    </p>
   </div>
   <div class='ocr_carea' id='block_1_45' title="bbox 2655 1899 3286 1940">
    <p class='ocr_par' dir='ltr' id='par_1_45' title="bbox 2655 1899 3286 1940">
     <span class='ocr_line' id='line_1_45' title="bbox 2655 1899 3286 1940; baseline -0.002 0"><span class='ocrx_word' id='word_1_241' title='bbox 2655 1899 2959 1940; x_wconf 70' lang='grc' dir='ltr'><strong>εῖιίιιλειιυε</strong></span> <span class='ocrx_word' id='word_1_242' title='bbox 3002 1900 3286 1939; x_wconf 74' lang='grc' dir='ltr'><strong>ΔΗΧΕΝΤΙΟ.</strong></span> 
     </span>
    </p>
   </div>
   <div class='ocr_carea' id='block_1_46' title="bbox 2258 1972 3720 2044">
    <p class='ocr_par' dir='ltr' id='par_1_46' title="bbox 2258 1972 3720 2044">
     <span class='ocr_line' id='line_1_46' title="bbox 2258 1972 3720 2044; baseline -0.001 -13"><span class='ocrx_word' id='word_1_243' title='bbox 2258 1976 2528 2031; x_wconf 79' lang='lat' dir='ltr'><strong>Amicitias</strong></span> <span class='ocrx_word' id='word_1_244' title='bbox 2560 1972 2701 2032; x_wconf 72' lang='lat' dir='ltr'><strong>inter</strong></span> <span class='ocrx_word' id='word_1_245' title='bbox 2729 1991 2846 2043; x_wconf 89' lang='lat' dir='ltr'><strong>nos,</strong></span> <span class='ocrx_word' id='word_1_246' title='bbox 2878 1991 2995 2031; x_wconf 89' lang='lat' dir='ltr'><strong>cum</strong></span> <span class='ocrx_word' id='word_1_247' title='bbox 3027 1976 3210 2031; x_wconf 76' lang='lat' dir='ltr'><strong>Roma</strong></span> <span class='ocrx_word' id='word_1_248' title='bbox 3232 1990 3437 2044; x_wconf 73' lang='lat' dir='ltr'><strong>ageres,</strong></span> <span class='ocrx_word' id='word_1_249' title='bbox 3471 1974 3720 2029; x_wconf 79' lang='lat' dir='ltr'><strong>inchoatas</strong></span> 
     </span>
    </p>
   </div>
   <div class='ocr_carea' id='block_1_47' title="bbox 2189 2064 3720 2137">
    <p class='ocr_par' dir='ltr' id='par_1_47' title="bbox 2189 2064 3720 2137">
     <span class='ocr_line' id='line_1_47' title="bbox 2189 2064 3720 2137; baseline -0.004 -14"><span class='ocrx_word' id='word_1_250' title='bbox 2189 2084 2409 2123; x_wconf 89' lang='lat' dir='ltr'><strong>munere</strong></span> <span class='ocrx_word' id='word_1_251' title='bbox 2433 2068 2737 2137; x_wconf 87' lang='lat' dir='ltr'><strong>scriptionis</strong></span> <span class='ocrx_word' id='word_1_252' title='bbox 2760 2067 3054 2131; x_wconf 89' lang='lat' dir='ltr'><strong>accumulo,</strong></span> <span class='ocrx_word' id='word_1_253' title='bbox 3087 2076 3143 2122; x_wconf 88' lang='lat' dir='ltr'><strong>ut</strong></span> <span class='ocrx_word' id='word_1_254' title='bbox 3165 2067 3320 2121; x_wconf 71' lang='lat' dir='ltr'><strong>fidem</strong></span> <span class='ocrx_word' id='word_1_255' title='bbox 3348 2067 3438 2126; x_wconf 75' lang='lat' dir='ltr'><strong>tibi</strong></span> <span class='ocrx_word' id='word_1_256' title='bbox 3459 2066 3612 2120; x_wconf 86' lang='lat' dir='ltr'><strong>animi</strong></span> <span class='ocrx_word' id='word_1_257' title='bbox 3637 2064 3720 2117; x_wconf 85' lang='lat' dir='ltr'><strong>nn-i</strong></span> 
     </span>
    </p>
   </div>
   <div class='ocr_carea' id='block_1_48' title="bbox 2188 2157 3721 2226">
    <p class='ocr_par' dir='ltr' id='par_1_48' title="bbox 2188 2157 3721 2226">
     <span class='ocr_line' id='line_1_48' title="bbox 2188 2157 3721 2226; baseline -0.005 -11"><span class='ocrx_word' id='word_1_258' title='bbox 2188 2161 2347 2215; x_wconf 79' lang='lat' dir='ltr'><strong>faciat</strong></span> <span class='ocrx_word' id='word_1_259' title='bbox 2373 2160 2552 2214; x_wconf 88' lang='lat' dir='ltr'><strong>collati</strong></span> <span class='ocrx_word' id='word_1_260' title='bbox 2593 2162 2643 2213; x_wconf 87' lang='lat' dir='ltr'><strong>in</strong></span> <span class='ocrx_word' id='word_1_261' title='bbox 2675 2159 2946 2213; x_wconf 82' lang='lat' dir='ltr'><strong>absentem</strong></span> <span class='ocrx_word' id='word_1_262' title='bbox 2980 2160 3167 2226; x_wconf 88' lang='lat' dir='ltr'><strong>pignus</strong></span> <span class='ocrx_word' id='word_1_263' title='bbox 3192 2158 3371 2211; x_wconf 78' lang='lat' dir='ltr'><strong>officii.</strong></span> <span class='ocrx_word' id='word_1_264' title='bbox 3407 2157 3571 2211; x_wconf 84' lang='lat' dir='ltr'><strong>Tuam</strong></span> <span class='ocrx_word' id='word_1_265' title='bbox 3600 2159 3721 2210; x_wconf 75' lang='lat' dir='ltr'><strong>circa</strong></span> 
     </span>
    </p>
   </div>
   <div class='ocr_carea' id='block_1_49' title="bbox 2186 2246 3721 2318">
    <p class='ocr_par' dir='ltr' id='par_1_49' title="bbox 2186 2246 3721 2318">
     <span class='ocr_line' id='line_1_49' title="bbox 2186 2246 3721 2318; baseline -0.006 -12"><span class='ocrx_word' id='word_1_266' title='bbox 2186 2266 2284 2306; x_wconf 91' lang='lat' dir='ltr'><strong>nos</strong></span> <span class='ocrx_word' id='word_1_267' title='bbox 2314 2251 2642 2318; x_wconf 77' lang='lat' dir='ltr'><strong>diligentiam</strong></span> <span class='ocrx_word' id='word_1_268' title='bbox 2692 2249 2938 2317; x_wconf 86' lang='lat' dir='ltr'><strong>privatim</strong></span> <span class='ocrx_word' id='word_1_269' title='bbox 2966 2247 3259 2300; x_wconf 87' lang='lat' dir='ltr'><strong>litterarum</strong></span> <span class='ocrx_word' id='word_1_270' title='bbox 3290 2246 3595 2299; x_wconf 78' lang='lat' dir='ltr'><strong>vicissitudo</strong></span> <span class='ocrx_word' id='word_1_271' title='bbox 3639 2260 3721 2313; x_wconf 86' lang='lat' dir='ltr'><strong>pu-</strong></span> 
     </span>
    </p>
   </div>
   <div class='ocr_carea' id='block_1_50' title="bbox 2188 2334 3583 2408">
    <p class='ocr_par' dir='ltr' id='par_1_50' title="bbox 2188 2334 3583 2408">
     <span class='ocr_line' id='line_1_50' title="bbox 2188 2334 3583 2408; baseline -0.006 -12"><span class='ocrx_word' id='word_1_272' title='bbox 2188 2342 2323 2397; x_wconf 89' lang='lat' dir='ltr'><strong>blice</strong></span> <span class='ocrx_word' id='word_1_273' title='bbox 2352 2340 2580 2395; x_wconf 78' lang='lat' dir='ltr'><strong>forensis</strong></span> <span class='ocrx_word' id='word_1_274' title='bbox 2606 2353 2700 2408; x_wconf 88' lang='lat' dir='ltr'><strong>pro</strong></span> <span class='ocrx_word' id='word_1_275' title='bbox 2728 2338 2921 2391; x_wconf 86' lang='lat' dir='ltr'><strong>Euscio</strong></span> <span class='ocrx_word' id='word_1_276' title='bbox 2949 2350 3073 2389; x_wconf 83' lang='lat' dir='ltr'><strong>cura</strong></span> <span class='ocrx_word' id='word_1_277' title='bbox 3103 2336 3402 2394; x_wconf 85' lang='lat' dir='ltr'><strong>testabitur.</strong></span> <span class='ocrx_word' id='word_1_278' title='bbox 3430 2334 3583 2389; x_wconf 88' lang='lat' dir='ltr'><strong>Vale.</strong></span> 
     </span>
    </p>
   </div>
   <div class='ocr_carea' id='block_1_51' title="bbox 2807 2427 3134 2483">
    <p class='ocr_par' dir='ltr' id='par_1_51' title="bbox 2807 2427 3134 2483">
     <span class='ocr_line' id='line_1_51' title="bbox 2807 2427 3134 2483; baseline -0.003 0"><span class='ocrx_word' id='word_1_279' title='bbox 2807 2428 3019 2483; x_wconf 79' lang='lat' dir='ltr'><strong>EPIST.</strong></span> <span class='ocrx_word' id='word_1_280' title='bbox 3054 2427 3134 2482; x_wconf 84' lang='lat' dir='ltr'><strong>VI.</strong></span> 
     </span>
    </p>
   </div>
   <div class='ocr_carea' id='block_1_52' title="bbox 2672 2533 3236 2575">
    <p class='ocr_par' dir='ltr' id='par_1_52' title="bbox 2672 2533 3236 2575">
     <span class='ocr_line' id='line_1_52' title="bbox 2672 2533 3236 2575; baseline -0.009 0"><span class='ocrx_word' id='word_1_281' title='bbox 2672 2533 3236 2575; x_wconf 70' lang='grc' dir='ltr'><strong>δῖκιηοιιυε.....</strong></span> 
     </span>
    </p>
   </div>
   <div class='ocr_carea' id='block_1_53' title="bbox 2259 2603 3720 2675">
    <p class='ocr_par' dir='ltr' id='par_1_53' title="bbox 2259 2603 3720 2675">
     <span class='ocr_line' id='line_1_53' title="bbox 2259 2603 3720 2675; baseline -0.009 -8"><span class='ocrx_word' id='word_1_282' title='bbox 2259 2613 2480 2667; x_wconf 81' lang='lat' dir='ltr'><strong>Actores</strong></span> <span class='ocrx_word' id='word_1_283' title='bbox 2510 2610 2834 2673; x_wconf 82' lang='lat' dir='ltr'><strong>absentium,</strong></span> <span class='ocrx_word' id='word_1_284' title='bbox 2864 2608 3052 2675; x_wconf 87' lang='lat' dir='ltr'><strong>quibus</strong></span> <span class='ocrx_word' id='word_1_285' title='bbox 3072 2620 3161 2660; x_wconf 90' lang='lat' dir='ltr'><strong>res</strong></span> <span class='ocrx_word' id='word_1_286' title='bbox 3193 2605 3473 2673; x_wconf 85' lang='lat' dir='ltr'><strong>longinqua</strong></span> <span class='ocrx_word' id='word_1_287' title='bbox 3503 2603 3720 2659; x_wconf 65' lang='lat' dir='ltr'><strong>commito</strong></span> 
     </span>
    </p>
   </div>
   <div class='ocr_carea' id='block_1_54' title="bbox 2187 2695 3722 2769">
    <p class='ocr_par' dir='ltr' id='par_1_54' title="bbox 2187 2695 3722 2769">
     <span class='ocr_line' id='line_1_54' title="bbox 2187 2695 3722 2769; baseline -0.007 -13"><span class='ocrx_word' id='word_1_288' title='bbox 2187 2703 2339 2766; x_wconf 90' lang='lat' dir='ltr'><strong>titur,</strong></span> <span class='ocrx_word' id='word_1_289' title='bbox 2364 2710 2613 2769; x_wconf 85' lang='lat' dir='ltr'><strong>tanquam</strong></span> <span class='ocrx_word' id='word_1_290' title='bbox 2640 2698 2799 2752; x_wconf 92' lang='lat' dir='ltr'><strong>soluti</strong></span> <span class='ocrx_word' id='word_1_291' title='bbox 2843 2697 3044 2765; x_wconf 89' lang='lat' dir='ltr'><strong>legibus</strong></span> <span class='ocrx_word' id='word_1_292' title='bbox 3084 2695 3266 2749; x_wconf 87' lang='lat' dir='ltr'><strong>vivunt</strong></span> <span class='ocrx_word' id='word_1_293' title='bbox 3295 2713 3305 2747; x_wconf 90' lang='lat'><strong>:</strong></span> <span class='ocrx_word' id='word_1_294' title='bbox 3338 2695 3585 2763; x_wconf 87' lang='lat' dir='ltr'><strong>quoniam</strong></span> <span class='ocrx_word' id='word_1_295' title='bbox 3621 2710 3722 2759; x_wconf 65' lang='lat' dir='ltr'><strong>pru-</strong></span> 
     </span>
    </p>
   </div>
   <div class='ocr_carea' id='block_1_55' title="bbox 2187 2784 3722 2860">
    <p class='ocr_par' dir='ltr' id='par_1_55' title="bbox 2187 2784 3722 2860">
     <span class='ocr_line' id='line_1_55' title="bbox 2187 2784 3722 2860; baseline -0.006 -15"><span class='ocrx_word' id='word_1_296' title='bbox 2187 2794 2271 2845; x_wconf 90' lang='lat' dir='ltr'><strong>cul</strong></span> <span class='ocrx_word' id='word_1_297' title='bbox 2300 2791 2486 2860; x_wconf 83' lang='lat' dir='ltr'><strong>positis</strong></span> <span class='ocrx_word' id='word_1_298' title='bbox 2526 2790 2698 2843; x_wconf 90' lang='lat' dir='ltr'><strong>nullus</strong></span> <span class='ocrx_word' id='word_1_299' title='bbox 2723 2788 3055 2841; x_wconf 88' lang='lat' dir='ltr'><strong>dominorum</strong></span> <span class='ocrx_word' id='word_1_300' title='bbox 3110 2796 3280 2841; x_wconf 91' lang='lat' dir='ltr'><strong>terror</strong></span> <span class='ocrx_word' id='word_1_301' title='bbox 3327 2786 3566 2839; x_wconf 87' lang='lat' dir='ltr'><strong>incurrit.</strong></span> <span class='ocrx_word' id='word_1_302' title='bbox 3597 2784 3722 2854; x_wconf 59' lang='lat' dir='ltr'><strong>Opus</strong></span> 
     </span>
    </p>
   </div>
   <div class='ocr_carea' id='block_1_56' title="bbox 2190 2877 3722 2950">
    <p class='ocr_par' dir='ltr' id='par_1_56' title="bbox 2190 2877 3722 2950">
     <span class='ocr_line' id='line_1_56' title="bbox 2190 2877 3722 2950; baseline -0.005 -14"><span class='ocrx_word' id='word_1_303' title='bbox 2190 2892 2274 2936; x_wconf 85' lang='lat' dir='ltr'><strong>est</strong></span> <span class='ocrx_word' id='word_1_304' title='bbox 2301 2882 2460 2950; x_wconf 88' lang='lat' dir='ltr'><strong>igitur</strong></span> <span class='ocrx_word' id='word_1_305' title='bbox 2498 2879 2737 2949; x_wconf 88' lang='lat' dir='ltr'><strong>judiciali</strong></span> <span class='ocrx_word' id='word_1_306' title='bbox 2786 2879 2986 2948; x_wconf 88' lang='lat' dir='ltr'><strong>vigore,</strong></span> <span class='ocrx_word' id='word_1_307' title='bbox 3017 2886 3075 2931; x_wconf 92' lang='lat' dir='ltr'><strong>ut</strong></span> <span class='ocrx_word' id='word_1_308' title='bbox 3121 2877 3469 2932; x_wconf 81' lang='lat' dir='ltr'><strong>locationibus</strong></span> <span class='ocrx_word' id='word_1_309' title='bbox 3517 2877 3722 2942; x_wconf 73' lang='lat' dir='ltr'><strong>ascripta</strong></span> 
     </span>
    </p>
   </div>
   <div class='ocr_carea' id='block_1_57' title="bbox 2192 2966 3723 3043">
    <p class='ocr_par' dir='ltr' id='par_1_57' title="bbox 2192 2966 3723 3043">
     <span class='ocr_line' id='line_1_57' title="bbox 2192 2966 3723 3043; baseline -0.007 -15"><span class='ocrx_word' id='word_1_310' title='bbox 2192 2974 2513 3043; x_wconf 79' lang='lat' dir='ltr'><strong>persolvant.</strong></span> <span class='ocrx_word' id='word_1_311' title='bbox 2536 2972 2712 3037; x_wconf 84' lang='lat' dir='ltr'><strong>Quare</strong></span> <span class='ocrx_word' id='word_1_312' title='bbox 2733 2985 2914 3041; x_wconf 86' lang='lat' dir='ltr'><strong>quaso</strong></span> <span class='ocrx_word' id='word_1_313' title='bbox 2937 2979 2992 3023; x_wconf 90' lang='lat' dir='ltr'><strong>ut</strong></span> <span class='ocrx_word' id='word_1_314' title='bbox 3017 2974 3382 3039; x_wconf 78' lang='lat' dir='ltr'><strong>suggestiones</strong></span> <span class='ocrx_word' id='word_1_315' title='bbox 3407 2966 3595 3021; x_wconf 86' lang='lat' dir='ltr'><strong>notarii</strong></span> <span class='ocrx_word' id='word_1_316' title='bbox 3616 2969 3723 3027; x_wconf 87' lang='lat' dir='ltr'><strong>mei,</strong></span> 
     </span>
    </p>
   </div>
   <div class='ocr_carea' id='block_1_58' title="bbox 2189 3056 3722 3128">
    <p class='ocr_par' dir='ltr' id='par_1_58' title="bbox 2189 3056 3722 3128">
     <span class='ocr_line' id='line_1_58' title="bbox 2189 3056 3722 3128; baseline -0.006 -11"><span class='ocrx_word' id='word_1_317' title='bbox 2189 3064 2275 3118; x_wconf 91' lang='lat' dir='ltr'><strong>cui</strong></span> <span class='ocrx_word' id='word_1_318' title='bbox 2322 3063 2617 3117; x_wconf 87' lang='lat' dir='ltr'><strong>exhibenda</strong></span> <span class='ocrx_word' id='word_1_319' title='bbox 2656 3062 2906 3115; x_wconf 88' lang='lat' dir='ltr'><strong>nonnulla</strong></span> <span class='ocrx_word' id='word_1_320' title='bbox 2946 3058 3011 3114; x_wconf 88' lang='lat' dir='ltr'><strong>ad</strong></span> <span class='ocrx_word' id='word_1_321' title='bbox 3063 3058 3363 3128; x_wconf 74' lang='lat' dir='ltr'><strong>praetoriam</strong></span> <span class='ocrx_word' id='word_1_322' title='bbox 3402 3056 3722 3119; x_wconf 87' lang='lat' dir='ltr'><strong>functionem,</strong></span> 
     </span>
    </p>
   </div>
   <div class='ocr_carea' id='block_1_59' title="bbox 2189 3150 3725 3215">
    <p class='ocr_par' dir='ltr' id='par_1_59' title="bbox 2189 3150 3725 3215">
     <span class='ocr_line' id='line_1_59' title="bbox 2189 3150 3725 3215; baseline -0.007 -4"><span class='ocrx_word' id='word_1_323' title='bbox 2189 3166 2246 3211; x_wconf 84' lang='lat' dir='ltr'><strong>et</strong></span> <span class='ocrx_word' id='word_1_324' title='bbox 2270 3157 2447 3211; x_wconf 89' lang='lat' dir='ltr'><strong>debita</strong></span> <span class='ocrx_word' id='word_1_325' title='bbox 2485 3157 2554 3209; x_wconf 89' lang='lat' dir='ltr'><strong>ab</strong></span> <span class='ocrx_word' id='word_1_326' title='bbox 2593 3155 2837 3209; x_wconf 80' lang='lat' dir='ltr'><strong>obnoxiis</strong></span> <span class='ocrx_word' id='word_1_327' title='bbox 2879 3154 3050 3209; x_wconf 83' lang='lat' dir='ltr'><strong>servis</strong></span> <span class='ocrx_word' id='word_1_328' title='bbox 3091 3152 3323 3207; x_wconf 85' lang='lat' dir='ltr'><strong>eruenda</strong></span> <span class='ocrx_word' id='word_1_329' title='bbox 3367 3150 3635 3211; x_wconf 85' lang='lat' dir='ltr'><strong>mandavi,</strong></span> <span class='ocrx_word' id='word_1_330' title='bbox 3660 3152 3725 3215; x_wconf 83' lang='lat' dir='ltr'><strong>jn-</strong></span> 
     </span>
    </p>
   </div>
   <div class='ocr_carea' id='block_1_60' title="bbox 537 3243 3725 3351">
    <p class='ocr_par' dir='ltr' id='par_1_60' title="bbox 537 3243 3725 3351">
     <span class='ocr_line' id='line_1_60' title="bbox 537 3243 3725 3351; baseline -0.013 -16"><span class='ocrx_word' id='word_1_331' title='bbox 537 3281 769 3351; x_wconf 88' lang='lat' dir='ltr'><strong>quirere.</strong></span> <span class='ocrx_word' id='word_1_332' title='bbox 801 3280 880 3330; x_wconf 83' lang='lat' dir='ltr'><strong>Me</strong></span> <span class='ocrx_word' id='word_1_333' title='bbox 907 3276 1055 3343; x_wconf 82' lang='lat' dir='ltr'><strong>juvat</strong></span> <span class='ocrx_word' id='word_1_334' title='bbox 1084 3271 1353 3324; x_wconf 87' lang='lat' dir='ltr'><strong>studiosos</strong></span> <span class='ocrx_word' id='word_1_335' title='bbox 1397 3263 1669 3332; x_wconf 76' lang='lat' dir='ltr'><strong>sapientia</strong></span> <span class='ocrx_word' id='word_1_336' title='bbox 1706 3262 1849 3313; x_wconf 85' lang='lat' dir='ltr'><strong>viros</strong></span> <span class='ocrx_word' id='word_1_337' title='bbox 1878 3258 1929 3311; x_wconf 91' lang='lat' dir='ltr'><strong>in</strong></span> <span class='ocrx_word' id='word_1_338' title='bbox 1960 3254 2089 3309; x_wconf 89' lang='lat' dir='ltr'><strong>ami-</strong></span> <span class='ocrx_word' id='word_1_339' title='bbox 2118 3273 2163 3336; x_wconf 69' lang='grc' dir='ltr'><strong>ρ</strong></span> <span class='ocrx_word' id='word_1_340' title='bbox 2194 3262 2321 3301; x_wconf 85' lang='lat' dir='ltr'><strong>vare</strong></span> <span class='ocrx_word' id='word_1_341' title='bbox 2345 3246 2608 3315; x_wconf 86' lang='lat' dir='ltr'><strong>digneris;</strong></span> <span class='ocrx_word' id='word_1_342' title='bbox 2638 3254 2693 3301; x_wconf 92' lang='lat' dir='ltr'><strong>et</strong></span> <span class='ocrx_word' id='word_1_343' title='bbox 2713 3246 2879 3300; x_wconf 90' lang='lat' dir='ltr'><strong>vicem</strong></span> <span class='ocrx_word' id='word_1_344' title='bbox 2915 3243 3284 3299; x_wconf 79' lang='lat' dir='ltr'><strong>sollicitudinis</strong></span> <span class='ocrx_word' id='word_1_345' title='bbox 3313 3258 3443 3298; x_wconf 80' lang='lat' dir='ltr'><strong>mea</strong></span> <span class='ocrx_word' id='word_1_346' title='bbox 3474 3244 3525 3297; x_wconf 93' lang='lat' dir='ltr'><strong>in</strong></span> <span class='ocrx_word' id='word_1_347' title='bbox 3566 3257 3725 3298; x_wconf 77' lang='lat' dir='ltr'><strong>curant</strong></span> 
     </span>
    </p>
   </div>
   <div class='ocr_carea' id='block_1_61' title="bbox 542 3360 2091 3434">
    <p class='ocr_par' dir='ltr' id='par_1_61' title="bbox 542 3360 2091 3434">
     <span class='ocr_line' id='line_1_61' title="bbox 542 3360 2091 3434; baseline -0.016 -6"><span class='ocrx_word' id='word_1_348' title='bbox 542 3376 683 3428; x_wconf 82' lang='lat' dir='ltr'><strong>citia</strong></span> <span class='ocrx_word' id='word_1_349' title='bbox 709 3368 1100 3434; x_wconf 81' lang='lat' dir='ltr'><strong>possessionem</strong></span> <span class='ocrx_word' id='word_1_350' title='bbox 1140 3374 1332 3416; x_wconf 83' lang='lat' dir='ltr'><strong>vocare</strong></span> <span class='ocrx_word' id='word_1_351' title='bbox 1358 3399 1373 3423; x_wconf 91' lang='lat'><strong>,</strong></span> <span class='ocrx_word' id='word_1_352' title='bbox 1404 3371 1626 3426; x_wconf 87' lang='lat' dir='ltr'><strong>quorum</strong></span> <span class='ocrx_word' id='word_1_353' title='bbox 1680 3362 1732 3408; x_wconf 89' lang='lat' dir='ltr'><strong>te</strong></span> <span class='ocrx_word' id='word_1_354' title='bbox 1776 3360 2091 3406; x_wconf 84' lang='lat' dir='ltr'><strong>summatem</strong></span> 
     </span>
    </p>
   </div>
   <div class='ocr_carea' id='block_1_62' title="bbox 456 3440 2089 3530">
    <p class='ocr_par' dir='ltr' id='par_1_62' title="bbox 456 3440 2089 3530">
     <span class='ocr_line' id='line_1_62' title="bbox 456 3440 2089 3530; baseline -0.013 -16"><span class='ocrx_word' id='word_1_355' title='bbox 456 3511 460 3514; x_wconf 9' lang='grc' dir='ltr'><em>ἠ</em></span> <span class='ocrx_word' id='word_1_356' title='bbox 537 3478 656 3518; x_wconf 86' lang='lat' dir='ltr'><strong>esse</strong></span> <span class='ocrx_word' id='word_1_357' title='bbox 679 3462 787 3530; x_wconf 84' lang='lat' dir='ltr'><strong>jam</strong></span> <span class='ocrx_word' id='word_1_358' title='bbox 816 3459 905 3511; x_wconf 91' lang='lat' dir='ltr'><strong>diu</strong></span> <span class='ocrx_word' id='word_1_359' title='bbox 943 3461 1259 3510; x_wconf 88' lang='lat' dir='ltr'><strong>attestantur</strong></span> <span class='ocrx_word' id='word_1_360' title='bbox 1288 3449 1492 3520; x_wconf 68' lang='lat' dir='ltr'><strong>experti</strong></span> <span class='ocrx_word' id='word_1_361' title='bbox 1526 3465 1539 3500; x_wconf 89' lang='lat'><strong>:</strong></span> <span class='ocrx_word' id='word_1_362' title='bbox 1572 3447 1623 3500; x_wconf 91' lang='lat' dir='ltr'><strong>in</strong></span> <span class='ocrx_word' id='word_1_363' title='bbox 1653 3443 1840 3514; x_wconf 87' lang='lat' dir='ltr'><strong>primis</strong></span> <span class='ocrx_word' id='word_1_364' title='bbox 1867 3440 2089 3495; x_wconf 85' lang='lat' dir='ltr'><strong>familia-</strong></span> 
     </span>
    </p>
   </div>
   <div class='ocr_carea' id='block_1_63' title="bbox 538 3530 2090 3611">
    <p class='ocr_par' dir='ltr' id='par_1_63' title="bbox 538 3530 2090 3611">
     <span class='ocr_line' id='line_1_63' title="bbox 538 3530 2090 3611; baseline -0.017 -4"><span class='ocrx_word' id='word_1_365' title='bbox 538 3554 613 3607; x_wconf 80' lang='lat' dir='ltr'><strong>ris</strong></span> <span class='ocrx_word' id='word_1_366' title='bbox 643 3558 823 3603; x_wconf 92' lang='lat' dir='ltr'><strong>noster</strong></span> <span class='ocrx_word' id='word_1_367' title='bbox 851 3545 1054 3600; x_wconf 90' lang='lat' dir='ltr'><strong>cunctis</strong></span> <span class='ocrx_word' id='word_1_368' title='bbox 1083 3542 1336 3611; x_wconf 87' lang='lat' dir='ltr'><strong>probatus</strong></span> <span class='ocrx_word' id='word_1_369' title='bbox 1365 3536 1660 3600; x_wconf 86' lang='lat' dir='ltr'><strong>Eudoxius,</strong></span> <span class='ocrx_word' id='word_1_370' title='bbox 1678 3533 1904 3600; x_wconf 83' lang='lat' dir='ltr'><strong>diligens</strong></span> <span class='ocrx_word' id='word_1_371' title='bbox 1927 3530 2090 3597; x_wconf 88' lang='lat' dir='ltr'><strong>judex</strong></span> 
     </span>
    </p>
   </div>
   <div class='ocr_carea' id='block_1_64' title="bbox 538 3623 2092 3705">
    <p class='ocr_par' dir='ltr' id='par_1_64' title="bbox 538 3623 2092 3705">
     <span class='ocr_line' id='line_1_64' title="bbox 538 3623 2092 3705; baseline -0.015 -9"><span class='ocrx_word' id='word_1_372' title='bbox 538 3642 832 3703; x_wconf 87' lang='lat' dir='ltr'><strong>bonorum;</strong></span> <span class='ocrx_word' id='word_1_373' title='bbox 870 3628 958 3705; x_wconf 85' lang='lat' dir='ltr'><strong>qui</strong></span> <span class='ocrx_word' id='word_1_374' title='bbox 982 3631 1270 3701; x_wconf 86' lang='lat' dir='ltr'><strong>degustatis</strong></span> <span class='ocrx_word' id='word_1_375' title='bbox 1294 3628 1508 3699; x_wconf 86' lang='lat' dir='ltr'><strong>propius</strong></span> <span class='ocrx_word' id='word_1_376' title='bbox 1528 3624 1808 3679; x_wconf 82' lang='lat' dir='ltr'><strong>virtutibus</strong></span> <span class='ocrx_word' id='word_1_377' title='bbox 1840 3623 1963 3687; x_wconf 87' lang='lat' dir='ltr'><strong>tuis,</strong></span> <span class='ocrx_word' id='word_1_378' title='bbox 1989 3635 2092 3673; x_wconf 89' lang='lat' dir='ltr'><strong>ca-</strong></span> 
     </span>
    </p>
   </div>
   <div class='ocr_carea' id='block_1_65' title="bbox 540 3712 2090 3796">
    <p class='ocr_par' dir='ltr' id='par_1_65' title="bbox 540 3712 2090 3796">
     <span class='ocr_line' id='line_1_65' title="bbox 540 3712 2090 3796; baseline -0.014 -10"><span class='ocrx_word' id='word_1_379' title='bbox 540 3742 683 3786; x_wconf 85' lang='lat' dir='ltr'><strong>teros</strong></span> <span class='ocrx_word' id='word_1_380' title='bbox 719 3740 870 3796; x_wconf 84' lang='lat' dir='ltr'><strong>aque</strong></span> <span class='ocrx_word' id='word_1_381' title='bbox 916 3726 982 3778; x_wconf 87' lang='lat' dir='ltr'><strong>ad</strong></span> <span class='ocrx_word' id='word_1_382' title='bbox 1032 3723 1251 3777; x_wconf 88' lang='lat' dir='ltr'><strong>honesta</strong></span> <span class='ocrx_word' id='word_1_383' title='bbox 1302 3719 1579 3773; x_wconf 85' lang='lat' dir='ltr'><strong>tendentes</strong></span> <span class='ocrx_word' id='word_1_384' title='bbox 1622 3714 1837 3770; x_wconf 90' lang='lat' dir='ltr'><strong>laudare</strong></span> <span class='ocrx_word' id='word_1_385' title='bbox 1890 3712 2090 3777; x_wconf 76' lang='lat' dir='ltr'><strong>didicit,</strong></span> 
     </span>
    </p>
   </div>
   <div class='ocr_carea' id='block_1_66' title="bbox 545 3801 2093 3872">
    <p class='ocr_par' dir='ltr' id='par_1_66' title="bbox 545 3801 2093 3872">
     <span class='ocr_line' id='line_1_66' title="bbox 545 3801 2093 3872; baseline -0.012 0"><span class='ocrx_word' id='word_1_386' title='bbox 545 3818 648 3872; x_wconf 84' lang='lat' dir='ltr'><strong>illis</strong></span> <span class='ocrx_word' id='word_1_387' title='bbox 693 3813 1015 3869; x_wconf 80' lang='lat' dir='ltr'><strong>desiderium</strong></span> <span class='ocrx_word' id='word_1_388' title='bbox 1076 3808 1331 3863; x_wconf 86' lang='lat' dir='ltr'><strong>doctrina</strong></span> <span class='ocrx_word' id='word_1_389' title='bbox 1383 3806 1611 3872; x_wconf 84' lang='lat' dir='ltr'><strong>vitaque</strong></span> <span class='ocrx_word' id='word_1_390' title='bbox 1674 3803 1947 3865; x_wconf 88' lang='lat' dir='ltr'><strong>tribuens,</strong></span> <span class='ocrx_word' id='word_1_391' title='bbox 1999 3801 2093 3853; x_wconf 88' lang='lat' dir='ltr'><strong>tibi</strong></span> 
     </span>
    </p>
   </div>
   <div class='ocr_carea' id='block_1_67' title="bbox 543 3892 2095 3977">
    <p class='ocr_par' dir='ltr' id='par_1_67' title="bbox 543 3892 2095 3977">
     <span class='ocr_line' id='line_1_67' title="bbox 543 3892 2095 3977; baseline -0.01 -17"><span class='ocrx_word' id='word_1_392' title='bbox 543 3904 937 3977; x_wconf 84' lang='lat' dir='ltr'><strong>perfectionem.</strong></span> <span class='ocrx_word' id='word_1_393' title='bbox 967 3900 1223 3954; x_wconf 85' lang='lat' dir='ltr'><strong>Invitatus</strong></span> <span class='ocrx_word' id='word_1_394' title='bbox 1254 3898 1410 3965; x_wconf 90' lang='lat' dir='ltr'><strong>igitur</strong></span> <span class='ocrx_word' id='word_1_395' title='bbox 1432 3907 1694 3948; x_wconf 81' lang='lat' dir='ltr'><strong>consensu</strong></span> <span class='ocrx_word' id='word_1_396' title='bbox 1720 3892 1891 3957; x_wconf 86' lang='lat' dir='ltr'><strong>fama,</strong></span> <span class='ocrx_word' id='word_1_397' title='bbox 1926 3902 1980 3945; x_wconf 91' lang='lat' dir='ltr'><strong>et</strong></span> <span class='ocrx_word' id='word_1_398' title='bbox 2001 3905 2095 3959; x_wconf 87' lang='lat' dir='ltr'><strong>op-</strong></span> 
     </span>
    </p>
   </div>
   <div class='ocr_carea' id='block_1_68' title="bbox 542 3980 2094 4051">
    <p class='ocr_par' dir='ltr' id='par_1_68' title="bbox 542 3980 2094 4051">
     <span class='ocr_line' id='line_1_68' title="bbox 542 3980 2094 4051; baseline -0.012 -1"><span class='ocrx_word' id='word_1_399' title='bbox 542 3996 790 4050; x_wconf 88' lang='lat' dir='ltr'><strong>timorum</strong></span> <span class='ocrx_word' id='word_1_400' title='bbox 840 3990 1051 4044; x_wconf 89' lang='lat' dir='ltr'><strong>testium</strong></span> <span class='ocrx_word' id='word_1_401' title='bbox 1104 3987 1226 4051; x_wconf 84' lang='lat' dir='ltr'><strong>ﬁde,</strong></span> <span class='ocrx_word' id='word_1_402' title='bbox 1259 3984 1504 4039; x_wconf 88' lang='lat' dir='ltr'><strong>amicitia</strong></span> <span class='ocrx_word' id='word_1_403' title='bbox 1535 3990 1638 4035; x_wconf 85' lang='lat' dir='ltr'><strong>tua</strong></span> <span class='ocrx_word' id='word_1_404' title='bbox 1666 3980 1935 4035; x_wconf 86' lang='lat' dir='ltr'><strong>dexteram</strong></span> <span class='ocrx_word' id='word_1_405' title='bbox 1974 3994 2094 4047; x_wconf 91' lang='lat' dir='ltr'><strong>por-</strong></span> 
     </span>
    </p>
   </div>
   <div class='ocr_carea' id='block_1_69' title="bbox 543 4068 2098 4153">
    <p class='ocr_par' dir='ltr' id='par_1_69' title="bbox 543 4068 2098 4153">
     <span class='ocr_line' id='line_1_69' title="bbox 543 4068 2098 4153; baseline -0.013 -13"><span class='ocrx_word' id='word_1_406' title='bbox 543 4087 686 4153; x_wconf 86' lang='lat' dir='ltr'><strong>rigo;</strong></span> <span class='ocrx_word' id='word_1_407' title='bbox 715 4081 976 4149; x_wconf 85' lang='lat' dir='ltr'><strong>simulque</strong></span> <span class='ocrx_word' id='word_1_408' title='bbox 1008 4086 1133 4147; x_wconf 84' lang='lat' dir='ltr'><strong>Opto</strong></span> <span class='ocrx_word' id='word_1_409' title='bbox 1179 4087 1236 4131; x_wconf 91' lang='lat' dir='ltr'><strong>ut</strong></span> <span class='ocrx_word' id='word_1_410' title='bbox 1263 4076 1388 4130; x_wconf 86' lang='lat' dir='ltr'><strong>mihi</strong></span> <span class='ocrx_word' id='word_1_411' title='bbox 1430 4075 1650 4142; x_wconf 77' lang='lat' dir='ltr'><strong>epistola</strong></span> <span class='ocrx_word' id='word_1_412' title='bbox 1674 4086 1703 4125; x_wconf 88' lang='lat' dir='ltr'><strong>a</strong></span> <span class='ocrx_word' id='word_1_413' title='bbox 1736 4082 1786 4124; x_wconf 91' lang='lat' dir='ltr'><strong>te</strong></span> <span class='ocrx_word' id='word_1_414' title='bbox 1816 4070 1976 4124; x_wconf 82' lang='lat' dir='ltr'><strong>relata</strong></span> <span class='ocrx_word' id='word_1_415' title='bbox 2006 4068 2098 4135; x_wconf 83' lang='lat' dir='ltr'><strong>de—</strong></span> 
     </span>
    </p>
   </div>
   <div class='ocr_carea' id='block_1_70' title="bbox 542 4158 2097 4229">
    <p class='ocr_par' dir='ltr' id='par_1_70' title="bbox 542 4158 2097 4229">
     <span class='ocr_line' id='line_1_70' title="bbox 542 4158 2097 4229; baseline -0.01 -1"><span class='ocrx_word' id='word_1_416' title='bbox 542 4183 710 4228; x_wconf 88' lang='lat' dir='ltr'><strong>claret</strong></span> <span class='ocrx_word' id='word_1_417' title='bbox 730 4170 1066 4226; x_wconf 87' lang='lat' dir='ltr'><strong>concordiam</strong></span> <span class='ocrx_word' id='word_1_418' title='bbox 1099 4164 1388 4220; x_wconf 90' lang='lat' dir='ltr'><strong>voluntatis</strong></span> <span class='ocrx_word' id='word_1_419' title='bbox 1419 4172 1543 4229; x_wconf 81' lang='lat' dir='ltr'><strong>tua,</strong></span> <span class='ocrx_word' id='word_1_420' title='bbox 1576 4172 1631 4217; x_wconf 88' lang='lat' dir='ltr'><strong>et</strong></span> <span class='ocrx_word' id='word_1_421' title='bbox 1655 4171 1851 4215; x_wconf 86' lang='lat' dir='ltr'><strong>mutua</strong></span> <span class='ocrx_word' id='word_1_422' title='bbox 1895 4158 1949 4212; x_wconf 87' lang='lat' dir='ltr'><strong>in</strong></span> <span class='ocrx_word' id='word_1_423' title='bbox 1998 4174 2097 4213; x_wconf 89' lang='lat' dir='ltr'><strong>nos</strong></span> 
     </span>
    </p>
   </div>
   <div class='ocr_carea' id='block_1_71' title="bbox 516 4252 1464 4331">
    <p class='ocr_par' dir='ltr' id='par_1_71' title="bbox 516 4252 1464 4331">
     <span class='ocr_line' id='line_1_71' title="bbox 516 4252 1464 4331; baseline -0.015 -12"><span class='ocrx_word' id='word_1_424' title='bbox 516 4272 519 4273; x_wconf 65' lang='grc'><strong><em>⁷</em></strong></span> <span class='ocrx_word' id='word_1_425' title='bbox 544 4265 830 4331; x_wconf 83' lang='lat' dir='ltr'><strong>diligentia</strong></span> <span class='ocrx_word' id='word_1_426' title='bbox 852 4257 1294 4322; x_wconf 86' lang='lat' dir='ltr'><strong>impetrationem.</strong></span> <span class='ocrx_word' id='word_1_427' title='bbox 1317 4252 1464 4307; x_wconf 84' lang='lat' dir='ltr'><strong>Vale.</strong></span> 
     </span>
    </p>
   </div>
   <div class='ocr_carea' id='block_1_72' title="bbox 1142 4362 1477 4420">
    <p class='ocr_par' dir='ltr' id='par_1_72' title="bbox 1142 4362 1477 4420">
     <span class='ocr_line' id='line_1_72' title="bbox 1142 4362 1477 4420; baseline -0.015 0"><span class='ocrx_word' id='word_1_428' title='bbox 1142 4362 1353 4420; x_wconf 83' lang='lat' dir='ltr'><strong>EPIST.</strong></span> <span class='ocrx_word' id='word_1_429' title='bbox 1388 4362 1477 4415; x_wconf 90' lang='lat' dir='ltr'><strong>Ill.</strong></span> 
     </span>
    </p>
   </div>
   <div class='ocr_carea' id='block_1_73' title="bbox 1004 4468 1625 4513">
    <p class='ocr_par' dir='ltr' id='par_1_73' title="bbox 1004 4468 1625 4513">
     <span class='ocr_line' id='line_1_73' title="bbox 1004 4468 1625 4513; baseline -0.013 0"><span class='ocrx_word' id='word_1_430' title='bbox 1004 4470 1307 4513; x_wconf 72' lang='grc' dir='ltr'><strong>ειηλειωε</strong></span> <span class='ocrx_word' id='word_1_431' title='bbox 1340 4468 1625 4507; x_wconf 66' lang='lat' dir='ltr'><strong>ZENODOBO.</strong></span> 
     </span>
    </p>
   </div>
   <div class='ocr_carea' id='block_1_74' title="bbox 616 4512 2102 4624">
    <p class='ocr_par' dir='ltr' id='par_1_74' title="bbox 616 4512 2102 4624">
     <span class='ocr_line' id='line_1_74' title="bbox 616 4512 2102 4624; baseline -0.012 -13"><span class='ocrx_word' id='word_1_432' title='bbox 616 4553 920 4624; x_wconf 82' lang='lat' dir='ltr'><strong>Repetenda</strong></span> <span class='ocrx_word' id='word_1_433' title='bbox 946 4512 1073 4603; x_wconf 84' lang='lat' dir='ltr'><strong>mihi</strong></span> <span class='ocrx_word' id='word_1_434' title='bbox 1102 4549 1239 4616; x_wconf 90' lang='lat' dir='ltr'><strong>apud</strong></span> <span class='ocrx_word' id='word_1_435' title='bbox 1266 4555 1335 4608; x_wconf 90' lang='lat' dir='ltr'><strong>te,</strong></span> <span class='ocrx_word' id='word_1_436' title='bbox 1378 4561 1480 4598; x_wconf 91' lang='lat' dir='ltr'><strong>non</strong></span> <span class='ocrx_word' id='word_1_437' title='bbox 1517 4542 1807 4595; x_wconf 86' lang='lat' dir='ltr'><strong>inchoanda</strong></span> <span class='ocrx_word' id='word_1_438' title='bbox 1838 4551 1917 4595; x_wconf 91' lang='lat' dir='ltr'><strong>est</strong></span> <span class='ocrx_word' id='word_1_439' title='bbox 1945 4512 2102 4599; x_wconf 72' lang='grc' dir='ltr'><strong>Ευκί</strong></span> 
     </span>
    </p>
   </div>
   <div class='ocr_carea' id='block_1_75' title="bbox 2198 3337 3185 3408">
    <p class='ocr_par' dir='ltr' id='par_1_75' title="bbox 2198 3337 3185 3408">
     <span class='ocr_line' id='line_1_75' title="bbox 2198 3337 3185 3408; baseline -0.007 -12"><span class='ocrx_word' id='word_1_440' title='bbox 2198 3351 2340 3396; x_wconf 89' lang='lat' dir='ltr'><strong>tuam</strong></span> <span class='ocrx_word' id='word_1_441' title='bbox 2371 3342 2610 3408; x_wconf 72' lang='lat' dir='ltr'><strong>recipere</strong></span> <span class='ocrx_word' id='word_1_442' title='bbox 2636 3355 2742 3394; x_wconf 91' lang='lat' dir='ltr'><strong>non</strong></span> <span class='ocrx_word' id='word_1_443' title='bbox 2777 3354 3005 3394; x_wconf 67' lang='lat' dir='ltr'><strong>recuses.</strong></span> <span class='ocrx_word' id='word_1_444' title='bbox 3040 3337 3185 3390; x_wconf 75' lang='lat' dir='ltr'><strong>Vale.</strong></span> 
     </span>
    </p>
   </div>
   <div class='ocr_carea' id='block_1_76' title="bbox 2791 3469 3152 3525">
    <p class='ocr_par' dir='ltr' id='par_1_76' title="bbox 2791 3469 3152 3525">
     <span class='ocr_line' id='line_1_76' title="bbox 2791 3469 3152 3525; baseline -0.008 -1"><span class='ocrx_word' id='word_1_445' title='bbox 2791 3469 3002 3525; x_wconf 81' lang='lat' dir='ltr'><strong>EPIST.</strong></span> <span class='ocrx_word' id='word_1_446' title='bbox 3040 3469 3152 3523; x_wconf 70' lang='lat' dir='ltr'><strong>VII.</strong></span> 
     </span>
    </p>
   </div>
   <div class='ocr_carea' id='block_1_77' title="bbox 2652 3572 3278 3616">
    <p class='ocr_par' dir='ltr' id='par_1_77' title="bbox 2652 3572 3278 3616">
     <span class='ocr_line' id='line_1_77' title="bbox 2652 3572 3278 3616; baseline -0.011 -1"><span class='ocrx_word' id='word_1_447' title='bbox 2652 3574 2957 3616; x_wconf 68' lang='lat' dir='ltr'><strong>SYHMACIIUS</strong></span> <span class='ocrx_word' id='word_1_448' title='bbox 2998 3572 3278 3611; x_wconf 71' lang='lat' dir='ltr'><strong>CARTERIO.</strong></span> 
     </span>
    </p>
   </div>
   <div class='ocr_carea' id='block_1_78' title="bbox 2266 3642 3731 3716">
    <p class='ocr_par' dir='ltr' id='par_1_78' title="bbox 2266 3642 3731 3716">
     <span class='ocr_line' id='line_1_78' title="bbox 2266 3642 3731 3716; baseline -0.009 -8"><span class='ocrx_word' id='word_1_449' title='bbox 2266 3653 2369 3708; x_wconf 90' lang='lat' dir='ltr'><strong>Pro</strong></span> <span class='ocrx_word' id='word_1_450' title='bbox 2398 3651 2506 3707; x_wconf 88' lang='lat' dir='ltr'><strong>[ilio</strong></span> <span class='ocrx_word' id='word_1_451' title='bbox 2536 3666 2655 3706; x_wconf 90' lang='lat' dir='ltr'><strong>meo</strong></span> <span class='ocrx_word' id='word_1_452' title='bbox 2686 3650 2970 3713; x_wconf 83' lang='lat' dir='ltr'><strong>Auxentio,</strong></span> <span class='ocrx_word' id='word_1_453' title='bbox 3003 3648 3238 3716; x_wconf 86' lang='lat' dir='ltr'><strong>parentis</strong></span> <span class='ocrx_word' id='word_1_454' title='bbox 3261 3644 3589 3714; x_wconf 86' lang='lat' dir='ltr'><strong>religionem,</strong></span> <span class='ocrx_word' id='word_1_455' title='bbox 3618 3642 3731 3713; x_wconf 81' lang='lat' dir='ltr'><strong>peli-</strong></span> 
     </span>
    </p>
   </div>
   <div class='ocr_carea' id='block_1_79' title="bbox 2196 3731 3801 3808">
    <p class='ocr_par' dir='ltr' id='par_1_79' title="bbox 2196 3731 3801 3808">
     <span class='ocr_line' id='line_1_79' title="bbox 2196 3731 3801 3808; baseline -0.014 -7"><span class='ocrx_word' id='word_1_456' title='bbox 2196 3745 2329 3801; x_wconf 89' lang='lat' dir='ltr'><strong>toris</strong></span> <span class='ocrx_word' id='word_1_457' title='bbox 2359 3744 2635 3808; x_wconf 90' lang='lat' dir='ltr'><strong>ambitum,</strong></span> <span class='ocrx_word' id='word_1_458' title='bbox 2670 3741 2824 3793; x_wconf 85' lang='lat' dir='ltr'><strong>fidem</strong></span> <span class='ocrx_word' id='word_1_459' title='bbox 2877 3737 3026 3791; x_wconf 88' lang='lat' dir='ltr'><strong>testis</strong></span> <span class='ocrx_word' id='word_1_460' title='bbox 3066 3736 3118 3789; x_wconf 88' lang='lat' dir='ltr'><strong>in</strong></span> <span class='ocrx_word' id='word_1_461' title='bbox 3165 3750 3251 3790; x_wconf 90' lang='lat' dir='ltr'><strong>me</strong></span> <span class='ocrx_word' id='word_1_462' title='bbox 3305 3734 3501 3802; x_wconf 88' lang='lat' dir='ltr'><strong>recepi.</strong></span> <span class='ocrx_word' id='word_1_463' title='bbox 3544 3731 3730 3799; x_wconf 77' lang='lat' dir='ltr'><strong>Siquid</strong></span> <span class='ocrx_word' id='word_1_464' title='bbox 3800 3742 3801 3747; x_wconf 49' lang='grc' dir='ltr'>π</span> 
     </span>
    </p>
   </div>
   <div class='ocr_carea' id='block_1_80' title="bbox 2196 3827 3734 3909">
    <p class='ocr_par' dir='ltr' id='par_1_80' title="bbox 2196 3827 3734 3909">
     <span class='ocr_line' id='line_1_80' title="bbox 2196 3827 3734 3909; baseline -0.011 -15"><span class='ocrx_word' id='word_1_465' title='bbox 2196 3839 2358 3909; x_wconf 89' lang='lat' dir='ltr'><strong>igitur</strong></span> <span class='ocrx_word' id='word_1_466' title='bbox 2397 3828 2663 3890; x_wconf 84' lang='lat' dir='ltr'><strong>tantarum</strong></span> <span class='ocrx_word' id='word_1_467' title='bbox 2696 3847 2872 3888; x_wconf 86' lang='lat' dir='ltr'><strong>rerum</strong></span> <span class='ocrx_word' id='word_1_468' title='bbox 2920 3830 3207 3885; x_wconf 77' lang='lat' dir='ltr'><strong>auctoritas</strong></span> <span class='ocrx_word' id='word_1_469' title='bbox 3248 3828 3388 3899; x_wconf 89' lang='lat' dir='ltr'><strong>apud</strong></span> <span class='ocrx_word' id='word_1_470' title='bbox 3421 3836 3472 3881; x_wconf 92' lang='lat' dir='ltr'><strong>te</strong></span> <span class='ocrx_word' id='word_1_471' title='bbox 3503 3827 3734 3897; x_wconf 79' lang='lat' dir='ltr'><strong>ponderis</strong></span> 
     </span>
    </p>
   </div>
   <div class='ocr_carea' id='block_1_81' title="bbox 2197 3920 3733 3993">
    <p class='ocr_par' dir='ltr' id='par_1_81' title="bbox 2197 3920 3733 3993">
     <span class='ocr_line' id='line_1_81' title="bbox 2197 3920 3733 3993; baseline -0.007 -13"><span class='ocrx_word' id='word_1_472' title='bbox 2197 3928 2381 3992; x_wconf 86' lang='lat' dir='ltr'><strong>habet,</strong></span> <span class='ocrx_word' id='word_1_473' title='bbox 2409 3926 2653 3991; x_wconf 90' lang='lat' dir='ltr'><strong>admitte,</strong></span> <span class='ocrx_word' id='word_1_474' title='bbox 2678 3938 2878 3993; x_wconf 84' lang='lat' dir='ltr'><strong>quaso,</strong></span> <span class='ocrx_word' id='word_1_475' title='bbox 2908 3922 2961 3977; x_wconf 91' lang='lat' dir='ltr'><strong>in</strong></span> <span class='ocrx_word' id='word_1_476' title='bbox 3016 3920 3267 3976; x_wconf 85' lang='lat' dir='ltr'><strong>familiam</strong></span> <span class='ocrx_word' id='word_1_477' title='bbox 3322 3932 3463 3974; x_wconf 89' lang='lat' dir='ltr'><strong>tuam</strong></span> <span class='ocrx_word' id='word_1_478' title='bbox 3503 3922 3733 3989; x_wconf 74' lang='lat' dir='ltr'><strong>juvenem</strong></span> 
     </span>
    </p>
   </div>
   <div class='ocr_carea' id='block_1_82' title="bbox 2197 4012 3735 4070">
    <p class='ocr_par' dir='ltr' id='par_1_82' title="bbox 2197 4012 3735 4070">
     <span class='ocr_line' id='line_1_82' title="bbox 2197 4012 3735 4070; baseline -0.002 -1"><span class='ocrx_word' id='word_1_479' title='bbox 2197 4017 2399 4069; x_wconf 91' lang='lat' dir='ltr'><strong>cunctis</strong></span> <span class='ocrx_word' id='word_1_480' title='bbox 2430 4016 2548 4070; x_wconf 81' lang='lat' dir='ltr'><strong>vita</strong></span> <span class='ocrx_word' id='word_1_481' title='bbox 2578 4015 2731 4069; x_wconf 89' lang='lat' dir='ltr'><strong>bouis</strong></span> <span class='ocrx_word' id='word_1_482' title='bbox 2776 4022 2833 4067; x_wconf 90' lang='lat' dir='ltr'><strong>et</strong></span> <span class='ocrx_word' id='word_1_483' title='bbox 2870 4013 3091 4066; x_wconf 80' lang='lat' dir='ltr'><strong>fortuna</strong></span> <span class='ocrx_word' id='word_1_484' title='bbox 3117 4012 3423 4067; x_wconf 83' lang='lat' dir='ltr'><strong>muneribus</strong></span> <span class='ocrx_word' id='word_1_485' title='bbox 3462 4013 3735 4067; x_wconf 89' lang='lat' dir='ltr'><strong>excultum.</strong></span> 
     </span>
    </p>
   </div>
   <div class='ocr_carea' id='block_1_83' title="bbox 2196 4102 3736 4170">
    <p class='ocr_par' dir='ltr' id='par_1_83' title="bbox 2196 4102 3736 4170">
     <span class='ocr_line' id='line_1_83' title="bbox 2196 4102 3736 4170; baseline -0.007 -9"><span class='ocrx_word' id='word_1_486' title='bbox 2196 4106 2397 4161; x_wconf 89' lang='lat' dir='ltr'><strong>Vadem</strong></span> <span class='ocrx_word' id='word_1_487' title='bbox 2428 4120 2512 4160; x_wconf 91' lang='lat' dir='ltr'><strong>me</strong></span> <span class='ocrx_word' id='word_1_488' title='bbox 2538 4105 2629 4160; x_wconf 91' lang='lat' dir='ltr'><strong>tibi</strong></span> <span class='ocrx_word' id='word_1_489' title='bbox 2658 4106 2709 4159; x_wconf 91' lang='lat' dir='ltr'><strong>in</strong></span> <span class='ocrx_word' id='word_1_490' title='bbox 2737 4102 2913 4157; x_wconf 90' lang='lat' dir='ltr'><strong>omnia</strong></span> <span class='ocrx_word' id='word_1_491' title='bbox 2965 4102 3202 4169; x_wconf 90' lang='lat' dir='ltr'><strong>spondeo</strong></span> <span class='ocrx_word' id='word_1_492' title='bbox 3249 4116 3366 4170; x_wconf 82' lang='lat' dir='ltr'><strong>qua</strong></span> <span class='ocrx_word' id='word_1_493' title='bbox 3398 4102 3537 4156; x_wconf 85' lang='lat' dir='ltr'><strong>solet</strong></span> <span class='ocrx_word' id='word_1_494' title='bbox 3568 4115 3736 4170; x_wconf 83' lang='lat' dir='ltr'><strong>paren-</strong></span> 
     </span>
    </p>
   </div>
   <div class='ocr_carea' id='block_1_84' title="bbox 2128 4193 3737 4282">
    <p class='ocr_par' dir='ltr' id='par_1_84' title="bbox 2128 4193 3737 4282">
     <span class='ocr_line' id='line_1_84' title="bbox 2128 4193 3737 4282; baseline -0.008 -26"><span class='ocrx_word' id='word_1_495' title='bbox 2128 4238 2131 4239; x_wconf 51' lang='grc' dir='ltr'><em>ν</em></span> <span class='ocrx_word' id='word_1_496' title='bbox 2199 4211 2309 4282; x_wconf 85' lang='lat' dir='ltr'><strong>tum</strong></span> <span class='ocrx_word' id='word_1_497' title='bbox 2340 4200 2645 4255; x_wconf 90' lang='lat' dir='ltr'><strong>sollicitudo</strong></span> <span class='ocrx_word' id='word_1_498' title='bbox 2684 4198 2962 4262; x_wconf 85' lang='lat' dir='ltr'><strong>lrutinare,</strong></span> <span class='ocrx_word' id='word_1_499' title='bbox 2999 4194 3122 4249; x_wconf 90' lang='lat' dir='ltr'><strong>licet</strong></span> <span class='ocrx_word' id='word_1_500' title='bbox 3167 4194 3404 4247; x_wconf 84' lang='lat' dir='ltr'><strong>noverim</strong></span> <span class='ocrx_word' id='word_1_501' title='bbox 3436 4193 3641 4246; x_wconf 86' lang='lat' dir='ltr'><strong>futuros</strong></span> <span class='ocrx_word' id='word_1_502' title='bbox 3663 4205 3737 4261; x_wconf 45' lang='lat' dir='ltr'><strong>ge.</strong></span> 
     </span>
    </p>
   </div>
   <div class='ocr_carea' id='block_1_85' title="bbox 2201 4284 3737 4351">
    <p class='ocr_par' dir='ltr' id='par_1_85' title="bbox 2201 4284 3737 4351">
     <span class='ocr_line' id='line_1_85' title="bbox 2201 4284 3737 4351; baseline -0.011 -3"><span class='ocrx_word' id='word_1_503' title='bbox 2201 4306 2364 4349; x_wconf 86' lang='lat' dir='ltr'><strong>neros</strong></span> <span class='ocrx_word' id='word_1_504' title='bbox 2408 4292 2644 4346; x_wconf 90' lang='lat' dir='ltr'><strong>moribus</strong></span> <span class='ocrx_word' id='word_1_505' title='bbox 2684 4288 2952 4344; x_wconf 78' lang='lat' dir='ltr'><strong>aestimari.</strong></span> <span class='ocrx_word' id='word_1_506' title='bbox 2986 4285 3051 4339; x_wconf 84' lang='lat' dir='ltr'><strong>Et</strong></span> <span class='ocrx_word' id='word_1_507' title='bbox 3078 4293 3252 4339; x_wconf 89' lang='lat' dir='ltr'><strong>tamen</strong></span> <span class='ocrx_word' id='word_1_508' title='bbox 3286 4284 3405 4337; x_wconf 86' lang='lat' dir='ltr'><strong>huic</strong></span> <span class='ocrx_word' id='word_1_509' title='bbox 3443 4292 3565 4351; x_wconf 90' lang='lat' dir='ltr'><strong>post</strong></span> <span class='ocrx_word' id='word_1_510' title='bbox 3598 4294 3737 4336; x_wconf 87' lang='lat' dir='ltr'><strong>orna-</strong></span> 
     </span>
    </p>
   </div>
   <div class='ocr_carea' id='block_1_86' title="bbox 2198 4376 3738 4452">
    <p class='ocr_par' dir='ltr' id='par_1_86' title="bbox 2198 4376 3738 4452">
     <span class='ocr_line' id='line_1_86' title="bbox 2198 4376 3738 4452; baseline -0.011 -8"><span class='ocrx_word' id='word_1_511' title='bbox 2198 4398 2375 4445; x_wconf 85' lang='lat' dir='ltr'><strong>menta</strong></span> <span class='ocrx_word' id='word_1_512' title='bbox 2404 4396 2625 4452; x_wconf 84' lang='lat' dir='ltr'><strong>natura,</strong></span> <span class='ocrx_word' id='word_1_513' title='bbox 2642 4385 2798 4440; x_wconf 89' lang='lat' dir='ltr'><strong>etiam</strong></span> <span class='ocrx_word' id='word_1_514' title='bbox 2820 4396 3009 4438; x_wconf 89' lang='lat' dir='ltr'><strong>census</strong></span> <span class='ocrx_word' id='word_1_515' title='bbox 3036 4380 3100 4435; x_wconf 90' lang='lat' dir='ltr'><strong>ad</strong></span> <span class='ocrx_word' id='word_1_516' title='bbox 3124 4381 3451 4434; x_wconf 74' lang='lat' dir='ltr'><strong>honestatem</strong></span> <span class='ocrx_word' id='word_1_517' title='bbox 3478 4376 3738 4431; x_wconf 83' lang='lat' dir='ltr'><strong>redundat.</strong></span> 
     </span>
    </p>
   </div>
   <div class='ocr_carea' id='block_1_87' title="bbox 2200 4469 3739 4548">
    <p class='ocr_par' dir='ltr' id='par_1_87' title="bbox 2200 4469 3739 4548">
     <span class='ocr_line' id='line_1_87' title="bbox 2200 4469 3739 4548; baseline -0.012 -11"><span class='ocrx_word' id='word_1_518' title='bbox 2200 4485 2414 4538; x_wconf 77' lang='lat' dir='ltr'><strong>Possem</strong></span> <span class='ocrx_word' id='word_1_519' title='bbox 2446 4481 2709 4548; x_wconf 79' lang='lat' dir='ltr'><strong>cupiosius</strong></span> <span class='ocrx_word' id='word_1_520' title='bbox 2741 4478 2909 4545; x_wconf 86' lang='lat' dir='ltr'><strong>loqui;</strong></span> <span class='ocrx_word' id='word_1_521' title='bbox 2935 4476 3024 4529; x_wconf 86' lang='lat' dir='ltr'><strong>sed</strong></span> <span class='ocrx_word' id='word_1_522' title='bbox 3059 4490 3163 4527; x_wconf 90' lang='lat' dir='ltr'><strong>non</strong></span> <span class='ocrx_word' id='word_1_523' title='bbox 3198 4474 3305 4527; x_wconf 89' lang='lat' dir='ltr'><strong>vult</strong></span> <span class='ocrx_word' id='word_1_524' title='bbox 3334 4473 3536 4526; x_wconf 87' lang='lat' dir='ltr'><strong>veritas</strong></span> <span class='ocrx_word' id='word_1_525' title='bbox 3579 4469 3739 4524; x_wconf 81' lang='lat' dir='ltr'><strong>verbis</strong></span> 
     </span>
    </p>
   </div>
   <div class='ocr_carea' id='block_1_88' title="bbox 2200 4562 3739 4640">
    <p class='ocr_par' dir='ltr' id='par_1_88' title="bbox 2200 4562 3739 4640">
     <span class='ocr_line' id='line_1_88' title="bbox 2200 4562 3739 4640; baseline -0.011 -14"><span class='ocrx_word' id='word_1_526' title='bbox 2200 4572 2392 4640; x_wconf 88' lang='lat' dir='ltr'><strong>juvari.</strong></span> <span class='ocrx_word' id='word_1_527' title='bbox 2424 4571 2594 4636; x_wconf 84' lang='lat' dir='ltr'><strong>Quare</strong></span> <span class='ocrx_word' id='word_1_528' title='bbox 2622 4568 2665 4621; x_wconf 87' lang='lat' dir='ltr'><strong>si</strong></span> <span class='ocrx_word' id='word_1_529' title='bbox 2695 4568 2789 4621; x_wconf 87' lang='lat' dir='ltr'><strong>tibi</strong></span> <span class='ocrx_word' id='word_1_530' title='bbox 2811 4562 2991 4617; x_wconf 82' lang='lat' dir='ltr'><strong>videor</strong></span> <span class='ocrx_word' id='word_1_531' title='bbox 3021 4579 3123 4616; x_wconf 92' lang='lat' dir='ltr'><strong>non</strong></span> <span class='ocrx_word' id='word_1_532' title='bbox 3154 4564 3325 4615; x_wconf 88' lang='lat' dir='ltr'><strong>inanis</strong></span> <span class='ocrx_word' id='word_1_533' title='bbox 3352 4572 3612 4621; x_wconf 89' lang='lat' dir='ltr'><strong>assertor,</strong></span> <span class='ocrx_word' id='word_1_534' title='bbox 3639 4573 3739 4628; x_wconf 88' lang='lat' dir='ltr'><strong>per-</strong></span> 
     </span>
    </p>
   </div>
   <div class='ocr_carea' id='block_1_89' title="bbox 549 4622 3741 4733">
    <p class='ocr_par' dir='ltr' id='par_1_89' title="bbox 549 4622 3741 4733">
     <span class='ocr_line' id='line_1_89' title="bbox 549 4622 3741 4733; baseline -0.018 23"><span class='ocrx_word' id='word_1_535' title='bbox 549 4644 958 4703; x_wconf 49' lang='lat' dir='ltr'><strong>commendaum</strong></span> <span class='ocrx_word' id='word_1_536' title='bbox 981 4640 1117 4733; x_wconf 13' lang='lat' dir='ltr'><strong>imm</strong></span> <span class='ocrx_word' id='word_1_537' title='bbox 1145 4651 1263 4689; x_wconf 66' lang='lat' dir='ltr'><strong>cum</strong></span> <span class='ocrx_word' id='word_1_538' title='bbox 1290 4635 1705 4733; x_wconf 37' lang='lat' dir='ltr'><strong>nummullgeres’</strong></span> <span class='ocrx_word' id='word_1_539' title='bbox 1738 4646 1855 4733; x_wconf 50' lang='lat' dir='ltr'><strong>me,“</strong></span> <span class='ocrx_word' id='word_1_540' title='bbox 1886 4638 2097 4733; x_wconf 44' lang='lat' dir='ltr'><strong>precatu</strong></span> <span class='ocrx_word' id='word_1_541' title='bbox 2127 4622 2177 4681; x_wconf 65' lang='grc' dir='ltr'><strong>Β</strong></span> <span class='ocrx_word' id='word_1_542' title='bbox 2205 4664 2373 4733; x_wconf 85' lang='lat' dir='ltr'><strong>pende</strong></span> <span class='ocrx_word' id='word_1_543' title='bbox 2406 4662 2670 4714; x_wconf 90' lang='lat' dir='ltr'><strong>hominem</strong></span> <span class='ocrx_word' id='word_1_544' title='bbox 2713 4658 2779 4712; x_wconf 89' lang='lat' dir='ltr'><strong>de</strong></span> <span class='ocrx_word' id='word_1_545' title='bbox 2815 4655 3113 4709; x_wconf 83' lang='lat' dir='ltr'><strong>leSlimonio</strong></span> <span class='ocrx_word' id='word_1_546' title='bbox 3153 4667 3291 4718; x_wconf 90' lang='lat' dir='ltr'><strong>meo,</strong></span> <span class='ocrx_word' id='word_1_547' title='bbox 3318 4660 3371 4704; x_wconf 88' lang='lat' dir='ltr'><strong>et</strong></span> <span class='ocrx_word' id='word_1_548' title='bbox 3402 4652 3471 4714; x_wconf 91' lang='lat' dir='ltr'><strong>ei,</strong></span> <span class='ocrx_word' id='word_1_549' title='bbox 3497 4622 3652 4716; x_wconf 78' lang='lat' dir='ltr'><strong>quem</strong></span> <span class='ocrx_word' id='word_1_550' title='bbox 3680 4648 3741 4715; x_wconf 76' lang='lat' dir='ltr'><strong>Pi-</strong></span> 
     </span>
    </p>
   </div>
   <div class='ocr_carea' id='block_1_90' title="bbox 550 4723 2092 4806">
    <p class='ocr_par' dir='ltr' id='par_1_90' title="bbox 550 4723 2092 4806">
     <span class='ocr_line' id='line_1_90' title="bbox 550 4723 2092 4806; baseline -0.013 -13"><span class='ocrx_word' id='word_1_551' title='bbox 550 4743 601 4793; x_wconf 91' lang='lat' dir='ltr'><strong>in</strong></span> <span class='ocrx_word' id='word_1_552' title='bbox 632 4740 748 4806; x_wconf 85' lang='lat' dir='ltr'><strong>ejus</strong></span> <span class='ocrx_word' id='word_1_553' title='bbox 778 4732 1083 4799; x_wconf 68' lang='lat' dir='ltr'><strong>sulfragiuni</strong></span> <span class='ocrx_word' id='word_1_554' title='bbox 1106 4737 1441 4797; x_wconf 83' lang='lat' dir='ltr'><strong>provocatus,</strong></span> <span class='ocrx_word' id='word_1_555' title='bbox 1470 4725 1694 4777; x_wconf 89' lang='lat' dir='ltr'><strong>libenter</strong></span> <span class='ocrx_word' id='word_1_556' title='bbox 1718 4732 1897 4791; x_wconf 89' lang='lat' dir='ltr'><strong>partes</strong></span> <span class='ocrx_word' id='word_1_557' title='bbox 1926 4723 2092 4775; x_wconf 86' lang='lat' dir='ltr'><strong>bene-</strong></span> 
     </span>
    </p>
   </div>
   <div class='ocr_carea' id='block_1_91' title="bbox 550 4811 2100 4888">
    <p class='ocr_par' dir='ltr' id='par_1_91' title="bbox 550 4811 2100 4888">
     <span class='ocr_line' id='line_1_91' title="bbox 550 4811 2100 4888; baseline -0.012 -8"><span class='ocrx_word' id='word_1_558' title='bbox 550 4827 798 4880; x_wconf 79' lang='lat' dir='ltr'><strong>volentia</strong></span> <span class='ocrx_word' id='word_1_559' title='bbox 830 4821 1094 4888; x_wconf 87' lang='lat' dir='ltr'><strong>recepisti.</strong></span> <span class='ocrx_word' id='word_1_560' title='bbox 1122 4819 1355 4885; x_wconf 81' lang='lat' dir='ltr'><strong>Tempus</strong></span> <span class='ocrx_word' id='word_1_561' title='bbox 1381 4823 1464 4868; x_wconf 88' lang='lat' dir='ltr'><strong>est</strong></span> <span class='ocrx_word' id='word_1_562' title='bbox 1507 4813 1660 4881; x_wconf 90' lang='lat' dir='ltr'><strong>igitur</strong></span> <span class='ocrx_word' id='word_1_563' title='bbox 1707 4822 1763 4865; x_wconf 90' lang='lat' dir='ltr'><strong>ut</strong></span> <span class='ocrx_word' id='word_1_564' title='bbox 1791 4826 1936 4865; x_wconf 87' lang='lat' dir='ltr'><strong>meas</strong></span> <span class='ocrx_word' id='word_1_565' title='bbox 1957 4811 2100 4863; x_wconf 89' lang='lat' dir='ltr'><strong>utili-</strong></span> 
     </span>
    </p>
   </div>
   <div class='ocr_carea' id='block_1_92' title="bbox 556 4906 2101 4981">
    <p class='ocr_par' dir='ltr' id='par_1_92' title="bbox 556 4906 2101 4981">
     <span class='ocr_line' id='line_1_92' title="bbox 556 4906 2101 4981; baseline -0.009 -8"><span class='ocrx_word' id='word_1_566' title='bbox 556 4930 690 4973; x_wconf 82' lang='lat' dir='ltr'><strong>tates</strong></span> <span class='ocrx_word' id='word_1_567' title='bbox 736 4914 1021 4972; x_wconf 84' lang='lat' dir='ltr'><strong>in&#39;Euscio</strong></span> <span class='ocrx_word' id='word_1_568' title='bbox 1046 4916 1239 4981; x_wconf 87' lang='lat' dir='ltr'><strong>juves:</strong></span> <span class='ocrx_word' id='word_1_569' title='bbox 1271 4913 1420 4979; x_wconf 86' lang='lat' dir='ltr'><strong>cujus</strong></span> <span class='ocrx_word' id='word_1_570' title='bbox 1462 4911 1719 4964; x_wconf 84' lang='lat' dir='ltr'><strong>modestia</strong></span> <span class='ocrx_word' id='word_1_571' title='bbox 1758 4908 1830 4961; x_wconf 85' lang='lat' dir='ltr'><strong>ita</strong></span> <span class='ocrx_word' id='word_1_572' title='bbox 1879 4906 2101 4975; x_wconf 90' lang='lat' dir='ltr'><strong>negotiis</strong></span> 
     </span>
    </p>
   </div>
   <div class='ocr_carea' id='block_1_93' title="bbox 555 4998 2031 5074">
    <p class='ocr_par' dir='ltr' id='par_1_93' title="bbox 555 4998 2031 5074">
     <span class='ocr_line' id='line_1_93' title="bbox 555 4998 2031 5074; baseline -0.012 -7"><span class='ocrx_word' id='word_1_573' title='bbox 555 5012 747 5067; x_wconf 81' lang='lat' dir='ltr'><strong>nostris</strong></span> <span class='ocrx_word' id='word_1_574' title='bbox 772 5010 960 5074; x_wconf 85' lang='lat' dir='ltr'><strong>aderit,</strong></span> <span class='ocrx_word' id='word_1_575' title='bbox 994 5017 1048 5060; x_wconf 92' lang='lat' dir='ltr'><strong>ut</strong></span> <span class='ocrx_word' id='word_1_576' title='bbox 1072 5006 1221 5058; x_wconf 80' lang='lat' dir='ltr'><strong>fama</strong></span> <span class='ocrx_word' id='word_1_577' title='bbox 1246 5002 1439 5071; x_wconf 86' lang='lat' dir='ltr'><strong>judicis</strong></span> <span class='ocrx_word' id='word_1_578' title='bbox 1464 5003 1592 5054; x_wconf 88' lang='lat' dir='ltr'><strong>nihil</strong></span> <span class='ocrx_word' id='word_1_579' title='bbox 1615 5002 1849 5067; x_wconf 86' lang='lat' dir='ltr'><strong>deroget.</strong></span> <span class='ocrx_word' id='word_1_580' title='bbox 1884 4998 2031 5051; x_wconf 83' lang='lat' dir='ltr'><strong>Vale.</strong></span> 
     </span>
    </p>
   </div>
   <div class='ocr_carea' id='block_1_94' title="bbox 1176 5109 1503 5166">
    <p class='ocr_par' dir='ltr' id='par_1_94' title="bbox 1176 5109 1503 5166">
     <span class='ocr_line' id='line_1_94' title="bbox 1176 5109 1503 5166; baseline -0.015 0"><span class='ocrx_word' id='word_1_581' title='bbox 1176 5112 1395 5166; x_wconf 76' lang='lat' dir='ltr'><strong>EPIST.</strong></span> <span class='ocrx_word' id='word_1_582' title='bbox 1424 5109 1503 5164; x_wconf 89' lang='lat' dir='ltr'><strong>IV.</strong></span> 
     </span>
    </p>
   </div>
   <div class='ocr_carea' id='block_1_95' title="bbox 1036 5213 1635 5259">
    <p class='ocr_par' dir='ltr' id='par_1_95' title="bbox 1036 5213 1635 5259">
     <span class='ocr_line' id='line_1_95' title="bbox 1036 5213 1635 5259; baseline -0.01 0"><span class='ocrx_word' id='word_1_583' title='bbox 1036 5215 1338 5259; x_wconf 64' lang='lat' dir='ltr'><strong>iVIIIACBUS</strong></span> <span class='ocrx_word' id='word_1_584' title='bbox 1378 5215 1496 5254; x_wconf 77' lang='lat' dir='ltr'><strong>DION</strong></span> <span class='ocrx_word' id='word_1_585' title='bbox 1506 5213 1635 5253; x_wconf 73' lang='lat' dir='ltr'><strong>YSIO.</strong></span> 
     </span>
    </p>
   </div>
   <div class='ocr_carea' id='block_1_96' title="bbox 629 5305 2104 5379">
    <p class='ocr_par' dir='ltr' id='par_1_96' title="bbox 629 5305 2104 5379">
     <span class='ocr_line' id='line_1_96' title="bbox 629 5305 2104 5379; baseline -0.012 -2"><span class='ocrx_word' id='word_1_586' title='bbox 629 5322 939 5377; x_wconf 76' lang='lat' dir='ltr'><strong>Iamdudum</strong></span> <span class='ocrx_word' id='word_1_587' title='bbox 968 5326 1019 5371; x_wconf 89' lang='lat' dir='ltr'><strong>te</strong></span> <span class='ocrx_word' id='word_1_588' title='bbox 1054 5317 1205 5379; x_wconf 91' lang='lat' dir='ltr'><strong>mibi,</strong></span> <span class='ocrx_word' id='word_1_589' title='bbox 1236 5322 1290 5367; x_wconf 90' lang='lat' dir='ltr'><strong>et</strong></span> <span class='ocrx_word' id='word_1_590' title='bbox 1315 5327 1541 5374; x_wconf 90' lang='lat' dir='ltr'><strong>morum,</strong></span> <span class='ocrx_word' id='word_1_591' title='bbox 1572 5318 1625 5364; x_wconf 89' lang='lat' dir='ltr'><strong>et</strong></span> <span class='ocrx_word' id='word_1_592' title='bbox 1668 5309 1943 5363; x_wconf 83' lang='lat' dir='ltr'><strong>medicina</strong></span> <span class='ocrx_word' id='word_1_593' title='bbox 1969 5305 2104 5360; x_wconf 86' lang='lat' dir='ltr'><strong>fama</strong></span> 
     </span>
    </p>
   </div>
   <div class='ocr_carea' id='block_1_97' title="bbox 559 5399 2108 5474">
    <p class='ocr_par' dir='ltr' id='par_1_97' title="bbox 559 5399 2108 5474">
     <span class='ocr_line' id='line_1_97' title="bbox 559 5399 2108 5474; baseline -0.013 -4"><span class='ocrx_word' id='word_1_594' title='bbox 559 5415 915 5470; x_wconf 85' lang='lat' dir='ltr'><strong>commendat.</strong></span> <span class='ocrx_word' id='word_1_595' title='bbox 952 5408 1172 5462; x_wconf 88' lang='lat' dir='ltr'><strong>lIortatu</strong></span> <span class='ocrx_word' id='word_1_596' title='bbox 1215 5405 1375 5474; x_wconf 88' lang='lat' dir='ltr'><strong>igitur</strong></span> <span class='ocrx_word' id='word_1_597' title='bbox 1402 5402 1572 5456; x_wconf 87' lang='lat' dir='ltr'><strong>laudis</strong></span> <span class='ocrx_word' id='word_1_598' title='bbox 1600 5401 1894 5468; x_wconf 84' lang='lat' dir='ltr'><strong>utriusque,</strong></span> <span class='ocrx_word' id='word_1_599' title='bbox 1924 5399 2108 5451; x_wconf 85' lang='lat' dir='ltr'><strong>amici-</strong></span> 
     </span>
    </p>
   </div>
   <div class='ocr_carea' id='block_1_98' title="bbox 563 5488 2109 5571">
    <p class='ocr_par' dir='ltr' id='par_1_98' title="bbox 563 5488 2109 5571">
     <span class='ocr_line' id='line_1_98' title="bbox 563 5488 2109 5571; baseline -0.013 -11"><span class='ocrx_word' id='word_1_600' title='bbox 563 5510 647 5559; x_wconf 80' lang='lat' dir='ltr'><strong>tia</strong></span> <span class='ocrx_word' id='word_1_601' title='bbox 677 5517 778 5557; x_wconf 84' lang='lat' dir='ltr'><strong>tua</strong></span> <span class='ocrx_word' id='word_1_602' title='bbox 811 5516 1019 5571; x_wconf 84' lang='lat' dir='ltr'><strong>manum</strong></span> <span class='ocrx_word' id='word_1_603' title='bbox 1068 5496 1299 5566; x_wconf 89' lang='lat' dir='ltr'><strong>porrigo,</strong></span> <span class='ocrx_word' id='word_1_604' title='bbox 1338 5503 1392 5548; x_wconf 92' lang='lat' dir='ltr'><strong>et</strong></span> <span class='ocrx_word' id='word_1_605' title='bbox 1426 5503 1475 5546; x_wconf 92' lang='lat' dir='ltr'><strong>te</strong></span> <span class='ocrx_word' id='word_1_606' title='bbox 1504 5502 1692 5559; x_wconf 87' lang='lat' dir='ltr'><strong>sponte</strong></span> <span class='ocrx_word' id='word_1_607' title='bbox 1730 5490 1793 5542; x_wconf 89' lang='lat' dir='ltr'><strong>ad</strong></span> <span class='ocrx_word' id='word_1_608' title='bbox 1826 5488 1980 5542; x_wconf 81' lang='lat' dir='ltr'><strong>ﬁdem</strong></span> <span class='ocrx_word' id='word_1_609' title='bbox 2013 5502 2109 5541; x_wconf 82' lang='lat' dir='ltr'><strong>no-</strong></span> 
     </span>
    </p>
   </div>
   <div class='ocr_carea' id='block_1_99' title="bbox 561 5573 2109 5649">
    <p class='ocr_par' dir='ltr' id='par_1_99' title="bbox 561 5573 2109 5649">
     <span class='ocr_line' id='line_1_99' title="bbox 561 5573 2109 5649; baseline -0.015 0"><span class='ocrx_word' id='word_1_610' title='bbox 561 5608 685 5649; x_wconf 78' lang='lat' dir='ltr'><strong>Stra</strong></span> <span class='ocrx_word' id='word_1_611' title='bbox 705 5590 1075 5646; x_wconf 83' lang='lat' dir='ltr'><strong>familiaritatis</strong></span> <span class='ocrx_word' id='word_1_612' title='bbox 1100 5588 1281 5639; x_wconf 83' lang='lat' dir='ltr'><strong>inviio.</strong></span> <span class='ocrx_word' id='word_1_613' title='bbox 1301 5582 1454 5637; x_wconf 87' lang='lat' dir='ltr'><strong>Dabit</strong></span> <span class='ocrx_word' id='word_1_614' title='bbox 1476 5590 1650 5633; x_wconf 89' lang='lat' dir='ltr'><strong>autem</strong></span> <span class='ocrx_word' id='word_1_615' title='bbox 1680 5578 1770 5631; x_wconf 92' lang='lat' dir='ltr'><strong>tibi</strong></span> <span class='ocrx_word' id='word_1_616' title='bbox 1790 5578 1976 5645; x_wconf 83' lang='lat' dir='ltr'><strong>judicii</strong></span> <span class='ocrx_word' id='word_1_617' title='bbox 2006 5573 2109 5629; x_wconf 88' lang='lat' dir='ltr'><strong>mei</strong></span> 
     </span>
    </p>
   </div>
   <div class='ocr_carea' id='block_1_100' title="bbox 563 5667 2111 5742">
    <p class='ocr_par' dir='ltr' id='par_1_100' title="bbox 563 5667 2111 5742">
     <span class='ocr_line' id='line_1_100' title="bbox 563 5667 2111 5742; baseline -0.012 -1"><span class='ocrx_word' id='word_1_618' title='bbox 563 5703 665 5741; x_wconf 83' lang='lat' dir='ltr'><strong>non</strong></span> <span class='ocrx_word' id='word_1_619' title='bbox 698 5687 963 5738; x_wconf 75' lang='lat' dir='ltr'><strong>mediocre</strong></span> <span class='ocrx_word' id='word_1_620' title='bbox 987 5681 1384 5739; x_wconf 88' lang='lat' dir='ltr'><strong>documentum,</strong></span> <span class='ocrx_word' id='word_1_621' title='bbox 1426 5672 1563 5742; x_wconf 92' lang='lat' dir='ltr'><strong>quod</strong></span> <span class='ocrx_word' id='word_1_622' title='bbox 1608 5671 1689 5723; x_wconf 87' lang='lat' dir='ltr'><strong>his</strong></span> <span class='ocrx_word' id='word_1_623' title='bbox 1720 5684 1849 5739; x_wconf 89' lang='lat' dir='ltr'><strong>quos</strong></span> <span class='ocrx_word' id='word_1_624' title='bbox 1870 5667 2111 5725; x_wconf 85' lang='lat' dir='ltr'><strong>erudien-</strong></span> 
     </span>
    </p>
   </div>
   <div class='ocr_carea' id='block_1_101' title="bbox 562 5758 2107 5833">
    <p class='ocr_par' dir='ltr' id='par_1_101' title="bbox 562 5758 2107 5833">
     <span class='ocr_line' id='line_1_101' title="bbox 562 5758 2107 5833; baseline -0.015 1"><span class='ocrx_word' id='word_1_625' title='bbox 562 5779 659 5833; x_wconf 88' lang='lat' dir='ltr'><strong>dos</strong></span> <span class='ocrx_word' id='word_1_626' title='bbox 707 5776 943 5832; x_wconf 88' lang='lat' dir='ltr'><strong>misimus</strong></span> <span class='ocrx_word' id='word_1_627' title='bbox 991 5772 1091 5828; x_wconf 82' lang='lat' dir='ltr'><strong>arti</strong></span> <span class='ocrx_word' id='word_1_628' title='bbox 1140 5768 1419 5826; x_wconf 80' lang='lat' dir='ltr'><strong>medicina</strong></span> <span class='ocrx_word' id='word_1_629' title='bbox 1478 5772 1772 5833; x_wconf 82' lang='lat' dir='ltr'><strong>praceptor</strong></span> <span class='ocrx_word' id='word_1_630' title='bbox 1817 5758 2107 5814; x_wconf 83' lang='lat' dir='ltr'><strong>adhiberis.</strong></span> 
     </span>
    </p>
   </div>
   <div class='ocr_carea' id='block_1_102' title="bbox 2202 4740 3741 4826">
    <p class='ocr_par' dir='ltr' id='par_1_102' title="bbox 2202 4740 3741 4826">
     <span class='ocr_line' id='line_1_102' title="bbox 2202 4740 3741 4826; baseline -0.015 -16"><span class='ocrx_word' id='word_1_631' title='bbox 2202 4757 2452 4826; x_wconf 86' lang='lat' dir='ltr'><strong>gnoribus</strong></span> <span class='ocrx_word' id='word_1_632' title='bbox 2484 4754 2616 4807; x_wconf 90' lang='lat' dir='ltr'><strong>meis</strong></span> <span class='ocrx_word' id='word_1_633' title='bbox 2646 4752 2869 4803; x_wconf 84' lang='lat' dir='ltr'><strong>libenter</strong></span> <span class='ocrx_word' id='word_1_634' title='bbox 2897 4758 3205 4807; x_wconf 87' lang='lat' dir='ltr'><strong>annumero,</strong></span> <span class='ocrx_word' id='word_1_635' title='bbox 3234 4743 3449 4810; x_wconf 87' lang='lat' dir='ltr'><strong>dignare</strong></span> <span class='ocrx_word' id='word_1_636' title='bbox 3491 4740 3613 4794; x_wconf 85' lang='lat' dir='ltr'><strong>tilia</strong></span> <span class='ocrx_word' id='word_1_637' title='bbox 3657 4750 3741 4789; x_wconf 75' lang='lat' dir='ltr'><strong>tua</strong></span> 
     </span>
    </p>
   </div>
   <div class='ocr_carea' id='block_1_103' title="bbox 2203 4834 3742 4916">
    <p class='ocr_par' dir='ltr' id='par_1_103' title="bbox 2203 4834 3742 4916">
     <span class='ocr_line' id='line_1_103' title="bbox 2203 4834 3742 4916; baseline -0.016 -15"><span class='ocrx_word' id='word_1_638' title='bbox 2203 4846 2463 4916; x_wconf 86' lang='lat' dir='ltr'><strong>spondere</strong></span> <span class='ocrx_word' id='word_1_639' title='bbox 2514 4841 2832 4909; x_wconf 73' lang='lat' dir='ltr'><strong>coniugium.</strong></span> <span class='ocrx_word' id='word_1_640' title='bbox 2862 4835 3061 4890; x_wconf 82' lang='lat' dir='ltr'><strong>Credas</strong></span> <span class='ocrx_word' id='word_1_641' title='bbox 3095 4834 3275 4897; x_wconf 89' lang='lat' dir='ltr'><strong>velim,</strong></span> <span class='ocrx_word' id='word_1_642' title='bbox 3319 4846 3453 4885; x_wconf 40' lang='lat' dir='ltr'><strong>comi</strong></span> <span class='ocrx_word' id='word_1_643' title='bbox 3474 4840 3597 4883; x_wconf 84' lang='lat' dir='ltr'><strong>vota</strong></span> <span class='ocrx_word' id='word_1_644' title='bbox 3640 4843 3742 4894; x_wconf 75' lang='lat' dir='ltr'><strong>pro~</strong></span> 
     </span>
    </p>
   </div>
   <div class='ocr_carea' id='block_1_104' title="bbox 2206 4918 3741 4994">
    <p class='ocr_par' dir='ltr' id='par_1_104' title="bbox 2206 4918 3741 4994">
     <span class='ocr_line' id='line_1_104' title="bbox 2206 4918 3741 4994; baseline -0.018 -1"><span class='ocrx_word' id='word_1_645' title='bbox 2206 4940 2463 4994; x_wconf 68' lang='lat' dir='ltr'><strong>cesserint</strong></span> <span class='ocrx_word' id='word_1_646' title='bbox 2504 4936 2804 4987; x_wconf 85' lang='lat' dir='ltr'><strong>interventu</strong></span> <span class='ocrx_word' id='word_1_647' title='bbox 2845 4943 2982 4989; x_wconf 88' lang='lat' dir='ltr'><strong>meo,</strong></span> <span class='ocrx_word' id='word_1_648' title='bbox 3014 4940 3117 4979; x_wconf 91' lang='lat' dir='ltr'><strong>non</strong></span> <span class='ocrx_word' id='word_1_649' title='bbox 3149 4925 3404 4976; x_wconf 86' lang='lat' dir='ltr'><strong>minorem</strong></span> <span class='ocrx_word' id='word_1_650' title='bbox 3432 4929 3483 4972; x_wconf 88' lang='lat' dir='ltr'><strong>te</strong></span> <span class='ocrx_word' id='word_1_651' title='bbox 3512 4918 3741 4987; x_wconf 77' lang='lat' dir='ltr'><strong>gratiam,</strong></span> 
     </span>
    </p>
   </div>
   <div class='ocr_carea' id='block_1_105' title="bbox 2208 5012 3743 5102">
    <p class='ocr_par' dir='ltr' id='par_1_105' title="bbox 2208 5012 3743 5102">
     <span class='ocr_line' id='line_1_105' title="bbox 2208 5012 3743 5102; baseline -0.014 -18"><span class='ocrx_word' id='word_1_652' title='bbox 2208 5035 2294 5102; x_wconf 91' lang='lat' dir='ltr'><strong>qui</strong></span> <span class='ocrx_word' id='word_1_653' title='bbox 2319 5030 2537 5101; x_wconf 83' lang='lat' dir='ltr'><strong>rogaris,</strong></span> <span class='ocrx_word' id='word_1_654' title='bbox 2570 5026 2889 5087; x_wconf 89' lang='lat' dir='ltr'><strong>habiturum,</strong></span> <span class='ocrx_word' id='word_1_655' title='bbox 2913 5035 3069 5091; x_wconf 86' lang='lat' dir='ltr'><strong>quam</strong></span> <span class='ocrx_word' id='word_1_656' title='bbox 3110 5018 3254 5072; x_wconf 89' lang='lat' dir='ltr'><strong>illum</strong></span> <span class='ocrx_word' id='word_1_657' title='bbox 3278 5030 3433 5085; x_wconf 89' lang='lat' dir='ltr'><strong>quem</strong></span> <span class='ocrx_word' id='word_1_658' title='bbox 3460 5012 3743 5068; x_wconf 87' lang='lat' dir='ltr'><strong>committo.</strong></span> 
     </span>
    </p>
   </div>
   <div class='ocr_carea' id='block_1_106' title="bbox 2210 5121 2833 5175">
    <p class='ocr_par' dir='ltr' id='par_1_106' title="bbox 2210 5121 2833 5175">
     <span class='ocr_line' id='line_1_106' title="bbox 2210 5121 2833 5175; baseline -0.024 0"><span class='ocrx_word' id='word_1_659' title='bbox 2210 5121 2355 5175; x_wconf 84' lang='lat' dir='ltr'><strong>Vale.</strong></span> <span class='ocrx_word' id='word_1_660' title='bbox 2830 5156 2833 5160; x_wconf 89' lang='lat'><strong>.</strong></span> 
     </span>
    </p>
   </div>
   <div class='ocr_carea' id='block_1_107' title="bbox 2792 5198 3144 5255">
    <p class='ocr_par' dir='ltr' id='par_1_107' title="bbox 2792 5198 3144 5255">
     <span class='ocr_line' id='line_1_107' title="bbox 2792 5198 3144 5255; baseline -0.011 0"><span class='ocrx_word' id='word_1_661' title='bbox 2792 5200 3005 5255; x_wconf 81' lang='lat' dir='ltr'><strong>EPIST.</strong></span> <span class='ocrx_word' id='word_1_662' title='bbox 3032 5198 3144 5252; x_wconf 87' lang='lat' dir='ltr'><strong>VIII</strong></span> 
     </span>
    </p>
   </div>
   <div class='ocr_carea' id='block_1_108' title="bbox 2476 5300 3272 5373">
    <p class='ocr_par' dir='ltr' id='par_1_108' title="bbox 2476 5300 3272 5373">
     <span class='ocr_line' id='line_1_108' title="bbox 2476 5300 3272 5373; baseline -0.01 -22"><span class='ocrx_word' id='word_1_663' title='bbox 2476 5370 2479 5373; x_wconf 16' lang='grc' dir='ltr'>Ἴ</span> <span class='ocrx_word' id='word_1_664' title='bbox 2636 5306 2935 5348; x_wconf 70' lang='grc' dir='ltr'><strong>δηιιλειιυδ</strong></span> <span class='ocrx_word' id='word_1_665' title='bbox 2958 5300 3272 5343; x_wconf 69' lang='grc' dir='ltr'><strong>ΡΟΙΡΕΙΛΝΟ.</strong></span> 
     </span>
    </p>
   </div>
   <div class='ocr_carea' id='block_1_109' title="bbox 2281 5381 3741 5461">
    <p class='ocr_par' dir='ltr' id='par_1_109' title="bbox 2281 5381 3741 5461">
     <span class='ocr_line' id='line_1_109' title="bbox 2281 5381 3741 5461; baseline -0.014 -14"><span class='ocrx_word' id='word_1_666' title='bbox 2281 5394 2511 5461; x_wconf 83' lang='lat' dir='ltr'><strong>Arguere</strong></span> <span class='ocrx_word' id='word_1_667' title='bbox 2558 5388 2860 5455; x_wconf 87' lang='lat' dir='ltr'><strong>diuturnum</strong></span> <span class='ocrx_word' id='word_1_668' title='bbox 2906 5385 3173 5439; x_wconf 90' lang='lat' dir='ltr'><strong>silentium</strong></span> <span class='ocrx_word' id='word_1_669' title='bbox 3223 5392 3395 5433; x_wconf 91' lang='lat' dir='ltr'><strong>meum</strong></span> <span class='ocrx_word' id='word_1_670' title='bbox 3425 5391 3534 5430; x_wconf 89' lang='lat' dir='ltr'><strong>non</strong></span> <span class='ocrx_word' id='word_1_671' title='bbox 3589 5381 3741 5445; x_wconf 67' lang='lat' dir='ltr'><strong>potes,</strong></span> 
     </span>
    </p>
   </div>
   <div class='ocr_carea' id='block_1_110' title="bbox 2211 5465 3743 5553">
    <p class='ocr_par' dir='ltr' id='par_1_110' title="bbox 2211 5465 3743 5553">
     <span class='ocr_line' id='line_1_110' title="bbox 2211 5465 3743 5553; baseline -0.016 -15"><span class='ocrx_word' id='word_1_672' title='bbox 2211 5484 2296 5553; x_wconf 91' lang='lat' dir='ltr'><strong>qui</strong></span> <span class='ocrx_word' id='word_1_673' title='bbox 2324 5498 2405 5536; x_wconf 91' lang='lat' dir='ltr'><strong>me</strong></span> <span class='ocrx_word' id='word_1_674' title='bbox 2435 5484 2483 5535; x_wconf 92' lang='lat' dir='ltr'><strong>in</strong></span> <span class='ocrx_word' id='word_1_675' title='bbox 2521 5490 2675 5543; x_wconf 77' lang='lat' dir='ltr'><strong>sacro</strong></span> <span class='ocrx_word' id='word_1_676' title='bbox 2704 5477 2955 5531; x_wconf 89' lang='lat' dir='ltr'><strong>comitatu</strong></span> <span class='ocrx_word' id='word_1_677' title='bbox 3008 5475 3263 5527; x_wconf 87' lang='lat' dir='ltr'><strong>hactenus</strong></span> <span class='ocrx_word' id='word_1_678' title='bbox 3311 5467 3473 5522; x_wconf 88' lang='lat' dir='ltr'><strong>fuisse</strong></span> <span class='ocrx_word' id='word_1_679' title='bbox 3501 5465 3743 5524; x_wconf 80' lang='lat' dir='ltr'><strong>didicisti;</strong></span> 
     </span>
    </p>
   </div>
   <div class='ocr_carea' id='block_1_111' title="bbox 2211 5555 3743 5639">
    <p class='ocr_par' dir='ltr' id='par_1_111' title="bbox 2211 5555 3743 5639">
     <span class='ocr_line' id='line_1_111' title="bbox 2211 5555 3743 5639; baseline -0.014 -12"><span class='ocrx_word' id='word_1_680' title='bbox 2211 5573 2347 5627; x_wconf 83' lang='lat' dir='ltr'><strong>unde</strong></span> <span class='ocrx_word' id='word_1_681' title='bbox 2377 5586 2541 5639; x_wconf 88' lang='lat' dir='ltr'><strong>nuper</strong></span> <span class='ocrx_word' id='word_1_682' title='bbox 2561 5582 2833 5637; x_wconf 84' lang='lat' dir='ltr'><strong>regressus</strong></span> <span class='ocrx_word' id='word_1_683' title='bbox 2866 5563 3315 5619; x_wconf 78' lang='lat' dir='ltr'><strong>honorificentiam</strong></span> <span class='ocrx_word' id='word_1_684' title='bbox 3347 5559 3589 5612; x_wconf 78' lang='lat' dir='ltr'><strong>dicenda:</strong></span> <span class='ocrx_word' id='word_1_685' title='bbox 3618 5555 3743 5609; x_wconf 62' lang='lat' dir='ltr'><strong>salu-</strong></span> 
     </span>
    </p>
   </div>
   <div class='ocr_carea' id='block_1_112' title="bbox 2213 5646 3801 5719">
    <p class='ocr_par' dir='ltr' id='par_1_112' title="bbox 2213 5646 3801 5719">
     <span class='ocr_line' id='line_1_112' title="bbox 2213 5646 3801 5719; baseline -0.015 -3"><span class='ocrx_word' id='word_1_686' title='bbox 2213 5665 2423 5717; x_wconf 81' lang='lat' dir='ltr'><strong>tationis</strong></span> <span class='ocrx_word' id='word_1_687' title='bbox 2472 5674 2713 5713; x_wconf 80' lang='lat' dir='ltr'><strong>exerceo.</strong></span> <span class='ocrx_word' id='word_1_688' title='bbox 2766 5656 3081 5711; x_wconf 82' lang='lat' dir='ltr'><strong>Vicissitudo</strong></span> <span class='ocrx_word' id='word_1_689' title='bbox 3122 5651 3399 5707; x_wconf 78' lang='lat' dir='ltr'><strong>tesmbitur</strong></span> <span class='ocrx_word' id='word_1_690' title='bbox 3447 5649 3590 5719; x_wconf 87' lang='lat' dir='ltr'><strong>quod</strong></span> <span class='ocrx_word' id='word_1_691' title='bbox 3623 5646 3744 5715; x_wconf 82' lang='lat' dir='ltr'><strong>pagi-</strong></span> <span class='ocrx_word' id='word_1_692' title='bbox 3800 5704 3801 5717; x_wconf 17' lang='grc' dir='ltr'>ξ</span> 
     </span>
    </p>
   </div>
   <div class='ocr_carea' id='block_1_113' title="bbox 2213 5734 3801 5816">
    <p class='ocr_par' dir='ltr' id='par_1_113' title="bbox 2213 5734 3801 5816">
     <span class='ocr_line' id='line_1_113' title="bbox 2213 5734 3801 5816; baseline -0.013 -6"><span class='ocrx_word' id='word_1_693' title='bbox 2213 5768 2331 5810; x_wconf 86' lang='lat' dir='ltr'><strong>nam</strong></span> <span class='ocrx_word' id='word_1_694' title='bbox 2365 5766 2533 5808; x_wconf 87' lang='lat' dir='ltr'><strong>meam</strong></span> <span class='ocrx_word' id='word_1_695' title='bbox 2584 5750 2806 5806; x_wconf 89' lang='lat' dir='ltr'><strong>libenter</strong></span> <span class='ocrx_word' id='word_1_696' title='bbox 2853 5746 3137 5816; x_wconf 86' lang='lat' dir='ltr'><strong>acceperis.</strong></span> <span class='ocrx_word' id='word_1_697' title='bbox 3189 5745 3392 5801; x_wconf 89' lang='lat' dir='ltr'><strong>Interea</strong></span> <span class='ocrx_word' id='word_1_698' title='bbox 3445 5734 3745 5796; x_wconf 77' lang='lat' dir='ltr'><strong>commendo</strong></span> <span class='ocrx_word' id='word_1_699' title='bbox 3800 5770 3801 5816; x_wconf 17' lang='grc' dir='ltr'><strong>ί</strong></span> 
     </span>
    </p>
   </div>
  </div>
