3896 6418
645 268 712 323 53
723 272 738 322 l

1805 267 1867 332 Q.
1912 265 2251 322 AURELIL'S
2291 266 2734 324 SYMMACIILS.
3760 290 3836 342 53)

643 384 826 435 dorum
851 380 1502 448 apparatuiprtepai'andis
1521 380 1939 434 admonitionem
1964 381 2206 448 frequen-
2236 382 2280 436 A
2313 383 2568 435 memoria
2615 384 2856 439 beneﬁcii
2901 388 3010 452 tui,
3049 402 3166 443 cum
3198 392 3389 445 votivae
3427 394 3635 450 editioni
3679 414 3837 456 nostris

642 482 753 524 tare
778 471 978 533 desino,
1009 485 1124 523 cum
1168 485 1260 536 per
1300 484 1417 524 eam
1458 472 1804 538 sponsionem
1847 481 1899 523 tu
1933 485 2017 524 me
2050 469 2203 536 hujus

639 576 776 613 cura:
823 573 1041 611 vacuum
1103 559 1401 613 reddidisti.
1467 559 1700 612 Mandavi
1753 570 1927 612 tamen
1983 559 2204 612 Leontio

638 647 912 701 monitoris
943 649 1195 713 ofﬁcium,
1226 651 1308 702 cui
1332 664 1511 702 aurem
1545 649 1781 717 pra-bere
1805 650 2123 716 dignaberis,
2159 651 2200 700 si
2257 635 2264 644 ’

633 741 841 807 quando
887 741 999 808 ipse
1047 740 1250 806 publica
1295 751 1348 794 et
1388 741 1586 808 majora
1638 740 1727 792 tibi
1772 741 2016 793 tractanti
2067 739 2202 792 hunc

632 843 837 895 quoque
869 829 1175 893 petitionem
1207 829 1497 883 domestica
1538 829 1898 883 insinuatione
1925 842 2200 897 suggesse-

635 920 717 969 t'it.
754 917 897 970 Vale.

1200 1007 1408 1062 EPIST.
1453 1007 1612 1060 XVII.

1110 1112 1414 1151 SHIMACIIUS
1461 1112 1621 1150 VESL‘S
1637 1113 1713 1154 I0.

703 1188 962 1256 lntegrum
995 1189 1150 1241 situm
1187 1191 1417 1256 praetorii
1451 1189 1576 1251 mei,
1627 1198 1680 1241 et
1727 1188 1980 1255 picturam
2012 1204 2194 1256 quim-

1971 1280 2039 1332 ita
2071 1281 2194 1333 ada-

627 1380 771 1436 perta
804 1371 1123 1436 diSIrihutio,
1158 1370 1238 1423 vel
1266 1369 1440 1424 adhuc
1470 1372 1820 1439 assurgentia,
1857 1371 1935 1424 vel
1961 1371 2069 1439 jam
2101 1372 2193 1424 ab-

625 1463 794 1514 soluta
835 1463 1080 1529 signavit.
1127 1461 1413 1514 Dissimulo
1464 1462 1622 1528 igitur
1667 1475 1903 1514 meorum
1937 1461 2191 1528 tantisper

631 1278 747 1330 dam
780 1279 978 1333 fabrilis
1009 1282 1184 1346 operis
1212 1289 1336 1332 ante
1375 1279 1557 1332 oculos
1603 1279 1871 1331 collocasti
1912 1298 1926 1331 :

624 1563 871 1602 accusare
901 1550 1199 1617 segnitiem,
1231 1548 1318 1617 qui
1348 1549 1398 1601 in
1425 1548 1610 1602 iisdem
1642 1549 2002 1602 molitionibus
2027 1550 2186 1602 fabri-

622 1642 827 1694 catione
858 1640 1143 1706 haeserunt,
1195 1641 1317 1692 dum
1363 1640 1625 1694 suavitate
1669 1641 1874 1707 pagina:
1906 1649 2008 1693 tua:
2050 1641 2186 1693 mul-

2313 469 2564 537 fraterna,
2597 484 2649 526 ut
2679 489 2859 541 spero,
2887 491 3010 529 cura
3042 479 3314 544 profuerit.
3354 481 3496 536 Vale.
3522 540 3524 543 ,

2893 566 3106 621 EPIST.
3140 568 3279 623 XXI.

2643 667 2949 709 SVMMACHUS
2981 672 3185 710 VICAIIO
3214 674 3532 715 HISPANENSI.

2380 741 2672 798 Senatoriis
2697 747 3015 802 editionibus
3044 752 3410 815 convenimur,
3433 768 3649 820 quorum
3679 773 3836 810 neces-

2305 831 2435 884 sitas
2466 849 2722 902 equorum
2750 837 3009 891 curulium
3038 839 3304 894 desiderat
3333 844 3668 911 emptionem.
3697 846 3837 913 Hujus

2307 921 2464 986 igitur
2505 927 2577 978 rei
2606 927 2773 993 gratia
2806 928 3247 986 familiarissimos
3290 948 3436 988 meos
3464 935 3526 987 ad
3563 936 3837 1002 iliSpaniani

2303 1011 2444 1074 misi,
2477 1021 2534 1065 ut
2562 1014 2841 1084 quadrigas
2883 1033 2947 1072 ex
2977 1019 3117 1072 omni
3160 1035 3375 1089 gregum
3412 1023 3677 1080 nobilitate
3717 1047 3835 1082 mer-

2300 1110 2507 1155 centur.
2541 1103 2632 1158 His
2660 1105 2726 1158 ad
2757 1107 3054 1176 peragenda
3100 1110 3346 1163 mandata
3376 1120 3520 1166 tuum
3563 1130 3716 1182 posco
3743 1118 3835 1166 sul-

2302 1190 2548 1259 fragium,
2572 1182 2885 1265 summoque
2910 1198 3162 1253 beneﬁcio
3180 1199 3432 1268 proﬁteor
3445 1202 3782 1272 obligandum,
3798 1208 3834 1256 si

2299 1295 2409 1334 rem
2442 1283 2582 1337 factu
2613 1283 2838 1352 facilem,
2864 1297 3006 1339 tuum
3040 1289 3317 1354 imperium
3342 1294 3675 1359 promoverit.
3703 1295 3832 1349 Vale.

2868 1375 3078 1433 EPIST.
3122 1377 3284 1430 XXII.

2784 1476 3089 1518 εῐιιιιωιιυε
3125 1483 3248 1519 Αυηεν
3265 1483 3366 1520 LIO.

2365 1548 2587 1602 Domum
2619 1562 2851 1605 nostrain
2884 1554 2932 1604 in
2962 1566 3213 1621 apparatu
3246 1570 3363 1610 esse
3405 1559 3640 1613 ludorum
3691 1576 3834 1630 quos,

2293 1638 2399 1692 Deo
2425 1640 2666 1706 juvatile,
2719 1644 2810 1696 lilii
2860 1647 2962 1697 mei
3017 1657 3244 1712 prmtura
3293 1647 3551 1714 deposcit,
3601 1661 3839 1717 quantum

617 1745 759 1785 ceor.
797 1731 925 1784 Volo
955 1739 1128 1784 tamen
1157 1729 1438 1798 relegendo
1465 1731 1557 1783 iter
1583 1728 1885 1796 Capuanum
1927 1733 2187 1800 grchitecti
2222 1734 2264 1793 Β
2291 1730 2472 1796 credo,
2506 1731 2756 1785 didicisti.
2807 1733 3062 1788 Missurus
3104 1735 3260 1802 igitur
3297 1736 3359 1789 ad
3409 1738 3676 1808 Ilispoiiias
3706 1756 3840 1792 mec-

620 1822 776 1872 uostri
802 1823 1088 1873 tarditatem
1112 1821 1350 1874 oratione
1375 1819 1619 1888 castiges,
1644 1829 1700 1874 ut
1723 1822 1887 1875 vicem
1913 1821 2015 1876 mei
2049 1821 2183 1875 feflis

619 1925 902 1965 exerceas:
936 1921 993 1965 ut
1034 1911 1098 1965 de
1147 1921 1230 1964 tua
1281 1911 1649 1980 objurgatione
1679 1912 1946 1980 conjiciat,
1989 1922 2183 1980 quanta

618 2004 688 2056 illi
723 2004 1004 2071 pernicies,
1044 2004 1141 2056 nisi
1170 2004 1455 2058 commissa
1484 2003 1766 2069 curaverit,
1803 2017 1866 2057 ex
1900 2017 2017 2057 mea
2051 2003 2184 2058 indi-

617 2096 865 2164 gnatione
895 2095 1172 2149 metuenda
1203 2095 1290 2147 sit.
1329 2093 1476 2148 Vale.

1172 2224 1382 2278 EPIST.
1429 2224 1612 2278 XVIII.

1094 2329 1399 2367 SVMMMZHUS
1439 2330 1694 2367 POMPEIAE.

691 2408 866 2461 Votiva
899 2403 1024 2460 milii
1057 2409 1267 2460 emersit
1303 2407 1534 2471 occasio,
1581 2420 1697 2472 qua:
1727 2405 1819 2458 tibi
1846 2405 2178 2460 Salutatiunis

614 2509 914 2566 apportaret
946 2498 1276 2565 «bsequium.
1311 2496 1438 2548 Nam
1481 2513 1599 2549 eum
1632 2497 1700 2562 ob
1747 2500 2026 2564 prreturain
2063 2499 2174 2561 ﬁlii,

614 2591 895 2641 familiares
940 2595 1150 2640 nostros
1178 2587 1241 2639 ad
1275 2586 1555 2655 Hispanias
1595 2587 1948 2652 mitteremus,
1987 2589 2177 2656 quibus

612 2693 863 2746 equorum
913 2676 1174 2730 curulium
1217 2675 1586 2729 mandavimus
1635 2678 2061 2745 coemptionem:
2090 2679 2176 2731 lit-t

613 2781 839 2822 terarum
866 2769 1064 2821 cultum
1096 2768 1187 2819 tibi
1239 2783 1330 2833 par
1360 2766 1457 2819 fuit
1489 2767 1769 2830 exhibere,
1802 2768 2063 2835 simulque
2085 2770 2178 2823 ad-

609 2860 770 2924 jiiere
812 2857 1165 2932 postulatum;
1215 2863 1271 2907 ut
1301 2855 1660 2909 nobilissimos
1696 2871 1935 2925 quosque
1963 2858 2028 2910 de
2072 2857 2175 2910 tuis

610 2947 854 3016 gregibus
904 2961 1069 3014 equos
1119 2946 1349 3014 digneris
1401 2959 1722 3014 excerpere,
1785 2962 1917 3015 quos
1963 2949 2015 3002 in
2061 2962 2172 3002 rem

612 3041 753 3093 missi
787 3041 884 3092 sub
906 3039 1046 3106 justa
1095 3039 1362 3090 taxatione
1401 3047 1726 3090 mercentur.
1772 3039 1964 3103 Qumso
1993 3039 2168 3106 igitur,
2227 3077 2243 3098 ,
2276 3039 2410 3098 ""f'
2455 3039 2510 3050 "'
2560 3039 2610 3052 "’
2643 3039 2826 3102 ',‘”‘"“f
2866 3039 3182 3103 “""""“"—',"
3234 3039 3298 3054 “'
3331 3039 3503 3055 "'"'“"
3552 3039 3644 3056 '°“'
3669 3039 3841 3072 5"""'

686 3135 726 3159 Α
759 3148 852 3159 mm
886 3133 1020 3159 mm,
1057 3142 1105 3159 ,Α
1135 3131 1384 3159 ,ΗΜΛ-ε’
1419 3130 1605 3159 Amm”
1638 3143 1770 3159 mm
1799 3130 1994 3159 nam“
2061 3146 2170 3159 MM
2200 3079 2244 3137 (ι
2277 3099 2439 3153 natio,
2464 3105 2704 3156 quamvis
2725 3091 3034 3146 satisfacere
3057 3106 3234 3147 animo
3256 3101 3344 3146 tuo
3366 3092 3577 3159 debeat,
3605 3097 3841 3148 nonduin

2243 3193 2395 3261 _meo
2424 3176 2639 3232 sufﬁcit.
2691 3179 2890 3234 Vellem
2921 3182 3115 3250 quippe
3160 3180 3231 3234 ita
3275 3181 3527 3236 continue
3574 3183 3846 3237 honorare

610 3147 664 3188 ut
685 3135 726 3187 si
757 3148 855 3202 qua
885 3133 1021 3200 apud
1057 3142 1105 3185 te
1135 3131 1388 3185 memoria
1419 3130 1608 3184 domus
1638 3143 1770 3184 mea:
1799 3130 2028 3197 residet,
2061 3146 2170 3185 rem

610 3227 700 3280 tibi
731 3223 868 3278 factu
911 3220 1301 3285 facilem,‘milii
1341 3234 1468 3274 vero
1494 3219 1782 3288 jucundam
1808 3230 1966 3288 atque
2007 3221 2173 3277 hono-

610 3318 947 3377 ratissimam,
990 3311 1380 3380 promptissima
1418 3309 1767 3364 beneﬁcentia
1806 3310 2040 3378 digneris
2076 3324 2170 3364 an-

606 3419 790 3460 nuere.
825 3400 969 3455 Vale.

1192 3489 1404 3545 EPIST.
1442 3489 1582 3543 XIX.

1095 3595 1399 3636 SVIMACHUS
1439 3594 1680 3634 FABIANO.

684 3676 866 3729 \‘otiva
893 3687 977 3726 me
999 3671 1051 3725 in
1081 3670 1368 3724 amicitiam
1397 3680 1537 3723 tuam
1561 3685 1717 3723 causa
1751 3670 1973 3732 reducit.
1993 3686 2170 3739 quam-

609 3766 688 3817 vis
717 3765 784 3817 ob
811 3762 972 3815 decus
1000 3761 1211 3828 generis
1239 3767 1290 3812 et
1333 3771 1542 3811 morum
1584 3765 1793 3809 tuorum
1843 3757 2169 3811 familiaritas

605 3868 695 3908 tua
722 3853 848 3906 mihi
876 3852 1029 3905 fuerit
1052 3849 1348 3903 ambienda.
1391 3847 1624 3902 Prtetura
1658 3848 1750 3900 ﬁlii
1782 3850 1905 3912 mei,
1952 3848 2060 3902 fors
2085 3851 2167 3902 di-

607 3958 749 3997 ctum
775 3945 940 4010 juvet,
972 3941 1121 4008 equis
1157 3939 1428 3993 curulibus
1458 3937 1763 3992 instruenda
1812 3947 1912 3992 est.
1961 3939 2166 3994 Dudum

612 4050 704 4102 per
735 4045 881 4085 meos
1039 4029 1282 4098 gregibus
1309 4028 1384 4081 tui
1409 4030 1732 4096 pecoris.....

1200 4159 1412 4216 EPIST.
1453 4160 1569 4214 XX.

1121 4268 1420 4307 SVIMACHUS
1457 4269 1637 4308 BASSO.

675 4349 1017 4405 Salutationis
1057 4349 1257 4404 honore
1303 4349 1595 4417 przemisso,
1641 4349 1866 4406 subtexe
1913 4368 2160 4410 necessa-

2288 1833 2404 1872 rum
2430 1821 2657 1890 aliquos,
2688 1823 2774 1891 qui
2816 1824 3026 1878 curules
3054 1826 3336 1894 quadrigas
3365 1843 3428 1881 ex
3462 1830 3601 1882 omni
3630 1845 3832 1898 gregum

2287 1909 2564 1966 nobilitate
2596 1923 2991 1978 mercarentur;
3033 1915 3140 1982 jam
3188 1930 3328 1970 nunc
3367 1917 3417 1969 in
3459 1916 3683 1972 favorem
3713 1935 3837 1985 prm-

2287 2004 2610 2058 tcreuntium
2641 2019 2820 2059 curam
2852 2016 2994 2060 tuam
3027 2021 3277 2075 provoco,
3307 2016 3364 2061 ut
3393 2009 3496 2063 illis
3521 2019 3572 2063 et
3599 2011 3838 2064 velocitas

2285 2094 2616 2158 transeundi,
2665 2103 2720 2148 et
2757 2097 3088 2150 evectionum
3131 2108 3413 2166 praestetur
3452 2101 3689 2168 adjectio.
3725 2101 3840 2153 "il‘C

2285 2181 2494 2236 interim
2520 2197 2616 2252 pro
2643 2194 2880 2252 tempore
2902 2187 3312 2253 prmbbavimus.
3330 2187 3433 2242 Sed
3457 2189 3600 2256 plura
3626 2190 3836 2248 tribues.

2283 2275 2365 2326 vel
2389 2282 2478 2328 tuo
2507 2275 2716 2339 provisa
2746 2276 2940 2342 studio,
2971 2279 3050 2332 vel
3088 2278 3297 2334 illorum
3335 2281 3669 2348 suggestione
3696 2296 3836 2334 com-

2285 2375 2454 2431 pcrta.
2489 2366 2637 2421 Vale.

2842 2459 3054 2514 EPIST.
3098 2461 3278 2515 XXIII.

2747 2567 3052 2607 SYMMACIIUS
3093 2570 3383 2608 MARCELLO.

2352 2639 2646 2706 Requirunt
2677 2650 2726 2694 te
2758 2658 2849 2708 per
2877 2641 3161 2710 Hispanias
3189 2643 3306 2697 alia:
3330 2644 3520 2698 littera:
3552 2659 3696 2699 mete.
3729 2645 3748 2698 I
3775 2645 3840 2698 lic

2280 2729 2422 2784 enim
2459 2741 2507 2783 te
2530 2731 2724 2799 degere
2755 2733 2821 2786 ob
2849 2733 2922 2786 rei
2955 2733 3228 2788 familiaris
3254 2735 3646 2802 amplitudinem
3673 2735 3842 2790 duxe-

2277 2836 2412 2873 ratn.
2447 2819 2732 2890 Postquam
2759 2823 2809 2875 in
2841 2825 2995 2877 avitis
3024 2825 3298 2892 penatibus
3324 2826 3477 2877 otiari
3515 2828 3841 2879 censtantior

2279 2907 2364 2960 ﬁdi
2386 2924 2410 2960 s
2452 2911 2656 2973 attulit;
2711 2912 2793 2978 egi
2838 2911 2959 2965 huic
2988 2914 3155 2965 errori
3181 2913 3396 2981 gratias,
3428 2915 3515 2980 qui
3549 2914 3671 2967 mihi
3701 2929 3845 2983 prs-

2276 2997 2410 3049 sutit
2455 3007 2510 3050 ut
2559 3009 2610 3052 te
2643 3015 2826 3053 rursus
2866 3001 3182 3070 alloquerer.
3234 3003 3298 3054 Et
3330 3011 3503 3055 tamen
3552 3003 3644 3056 ista
3669 3006 3842 3072 gemi-

2271 3270 2558 3322 amicitiam
2587 3272 2690 3324 tuis
2715 3271 2924 3335 litteris,
2974 3280 3029 3324 ut
3065 3283 3245 3327 mente
3267 3271 3464 3341 iugiter
3492 3274 3665 3328 colere
3691 3290 3844 3328 nun-

2273 3373 2430 3426 quam
2460 3359 2925 3414 dissimula'verim.
2949 3359 3220 3429 Subjungo
3243 3362 3580 3428 postulatum.
3606 3361 3846 3429 Jamztri-

2272 3448 2392 3501 dem
2420 3447 2788 3502 commendata
2820 3449 3065 3502 sensibus
3094 3450 3216 3514 tuis,
3248 3450 3492 3516 przetoria
3521 3449 3610 3502 ﬁlii
3639 3465 3769 3509 mei,
3799 3450 3848 3503 si

2272 3538 2382 3592 fors
2408 3539 2607 3592 dictum
2631 3538 2802 3606 juvet,
2834 3538 2996 3592 instat
3034 3537 3219 3594 editio.
3253 3538 3323 3590 Ea
3354 3550 3450 3590 nos
3476 3536 3748 3601 admonet,
3789 3550 3847 3590 ut

2212 3682 2217 3686 ,
2270 3629 2552 3698 quadrigas
2597 3630 2801 3684 nobiles
2830 3629 2880 3683 in
2910 3637 3177 3683 certamen
3205 3628 3456 3692 deducas,
3495 3644 3613 3697 qua:
3651 3639 3852 3698 posset

2269 3733 2330 3770 ex
2355 3720 2638 3773 multorum
2658 3717 2901 3788 gregibus
2921 3719 3217 3774 edecimare
3257 3719 3524 3774 meliores.
3556 3719 3666 3773 Non
3687 3722 3848 3773 obsit

2268 3813 2540 3864 securitati
2571 3827 2724 3878 meae,
2751 3811 2891 3881 quod
2921 3811 3199 3880 Hispanias
3245 3813 3525 3882 longinqua
3555 3813 3678 3871 sede
3707 3827 3848 3863 inu-

2271 3902 2412 3967 tasti,
2463 3904 2708 3956 admotus
2735 3919 2763 3955 a
2795 3918 2879 3956 me
2921 3917 3175 3972 equorum
3221 3906 3561 3972 coemptioni.
3602 3904 3849 3958 Tantum

2271 3987 2462 4041 litteris
2485 3988 2630 4056 juva.
2651 3988 2862 4044 Valebit
2891 4004 2986 4056 pro
3009 3990 3179 4055 nobis,
3197 4001 3253 4044 ut
3269 4005 3446 4060 spero,
3468 3992 3604 4060 apud
3629 3996 3850 4047 amicos

2267 4092 2410 4133 curre
2440 4088 2540 4133 tuae
2565 4079 2845 4149 delegatio.
2884 4080 3033 4135 Vale.

2824 4172 3036 4227 EPIST.
3078 4171 3262 4225 XXIV.

2785 4276 3090 4315 εϊιίιιλειιοε
3126 4275 3301 4314 BASSO.

2335 4347 2554 4402 Multam
2585 4364 2737 4417 capio
2766 4351 2927 4403 animi
2956 4351 3299 4419 voluptatem,
3329 4351 3537 4419 quoties
3563 4351 3852 4406 sermonis

607 4446 738 4498 rium
770 4441 1108 4510 postulatum.
1130 4440 1246 4494 Filii
1272 4442 1436 4494 nostri
1466 4443 1826 4498 instateditlo.
1848 4445 1978 4501 Huic
2002 4461 2163 4517 equo-

2280 4438 2343 4493 Lui
2373 4454 2564 4492 munus
2591 4439 2812 4506 accipio.
2861 4439 2954 4493 Est
2983 4440 3122 4493 enim
3165 4441 3216 4492 in
3266 4439 3456 4493 litteris
3491 4450 3546 4494 et
3585 4442 3855 4496 sanitatis

605 4552 720 4592 rum
759 4536 1016 4590 curulium
1048 4529 1276 4602 paranda
1307 4531 1572 4585 nobilitas.
1621 4533 1955 4602 Quapropter
1980 4537 2044 4590 ad
2076 4538 2164 4591 lli-

603 4627 814 4694 spauias
838 4623 1170 4678 fidelissimos
1189 4638 1308 4678 cum
1328 4622 1561 4690 copiosis
1580 4625 1876 4692 sumptibus
1900 4626 2158 4692 misimus,

605 4727 660 4768 ut
689 4727 973 4783 generosas
1015 4713 1294 4781 quadrigas
1337 4711 1437 4765 sub
1482 4711 1886 4782 diligentissima
1935 4717 2161 4772 let-tione

605 4815 922 4861 mercentur.
952 4803 1055 4858 Sed
1080 4804 1200 4873 quia
1228 4817 1473 4857 veremur
1501 4819 1566 4858 ne
1594 4819 1848 4872 equorum
1881 4809 2157 4862 transitum

604 4897 792 4951 hiemis
839 4895 1161 4948 interventus
1190 4892 1472 4947 excludat:
1502 4907 1682 4962 quaeso
1714 4905 1786 4960 te,
1819 4897 1943 4950 utsi
1975 4913 2158 4952 neces-

601 4989 726 5040 sitas
772 4982 1131 5053 postulaverit,
1175 4982 1342 5037 tribus
1382 4984 1462 5038 vel
1501 4993 1729 5052 quatuor
1764 4984 2045 5042 mensibus
2078 4989 2150 5042 hi-

601 5081 774 5134 bernis
807 5078 993 5147 pabula
1022 5077 1127 5131 illis
1153 5075 1202 5130 in
1225 5091 1282 5130 re
1307 5083 1396 5129 tua
1416 5091 1514 5144 pro
1541 5091 1764 5130 numero
1787 5078 1976 5146 jubeas
2002 5080 2155 5134 mini-

596 5171 751 5223 strari
787 5187 798 5220 :
834 5178 890 5222 ut
920 5167 1203 5236 incipiente
1231 5167 1486 5233 temperie
1516 5167 1631 5221 siue
1662 5169 1938 5223 vexatione
1967 5185 2152 5238 perve-

598 5269 761 5313 niant.
794 5259 1052 5314 Praeterea
1082 5257 1444 5326 adiumentum
1481 5259 1614 5313 meis
1659 5275 1754 5314 oro
1791 5260 2048 5316 decernas
2085 5263 2152 5316 ad

594 5367 844 5418 equorum
876 5348 1282 5417 coemptionem,
1330 5349 1375 5400 si
1415 5363 1550 5417 quos
1590 5349 1642 5401 in
1679 5351 1976 5404 Arelatensi
2021 5354 2150 5407 urbe

592 5457 751 5495 cursu
791 5452 840 5495 et
884 5453 1076 5510 genere
1123 5447 1433 5506 prmstantes
1473 5454 1656 5494 eorum
1704 5454 1829 5494 cura
1871 5444 2146 5510 repererit.

594 5534 964 5603 Ainpleetenda
993 5542 1074 5586 est
1112 5532 1252 5586 enim
1284 5532 1469 5586 vicina:
1514 5532 1794 5601 emptionis
1842 5536 2073 5599 occasio,
2104 5536 2147 5590 si

591 5622 1061 5686 esiiuiuuuliquid
1082 5637 1236 5678 casus
1261 5621 1529 5678 obtulerit.
1555 5621 1722 5680 Stabit
1744 5622 1879 5686 apud
1903 5640 1987 5683 me
2014 5623 2148 5686 iugis

2264 4540 2318 4585 et
2346 4531 2543 4583 amoris
2571 4529 2845 4583 indicium.
2866 4527 3134 4584 Praiterea
3163 4529 3359 4582 lietitiai
3391 4529 3522 4582 mihi
3551 4538 3650 4596 est,
3683 4533 3855 4598 quod

2265 4623 2409 4676 brevi
2447 4631 2495 4676 te
2521 4621 2706 4676 adfore
2747 4621 3030 4689 polliceris.
3080 4621 3195 4688 Quo
3224 4619 3390 4689 magis
3425 4630 3604 4676 autem
3646 4623 3855 4678 redire

2264 4724 2313 4768 te
2347 4729 2620 4782 properes,
2673 4715 2855 4767 nuntio
2885 4714 3046 4769 ﬁlium
3093 4729 3267 4767 meum
3311 4714 3376 4781 (si
3423 4711 3573 4766 favor
3617 4713 3855 4766 divinus

2260 4803 2522 4873 arriserit)
2554 4806 2826 4871 prtetorios
2851 4803 3020 4859 fasces
3042 4819 3180 4858 anno
3210 4805 3423 4857 ineunte
3464 4815 3855 4873 sumpturum.

2263 4896 2336 4950 De
2365 4911 2465 4966 qua
2497 4911 2554 4951 re
2579 4896 2646 4949 ad
2668 4906 2718 4950 te
2745 4910 2837 4964 per
2863 4895 3146 4949 familiares
3189 4909 3334 4949 meos
3372 4894 3578 4962 plenius
3604 4897 3855 4964 scripsi,

2257 4989 2447 5058 quibus
2492 5003 2748 5058 equorum
2786 4986 3135 5054 Hispanorum
3183 4985 3554 5041 mandavimus
3597 4990 3855 5055 emptio-

2259 5096 2402 5136 nem.
2431 5080 2537 5135 Sed
2564 5079 2688 5148 quia
2728 5077 2915 5132 suadet
2939 5079 3166 5140 occasio,
3196 5093 3335 5131 nunc
3354 5091 3567 5145 quoque
3597 5092 3855 5142 reposco

2259 5172 2599 5238 postulatum.
2627 5169 2692 5222 Et
2711 5182 2892 5234 qureso
2920 5176 2992 5230 te,
3045 5177 3102 5220 ut
3130 5167 3173 5220 si
3216 5167 3346 5219 forte
3375 5180 3560 5218 eorum
3590 5165 3855 5224 reditum

2255 5262 2598 5331 intemperies
2643 5260 2862 5313 hiberna
2899 5259 3279 5320 retardaverit,
3311 5257 3567 5312 stabulari
3597 5259 3650 5312 in
3677 5264 3855 5328 agris

2255 5357 2357 5408 tuis
2380 5354 2562 5423 paucis
2583 5350 3073 5419 mensibusjuheas,
3099 5359 3256 5417 atque
3277 5347 3340 5402 ad
3364 5364 3458 5404 nos
3481 5351 3630 5418 inde,
3653 5366 3855 5408 verno

2255 5454 2491 5512 tempore
2514 5442 2798 5510 incipiente
2829 5440 3088 5509 proﬁcisci
3158 5438 3362 5495 Interea
3392 5441 3674 5496 hominum
3709 5451 3855 5493 tum

2253 5551 2370 5589 rum
2398 5547 2524 5588 cura
2556 5532 2798 5586 submota
2827 5539 2929 5596 est,
2960 5544 3092 5598 quos
3117 5538 3169 5582 et
3200 5531 3477 5596 prasentia
3511 5545 3633 5584 mea
3663 5539 3723 5583 et
3743 5529 3824 5594 λιι
3843 5559 3855 5572 ‹

2253 5625 2470 5680 diciaria
2509 5622 2659 5678 tuitio
2705 5620 2962 5677 defendit.
3005 5620 3311 5686 Denuntiavi
3349 5622 3492 5674 enim
3530 5619 3679 5674 litem
3713 5633 3855 5671 mo.
