  <div class='ocr_page' id='page_1' title='image "/cluster/home/n/w/nwhite01/storage/ocr_20150623/18-19/uva.x000826554/178.png"; bbox 0 0 3826 6338; ppageno 0'>
   <div class='ocr_carea' id='block_1_1' title="bbox 144 52 3316 129">
    <p class='ocr_par' dir='ltr' id='par_1_1' title="bbox 144 52 3316 129">
     <span class='ocr_line' id='line_1_1' title="bbox 144 52 3316 129; baseline -0.009 -9"><span class='ocrx_word' id='word_1_1' title='bbox 144 71 223 129; x_wconf 64' lang='lat'><strong>$33</strong></span> <span class='ocrx_word' id='word_1_2' title='bbox 1025 59 1032 66; x_wconf 89' lang='grc'><em>’</em></span> <span class='ocrx_word' id='word_1_3' title='bbox 1299 52 1771 110; x_wconf 76' lang='lat' dir='ltr'><strong>f-.PISTOLARU.\I</strong></span> <span class='ocrx_word' id='word_1_4' title='bbox 1815 53 2010 108; x_wconf 81' lang='lat' dir='ltr'><strong>LIBER</strong></span> <span class='ocrx_word' id='word_1_5' title='bbox 2053 54 2137 107; x_wconf 77' lang='lat' dir='ltr'><strong>IX.</strong></span> <span class='ocrx_word' id='word_1_6' title='bbox 3215 53 3316 106; x_wconf 55' lang='lat'><strong>533</strong></span> 
     </span>
    </p>
   </div>
   <div class='ocr_carea' id='block_1_2' title="bbox 143 159 3317 248">
    <p class='ocr_par' dir='ltr' id='par_1_2' title="bbox 143 159 3317 248">
     <span class='ocr_line' id='line_1_2' title="bbox 143 159 3317 248; baseline -0.004 -21"><span class='ocrx_word' id='word_1_7' title='bbox 143 183 272 246; x_wconf 65' lang='grc' dir='ltr'><strong>τεηιῑ,</strong></span> <span class='ocrx_word' id='word_1_8' title='bbox 315 178 446 248; x_wconf 86' lang='lat' dir='ltr'><strong>quod</strong></span> <span class='ocrx_word' id='word_1_9' title='bbox 481 176 546 229; x_wconf 92' lang='lat' dir='ltr'><strong>ad</strong></span> <span class='ocrx_word' id='word_1_10' title='bbox 591 188 674 228; x_wconf 89' lang='lat' dir='ltr'><strong>me</strong></span> <span class='ocrx_word' id='word_1_11' title='bbox 719 185 873 227; x_wconf 87' lang='lat' dir='ltr'><strong>causa</strong></span> <span class='ocrx_word' id='word_1_12' title='bbox 917 169 1196 238; x_wconf 76' lang='lat' dir='ltr'><strong>pertineat,</strong></span> <span class='ocrx_word' id='word_1_13' title='bbox 1230 179 1325 219; x_wconf 90' lang='lat' dir='ltr'><strong>nec</strong></span> <span class='ocrx_word' id='word_1_14' title='bbox 1349 165 1647 219; x_wconf 88' lang='lat' dir='ltr'><strong>defuturum</strong></span> <span class='ocrx_word' id='word_1_15' title='bbox 1676 165 1728 226; x_wconf 78' lang='grc' dir='ltr'><strong>Α</strong></span> <span class='ocrx_word' id='word_1_16' title='bbox 1754 172 1947 229; x_wconf 91' lang='lat' dir='ltr'><strong>ratum,</strong></span> <span class='ocrx_word' id='word_1_17' title='bbox 1977 177 2168 217; x_wconf 89' lang='lat' dir='ltr'><strong>munus</strong></span> <span class='ocrx_word' id='word_1_18' title='bbox 2209 161 2449 215; x_wconf 89' lang='lat' dir='ltr'><strong>silvestre</strong></span> <span class='ocrx_word' id='word_1_19' title='bbox 2479 159 2724 228; x_wconf 83' lang='lat' dir='ltr'><strong>patefecit</strong></span> <span class='ocrx_word' id='word_1_20' title='bbox 2755 178 2765 210; x_wconf 91' lang='lat'>:</span> <span class='ocrx_word' id='word_1_21' title='bbox 2797 163 3014 216; x_wconf 79' lang='lat' dir='ltr'><strong>alterum</strong></span> <span class='ocrx_word' id='word_1_22' title='bbox 3047 175 3178 228; x_wconf 84' lang='lat' dir='ltr'><strong>pcnc</strong></span> <span class='ocrx_word' id='word_1_23' title='bbox 3205 177 3317 215; x_wconf 91' lang='lat' dir='ltr'><strong>cre-</strong></span> 
     </span>
    </p>
   </div>
   <div class='ocr_carea' id='block_1_3' title="bbox 140 253 3318 328">
    <p class='ocr_par' dir='ltr' id='par_1_3' title="bbox 140 253 3318 328">
     <span class='ocr_line' id='line_1_3' title="bbox 140 253 3318 328; baseline -0.007 0"><span class='ocrx_word' id='word_1_24' title='bbox 140 277 201 328; x_wconf 87' lang='lat' dir='ltr'><strong>eis</strong></span> <span class='ocrx_word' id='word_1_25' title='bbox 224 286 338 326; x_wconf 66' lang='lat' dir='ltr'><strong>mea</strong></span> <span class='ocrx_word' id='word_1_26' title='bbox 377 268 597 322; x_wconf 79' lang='lat' dir='ltr'><strong>actionis</strong></span> <span class='ocrx_word' id='word_1_27' title='bbox 627 263 903 318; x_wconf 75' lang='lat' dir='ltr'><strong>auxilium.</strong></span> <span class='ocrx_word' id='word_1_28' title='bbox 951 259 1102 326; x_wconf 86' lang='lat' dir='ltr'><strong>Quod</strong></span> <span class='ocrx_word' id='word_1_29' title='bbox 1151 273 1254 312; x_wconf 90' lang='lat' dir='ltr'><strong>non</strong></span> <span class='ocrx_word' id='word_1_30' title='bbox 1286 256 1470 310; x_wconf 90' lang='lat' dir='ltr'><strong>dubito</strong></span> <span class='ocrx_word' id='word_1_31' title='bbox 1494 257 1654 309; x_wconf 90' lang='lat' dir='ltr'><strong>etiam</strong></span> <span class='ocrx_word' id='word_1_32' title='bbox 1761 254 1948 319; x_wconf 69' lang='lat' dir='ltr'><strong>(litum,</strong></span> <span class='ocrx_word' id='word_1_33' title='bbox 1977 253 2280 322; x_wconf 79' lang='lat' dir='ltr'><strong>paginarum</strong></span> <span class='ocrx_word' id='word_1_34' title='bbox 2306 262 2509 305; x_wconf 89' lang='lat' dir='ltr'><strong>tuarum</strong></span> <span class='ocrx_word' id='word_1_35' title='bbox 2533 253 2705 305; x_wconf 90' lang='lat' dir='ltr'><strong>cultus</strong></span> <span class='ocrx_word' id='word_1_36' title='bbox 2727 256 2968 307; x_wconf 78' lang='lat' dir='ltr'><strong>asseruit.</strong></span> <span class='ocrx_word' id='word_1_37' title='bbox 2990 255 3162 320; x_wconf 83' lang='lat' dir='ltr'><strong>Quare</strong></span> <span class='ocrx_word' id='word_1_38' title='bbox 3185 255 3318 307; x_wconf 89' lang='lat' dir='ltr'><strong>inter</strong></span> 
     </span>
    </p>
   </div>
   <div class='ocr_carea' id='block_1_4' title="bbox 139 341 3321 420">
    <p class='ocr_par' dir='ltr' id='par_1_4' title="bbox 139 341 3321 420">
     <span class='ocr_line' id='line_1_4' title="bbox 139 341 3321 420; baseline -0.006 -4"><span class='ocrx_word' id='word_1_39' title='bbox 139 362 413 420; x_wconf 74' lang='lat' dir='ltr'><strong>eximietatis</strong></span> <span class='ocrx_word' id='word_1_40' title='bbox 443 369 546 412; x_wconf 75' lang='lat' dir='ltr'><strong>tua:</strong></span> <span class='ocrx_word' id='word_1_41' title='bbox 567 356 810 411; x_wconf 83' lang='lat' dir='ltr'><strong>homines</strong></span> <span class='ocrx_word' id='word_1_42' title='bbox 840 352 1120 406; x_wconf 83' lang='lat' dir='ltr'><strong>indicasse.</strong></span> <span class='ocrx_word' id='word_1_43' title='bbox 1153 348 1302 402; x_wconf 87' lang='lat' dir='ltr'><strong>Vale.</strong></span> <span class='ocrx_word' id='word_1_44' title='bbox 1758 344 1969 399; x_wconf 82' lang='lat' dir='ltr'><strong>sodales</strong></span> <span class='ocrx_word' id='word_1_45' title='bbox 2007 344 2265 412; x_wconf 80' lang='lat' dir='ltr'><strong>Apollinis</strong></span> <span class='ocrx_word' id='word_1_46' title='bbox 2303 358 2364 394; x_wconf 87' lang='lat' dir='ltr'><strong>ac</strong></span> <span class='ocrx_word' id='word_1_47' title='bbox 2411 341 2589 394; x_wconf 67' lang='lat' dir='ltr'><strong>Diana:</strong></span> <span class='ocrx_word' id='word_1_48' title='bbox 2615 384 2628 405; x_wconf 94' lang='lat'><strong>,</strong></span> <span class='ocrx_word' id='word_1_49' title='bbox 2663 350 2888 394; x_wconf 75' lang='lat' dir='ltr'><strong>sectator</strong></span> <span class='ocrx_word' id='word_1_50' title='bbox 2925 344 3195 410; x_wconf 74' lang='lat' dir='ltr'><strong>ntriu~que</strong></span> <span class='ocrx_word' id='word_1_51' title='bbox 3223 360 3321 397; x_wconf 93' lang='lat' dir='ltr'><strong>nu-</strong></span> 
     </span>
    </p>
   </div>
   <div class='ocr_carea' id='block_1_5' title="bbox 669 431 3322 499">
    <p class='ocr_par' dir='ltr' id='par_1_5' title="bbox 669 431 3322 499">
     <span class='ocr_line' id='line_1_5' title="bbox 669 431 3322 499; baseline -0.005 1"><span class='ocrx_word' id='word_1_52' title='bbox 669 443 883 499; x_wconf 83' lang='lat' dir='ltr'><strong>EPIST.</strong></span> <span class='ocrx_word' id='word_1_53' title='bbox 925 441 1090 495; x_wconf 85' lang='lat' dir='ltr'><strong>XXV.</strong></span> <span class='ocrx_word' id='word_1_54' title='bbox 1760 437 2061 498; x_wconf 84' lang='lat' dir='ltr'><strong>merabere,</strong></span> <span class='ocrx_word' id='word_1_55' title='bbox 2094 434 2193 487; x_wconf 89' lang='lat' dir='ltr'><strong>etsi</strong></span> <span class='ocrx_word' id='word_1_56' title='bbox 2238 441 2290 486; x_wconf 91' lang='lat' dir='ltr'><strong>te</strong></span> <span class='ocrx_word' id='word_1_57' title='bbox 2321 433 2514 499; x_wconf 84' lang='lat' dir='ltr'><strong>magis,</strong></span> <span class='ocrx_word' id='word_1_58' title='bbox 2548 441 2601 483; x_wconf 94' lang='lat' dir='ltr'><strong>ut</strong></span> <span class='ocrx_word' id='word_1_59' title='bbox 2626 431 2817 497; x_wconf 73' lang='lat' dir='ltr'><strong>scripta</strong></span> <span class='ocrx_word' id='word_1_60' title='bbox 2852 440 3126 495; x_wconf 83' lang='lat' dir='ltr'><strong>testantur,</strong></span> <span class='ocrx_word' id='word_1_61' title='bbox 3163 448 3322 487; x_wconf 80' lang='lat' dir='ltr'><strong>vena-</strong></span> 
     </span>
    </p>
   </div>
   <div class='ocr_carea' id='block_1_6' title="bbox 551 525 3323 596">
    <p class='ocr_par' dir='ltr' id='par_1_6' title="bbox 551 525 3323 596">
     <span class='ocr_line' id='line_1_6' title="bbox 551 525 3323 596; baseline -0.005 -1"><span class='ocrx_word' id='word_1_62' title='bbox 551 551 862 595; x_wconf 67' lang='lat' dir='ltr'><strong>svuuacucs</strong></span> <span class='ocrx_word' id='word_1_63' title='bbox 902 548 1200 589; x_wconf 70' lang='lat' dir='ltr'><strong>vtscsxrto.</strong></span> <span class='ocrx_word' id='word_1_64' title='bbox 1762 529 1879 581; x_wconf 80' lang='lat' dir='ltr'><strong>ticae</strong></span> <span class='ocrx_word' id='word_1_65' title='bbox 1917 528 2046 580; x_wconf 91' lang='lat' dir='ltr'><strong>artis</strong></span> <span class='ocrx_word' id='word_1_66' title='bbox 2079 527 2244 596; x_wconf 80' lang='lat' dir='ltr'><strong>gloria</strong></span> <span class='ocrx_word' id='word_1_67' title='bbox 2275 525 2439 593; x_wconf 91' lang='lat' dir='ltr'><strong>juvat.</strong></span> <span class='ocrx_word' id='word_1_68' title='bbox 2486 525 2612 577; x_wconf 71' lang='lat' dir='ltr'><strong>Nam</strong></span> <span class='ocrx_word' id='word_1_69' title='bbox 2644 538 2761 577; x_wconf 90' lang='lat' dir='ltr'><strong>cum</strong></span> <span class='ocrx_word' id='word_1_70' title='bbox 2795 533 2844 577; x_wconf 88' lang='lat' dir='ltr'><strong>te</strong></span> <span class='ocrx_word' id='word_1_71' title='bbox 2871 526 3069 578; x_wconf 89' lang='lat' dir='ltr'><strong>nivosis</strong></span> <span class='ocrx_word' id='word_1_72' title='bbox 3103 529 3323 581; x_wconf 77' lang='lat' dir='ltr'><strong>saltibus</strong></span> 
     </span>
    </p>
   </div>
   <div class='ocr_carea' id='block_1_7' title="bbox 194 613 3324 693">
    <p class='ocr_par' dir='ltr' id='par_1_7' title="bbox 194 613 3324 693">
     <span class='ocr_line' id='line_1_7' title="bbox 194 613 3324 693; baseline -0.006 -2"><span class='ocrx_word' id='word_1_73' title='bbox 194 637 332 692; x_wconf 78' lang='lat' dir='ltr'><strong>Facio</strong></span> <span class='ocrx_word' id='word_1_74' title='bbox 351 632 579 687; x_wconf 87' lang='lat' dir='ltr'><strong>officium</strong></span> <span class='ocrx_word' id='word_1_75' title='bbox 608 643 808 692; x_wconf 90' lang='lat' dir='ltr'><strong>meum,</strong></span> <span class='ocrx_word' id='word_1_76' title='bbox 836 626 878 679; x_wconf 90' lang='lat' dir='ltr'><strong>si</strong></span> <span class='ocrx_word' id='word_1_77' title='bbox 909 623 1119 693; x_wconf 83' lang='lat' dir='ltr'><strong>quando</strong></span> <span class='ocrx_word' id='word_1_78' title='bbox 1143 629 1194 676; x_wconf 89' lang='lat' dir='ltr'><strong>te</strong></span> <span class='ocrx_word' id='word_1_79' title='bbox 1215 621 1358 675; x_wconf 91' lang='lat' dir='ltr'><strong>cultu</strong></span> <span class='ocrx_word' id='word_1_80' title='bbox 1385 618 1657 673; x_wconf 83' lang='lat' dir='ltr'><strong>salutatio-</strong></span> <span class='ocrx_word' id='word_1_81' title='bbox 1761 621 2026 674; x_wconf 89' lang='lat' dir='ltr'><strong>inerrasse</strong></span> <span class='ocrx_word' id='word_1_82' title='bbox 2054 616 2386 672; x_wconf 88' lang='lat' dir='ltr'><strong>describeres</strong></span> <span class='ocrx_word' id='word_1_83' title='bbox 2405 657 2419 678; x_wconf 92' lang='lat'><strong>,</strong></span> <span class='ocrx_word' id='word_1_84' title='bbox 2467 629 2624 682; x_wconf 88' lang='lat' dir='ltr'><strong>supra</strong></span> <span class='ocrx_word' id='word_1_85' title='bbox 2668 613 2905 681; x_wconf 70' lang='lat' dir='ltr'><strong>epistolae:</strong></span> <span class='ocrx_word' id='word_1_86' title='bbox 2942 623 3324 682; x_wconf 63' lang='lat' dir='ltr'><strong>temperamen-</strong></span> 
     </span>
    </p>
   </div>
   <div class='ocr_carea' id='block_1_8' title="bbox 142 705 3325 794">
    <p class='ocr_par' dir='ltr' id='par_1_8' title="bbox 142 705 3325 794">
     <span class='ocr_line' id='line_1_8' title="bbox 142 705 3325 794; baseline -0.005 -16"><span class='ocrx_word' id='word_1_87' title='bbox 142 730 208 783; x_wconf 83' lang='lat' dir='ltr'><strong>nis</strong></span> <span class='ocrx_word' id='word_1_88' title='bbox 230 725 473 794; x_wconf 88' lang='lat' dir='ltr'><strong>impertio.</strong></span> <span class='ocrx_word' id='word_1_89' title='bbox 526 723 633 776; x_wconf 75' lang='lat' dir='ltr'><strong>Nec</strong></span> <span class='ocrx_word' id='word_1_90' title='bbox 655 717 932 773; x_wconf 91' lang='lat' dir='ltr'><strong>dissimulo</strong></span> <span class='ocrx_word' id='word_1_91' title='bbox 957 715 1158 770; x_wconf 85' lang='lat' dir='ltr'><strong>referre</strong></span> <span class='ocrx_word' id='word_1_92' title='bbox 1181 721 1376 784; x_wconf 89' lang='lat' dir='ltr'><strong>grates,</strong></span> <span class='ocrx_word' id='word_1_93' title='bbox 1411 709 1548 779; x_wconf 90' lang='lat' dir='ltr'><strong>quod</strong></span> <span class='ocrx_word' id='word_1_94' title='bbox 1573 708 1656 761; x_wconf 88' lang='lat' dir='ltr'><strong>in-</strong></span> <span class='ocrx_word' id='word_1_95' title='bbox 1763 718 1872 761; x_wconf 90' lang='lat' dir='ltr'><strong>tum</strong></span> <span class='ocrx_word' id='word_1_96' title='bbox 1904 708 2077 762; x_wconf 83' lang='lat' dir='ltr'><strong>verbis</strong></span> <span class='ocrx_word' id='word_1_97' title='bbox 2113 707 2410 775; x_wconf 88' lang='lat' dir='ltr'><strong>tripudiasti</strong></span> <span class='ocrx_word' id='word_1_98' title='bbox 2442 724 2457 759; x_wconf 88' lang='lat'><strong>:</strong></span> <span class='ocrx_word' id='word_1_99' title='bbox 2491 705 2737 759; x_wconf 90' lang='lat' dir='ltr'><strong>nimirum</strong></span> <span class='ocrx_word' id='word_1_100' title='bbox 2770 705 2920 758; x_wconf 73' lang='lat' dir='ltr'><strong>fretus</strong></span> <span class='ocrx_word' id='word_1_101' title='bbox 2949 721 3018 758; x_wconf 78' lang='lat' dir='ltr'><strong>ex</strong></span> <span class='ocrx_word' id='word_1_102' title='bbox 3051 706 3238 769; x_wconf 87' lang='lat' dir='ltr'><strong>arduo,</strong></span> <span class='ocrx_word' id='word_1_103' title='bbox 3271 719 3325 761; x_wconf 90' lang='lat' dir='ltr'><strong>et</strong></span> 
     </span>
    </p>
   </div>
   <div class='ocr_carea' id='block_1_9' title="bbox 143 795 3326 883">
    <p class='ocr_par' dir='ltr' id='par_1_9' title="bbox 143 795 3326 883">
     <span class='ocr_line' id='line_1_9' title="bbox 143 795 3326 883; baseline -0.006 -13"><span class='ocrx_word' id='word_1_104' title='bbox 143 822 279 873; x_wconf 85' lang='lat' dir='ltr'><strong>vicem</strong></span> <span class='ocrx_word' id='word_1_105' title='bbox 301 831 379 870; x_wconf 91' lang='lat' dir='ltr'><strong>me</strong></span> <span class='ocrx_word' id='word_1_106' title='bbox 397 815 695 883; x_wconf 88' lang='lat' dir='ltr'><strong>frequentet</strong></span> <span class='ocrx_word' id='word_1_107' title='bbox 713 808 1069 864; x_wconf 82' lang='lat' dir='ltr'><strong>remuneratio</strong></span> <span class='ocrx_word' id='word_1_108' title='bbox 1091 807 1406 876; x_wconf 88' lang='lat' dir='ltr'><strong>scriptorum</strong></span> <span class='ocrx_word' id='word_1_109' title='bbox 1426 813 1656 856; x_wconf 91' lang='lat' dir='ltr'><strong>tuorum.</strong></span> <span class='ocrx_word' id='word_1_110' title='bbox 1762 797 1937 850; x_wconf 85' lang='lat' dir='ltr'><strong>adhuc</strong></span> <span class='ocrx_word' id='word_1_111' title='bbox 1975 798 2156 850; x_wconf 90' lang='lat' dir='ltr'><strong>calens</strong></span> <span class='ocrx_word' id='word_1_112' title='bbox 2200 798 2434 850; x_wconf 90' lang='lat' dir='ltr'><strong>montani</strong></span> <span class='ocrx_word' id='word_1_113' title='bbox 2481 798 2658 864; x_wconf 88' lang='lat' dir='ltr'><strong>operis</strong></span> <span class='ocrx_word' id='word_1_114' title='bbox 2694 806 2907 850; x_wconf 88' lang='lat' dir='ltr'><strong>eventu.</strong></span> <span class='ocrx_word' id='word_1_115' title='bbox 2950 795 3150 850; x_wconf 88' lang='lat' dir='ltr'><strong>Interea</strong></span> <span class='ocrx_word' id='word_1_116' title='bbox 3199 802 3326 852; x_wconf 81' lang='lat' dir='ltr'><strong>satis</strong></span> 
     </span>
    </p>
   </div>
   <div class='ocr_carea' id='block_1_10' title="bbox 143 889 3327 976">
    <p class='ocr_par' dir='ltr' id='par_1_10' title="bbox 143 889 3327 976">
     <span class='ocr_line' id='line_1_10' title="bbox 143 889 3327 976; baseline -0.007 -11"><span class='ocrx_word' id='word_1_117' title='bbox 143 913 227 965; x_wconf 79' lang='lat' dir='ltr'><strong>Sed</strong></span> <span class='ocrx_word' id='word_1_118' title='bbox 247 911 348 963; x_wconf 72' lang='lat' dir='ltr'><strong>haec</strong></span> <span class='ocrx_word' id='word_1_119' title='bbox 366 907 576 976; x_wconf 92' lang='lat' dir='ltr'><strong>produci</strong></span> <span class='ocrx_word' id='word_1_120' title='bbox 602 903 808 973; x_wconf 91' lang='lat' dir='ltr'><strong>longius</strong></span> <span class='ocrx_word' id='word_1_121' title='bbox 834 898 1339 968; x_wconf 88' lang='lat' dir='ltr'><strong>nonnportet:quia</strong></span> <span class='ocrx_word' id='word_1_122' title='bbox 1361 893 1658 950; x_wconf 69' lang='lat' dir='ltr'><strong>bonmami-</strong></span> <span class='ocrx_word' id='word_1_123' title='bbox 1769 889 1941 944; x_wconf 81' lang='lat' dir='ltr'><strong>fuerat</strong></span> <span class='ocrx_word' id='word_1_124' title='bbox 1983 889 2244 957; x_wconf 90' lang='lat' dir='ltr'><strong>Apennini</strong></span> <span class='ocrx_word' id='word_1_125' title='bbox 2293 889 2457 956; x_wconf 91' lang='lat' dir='ltr'><strong>spolia</strong></span> <span class='ocrx_word' id='word_1_126' title='bbox 2504 890 2729 943; x_wconf 92' lang='lat' dir='ltr'><strong>misisse.</strong></span> <span class='ocrx_word' id='word_1_127' title='bbox 2784 889 2999 956; x_wconf 86' lang='lat' dir='ltr'><strong>Adjecta</strong></span> <span class='ocrx_word' id='word_1_128' title='bbox 3042 898 3216 944; x_wconf 90' lang='lat' dir='ltr'><strong>autem</strong></span> <span class='ocrx_word' id='word_1_129' title='bbox 3261 891 3327 944; x_wconf 89' lang='lat' dir='ltr'><strong>de</strong></span> 
     </span>
    </p>
   </div>
   <div class='ocr_carea' id='block_1_11' title="bbox 141 977 3329 1067">
    <p class='ocr_par' dir='ltr' id='par_1_11' title="bbox 141 977 3329 1067">
     <span class='ocr_line' id='line_1_11' title="bbox 141 977 3329 1067; baseline -0.007 -13"><span class='ocrx_word' id='word_1_130' title='bbox 141 997 573 1067; x_wconf 67' lang='lat' dir='ltr'><strong>eitL&#39;ejactationes</strong></span> <span class='ocrx_word' id='word_1_131' title='bbox 601 996 850 1048; x_wconf 88' lang='lat' dir='ltr'><strong>refutant.</strong></span> <span class='ocrx_word' id='word_1_132' title='bbox 899 990 1029 1044; x_wconf 88' lang='lat' dir='ltr'><strong>Illud</strong></span> <span class='ocrx_word' id='word_1_133' title='bbox 1066 1003 1206 1043; x_wconf 89' lang='lat' dir='ltr'><strong>nunc</strong></span> <span class='ocrx_word' id='word_1_134' title='bbox 1234 988 1303 1041; x_wconf 92' lang='lat' dir='ltr'><strong>de</strong></span> <span class='ocrx_word' id='word_1_135' title='bbox 1329 997 1380 1041; x_wconf 92' lang='lat' dir='ltr'><strong>te</strong></span> <span class='ocrx_word' id='word_1_136' title='bbox 1409 988 1660 1053; x_wconf 90' lang='lat' dir='ltr'><strong>impetra-</strong></span> <span class='ocrx_word' id='word_1_137' title='bbox 1765 978 1928 1032; x_wconf 87' lang='lat' dir='ltr'><strong>corde</strong></span> <span class='ocrx_word' id='word_1_138' title='bbox 1959 979 2104 1046; x_wconf 90' lang='lat' dir='ltr'><strong>plura</strong></span> <span class='ocrx_word' id='word_1_139' title='bbox 2133 977 2342 1030; x_wconf 83' lang='lat' dir='ltr'><strong>fastidio</strong></span> <span class='ocrx_word' id='word_1_140' title='bbox 2369 992 2487 1031; x_wconf 87' lang='lat' dir='ltr'><strong>esse</strong></span> <span class='ocrx_word' id='word_1_141' title='bbox 2517 987 2817 1044; x_wconf 87' lang='lat' dir='ltr'><strong>potuerant,</strong></span> <span class='ocrx_word' id='word_1_142' title='bbox 2845 979 2942 1032; x_wconf 91' lang='lat' dir='ltr'><strong>nisi</strong></span> <span class='ocrx_word' id='word_1_143' title='bbox 2975 993 3121 1032; x_wconf 89' lang='lat' dir='ltr'><strong>amor</strong></span> <span class='ocrx_word' id='word_1_144' title='bbox 3151 980 3222 1032; x_wconf 90' lang='lat' dir='ltr'><strong>tui</strong></span> <span class='ocrx_word' id='word_1_145' title='bbox 3250 996 3329 1032; x_wconf 88' lang='lat' dir='ltr'><strong>re-</strong></span> 
     </span>
    </p>
   </div>
   <div class='ocr_carea' id='block_1_12' title="bbox 146 1068 2549 1150">
    <p class='ocr_par' dir='ltr' id='par_1_12' title="bbox 146 1068 2549 1150">
     <span class='ocr_line' id='line_1_12' title="bbox 146 1068 2549 1150; baseline -0.009 -8"><span class='ocrx_word' id='word_1_146' title='bbox 146 1103 235 1143; x_wconf 89' lang='lat' dir='ltr'><strong>tum</strong></span> <span class='ocrx_word' id='word_1_147' title='bbox 263 1088 391 1150; x_wconf 84' lang='lat' dir='ltr'><strong>volo,</strong></span> <span class='ocrx_word' id='word_1_148' title='bbox 446 1095 501 1138; x_wconf 91' lang='lat' dir='ltr'><strong>ut</strong></span> <span class='ocrx_word' id='word_1_149' title='bbox 547 1084 735 1138; x_wconf 87' lang='lat' dir='ltr'><strong>litteris</strong></span> <span class='ocrx_word' id='word_1_150' title='bbox 784 1092 838 1136; x_wconf 92' lang='lat' dir='ltr'><strong>et</strong></span> <span class='ocrx_word' id='word_1_151' title='bbox 878 1082 1179 1149; x_wconf 84' lang='lat' dir='ltr'><strong>apparitore</strong></span> <span class='ocrx_word' id='word_1_152' title='bbox 1224 1077 1440 1130; x_wconf 87' lang='lat' dir='ltr'><strong>decreto</strong></span> <span class='ocrx_word' id='word_1_153' title='bbox 1473 1076 1663 1142; x_wconf 88' lang='lat' dir='ltr'><strong>juvare</strong></span> <span class='ocrx_word' id='word_1_154' title='bbox 1767 1071 2024 1123; x_wconf 76' lang='lat' dir='ltr'><strong>nioviSset</strong></span> <span class='ocrx_word' id='word_1_155' title='bbox 2048 1068 2368 1122; x_wconf 74' lang='lat' dir='ltr'><strong>satietatem.</strong></span> <span class='ocrx_word' id='word_1_156' title='bbox 2405 1069 2549 1121; x_wconf 83' lang='lat' dir='ltr'><strong>\‘ale.</strong></span> 
     </span>
    </p>
   </div>
   <div class='ocr_carea' id='block_1_13' title="bbox 142 1160 2769 1248">
    <p class='ocr_par' dir='ltr' id='par_1_13' title="bbox 142 1160 2769 1248">
     <span class='ocr_line' id='line_1_13' title="bbox 142 1160 2769 1248; baseline -0.008 -15"><span class='ocrx_word' id='word_1_157' title='bbox 142 1182 338 1248; x_wconf 78' lang='lat' dir='ltr'><strong>digneris</strong></span> <span class='ocrx_word' id='word_1_158' title='bbox 364 1191 539 1231; x_wconf 88' lang='lat' dir='ltr'><strong>enram</strong></span> <span class='ocrx_word' id='word_1_159' title='bbox 568 1189 829 1234; x_wconf 90' lang='lat' dir='ltr'><strong>meorum,</strong></span> <span class='ocrx_word' id='word_1_160' title='bbox 851 1173 1042 1239; x_wconf 86' lang='lat' dir='ltr'><strong>quibus</strong></span> <span class='ocrx_word' id='word_1_161' title='bbox 1063 1171 1312 1224; x_wconf 88' lang='lat' dir='ltr'><strong>emendas</strong></span> <span class='ocrx_word' id='word_1_162' title='bbox 1330 1182 1393 1220; x_wconf 77' lang='lat' dir='ltr'><strong>ex</strong></span> <span class='ocrx_word' id='word_1_163' title='bbox 1417 1163 1662 1231; x_wconf 82' lang='lat' dir='ltr'><strong>Hispania</strong></span> <span class='ocrx_word' id='word_1_164' title='bbox 2325 1161 2540 1216; x_wconf 70' lang='lat' dir='ltr'><strong>EPIST.</strong></span> <span class='ocrx_word' id='word_1_165' title='bbox 2583 1160 2769 1214; x_wconf 72' lang='lat' dir='ltr'><strong>XXIX.</strong></span> 
     </span>
    </p>
   </div>
   <div class='ocr_carea' id='block_1_14' title="bbox 143 1253 2803 1336">
    <p class='ocr_par' dir='ltr' id='par_1_14' title="bbox 143 1253 2803 1336">
     <span class='ocr_line' id='line_1_14' title="bbox 143 1253 2803 1336; baseline -0.007 -13"><span class='ocrx_word' id='word_1_166' title='bbox 143 1271 323 1323; x_wconf 88' lang='lat' dir='ltr'><strong>curules</strong></span> <span class='ocrx_word' id='word_1_167' title='bbox 358 1265 636 1336; x_wconf 73' lang='lat' dir='ltr'><strong>quadrigas</strong></span> <span class='ocrx_word' id='word_1_168' title='bbox 666 1262 719 1315; x_wconf 91' lang='lat' dir='ltr'><strong>in</strong></span> <span class='ocrx_word' id='word_1_169' title='bbox 748 1272 1059 1330; x_wconf 86' lang='lat' dir='ltr'><strong>apparatum</strong></span> <span class='ocrx_word' id='word_1_170' title='bbox 1093 1259 1354 1327; x_wconf 70' lang='lat' dir='ltr'><strong>przetoriae</strong></span> <span class='ocrx_word' id='word_1_171' title='bbox 1382 1253 1665 1309; x_wconf 90' lang='lat' dir='ltr'><strong>functiouis</strong></span> <span class='ocrx_word' id='word_1_172' title='bbox 2301 1265 2606 1305; x_wconf 70' lang='lat' dir='ltr'><strong>svuuacnus</strong></span> <span class='ocrx_word' id='word_1_173' title='bbox 2647 1267 2803 1305; x_wconf 66' lang='lat' dir='ltr'><strong>vano.</strong></span> 
     </span>
    </p>
   </div>
   <div class='ocr_carea' id='block_1_15' title="bbox 145 1342 3332 1430">
    <p class='ocr_par' dir='ltr' id='par_1_15' title="bbox 145 1342 3332 1430">
     <span class='ocr_line' id='line_1_15' title="bbox 145 1342 3332 1430; baseline -0.007 -15"><span class='ocrx_word' id='word_1_174' title='bbox 145 1361 335 1430; x_wconf 71' lang='lat' dir='ltr'><strong>injnnxi.</strong></span> <span class='ocrx_word' id='word_1_175' title='bbox 366 1360 788 1425; x_wconf 69' lang='lat' dir='ltr'><strong>0ro~praeterea,</strong></span> <span class='ocrx_word' id='word_1_176' title='bbox 825 1361 877 1404; x_wconf 91' lang='lat' dir='ltr'><strong>ut</strong></span> <span class='ocrx_word' id='word_1_177' title='bbox 918 1364 1177 1420; x_wconf 87' lang='lat' dir='ltr'><strong>equorum</strong></span> <span class='ocrx_word' id='word_1_178' title='bbox 1220 1345 1504 1411; x_wconf 87' lang='lat' dir='ltr'><strong>tractoriis,</strong></span> <span class='ocrx_word' id='word_1_179' title='bbox 1535 1358 1666 1412; x_wconf 88' lang='lat' dir='ltr'><strong>quas</strong></span> <span class='ocrx_word' id='word_1_180' title='bbox 1840 1343 1971 1397; x_wconf 85' lang='lat' dir='ltr'><strong>Dum</strong></span> <span class='ocrx_word' id='word_1_181' title='bbox 2005 1342 2404 1410; x_wconf 81' lang='lat' dir='ltr'><strong>provincialium</strong></span> <span class='ocrx_word' id='word_1_182' title='bbox 2434 1343 2664 1396; x_wconf 88' lang='lat' dir='ltr'><strong>mederis</strong></span> <span class='ocrx_word' id='word_1_183' title='bbox 2685 1343 2942 1402; x_wconf 86' lang='lat' dir='ltr'><strong>adversis.</strong></span> <span class='ocrx_word' id='word_1_184' title='bbox 2974 1352 3027 1396; x_wconf 91' lang='lat' dir='ltr'><strong>et</strong></span> <span class='ocrx_word' id='word_1_185' title='bbox 3050 1342 3332 1396; x_wconf 88' lang='lat' dir='ltr'><strong>salutarem</strong></span> 
     </span>
    </p>
   </div>
   <div class='ocr_carea' id='block_1_16' title="bbox 146 1431 3334 1503">
    <p class='ocr_par' dir='ltr' id='par_1_16' title="bbox 146 1431 3334 1503">
     <span class='ocr_line' id='line_1_16' title="bbox 146 1431 3334 1503; baseline -0.005 -2"><span class='ocrx_word' id='word_1_186' title='bbox 146 1467 212 1503; x_wconf 81' lang='lat' dir='ltr'><strong>vir</strong></span> <span class='ocrx_word' id='word_1_187' title='bbox 237 1447 440 1502; x_wconf 83' lang='lat' dir='ltr'><strong>illustris</strong></span> <span class='ocrx_word' id='word_1_188' title='bbox 476 1441 791 1500; x_wconf 68' lang='lat' dir='ltr'><strong>‘I‘h’codorus</strong></span> <span class='ocrx_word' id='word_1_189' title='bbox 837 1441 1035 1502; x_wconf 72' lang='lat' dir='ltr'><strong>emisit,</strong></span> <span class='ocrx_word' id='word_1_190' title='bbox 1077 1435 1537 1492; x_wconf 87' lang='lat' dir='ltr'><strong>confirmationem</strong></span> <span class='ocrx_word' id='word_1_191' title='bbox 1573 1447 1668 1501; x_wconf 88' lang='lat' dir='ltr'><strong>per</strong></span> <span class='ocrx_word' id='word_1_192' title='bbox 1771 1432 2133 1487; x_wconf 88' lang='lat' dir='ltr'><strong>laborantibus</strong></span> <span class='ocrx_word' id='word_1_193' title='bbox 2164 1446 2376 1485; x_wconf 91' lang='lat' dir='ltr'><strong>manum</strong></span> <span class='ocrx_word' id='word_1_194' title='bbox 2407 1431 2656 1499; x_wconf 83' lang='lat' dir='ltr'><strong>porrigis,</strong></span> <span class='ocrx_word' id='word_1_195' title='bbox 2687 1432 2900 1500; x_wconf 87' lang='lat' dir='ltr'><strong>gravior</strong></span> <span class='ocrx_word' id='word_1_196' title='bbox 2938 1431 3138 1497; x_wconf 85' lang='lat' dir='ltr'><strong>Apulos</strong></span> <span class='ocrx_word' id='word_1_197' title='bbox 3181 1445 3334 1484; x_wconf 91' lang='lat' dir='ltr'><strong>casus</strong></span> 
     </span>
    </p>
   </div>
   <div class='ocr_carea' id='block_1_17' title="bbox 145 1505 3334 1606">
    <p class='ocr_par' dir='ltr' id='par_1_17' title="bbox 145 1505 3334 1606">
     <span class='ocr_line' id='line_1_17' title="bbox 145 1505 3334 1606; baseline -0.007 -13"><span class='ocrx_word' id='word_1_198' title='bbox 145 1541 385 1606; x_wconf 87' lang='lat' dir='ltr'><strong>epistolam</strong></span> <span class='ocrx_word' id='word_1_199' title='bbox 417 1545 659 1605; x_wconf 67' lang='lat' dir='ltr'><strong>prmstes,</strong></span> <span class='ocrx_word' id='word_1_200' title='bbox 694 1543 748 1585; x_wconf 88' lang='lat' dir='ltr'><strong>et</strong></span> <span class='ocrx_word' id='word_1_201' title='bbox 777 1539 979 1584; x_wconf 89' lang='lat' dir='ltr'><strong>mutato</strong></span> <span class='ocrx_word' id='word_1_202' title='bbox 1019 1528 1196 1596; x_wconf 88' lang='lat' dir='ltr'><strong>judice</strong></span> <span class='ocrx_word' id='word_1_203' title='bbox 1223 1524 1469 1580; x_wconf 84' lang='lat' dir='ltr'><strong>beneficii</strong></span> <span class='ocrx_word' id='word_1_204' title='bbox 1497 1524 1666 1576; x_wconf 89' lang='lat' dir='ltr'><strong>lente-</strong></span> <span class='ocrx_word' id='word_1_205' title='bbox 1704 1519 1750 1579; x_wconf 85' lang='grc' dir='ltr'><strong>Β</strong></span> <span class='ocrx_word' id='word_1_206' title='bbox 1777 1523 2021 1587; x_wconf 80' lang='lat' dir='ltr'><strong>incessit,</strong></span> <span class='ocrx_word' id='word_1_207' title='bbox 2067 1539 2095 1576; x_wconf 92' lang='lat' dir='ltr'><strong>a</strong></span> <span class='ocrx_word' id='word_1_208' title='bbox 2137 1523 2329 1590; x_wconf 88' lang='lat' dir='ltr'><strong>quibus</strong></span> <span class='ocrx_word' id='word_1_209' title='bbox 2367 1523 2435 1576; x_wconf 91' lang='lat' dir='ltr'><strong>ob</strong></span> <span class='ocrx_word' id='word_1_210' title='bbox 2487 1523 2696 1575; x_wconf 90' lang='lat' dir='ltr'><strong>inanem</strong></span> <span class='ocrx_word' id='word_1_211' title='bbox 2736 1505 2924 1573; x_wconf 70' lang='lat' dir='ltr'><strong>famam</strong></span> <span class='ocrx_word' id='word_1_212' title='bbox 2973 1521 3334 1578; x_wconf 84' lang='lat' dir='ltr'><strong>fecunditatis.</strong></span> 
     </span>
    </p>
   </div>
   <div class='ocr_carea' id='block_1_18' title="bbox 146 1609 3340 1688">
    <p class='ocr_par' dir='ltr' id='par_1_18' title="bbox 146 1609 3340 1688">
     <span class='ocr_line' id='line_1_18' title="bbox 146 1609 3340 1688; baseline -0.007 -4"><span class='ocrx_word' id='word_1_213' title='bbox 146 1642 239 1684; x_wconf 82' lang='lat' dir='ltr'><strong>scat</strong></span> <span class='ocrx_word' id='word_1_214' title='bbox 263 1635 552 1682; x_wconf 85' lang='lat' dir='ltr'><strong>auctoritas.</strong></span> <span class='ocrx_word' id='word_1_215' title='bbox 587 1621 924 1677; x_wconf 79' lang='lat' dir='ltr'><strong>Exambirem</strong></span> <span class='ocrx_word' id='word_1_216' title='bbox 951 1633 1111 1688; x_wconf 90' lang='lat' dir='ltr'><strong>super</strong></span> <span class='ocrx_word' id='word_1_217' title='bbox 1154 1617 1238 1671; x_wconf 87' lang='lat' dir='ltr'><strong>his</strong></span> <span class='ocrx_word' id='word_1_218' title='bbox 1264 1617 1429 1670; x_wconf 91' lang='lat' dir='ltr'><strong>nimio</strong></span> <span class='ocrx_word' id='word_1_219' title='bbox 1450 1627 1668 1684; x_wconf 77' lang='lat' dir='ltr'><strong>precam</strong></span> <span class='ocrx_word' id='word_1_220' title='bbox 1773 1611 2036 1666; x_wconf 88' lang='lat' dir='ltr'><strong>frumenta</strong></span> <span class='ocrx_word' id='word_1_221' title='bbox 2086 1620 2395 1679; x_wconf 88' lang='lat' dir='ltr'><strong>poscuntur,</strong></span> <span class='ocrx_word' id='word_1_222' title='bbox 2440 1622 2494 1663; x_wconf 91' lang='lat' dir='ltr'><strong>et</strong></span> <span class='ocrx_word' id='word_1_223' title='bbox 2549 1609 2870 1663; x_wconf 75' lang='lat' dir='ltr'><strong>detrahenda</strong></span> <span class='ocrx_word' id='word_1_224' title='bbox 2917 1611 3237 1678; x_wconf 75' lang='lat' dir='ltr'><strong>provinciae,</strong></span> <span class='ocrx_word' id='word_1_225' title='bbox 3286 1619 3340 1662; x_wconf 91' lang='lat' dir='ltr'><strong>et</strong></span> 
     </span>
    </p>
   </div>
   <div class='ocr_carea' id='block_1_19' title="bbox 147 1702 3339 1788">
    <p class='ocr_par' dir='ltr' id='par_1_19' title="bbox 147 1702 3339 1788">
     <span class='ocr_line' id='line_1_19' title="bbox 147 1702 3339 1788; baseline -0.006 -16"><span class='ocrx_word' id='word_1_226' title='bbox 147 1722 333 1788; x_wconf 75' lang='lat' dir='ltr'><strong>gratiam</strong></span> <span class='ocrx_word' id='word_1_227' title='bbox 357 1728 519 1780; x_wconf 85' lang='lat' dir='ltr'><strong>tuam;</strong></span> <span class='ocrx_word' id='word_1_228' title='bbox 547 1716 640 1770; x_wconf 89' lang='lat' dir='ltr'><strong>sed</strong></span> <span class='ocrx_word' id='word_1_229' title='bbox 666 1713 803 1781; x_wconf 88' lang='lat' dir='ltr'><strong>apud</strong></span> <span class='ocrx_word' id='word_1_230' title='bbox 832 1711 1159 1766; x_wconf 87' lang='lat' dir='ltr'><strong>verecundas</strong></span> <span class='ocrx_word' id='word_1_231' title='bbox 1178 1724 1337 1764; x_wconf 88' lang='lat' dir='ltr'><strong>aures</strong></span> <span class='ocrx_word' id='word_1_232' title='bbox 1359 1708 1671 1776; x_wconf 79' lang='lat' dir='ltr'><strong>simplicitas</strong></span> <span class='ocrx_word' id='word_1_233' title='bbox 1774 1708 1905 1769; x_wconf 87' lang='lat' dir='ltr'><strong>reip.</strong></span> <span class='ocrx_word' id='word_1_234' title='bbox 1936 1705 2053 1757; x_wconf 90' lang='lat' dir='ltr'><strong>usui</strong></span> <span class='ocrx_word' id='word_1_235' title='bbox 2085 1718 2187 1756; x_wconf 89' lang='lat' dir='ltr'><strong>non</strong></span> <span class='ocrx_word' id='word_1_236' title='bbox 2214 1703 2407 1756; x_wconf 88' lang='lat' dir='ltr'><strong>futura.</strong></span> <span class='ocrx_word' id='word_1_237' title='bbox 2433 1703 2655 1769; x_wconf 84' lang='lat' dir='ltr'><strong>Quando</strong></span> <span class='ocrx_word' id='word_1_238' title='bbox 2689 1704 2830 1754; x_wconf 92' lang='lat' dir='ltr'><strong>cnim</strong></span> <span class='ocrx_word' id='word_1_239' title='bbox 2863 1703 2916 1754; x_wconf 93' lang='lat' dir='ltr'><strong>in</strong></span> <span class='ocrx_word' id='word_1_240' title='bbox 2961 1702 3187 1754; x_wconf 87' lang='lat' dir='ltr'><strong>hiemem</strong></span> <span class='ocrx_word' id='word_1_241' title='bbox 3224 1715 3339 1753; x_wconf 84' lang='lat' dir='ltr'><strong>ver-</strong></span> 
     </span>
    </p>
   </div>
   <div class='ocr_carea' id='block_1_20' title="bbox 149 1792 3341 1871">
    <p class='ocr_par' dir='ltr' id='par_1_20' title="bbox 149 1792 3341 1871">
     <span class='ocr_line' id='line_1_20' title="bbox 149 1792 3341 1871; baseline -0.005 -7"><span class='ocrx_word' id='word_1_242' title='bbox 149 1809 378 1864; x_wconf 79' lang='lat' dir='ltr'><strong>efficaciur</strong></span> <span class='ocrx_word' id='word_1_243' title='bbox 404 1817 502 1867; x_wconf 88' lang='lat' dir='ltr'><strong>est,</strong></span> <span class='ocrx_word' id='word_1_244' title='bbox 535 1815 588 1858; x_wconf 92' lang='lat' dir='ltr'><strong>et</strong></span> <span class='ocrx_word' id='word_1_245' title='bbox 626 1802 876 1857; x_wconf 83' lang='lat' dir='ltr'><strong>libentius</strong></span> <span class='ocrx_word' id='word_1_246' title='bbox 917 1802 1087 1871; x_wconf 87' lang='lat' dir='ltr'><strong>pudor</strong></span> <span class='ocrx_word' id='word_1_247' title='bbox 1133 1801 1339 1861; x_wconf 90' lang='lat' dir='ltr'><strong>annuit,</strong></span> <span class='ocrx_word' id='word_1_248' title='bbox 1379 1797 1519 1867; x_wconf 90' lang='lat' dir='ltr'><strong>quod</strong></span> <span class='ocrx_word' id='word_1_249' title='bbox 1550 1811 1669 1850; x_wconf 93' lang='lat' dir='ltr'><strong>cum</strong></span> <span class='ocrx_word' id='word_1_250' title='bbox 1771 1805 1926 1864; x_wconf 87' lang='lat' dir='ltr'><strong>gente</strong></span> <span class='ocrx_word' id='word_1_251' title='bbox 1949 1792 2090 1848; x_wconf 85' lang='lat' dir='ltr'><strong>anno</strong></span> <span class='ocrx_word' id='word_1_252' title='bbox 2119 1803 2368 1862; x_wconf 92' lang='lat' dir='ltr'><strong>poterunt</strong></span> <span class='ocrx_word' id='word_1_253' title='bbox 2396 1795 2644 1846; x_wconf 88' lang='lat' dir='ltr'><strong>maturari</strong></span> <span class='ocrx_word' id='word_1_254' title='bbox 2672 1803 2830 1846; x_wconf 69' lang='grc' dir='ltr'><strong>ιπιιιίε</strong></span> <span class='ocrx_word' id='word_1_255' title='bbox 2861 1793 3070 1861; x_wconf 78' lang='lat' dir='ltr'><strong>fruges?</strong></span> <span class='ocrx_word' id='word_1_256' title='bbox 3100 1794 3150 1846; x_wconf 87' lang='lat' dir='ltr'><strong>Si</strong></span> <span class='ocrx_word' id='word_1_257' title='bbox 3183 1795 3341 1861; x_wconf 74' lang='lat' dir='ltr'><strong>igitur</strong></span> 
     </span>
    </p>
   </div>
   <div class='ocr_carea' id='block_1_21' title="bbox 152 1882 3339 1965">
    <p class='ocr_par' dir='ltr' id='par_1_21' title="bbox 152 1882 3339 1965">
     <span class='ocr_line' id='line_1_21' title="bbox 152 1882 3339 1965; baseline -0.004 -14"><span class='ocrx_word' id='word_1_258' title='bbox 152 1901 307 1952; x_wconf 88' lang='lat' dir='ltr'><strong>fiducia</strong></span> <span class='ocrx_word' id='word_1_259' title='bbox 337 1899 641 1965; x_wconf 89' lang='lat' dir='ltr'><strong>postulatur.</strong></span> <span class='ocrx_word' id='word_1_260' title='bbox 669 1893 837 1946; x_wconf 73' lang='lat' dir='ltr'><strong>Velim</strong></span> <span class='ocrx_word' id='word_1_261' title='bbox 864 1901 1038 1945; x_wconf 90' lang='lat' dir='ltr'><strong>tamen</strong></span> <span class='ocrx_word' id='word_1_262' title='bbox 1066 1901 1270 1955; x_wconf 82' lang='lat' dir='ltr'><strong>teneas,</strong></span> <span class='ocrx_word' id='word_1_263' title='bbox 1295 1902 1436 1942; x_wconf 90' lang='lat' dir='ltr'><strong>nunc</strong></span> <span class='ocrx_word' id='word_1_264' title='bbox 1461 1887 1670 1954; x_wconf 86' lang='lat' dir='ltr'><strong>quidem</strong></span> <span class='ocrx_word' id='word_1_265' title='bbox 1777 1886 1870 1938; x_wconf 90' lang='lat' dir='ltr'><strong>tibi</strong></span> <span class='ocrx_word' id='word_1_266' title='bbox 1900 1887 2130 1953; x_wconf 86' lang='lat' dir='ltr'><strong>suppetit</strong></span> <span class='ocrx_word' id='word_1_267' title='bbox 2156 1885 2374 1936; x_wconf 87' lang='lat' dir='ltr'><strong>facultas</strong></span> <span class='ocrx_word' id='word_1_268' title='bbox 2403 1884 2609 1937; x_wconf 84' lang='lat' dir='ltr'><strong>itineris</strong></span> <span class='ocrx_word' id='word_1_269' title='bbox 2634 1883 2879 1937; x_wconf 84' lang='lat' dir='ltr'><strong>celeriter</strong></span> <span class='ocrx_word' id='word_1_270' title='bbox 2908 1885 2972 1936; x_wconf 91' lang='lat' dir='ltr'><strong>ad</strong></span> <span class='ocrx_word' id='word_1_271' title='bbox 2998 1882 3339 1952; x_wconf 67' lang='lat' dir='ltr'><strong>Campaniam</strong></span> 
     </span>
    </p>
   </div>
   <div class='ocr_carea' id='block_1_22' title="bbox 149 1973 3343 2055">
    <p class='ocr_par' dir='ltr' id='par_1_22' title="bbox 149 1973 3343 2055">
     <span class='ocr_line' id='line_1_22' title="bbox 149 1973 3343 2055; baseline -0.004 -15"><span class='ocrx_word' id='word_1_272' title='bbox 149 1991 190 2040; x_wconf 92' lang='lat' dir='ltr'><strong>in</strong></span> <span class='ocrx_word' id='word_1_273' title='bbox 219 1989 420 2055; x_wconf 84' lang='lat' dir='ltr'><strong>petendo</strong></span> <span class='ocrx_word' id='word_1_274' title='bbox 444 2001 564 2040; x_wconf 89' lang='lat' dir='ltr'><strong>esse</strong></span> <span class='ocrx_word' id='word_1_275' title='bbox 593 2000 678 2038; x_wconf 91' lang='lat' dir='ltr'><strong>me</strong></span> <span class='ocrx_word' id='word_1_276' title='bbox 701 1998 941 2053; x_wconf 89' lang='lat' dir='ltr'><strong>parcum,</strong></span> <span class='ocrx_word' id='word_1_277' title='bbox 968 1982 1061 2036; x_wconf 85' lang='lat' dir='ltr'><strong>sed</strong></span> <span class='ocrx_word' id='word_1_278' title='bbox 1091 1980 1208 2036; x_wconf 86' lang='lat' dir='ltr'><strong>fore</strong></span> <span class='ocrx_word' id='word_1_279' title='bbox 1234 1981 1286 2033; x_wconf 93' lang='lat' dir='ltr'><strong>in</strong></span> <span class='ocrx_word' id='word_1_280' title='bbox 1315 1977 1531 2048; x_wconf 81' lang='lat' dir='ltr'><strong>agendis</strong></span> <span class='ocrx_word' id='word_1_281' title='bbox 1556 1985 1676 2044; x_wconf 90' lang='lat' dir='ltr'><strong>post</strong></span> <span class='ocrx_word' id='word_1_282' title='bbox 1777 1976 2122 2042; x_wconf 86' lang='lat' dir='ltr'><strong>promovendt</strong></span> <span class='ocrx_word' id='word_1_283' title='bbox 2144 2017 2159 2039; x_wconf 88' lang='lat'><strong>,</strong></span> <span class='ocrx_word' id='word_1_284' title='bbox 2202 1975 2340 2027; x_wconf 85' lang='lat' dir='ltr'><strong>seire</strong></span> <span class='ocrx_word' id='word_1_285' title='bbox 2383 1988 2467 2027; x_wconf 87' lang='lat' dir='ltr'><strong>me</strong></span> <span class='ocrx_word' id='word_1_286' title='bbox 2497 1973 2682 2035; x_wconf 87' lang='lat' dir='ltr'><strong>facito,</strong></span> <span class='ocrx_word' id='word_1_287' title='bbox 2715 1983 2772 2026; x_wconf 91' lang='lat' dir='ltr'><strong>ut</strong></span> <span class='ocrx_word' id='word_1_288' title='bbox 2802 1984 2853 2028; x_wconf 85' lang='lat' dir='ltr'><strong>te</strong></span> <span class='ocrx_word' id='word_1_289' title='bbox 2893 1974 3154 2042; x_wconf 87' lang='lat' dir='ltr'><strong>paulisper</strong></span> <span class='ocrx_word' id='word_1_290' title='bbox 3181 1990 3343 2044; x_wconf 83' lang='lat' dir='ltr'><strong>oppe-</strong></span> 
     </span>
    </p>
   </div>
   <div class='ocr_carea' id='block_1_23' title="bbox 152 2064 3343 2146">
    <p class='ocr_par' dir='ltr' id='par_1_23' title="bbox 152 2064 3343 2146">
     <span class='ocr_line' id='line_1_23' title="bbox 152 2064 3343 2146; baseline -0.004 -15"><span class='ocrx_word' id='word_1_291' title='bbox 152 2081 532 2146; x_wconf 68' lang='lat' dir='ltr'><strong>iinpetrationem</strong></span> <span class='ocrx_word' id='word_1_292' title='bbox 563 2077 748 2144; x_wconf 86' lang='lat' dir='ltr'><strong>gratiis</strong></span> <span class='ocrx_word' id='word_1_293' title='bbox 776 2074 1069 2142; x_wconf 92' lang='lat' dir='ltr'><strong>copiosum.</strong></span> <span class='ocrx_word' id='word_1_294' title='bbox 1107 2071 1255 2125; x_wconf 83' lang='lat' dir='ltr'><strong>Vale.</strong></span> <span class='ocrx_word' id='word_1_295' title='bbox 1777 2065 1914 2127; x_wconf 89' lang='lat' dir='ltr'><strong>riar;</strong></span> <span class='ocrx_word' id='word_1_296' title='bbox 1963 2074 2052 2117; x_wconf 90' lang='lat' dir='ltr'><strong>aut</strong></span> <span class='ocrx_word' id='word_1_297' title='bbox 2101 2066 2143 2117; x_wconf 87' lang='lat' dir='ltr'><strong>si</strong></span> <span class='ocrx_word' id='word_1_298' title='bbox 2195 2065 2512 2132; x_wconf 90' lang='lat' dir='ltr'><strong>promissum</strong></span> <span class='ocrx_word' id='word_1_299' title='bbox 2563 2064 2732 2131; x_wconf 89' lang='lat' dir='ltr'><strong>major</strong></span> <span class='ocrx_word' id='word_1_300' title='bbox 2777 2079 2934 2117; x_wconf 89' lang='lat' dir='ltr'><strong>causa</strong></span> <span class='ocrx_word' id='word_1_301' title='bbox 2983 2066 3241 2130; x_wconf 85' lang='lat' dir='ltr'><strong>mutabit,</strong></span> <span class='ocrx_word' id='word_1_302' title='bbox 3291 2066 3343 2119; x_wconf 94' lang='lat' dir='ltr'><strong>id</strong></span> 
     </span>
    </p>
   </div>
   <div class='ocr_carea' id='block_1_24' title="bbox 676 2155 3344 2224">
    <p class='ocr_par' dir='ltr' id='par_1_24' title="bbox 676 2155 3344 2224">
     <span class='ocr_line' id='line_1_24' title="bbox 676 2155 3344 2224; baseline -0.003 -7"><span class='ocrx_word' id='word_1_303' title='bbox 676 2163 886 2218; x_wconf 79' lang='lat' dir='ltr'><strong>EPIST.</strong></span> <span class='ocrx_word' id='word_1_304' title='bbox 925 2161 1109 2215; x_wconf 85' lang='lat' dir='ltr'><strong>XXVI.</strong></span> <span class='ocrx_word' id='word_1_305' title='bbox 1778 2159 1947 2224; x_wconf 85' lang='lat' dir='ltr'><strong>ipsum</strong></span> <span class='ocrx_word' id='word_1_306' title='bbox 1983 2156 2183 2208; x_wconf 70' lang='lat' dir='ltr'><strong>notitia:</strong></span> <span class='ocrx_word' id='word_1_307' title='bbox 2226 2170 2357 2208; x_wconf 75' lang='lat' dir='ltr'><strong>mea:</strong></span> <span class='ocrx_word' id='word_1_308' title='bbox 2389 2155 2625 2220; x_wconf 75' lang='lat' dir='ltr'><strong>protinus</strong></span> <span class='ocrx_word' id='word_1_309' title='bbox 2669 2155 2866 2221; x_wconf 88' lang='lat' dir='ltr'><strong>pande,</strong></span> <span class='ocrx_word' id='word_1_310' title='bbox 2903 2165 2958 2207; x_wconf 93' lang='lat' dir='ltr'><strong>ut</strong></span> <span class='ocrx_word' id='word_1_311' title='bbox 2996 2155 3344 2224; x_wconf 83' lang='lat' dir='ltr'><strong>Symmachus</strong></span> 
     </span>
    </p>
   </div>
   <div class='ocr_carea' id='block_1_25' title="bbox 600 2242 3344 2314">
    <p class='ocr_par' dir='ltr' id='par_1_25' title="bbox 600 2242 3344 2314">
     <span class='ocr_line' id='line_1_25' title="bbox 600 2242 3344 2314; baseline -0.004 -4"><span class='ocrx_word' id='word_1_312' title='bbox 600 2271 904 2311; x_wconf 64' lang='lat' dir='ltr'><strong>SYIISIACEIYS</strong></span> <span class='ocrx_word' id='word_1_313' title='bbox 942 2267 1185 2307; x_wconf 71' lang='lat' dir='ltr'><strong>VALERIO.</strong></span> <span class='ocrx_word' id='word_1_314' title='bbox 1779 2253 1961 2298; x_wconf 77' lang='lat' dir='ltr'><strong>noster</strong></span> <span class='ocrx_word' id='word_1_315' title='bbox 1988 2245 2075 2297; x_wconf 89' lang='lat' dir='ltr'><strong>diu</strong></span> <span class='ocrx_word' id='word_1_316' title='bbox 2108 2245 2157 2296; x_wconf 93' lang='lat' dir='ltr'><strong>in</strong></span> <span class='ocrx_word' id='word_1_317' title='bbox 2201 2242 2498 2296; x_wconf 82' lang='lat' dir='ltr'><strong>Formianis</strong></span> <span class='ocrx_word' id='word_1_318' title='bbox 2540 2244 2805 2296; x_wconf 75' lang='lat' dir='ltr'><strong>littoribus</strong></span> <span class='ocrx_word' id='word_1_319' title='bbox 2850 2247 3074 2308; x_wconf 89' lang='lat' dir='ltr'><strong>otiatus,</strong></span> <span class='ocrx_word' id='word_1_320' title='bbox 3124 2251 3344 2314; x_wconf 55' lang='lat' dir='ltr'><strong>ptopere</strong></span> 
     </span>
    </p>
   </div>
   <div class='ocr_carea' id='block_1_26' title="bbox 211 2333 2807 2415">
    <p class='ocr_par' dir='ltr' id='par_1_26' title="bbox 211 2333 2807 2415">
     <span class='ocr_line' id='line_1_26' title="bbox 211 2333 2807 2415; baseline -0.009 -9"><span class='ocrx_word' id='word_1_321' title='bbox 211 2352 591 2406; x_wconf 81' lang='lat' dir='ltr'><strong>.‘ovatanimum</strong></span> <span class='ocrx_word' id='word_1_322' title='bbox 634 2363 830 2410; x_wconf 91' lang='lat' dir='ltr'><strong>meum,</strong></span> <span class='ocrx_word' id='word_1_323' title='bbox 862 2345 1002 2415; x_wconf 88' lang='lat' dir='ltr'><strong>quod</strong></span> <span class='ocrx_word' id='word_1_324' title='bbox 1037 2358 1179 2412; x_wconf 73' lang='lat' dir='ltr'><strong>saepe</strong></span> <span class='ocrx_word' id='word_1_325' title='bbox 1205 2341 1332 2396; x_wconf 86' lang='lat' dir='ltr'><strong>vitio</strong></span> <span class='ocrx_word' id='word_1_326' title='bbox 1361 2342 1524 2396; x_wconf 81' lang='lat' dir='ltr'><strong>vertis</strong></span> <span class='ocrx_word' id='word_1_327' title='bbox 1544 2341 1674 2415; x_wconf 81' lang='lat' dir='ltr'><strong>scri-</strong></span> <span class='ocrx_word' id='word_1_328' title='bbox 1780 2348 1986 2387; x_wconf 91' lang='lat' dir='ltr'><strong>mecum</strong></span> <span class='ocrx_word' id='word_1_329' title='bbox 2019 2335 2082 2386; x_wconf 88' lang='lat' dir='ltr'><strong>ad</strong></span> <span class='ocrx_word' id='word_1_330' title='bbox 2113 2333 2286 2387; x_wconf 84' lang='lat' dir='ltr'><strong>studia</strong></span> <span class='ocrx_word' id='word_1_331' title='bbox 2321 2343 2634 2387; x_wconf 84' lang='lat' dir='ltr'><strong>revertatur.</strong></span> <span class='ocrx_word' id='word_1_332' title='bbox 2663 2333 2807 2386; x_wconf 85' lang='lat' dir='ltr'><strong>Vale.</strong></span> 
     </span>
    </p>
   </div>
   <div class='ocr_carea' id='block_1_27' title="bbox 152 2411 2781 2508">
    <p class='ocr_par' dir='ltr' id='par_1_27' title="bbox 152 2411 2781 2508">
     <span class='ocr_line' id='line_1_27' title="bbox 152 2411 2781 2508; baseline -0.007 -14"><span class='ocrx_word' id='word_1_333' title='bbox 152 2442 288 2495; x_wconf 81' lang='lat' dir='ltr'><strong>bendi</strong></span> <span class='ocrx_word' id='word_1_334' title='bbox 314 2444 373 2493; x_wconf 90' lang='lat' dir='ltr'><strong>ad</strong></span> <span class='ocrx_word' id='word_1_335' title='bbox 411 2453 460 2494; x_wconf 89' lang='lat' dir='ltr'><strong>te</strong></span> <span class='ocrx_word' id='word_1_336' title='bbox 502 2411 897 2508; x_wconf 67' lang='lat' dir='ltr'><strong>negligentiam.</strong></span> <span class='ocrx_word' id='word_1_337' title='bbox 942 2411 1155 2489; x_wconf 88' lang='lat' dir='ltr'><strong>Amoris</strong></span> <span class='ocrx_word' id='word_1_338' title='bbox 1183 2434 1325 2487; x_wconf 89' lang='lat' dir='ltr'><strong>enim</strong></span> <span class='ocrx_word' id='word_1_339' title='bbox 1366 2433 1440 2485; x_wconf 91' lang='lat' dir='ltr'><strong>tui</strong></span> <span class='ocrx_word' id='word_1_340' title='bbox 1470 2411 1676 2500; x_wconf 68' lang='lat' dir='ltr'><strong>signum</strong></span> <span class='ocrx_word' id='word_1_341' title='bbox 2362 2425 2572 2477; x_wconf 83' lang='lat' dir='ltr'><strong>EPIST.</strong></span> <span class='ocrx_word' id='word_1_342' title='bbox 2619 2424 2781 2476; x_wconf 83' lang='lat' dir='ltr'><strong>XXX.</strong></span> 
     </span>
    </p>
   </div>
   <div class='ocr_carea' id='block_1_28' title="bbox 151 2519 2819 2596">
    <p class='ocr_par' dir='ltr' id='par_1_28' title="bbox 151 2519 2819 2596">
     <span class='ocr_line' id='line_1_28' title="bbox 151 2519 2819 2596; baseline -0.006 -11"><span class='ocrx_word' id='word_1_343' title='bbox 151 2542 242 2594; x_wconf 59' lang='lat' dir='ltr'><strong>est,</strong></span> <span class='ocrx_word' id='word_1_344' title='bbox 271 2533 482 2584; x_wconf 68' lang='lat' dir='ltr'><strong>vicissim</strong></span> <span class='ocrx_word' id='word_1_345' title='bbox 514 2528 838 2590; x_wconf 86' lang='lat' dir='ltr'><strong>desiderare,</strong></span> <span class='ocrx_word' id='word_1_346' title='bbox 869 2541 986 2594; x_wconf 68' lang='lat' dir='ltr'><strong>quae</strong></span> <span class='ocrx_word' id='word_1_347' title='bbox 1013 2532 1230 2593; x_wconf 63' lang='lat' dir='ltr'><strong>praestas</strong></span> <span class='ocrx_word' id='word_1_348' title='bbox 1259 2539 1273 2575; x_wconf 90' lang='lat'><strong>:</strong></span> <span class='ocrx_word' id='word_1_349' title='bbox 1300 2531 1549 2596; x_wconf 2' lang='lat' dir='ltr'><strong>etgtamen</strong></span> <span class='ocrx_word' id='word_1_350' title='bbox 1571 2519 1680 2573; x_wconf 90' lang='lat' dir='ltr'><strong>dis-</strong></span> <span class='ocrx_word' id='word_1_351' title='bbox 2303 2533 2604 2572; x_wconf 71' lang='lat' dir='ltr'><strong>svumcnus</strong></span> <span class='ocrx_word' id='word_1_352' title='bbox 2646 2534 2819 2572; x_wconf 68' lang='lat' dir='ltr'><strong>LEONI.</strong></span> 
     </span>
    </p>
   </div>
   <div class='ocr_carea' id='block_1_29' title="bbox 152 2611 3346 2683">
    <p class='ocr_par' dir='ltr' id='par_1_29' title="bbox 152 2611 3346 2683">
     <span class='ocr_line' id='line_1_29' title="bbox 152 2611 3346 2683; baseline -0.001 -7"><span class='ocrx_word' id='word_1_353' title='bbox 152 2624 538 2677; x_wconf 82' lang='lat' dir='ltr'><strong>sitnulandi......</strong></span> <span class='ocrx_word' id='word_1_354' title='bbox 583 2620 866 2674; x_wconf 87' lang='lat' dir='ltr'><strong>destinatio</strong></span> <span class='ocrx_word' id='word_1_355' title='bbox 913 2630 998 2670; x_wconf 88' lang='lat' dir='ltr'><strong>tua</strong></span> <span class='ocrx_word' id='word_1_356' title='bbox 1038 2626 1275 2673; x_wconf 83' lang='lat' dir='ltr'><strong>voverat.</strong></span> <span class='ocrx_word' id='word_1_357' title='bbox 1333 2613 1681 2669; x_wconf 79' lang='lat' dir='ltr'><strong>Contristavit</strong></span> <span class='ocrx_word' id='word_1_358' title='bbox 1851 2613 1990 2680; x_wconf 89' lang='lat' dir='ltr'><strong>Opto</strong></span> <span class='ocrx_word' id='word_1_359' title='bbox 2020 2611 2231 2682; x_wconf 90' lang='lat' dir='ltr'><strong>quidem</strong></span> <span class='ocrx_word' id='word_1_360' title='bbox 2266 2621 2316 2667; x_wconf 91' lang='lat' dir='ltr'><strong>te</strong></span> <span class='ocrx_word' id='word_1_361' title='bbox 2347 2613 2401 2666; x_wconf 90' lang='lat' dir='ltr'><strong>in</strong></span> <span class='ocrx_word' id='word_1_362' title='bbox 2433 2623 2634 2666; x_wconf 91' lang='lat' dir='ltr'><strong>tantum</strong></span> <span class='ocrx_word' id='word_1_363' title='bbox 2665 2613 2831 2682; x_wconf 89' lang='lat' dir='ltr'><strong>copiis</strong></span> <span class='ocrx_word' id='word_1_364' title='bbox 2862 2617 3094 2683; x_wconf 62' lang='lat' dir='ltr'><strong>pecunia:</strong></span> <span class='ocrx_word' id='word_1_365' title='bbox 3123 2621 3346 2673; x_wconf 86' lang='lat' dir='ltr'><strong>familia-</strong></span> 
     </span>
    </p>
   </div>
   <div class='ocr_carea' id='block_1_30' title="bbox 155 2701 3347 2776">
    <p class='ocr_par' dir='ltr' id='par_1_30' title="bbox 155 2701 3347 2776">
     <span class='ocr_line' id='line_1_30' title="bbox 155 2701 3347 2776; baseline -0.002 -10"><span class='ocrx_word' id='word_1_366' title='bbox 155 2732 231 2767; x_wconf 90' lang='lat' dir='ltr'><strong>me</strong></span> <span class='ocrx_word' id='word_1_367' title='bbox 257 2715 422 2776; x_wconf 70' lang='lat' dir='ltr'><strong>fateor,</strong></span> <span class='ocrx_word' id='word_1_368' title='bbox 454 2727 552 2766; x_wconf 90' lang='lat' dir='ltr'><strong>nec</strong></span> <span class='ocrx_word' id='word_1_369' title='bbox 581 2711 672 2763; x_wconf 88' lang='lat' dir='ltr'><strong>tibi</strong></span> <span class='ocrx_word' id='word_1_370' title='bbox 706 2707 1051 2771; x_wconf 86' lang='lat' dir='ltr'><strong>conveniens,</strong></span> <span class='ocrx_word' id='word_1_371' title='bbox 1080 2719 1179 2760; x_wconf 89' lang='lat' dir='ltr'><strong>nec</strong></span> <span class='ocrx_word' id='word_1_372' title='bbox 1205 2705 1332 2758; x_wconf 90' lang='lat' dir='ltr'><strong>mihi</strong></span> <span class='ocrx_word' id='word_1_373' title='bbox 1363 2712 1572 2771; x_wconf 85' lang='lat' dir='ltr'><strong>sperata</strong></span> <span class='ocrx_word' id='word_1_374' title='bbox 1595 2704 1680 2771; x_wconf 87' lang='lat' dir='ltr'><strong>ja-</strong></span> <span class='ocrx_word' id='word_1_375' title='bbox 1782 2702 1856 2757; x_wconf 90' lang='lat' dir='ltr'><strong>ris</strong></span> <span class='ocrx_word' id='word_1_376' title='bbox 1885 2701 2105 2757; x_wconf 87' lang='lat' dir='ltr'><strong>affluere</strong></span> <span class='ocrx_word' id='word_1_377' title='bbox 2126 2743 2140 2766; x_wconf 93' lang='lat'><strong>,</strong></span> <span class='ocrx_word' id='word_1_378' title='bbox 2169 2712 2224 2755; x_wconf 93' lang='lat' dir='ltr'><strong>ut</strong></span> <span class='ocrx_word' id='word_1_379' title='bbox 2255 2704 2426 2770; x_wconf 85' lang='lat' dir='ltr'><strong>possis</strong></span> <span class='ocrx_word' id='word_1_380' title='bbox 2447 2704 2620 2770; x_wconf 91' lang='lat' dir='ltr'><strong>opima</strong></span> <span class='ocrx_word' id='word_1_381' title='bbox 2650 2705 2846 2770; x_wconf 69' lang='lat' dir='ltr'><strong>praedia</strong></span> <span class='ocrx_word' id='word_1_382' title='bbox 2883 2720 3209 2775; x_wconf 85' lang='lat' dir='ltr'><strong>comparare.</strong></span> <span class='ocrx_word' id='word_1_383' title='bbox 3243 2709 3347 2763; x_wconf 88' lang='lat' dir='ltr'><strong>Sed</strong></span> 
     </span>
    </p>
   </div>
   <div class='ocr_carea' id='block_1_31' title="bbox 155 2795 3348 2868">
    <p class='ocr_par' dir='ltr' id='par_1_31' title="bbox 155 2795 3348 2868">
     <span class='ocr_line' id='line_1_31' title="bbox 155 2795 3348 2868; baseline -0.002 -10"><span class='ocrx_word' id='word_1_384' title='bbox 155 2808 296 2860; x_wconf 78' lang='lat' dir='ltr'><strong>elatio</strong></span> <span class='ocrx_word' id='word_1_385' title='bbox 333 2806 453 2859; x_wconf 91' lang='lat' dir='ltr'><strong>irriti</strong></span> <span class='ocrx_word' id='word_1_386' title='bbox 498 2803 760 2859; x_wconf 87' lang='lat' dir='ltr'><strong>beneficii.</strong></span> <span class='ocrx_word' id='word_1_387' title='bbox 809 2799 884 2854; x_wconf 78' lang='lat' dir='ltr'><strong>Ne</strong></span> <span class='ocrx_word' id='word_1_388' title='bbox 911 2798 1036 2868; x_wconf 90' lang='lat' dir='ltr'><strong>quid</strong></span> <span class='ocrx_word' id='word_1_389' title='bbox 1072 2798 1230 2862; x_wconf 78' lang='lat' dir='ltr'><strong>igitur</strong></span> <span class='ocrx_word' id='word_1_390' title='bbox 1266 2797 1490 2864; x_wconf 86' lang='lat' dir='ltr'><strong>ingenua</strong></span> <span class='ocrx_word' id='word_1_391' title='bbox 1527 2809 1680 2848; x_wconf 85' lang='lat' dir='ltr'><strong>vere-</strong></span> <span class='ocrx_word' id='word_1_392' title='bbox 1785 2795 1998 2848; x_wconf 89' lang='lat' dir='ltr'><strong>mallem</strong></span> <span class='ocrx_word' id='word_1_393' title='bbox 2031 2803 2081 2848; x_wconf 92' lang='lat' dir='ltr'><strong>te</strong></span> <span class='ocrx_word' id='word_1_394' title='bbox 2110 2795 2225 2847; x_wconf 88' lang='lat' dir='ltr'><strong>sine</strong></span> <span class='ocrx_word' id='word_1_395' title='bbox 2253 2795 2542 2848; x_wconf 87' lang='lat' dir='ltr'><strong>amicorum</strong></span> <span class='ocrx_word' id='word_1_396' title='bbox 2575 2809 2710 2848; x_wconf 81' lang='lat' dir='ltr'><strong>noxa</strong></span> <span class='ocrx_word' id='word_1_397' title='bbox 2737 2807 2892 2862; x_wconf 86' lang='lat' dir='ltr'><strong>atque</strong></span> <span class='ocrx_word' id='word_1_398' title='bbox 2920 2799 3107 2864; x_wconf 81' lang='lat' dir='ltr'><strong>injuria</strong></span> <span class='ocrx_word' id='word_1_399' title='bbox 3141 2800 3348 2852; x_wconf 85' lang='lat' dir='ltr'><strong>oculum</strong></span> 
     </span>
    </p>
   </div>
   <div class='ocr_carea' id='block_1_32' title="bbox 155 2872 3350 2962">
    <p class='ocr_par' dir='ltr' id='par_1_32' title="bbox 155 2872 3350 2962">
     <span class='ocr_line' id='line_1_32' title="bbox 155 2872 3350 2962; baseline 0 -18"><span class='ocrx_word' id='word_1_400' title='bbox 155 2897 322 2949; x_wconf 83' lang='lat' dir='ltr'><strong>rnndia</strong></span> <span class='ocrx_word' id='word_1_401' title='bbox 359 2895 526 2950; x_wconf 89' lang='lat' dir='ltr'><strong>simile</strong></span> <span class='ocrx_word' id='word_1_402' title='bbox 565 2892 909 2956; x_wconf 84' lang='lat' dir='ltr'><strong>rescriberet,</strong></span> <span class='ocrx_word' id='word_1_403' title='bbox 964 2888 1123 2943; x_wconf 91' lang='lat' dir='ltr'><strong>malui</strong></span> <span class='ocrx_word' id='word_1_404' title='bbox 1162 2902 1400 2955; x_wconf 81' lang='lat' dir='ltr'><strong>premere</strong></span> <span class='ocrx_word' id='word_1_405' title='bbox 1440 2894 1679 2940; x_wconf 89' lang='lat' dir='ltr'><strong>mutuum</strong></span> <span class='ocrx_word' id='word_1_406' title='bbox 1708 2872 1754 2934; x_wconf 86' lang='lat' dir='ltr'><strong><em>C</em></strong></span> <span class='ocrx_word' id='word_1_407' title='bbox 1786 2901 1845 2940; x_wconf 91' lang='lat' dir='ltr'><strong>ac</strong></span> <span class='ocrx_word' id='word_1_408' title='bbox 1872 2886 2191 2940; x_wconf 89' lang='lat' dir='ltr'><strong>desiderium</strong></span> <span class='ocrx_word' id='word_1_409' title='bbox 2216 2887 2369 2941; x_wconf 89' lang='lat' dir='ltr'><strong>novis</strong></span> <span class='ocrx_word' id='word_1_410' title='bbox 2386 2888 2742 2956; x_wconf 71' lang='lat' dir='ltr'><strong>emptionibus</strong></span> <span class='ocrx_word' id='word_1_411' title='bbox 2764 2888 3070 2944; x_wconf 85' lang='lat' dir='ltr'><strong>admovere.</strong></span> <span class='ocrx_word' id='word_1_412' title='bbox 3097 2891 3223 2945; x_wconf 84' lang='lat' dir='ltr'><strong>Nam</strong></span> <span class='ocrx_word' id='word_1_413' title='bbox 3251 2908 3350 2962; x_wconf 85' lang='lat' dir='ltr'><strong>ego</strong></span> 
     </span>
    </p>
   </div>
   <div class='ocr_carea' id='block_1_33' title="bbox 156 2977 3353 3047">
    <p class='ocr_par' dir='ltr' id='par_1_33' title="bbox 156 2977 3353 3047">
     <span class='ocr_line' id='line_1_33' title="bbox 156 2977 3353 3047; baseline -0.001 -10"><span class='ocrx_word' id='word_1_414' title='bbox 156 2987 388 3040; x_wconf 54' lang='lat' dir='ltr'><strong>(lnloiem.</strong></span> <span class='ocrx_word' id='word_1_415' title='bbox 431 2986 558 3038; x_wconf 76' lang='lat' dir='ltr'><strong>Nam</strong></span> <span class='ocrx_word' id='word_1_416' title='bbox 612 2984 748 3036; x_wconf 89' lang='lat' dir='ltr'><strong>inter</strong></span> <span class='ocrx_word' id='word_1_417' title='bbox 793 2982 1042 3035; x_wconf 81' lang='lat' dir='ltr'><strong>absentes</strong></span> <span class='ocrx_word' id='word_1_418' title='bbox 1090 2981 1290 3034; x_wconf 85' lang='lat' dir='ltr'><strong>alterna</strong></span> <span class='ocrx_word' id='word_1_419' title='bbox 1338 2980 1679 3047; x_wconf 77' lang='lat' dir='ltr'><strong>epistolarnm</strong></span> <span class='ocrx_word' id='word_1_420' title='bbox 1787 2977 2277 3031; x_wconf 80' lang='lat' dir='ltr'><strong>Postumianensem</strong></span> <span class='ocrx_word' id='word_1_421' title='bbox 2307 2992 2420 3031; x_wconf 84' lang='lat' dir='ltr'><strong>rem</strong></span> <span class='ocrx_word' id='word_1_422' title='bbox 2444 2977 2564 3046; x_wconf 84' lang='lat' dir='ltr'><strong>jure</strong></span> <span class='ocrx_word' id='word_1_423' title='bbox 2588 2980 2788 3046; x_wconf 91' lang='lat' dir='ltr'><strong>optimo</strong></span> <span class='ocrx_word' id='word_1_424' title='bbox 2813 2981 2926 3033; x_wconf 91' lang='lat' dir='ltr'><strong>sine</strong></span> <span class='ocrx_word' id='word_1_425' title='bbox 2955 2980 3059 3032; x_wconf 89' lang='lat' dir='ltr'><strong>ulla</strong></span> <span class='ocrx_word' id='word_1_426' title='bbox 3087 2984 3353 3036; x_wconf 84' lang='lat' dir='ltr'><strong>mentione</strong></span> 
     </span>
    </p>
   </div>
   <div class='ocr_carea' id='block_1_34' title="bbox 155 3069 3351 3142">
    <p class='ocr_par' dir='ltr' id='par_1_34' title="bbox 155 3069 3351 3142">
     <span class='ocr_line' id='line_1_34' title="bbox 155 3069 3351 3142; baseline 0 -17"><span class='ocrx_word' id='word_1_427' title='bbox 155 3076 411 3129; x_wconf 73' lang='lat' dir='ltr'><strong>deri-riatin</strong></span> <span class='ocrx_word' id='word_1_428' title='bbox 439 3075 752 3142; x_wconf 89' lang='lat' dir='ltr'><strong>plerumque</strong></span> <span class='ocrx_word' id='word_1_429' title='bbox 791 3071 857 3125; x_wconf 91' lang='lat' dir='ltr'><strong>ad</strong></span> <span class='ocrx_word' id='word_1_430' title='bbox 900 3070 1020 3123; x_wconf 88' lang='lat' dir='ltr'><strong>odia</strong></span> <span class='ocrx_word' id='word_1_431' title='bbox 1050 3069 1308 3138; x_wconf 88' lang='lat' dir='ltr'><strong>procedit.</strong></span> <span class='ocrx_word' id='word_1_432' title='bbox 1342 3069 1489 3121; x_wconf 81' lang='lat' dir='ltr'><strong>Nunc</strong></span> <span class='ocrx_word' id='word_1_433' title='bbox 1522 3069 1683 3121; x_wconf 91' lang='lat' dir='ltr'><strong>redeo</strong></span> <span class='ocrx_word' id='word_1_434' title='bbox 1784 3069 2037 3121; x_wconf 88' lang='lat' dir='ltr'><strong>consortii</strong></span> <span class='ocrx_word' id='word_1_435' title='bbox 2070 3070 2141 3121; x_wconf 92' lang='lat' dir='ltr'><strong>tui</strong></span> <span class='ocrx_word' id='word_1_436' title='bbox 2185 3069 2252 3122; x_wconf 92' lang='lat' dir='ltr'><strong>ab</strong></span> <span class='ocrx_word' id='word_1_437' title='bbox 2291 3069 2662 3137; x_wconf 90' lang='lat' dir='ltr'><strong>antiquissimo</strong></span> <span class='ocrx_word' id='word_1_438' title='bbox 2699 3084 3007 3137; x_wconf 86' lang='lat' dir='ltr'><strong>possessore</strong></span> <span class='ocrx_word' id='word_1_439' title='bbox 3052 3083 3351 3135; x_wconf 81' lang='lat' dir='ltr'><strong>mercatus;</strong></span> 
     </span>
    </p>
   </div>
   <div class='ocr_carea' id='block_1_35' title="bbox 158 3157 3355 3234">
    <p class='ocr_par' dir='ltr' id='par_1_35' title="bbox 158 3157 3355 3234">
     <span class='ocr_line' id='line_1_35' title="bbox 158 3157 3355 3234; baseline 0.001 -18"><span class='ocrx_word' id='word_1_440' title='bbox 158 3167 202 3216; x_wconf 85' lang='lat' dir='ltr'><strong>iu</strong></span> <span class='ocrx_word' id='word_1_441' title='bbox 232 3180 364 3217; x_wconf 85' lang='lat' dir='ltr'><strong>usum</strong></span> <span class='ocrx_word' id='word_1_442' title='bbox 389 3164 506 3233; x_wconf 84' lang='lat' dir='ltr'><strong>styli</strong></span> <span class='ocrx_word' id='word_1_443' title='bbox 534 3162 809 3230; x_wconf 88' lang='lat' dir='ltr'><strong>simplicis,</strong></span> <span class='ocrx_word' id='word_1_444' title='bbox 858 3168 1036 3228; x_wconf 87' lang='lat' dir='ltr'><strong>gratus</strong></span> <span class='ocrx_word' id='word_1_445' title='bbox 1078 3157 1242 3227; x_wconf 88' lang='lat' dir='ltr'><strong>magis</strong></span> <span class='ocrx_word' id='word_1_446' title='bbox 1268 3157 1523 3211; x_wconf 80' lang='lat' dir='ltr'><strong>voluntati</strong></span> <span class='ocrx_word' id='word_1_447' title='bbox 1555 3167 1679 3221; x_wconf 66' lang='lat' dir='ltr'><strong>tuas,</strong></span> <span class='ocrx_word' id='word_1_448' title='bbox 1788 3174 1926 3212; x_wconf 90' lang='lat' dir='ltr'><strong>nunc</strong></span> <span class='ocrx_word' id='word_1_449' title='bbox 1959 3160 2183 3226; x_wconf 88' lang='lat' dir='ltr'><strong>primttm</strong></span> <span class='ocrx_word' id='word_1_450' title='bbox 2225 3169 2310 3213; x_wconf 89' lang='lat' dir='ltr'><strong>tua</strong></span> <span class='ocrx_word' id='word_1_451' title='bbox 2359 3160 2722 3214; x_wconf 88' lang='lat' dir='ltr'><strong>admonitione</strong></span> <span class='ocrx_word' id='word_1_452' title='bbox 2750 3163 3058 3226; x_wconf 85' lang='lat' dir='ltr'><strong>convenior,</strong></span> <span class='ocrx_word' id='word_1_453' title='bbox 3103 3173 3158 3217; x_wconf 92' lang='lat' dir='ltr'><strong>ut</strong></span> <span class='ocrx_word' id='word_1_454' title='bbox 3192 3180 3355 3234; x_wconf 88' lang='lat' dir='ltr'><strong>prope</strong></span> 
     </span>
    </p>
   </div>
   <div class='ocr_carea' id='block_1_36' title="bbox 157 3248 3354 3325">
    <p class='ocr_par' dir='ltr' id='par_1_36' title="bbox 157 3248 3354 3325">
     <span class='ocr_line' id='line_1_36' title="bbox 157 3248 3354 3325; baseline 0.003 -22"><span class='ocrx_word' id='word_1_455' title='bbox 157 3271 295 3319; x_wconf 82' lang='lat' dir='ltr'><strong>quam</strong></span> <span class='ocrx_word' id='word_1_456' title='bbox 339 3270 451 3308; x_wconf 87' lang='lat' dir='ltr'><strong>reus</strong></span> <span class='ocrx_word' id='word_1_457' title='bbox 492 3254 660 3307; x_wconf 90' lang='lat' dir='ltr'><strong>casui.</strong></span> <span class='ocrx_word' id='word_1_458' title='bbox 709 3253 786 3305; x_wconf 89' lang='lat' dir='ltr'><strong>Te</strong></span> <span class='ocrx_word' id='word_1_459' title='bbox 834 3266 931 3305; x_wconf 91' lang='lat' dir='ltr'><strong>oro</strong></span> <span class='ocrx_word' id='word_1_460' title='bbox 975 3252 1086 3318; x_wconf 87' lang='lat' dir='ltr'><strong>jam</strong></span> <span class='ocrx_word' id='word_1_461' title='bbox 1131 3249 1346 3303; x_wconf 66' lang='lat' dir='ltr'><strong>desinas</strong></span> <span class='ocrx_word' id='word_1_462' title='bbox 1396 3248 1681 3302; x_wconf 85' lang='lat' dir='ltr'><strong>amicitiam</strong></span> <span class='ocrx_word' id='word_1_463' title='bbox 1783 3250 1891 3316; x_wconf 90' lang='lat' dir='ltr'><strong>jam</strong></span> <span class='ocrx_word' id='word_1_464' title='bbox 1923 3252 2211 3306; x_wconf 87' lang='lat' dir='ltr'><strong>inveterata</strong></span> <span class='ocrx_word' id='word_1_465' title='bbox 2244 3255 2577 3321; x_wconf 83' lang='lat' dir='ltr'><strong>possessione</strong></span> <span class='ocrx_word' id='word_1_466' title='bbox 2616 3252 2890 3308; x_wconf 88' lang='lat' dir='ltr'><strong>decedam.</strong></span> <span class='ocrx_word' id='word_1_467' title='bbox 2925 3255 3087 3323; x_wconf 88' lang='lat' dir='ltr'><strong>Cujus</strong></span> <span class='ocrx_word' id='word_1_468' title='bbox 3131 3258 3354 3325; x_wconf 88' lang='lat' dir='ltr'><strong>pretium</strong></span> 
     </span>
    </p>
   </div>
   <div class='ocr_carea' id='block_1_37' title="bbox 159 3340 3358 3414">
    <p class='ocr_par' dir='ltr' id='par_1_37' title="bbox 159 3340 3358 3414">
     <span class='ocr_line' id='line_1_37' title="bbox 159 3340 3358 3414; baseline 0.002 -16"><span class='ocrx_word' id='word_1_469' title='bbox 159 3363 336 3408; x_wconf 84' lang='lat' dir='ltr'><strong>meam,</strong></span> <span class='ocrx_word' id='word_1_470' title='bbox 379 3362 490 3414; x_wconf 67' lang='lat' dir='ltr'><strong>qua:</strong></span> <span class='ocrx_word' id='word_1_471' title='bbox 537 3344 665 3397; x_wconf 83' lang='lat' dir='ltr'><strong>nihil</strong></span> <span class='ocrx_word' id='word_1_472' title='bbox 712 3343 801 3395; x_wconf 90' lang='lat' dir='ltr'><strong>tibi</strong></span> <span class='ocrx_word' id='word_1_473' title='bbox 836 3341 1085 3395; x_wconf 81' lang='lat' dir='ltr'><strong>indixerit</strong></span> <span class='ocrx_word' id='word_1_474' title='bbox 1127 3341 1324 3402; x_wconf 78' lang='lat' dir='ltr'><strong>oneris,</strong></span> <span class='ocrx_word' id='word_1_475' title='bbox 1375 3340 1682 3393; x_wconf 84' lang='lat' dir='ltr'><strong>damnosam</strong></span> <span class='ocrx_word' id='word_1_476' title='bbox 1789 3357 1892 3395; x_wconf 90' lang='lat' dir='ltr'><strong>non</strong></span> <span class='ocrx_word' id='word_1_477' title='bbox 1919 3343 2035 3411; x_wconf 85' lang='lat' dir='ltr'><strong>ejus</strong></span> <span class='ocrx_word' id='word_1_478' title='bbox 2065 3343 2444 3397; x_wconf 88' lang='lat' dir='ltr'><strong>mediocritatis</strong></span> <span class='ocrx_word' id='word_1_479' title='bbox 2477 3353 2590 3407; x_wconf 82' lang='lat' dir='ltr'><strong>est,</strong></span> <span class='ocrx_word' id='word_1_480' title='bbox 2633 3355 2688 3397; x_wconf 92' lang='lat' dir='ltr'><strong>ut</strong></span> <span class='ocrx_word' id='word_1_481' title='bbox 2717 3346 2909 3399; x_wconf 88' lang='lat' dir='ltr'><strong>emisse</strong></span> <span class='ocrx_word' id='word_1_482' title='bbox 2938 3347 3202 3400; x_wconf 87' lang='lat' dir='ltr'><strong>delectet:</strong></span> <span class='ocrx_word' id='word_1_483' title='bbox 3239 3349 3358 3403; x_wconf 92' lang='lat' dir='ltr'><strong>ideo</strong></span> 
     </span>
    </p>
   </div>
   <div class='ocr_carea' id='block_1_38' title="bbox 156 3433 3355 3507">
    <p class='ocr_par' dir='ltr' id='par_1_38' title="bbox 156 3433 3355 3507">
     <span class='ocr_line' id='line_1_38' title="bbox 156 3433 3355 3507; baseline 0.001 -20"><span class='ocrx_word' id='word_1_484' title='bbox 156 3447 342 3502; x_wconf 82' lang='lat' dir='ltr'><strong>putare.</strong></span> <span class='ocrx_word' id='word_1_485' title='bbox 378 3436 518 3489; x_wconf 79' lang='lat' dir='ltr'><strong>Vale.</strong></span> <span class='ocrx_word' id='word_1_486' title='bbox 1103 3485 1114 3507; x_wconf 35' lang='grc' dir='ltr'><strong>κ</strong></span> <span class='ocrx_word' id='word_1_487' title='bbox 1789 3449 1906 3486; x_wconf 92' lang='lat' dir='ltr'><strong>cum</strong></span> <span class='ocrx_word' id='word_1_488' title='bbox 1949 3435 2146 3502; x_wconf 89' lang='lat' dir='ltr'><strong>possim</strong></span> <span class='ocrx_word' id='word_1_489' title='bbox 2178 3435 2269 3488; x_wconf 88' lang='lat' dir='ltr'><strong>tibi</strong></span> <span class='ocrx_word' id='word_1_490' title='bbox 2303 3433 2507 3502; x_wconf 83' lang='lat' dir='ltr'><strong>legibus</strong></span> <span class='ocrx_word' id='word_1_491' title='bbox 2535 3434 2784 3498; x_wconf 89' lang='lat' dir='ltr'><strong>obviare,</strong></span> <span class='ocrx_word' id='word_1_492' title='bbox 2822 3446 2873 3490; x_wconf 90' lang='lat' dir='ltr'><strong>et</strong></span> <span class='ocrx_word' id='word_1_493' title='bbox 2908 3436 3176 3490; x_wconf 89' lang='lat' dir='ltr'><strong>desiderio</strong></span> <span class='ocrx_word' id='word_1_494' title='bbox 3205 3439 3318 3504; x_wconf 89' lang='lat' dir='ltr'><strong>ejus</strong></span> <span class='ocrx_word' id='word_1_495' title='bbox 3340 3479 3355 3502; x_wconf 91' lang='lat'><strong>,</strong></span> 
     </span>
    </p>
   </div>
   <div class='ocr_carea' id='block_1_39' title="bbox 679 3522 3354 3591">
    <p class='ocr_par' dir='ltr' id='par_1_39' title="bbox 679 3522 3354 3591">
     <span class='ocr_line' id='line_1_39' title="bbox 679 3522 3354 3591; baseline 0.003 -15"><span class='ocrx_word' id='word_1_496' title='bbox 679 3522 888 3576; x_wconf 78' lang='lat' dir='ltr'><strong>EPIST.</strong></span> <span class='ocrx_word' id='word_1_497' title='bbox 929 3522 1136 3576; x_wconf 87' lang='lat' dir='ltr'><strong>XXVII.</strong></span> <span class='ocrx_word' id='word_1_498' title='bbox 1790 3524 1938 3591; x_wconf 89' lang='lat' dir='ltr'><strong>cujus</strong></span> <span class='ocrx_word' id='word_1_499' title='bbox 1973 3536 2060 3578; x_wconf 78' lang='lat' dir='ltr'><strong>res</strong></span> <span class='ocrx_word' id='word_1_500' title='bbox 2099 3531 2339 3591; x_wconf 88' lang='lat' dir='ltr'><strong>aguntur,</strong></span> <span class='ocrx_word' id='word_1_501' title='bbox 2380 3522 2640 3576; x_wconf 75' lang='lat' dir='ltr'><strong>olisis&#39;ere</strong></span> <span class='ocrx_word' id='word_1_502' title='bbox 2673 3539 2686 3574; x_wconf 92' lang='lat'>:</span> <span class='ocrx_word' id='word_1_503' title='bbox 2727 3524 2932 3590; x_wconf 89' lang='lat' dir='ltr'><strong>copiam</strong></span> <span class='ocrx_word' id='word_1_504' title='bbox 2965 3534 3139 3580; x_wconf 85' lang='lat' dir='ltr'><strong>tamen</strong></span> <span class='ocrx_word' id='word_1_505' title='bbox 3183 3527 3354 3583; x_wconf 87' lang='lat' dir='ltr'><strong>facio.</strong></span> 
     </span>
    </p>
   </div>
   <div class='ocr_carea' id='block_1_40' title="bbox 574 3603 3359 3681">
    <p class='ocr_par' dir='ltr' id='par_1_40' title="bbox 574 3603 3359 3681">
     <span class='ocr_line' id='line_1_40' title="bbox 574 3603 3359 3681; baseline 0.002 -13"><span class='ocrx_word' id='word_1_506' title='bbox 574 3629 880 3668; x_wconf 67' lang='lat' dir='ltr'><strong>swuacnus</strong></span> <span class='ocrx_word' id='word_1_507' title='bbox 919 3627 1242 3666; x_wconf 68' lang='lat' dir='ltr'><strong>acexaxnno.</strong></span> <span class='ocrx_word' id='word_1_508' title='bbox 1793 3623 1849 3665; x_wconf 90' lang='lat' dir='ltr'><strong>ut</strong></span> <span class='ocrx_word' id='word_1_509' title='bbox 1877 3613 2013 3680; x_wconf 87' lang='lat' dir='ltr'><strong>quod</strong></span> <span class='ocrx_word' id='word_1_510' title='bbox 2045 3613 2250 3681; x_wconf 81' lang='lat' dir='ltr'><strong>argenti</strong></span> <span class='ocrx_word' id='word_1_511' title='bbox 2288 3612 2531 3666; x_wconf 87' lang='lat' dir='ltr'><strong>dedimus</strong></span> <span class='ocrx_word' id='word_1_512' title='bbox 2561 3603 2856 3676; x_wconf 82' lang='lat' dir='ltr'><strong>venditori,</strong></span> <span class='ocrx_word' id='word_1_513' title='bbox 2902 3616 2951 3668; x_wconf 90' lang='lat' dir='ltr'><strong>id</strong></span> <span class='ocrx_word' id='word_1_514' title='bbox 2999 3615 3194 3671; x_wconf 91' lang='lat' dir='ltr'><strong>homini</strong></span> <span class='ocrx_word' id='word_1_515' title='bbox 3239 3634 3359 3673; x_wconf 88' lang='lat' dir='ltr'><strong>meo</strong></span> 
     </span>
    </p>
   </div>
   <div class='ocr_carea' id='block_1_41' title="bbox 216 3701 3354 3776">
    <p class='ocr_par' dir='ltr' id='par_1_41' title="bbox 216 3701 3354 3776">
     <span class='ocr_line' id='line_1_41' title="bbox 216 3701 3354 3776; baseline -0.001 -14"><span class='ocrx_word' id='word_1_516' title='bbox 216 3708 476 3762; x_wconf 88' lang='lat' dir='ltr'><strong>Silentium</strong></span> <span class='ocrx_word' id='word_1_517' title='bbox 507 3709 649 3759; x_wconf 91' lang='lat' dir='ltr'><strong>circa</strong></span> <span class='ocrx_word' id='word_1_518' title='bbox 691 3716 741 3757; x_wconf 92' lang='lat' dir='ltr'><strong>te</strong></span> <span class='ocrx_word' id='word_1_519' title='bbox 788 3719 961 3758; x_wconf 88' lang='lat' dir='ltr'><strong>meum</strong></span> <span class='ocrx_word' id='word_1_520' title='bbox 1009 3703 1152 3756; x_wconf 90' lang='lat' dir='ltr'><strong>nullo</strong></span> <span class='ocrx_word' id='word_1_521' title='bbox 1189 3703 1310 3770; x_wconf 88' lang='lat' dir='ltr'><strong>jure</strong></span> <span class='ocrx_word' id='word_1_522' title='bbox 1341 3702 1612 3772; x_wconf 90' lang='lat' dir='ltr'><strong>culpabis,</strong></span> <span class='ocrx_word' id='word_1_523' title='bbox 1643 3701 1688 3755; x_wconf 90' lang='lat' dir='ltr'><strong>si</strong></span> <span class='ocrx_word' id='word_1_524' title='bbox 1793 3706 2004 3768; x_wconf 81' lang='lat' dir='ltr'><strong>Euscio,</strong></span> <span class='ocrx_word' id='word_1_525' title='bbox 2027 3708 2107 3756; x_wconf 90' lang='lat' dir='ltr'><strong>cui</strong></span> <span class='ocrx_word' id='word_1_526' title='bbox 2131 3717 2334 3757; x_wconf 77' lang='lat' dir='ltr'><strong>summa</strong></span> <span class='ocrx_word' id='word_1_527' title='bbox 2354 3713 2624 3772; x_wconf 87' lang='lat' dir='ltr'><strong>comperta</strong></span> <span class='ocrx_word' id='word_1_528' title='bbox 2645 3716 2746 3769; x_wconf 79' lang='lat' dir='ltr'><strong>est,</strong></span> <span class='ocrx_word' id='word_1_529' title='bbox 2771 3705 3004 3774; x_wconf 88' lang='lat' dir='ltr'><strong>digneris</strong></span> <span class='ocrx_word' id='word_1_530' title='bbox 3023 3708 3354 3776; x_wconf 76' lang='lat' dir='ltr'><strong>expendere:</strong></span> 
     </span>
    </p>
   </div>
   <div class='ocr_carea' id='block_1_42' title="bbox 155 3791 3360 3867">
    <p class='ocr_par' dir='ltr' id='par_1_42' title="bbox 155 3791 3360 3867">
     <span class='ocr_line' id='line_1_42' title="bbox 155 3791 3360 3867; baseline 0.002 -16"><span class='ocrx_word' id='word_1_531' title='bbox 155 3810 289 3852; x_wconf 82' lang='lat' dir='ltr'><strong>tuum</strong></span> <span class='ocrx_word' id='word_1_532' title='bbox 314 3797 525 3866; x_wconf 77' lang='lat' dir='ltr'><strong>cogites.</strong></span> <span class='ocrx_word' id='word_1_533' title='bbox 559 3796 626 3850; x_wconf 84' lang='lat' dir='ltr'><strong>Et</strong></span> <span class='ocrx_word' id='word_1_534' title='bbox 666 3794 891 3849; x_wconf 83' lang='lat' dir='ltr'><strong>fortasse</strong></span> <span class='ocrx_word' id='word_1_535' title='bbox 912 3794 1107 3860; x_wconf 87' lang='lat' dir='ltr'><strong>justius</strong></span> <span class='ocrx_word' id='word_1_536' title='bbox 1139 3794 1230 3848; x_wconf 90' lang='lat' dir='ltr'><strong>tibi</strong></span> <span class='ocrx_word' id='word_1_537' title='bbox 1263 3791 1416 3861; x_wconf 84' lang='lat' dir='ltr'><strong>hujus</strong></span> <span class='ocrx_word' id='word_1_538' title='bbox 1459 3793 1534 3846; x_wconf 85' lang='lat' dir='ltr'><strong>rei</strong></span> <span class='ocrx_word' id='word_1_539' title='bbox 1566 3791 1693 3861; x_wconf 82' lang='lat' dir='ltr'><strong>sub—</strong></span> <span class='ocrx_word' id='word_1_540' title='bbox 1793 3798 1836 3850; x_wconf 91' lang='lat' dir='ltr'><strong>si</strong></span> <span class='ocrx_word' id='word_1_541' title='bbox 1866 3807 2038 3851; x_wconf 87' lang='lat' dir='ltr'><strong>tamen</strong></span> <span class='ocrx_word' id='word_1_542' title='bbox 2082 3805 2341 3864; x_wconf 63' lang='lat' dir='ltr'><strong>prmoptas</strong></span> <span class='ocrx_word' id='word_1_543' title='bbox 2384 3807 2563 3850; x_wconf 80' lang='lat' dir='ltr'><strong>nostra</strong></span> <span class='ocrx_word' id='word_1_544' title='bbox 2592 3798 2832 3852; x_wconf 86' lang='lat' dir='ltr'><strong>&#39;mercari</strong></span> <span class='ocrx_word' id='word_1_545' title='bbox 2854 3843 2867 3863; x_wconf 94' lang='lat'><strong>,</strong></span> <span class='ocrx_word' id='word_1_546' title='bbox 2898 3815 3055 3867; x_wconf 88' lang='lat' dir='ltr'><strong>quam</strong></span> <span class='ocrx_word' id='word_1_547' title='bbox 3094 3812 3178 3856; x_wconf 90' lang='lat' dir='ltr'><strong>tua</strong></span> <span class='ocrx_word' id='word_1_548' title='bbox 3218 3818 3360 3858; x_wconf 79' lang='lat' dir='ltr'><strong>nexu</strong></span> 
     </span>
    </p>
   </div>
   <div class='ocr_carea' id='block_1_43' title="bbox 153 3883 2630 3961">
    <p class='ocr_par' dir='ltr' id='par_1_43' title="bbox 153 3883 2630 3961">
     <span class='ocr_line' id='line_1_43' title="bbox 153 3883 2630 3961; baseline -0.002 -17"><span class='ocrx_word' id='word_1_549' title='bbox 153 3892 310 3944; x_wconf 88' lang='lat' dir='ltr'><strong>cunda</strong></span> <span class='ocrx_word' id='word_1_550' title='bbox 337 3901 412 3944; x_wconf 88' lang='lat' dir='ltr'><strong>est</strong></span> <span class='ocrx_word' id='word_1_551' title='bbox 436 3888 782 3950; x_wconf 83' lang='lat' dir='ltr'><strong>verecundia,</strong></span> <span class='ocrx_word' id='word_1_552' title='bbox 812 3889 900 3954; x_wconf 91' lang='lat' dir='ltr'><strong>qui</strong></span> <span class='ocrx_word' id='word_1_553' title='bbox 936 3887 1005 3940; x_wconf 94' lang='lat' dir='ltr'><strong>ob</strong></span> <span class='ocrx_word' id='word_1_554' title='bbox 1035 3901 1144 3939; x_wconf 87' lang='lat' dir='ltr'><strong>rem</strong></span> <span class='ocrx_word' id='word_1_555' title='bbox 1175 3886 1399 3940; x_wconf 82' lang='lat' dir='ltr'><strong>Romam</strong></span> <span class='ocrx_word' id='word_1_556' title='bbox 1437 3897 1580 3953; x_wconf 80' lang='lat' dir='ltr'><strong>saepe</strong></span> <span class='ocrx_word' id='word_1_557' title='bbox 1608 3883 1693 3936; x_wconf 89' lang='lat' dir='ltr'><strong>lit-</strong></span> <span class='ocrx_word' id='word_1_558' title='bbox 1795 3891 2131 3961; x_wconf 69' lang='lat' dir='ltr'><strong>obligationis</strong></span> <span class='ocrx_word' id='word_1_559' title='bbox 2155 3891 2449 3945; x_wconf 77' lang='lat' dir='ltr'><strong>absolvere.</strong></span> <span class='ocrx_word' id='word_1_560' title='bbox 2485 3890 2630 3942; x_wconf 86' lang='lat' dir='ltr'><strong>Vale.</strong></span> 
     </span>
    </p>
   </div>
   <div class='ocr_carea' id='block_1_44' title="bbox 153 3973 2794 4042">
    <p class='ocr_par' dir='ltr' id='par_1_44' title="bbox 153 3973 2794 4042">
     <span class='ocr_line' id='line_1_44' title="bbox 153 3973 2794 4042; baseline -0.005 -6"><span class='ocrx_word' id='word_1_561' title='bbox 153 3991 282 4036; x_wconf 87' lang='lat' dir='ltr'><strong>teras</strong></span> <span class='ocrx_word' id='word_1_562' title='bbox 307 3982 548 4042; x_wconf 85' lang='lat' dir='ltr'><strong>mittens,</strong></span> <span class='ocrx_word' id='word_1_563' title='bbox 574 3979 826 4032; x_wconf 65' lang='lat' dir='ltr'><strong>amicitiae</strong></span> <span class='ocrx_word' id='word_1_564' title='bbox 867 3977 1007 4032; x_wconf 89' lang='lat' dir='ltr'><strong>circa</strong></span> <span class='ocrx_word' id='word_1_565' title='bbox 1047 3989 1146 4028; x_wconf 81' lang='lat' dir='ltr'><strong>nos</strong></span> <span class='ocrx_word' id='word_1_566' title='bbox 1174 3976 1352 4028; x_wconf 85' lang='lat' dir='ltr'><strong>munia</strong></span> <span class='ocrx_word' id='word_1_567' title='bbox 1390 3973 1686 4042; x_wconf 61' lang='lat' dir='ltr'><strong>prseteristi;</strong></span> <span class='ocrx_word' id='word_1_568' title='bbox 2350 3979 2560 4034; x_wconf 76' lang='lat' dir='ltr'><strong>EPIST.</strong></span> <span class='ocrx_word' id='word_1_569' title='bbox 2605 3979 2794 4033; x_wconf 85' lang='grc' dir='ltr'>χχχι,</span> 
     </span>
    </p>
   </div>
   <div class='ocr_carea' id='block_1_45' title="bbox 151 4062 2889 4133">
    <p class='ocr_par' dir='ltr' id='par_1_45' title="bbox 151 4062 2889 4133">
     <span class='ocr_line' id='line_1_45' title="bbox 151 4062 2889 4133; baseline -0.005 -7"><span class='ocrx_word' id='word_1_570' title='bbox 151 4071 283 4126; x_wconf 67' lang='lat' dir='ltr'><strong>Iuleos</strong></span> <span class='ocrx_word' id='word_1_571' title='bbox 307 4081 474 4124; x_wconf 87' lang='lat' dir='ltr'><strong>autem</strong></span> <span class='ocrx_word' id='word_1_572' title='bbox 501 4068 613 4122; x_wconf 84' lang='lat' dir='ltr'><strong>sola</strong></span> <span class='ocrx_word' id='word_1_573' title='bbox 642 4065 872 4120; x_wconf 87' lang='lat' dir='ltr'><strong>ferarum</strong></span> <span class='ocrx_word' id='word_1_574' title='bbox 897 4065 1095 4133; x_wconf 91' lang='lat' dir='ltr'><strong>emptio</strong></span> <span class='ocrx_word' id='word_1_575' title='bbox 1119 4063 1413 4133; x_wconf 88' lang='lat' dir='ltr'><strong>Aquileiam</strong></span> <span class='ocrx_word' id='word_1_576' title='bbox 1441 4062 1695 4131; x_wconf 88' lang='lat' dir='ltr'><strong>compulit</strong></span> <span class='ocrx_word' id='word_1_577' title='bbox 2270 4084 2569 4124; x_wconf 59' lang='lat' dir='ltr'><strong>summa.</strong></span> <span class='ocrx_word' id='word_1_578' title='bbox 2606 4085 2889 4125; x_wconf 52' lang='lat' dir='ltr'><strong>“nemo,</strong></span> 
     </span>
    </p>
   </div>
   <div class='ocr_carea' id='block_1_46' title="bbox 152 4153 3361 4230">
    <p class='ocr_par' dir='ltr' id='par_1_46' title="bbox 152 4153 3361 4230">
     <span class='ocr_line' id='line_1_46' title="bbox 152 4153 3361 4230; baseline -0.001 -17"><span class='ocrx_word' id='word_1_579' title='bbox 152 4161 430 4226; x_wconf 65' lang='lat' dir='ltr'><strong>praeterire.</strong></span> <span class='ocrx_word' id='word_1_580' title='bbox 474 4156 583 4211; x_wconf 85' lang='lat' dir='ltr'><strong>Nec</strong></span> <span class='ocrx_word' id='word_1_581' title='bbox 624 4165 826 4210; x_wconf 89' lang='lat' dir='ltr'><strong>tantum</strong></span> <span class='ocrx_word' id='word_1_582' title='bbox 866 4153 1228 4208; x_wconf 87' lang='lat' dir='ltr'><strong>succensionis</strong></span> <span class='ocrx_word' id='word_1_583' title='bbox 1272 4162 1503 4208; x_wconf 88' lang='lat' dir='ltr'><strong>meretur</strong></span> <span class='ocrx_word' id='word_1_584' title='bbox 1539 4154 1694 4206; x_wconf 88' lang='lat' dir='ltr'><strong>unius</strong></span> <span class='ocrx_word' id='word_1_585' title='bbox 1723 4221 1764 4230; x_wconf 78' lang='lat'><strong>_</strong></span> <span class='ocrx_word' id='word_1_586' title='bbox 1802 4193 1808 4200; x_wconf 86' lang='lat'><strong>.</strong></span> <span class='ocrx_word' id='word_1_587' title='bbox 1867 4161 2016 4225; x_wconf 82' lang='lat' dir='ltr'><strong>Quod</strong></span> <span class='ocrx_word' id='word_1_588' title='bbox 2042 4159 2431 4214; x_wconf 84' lang='lat' dir='ltr'><strong>defendendum</strong></span> <span class='ocrx_word' id='word_1_589' title='bbox 2458 4174 2645 4213; x_wconf 85' lang='lat' dir='ltr'><strong>socero</strong></span> <span class='ocrx_word' id='word_1_590' title='bbox 2670 4168 2804 4223; x_wconf 84' lang='lat' dir='ltr'><strong>erat,</strong></span> <span class='ocrx_word' id='word_1_591' title='bbox 2830 4161 2977 4230; x_wconf 84' lang='lat' dir='ltr'><strong>cujus</strong></span> <span class='ocrx_word' id='word_1_592' title='bbox 3001 4169 3054 4216; x_wconf 74' lang='lat' dir='ltr'><strong>te</strong></span> <span class='ocrx_word' id='word_1_593' title='bbox 3077 4165 3361 4221; x_wconf 59' lang='lat' dir='ltr'><strong>momordi;</strong></span> 
     </span>
    </p>
   </div>
   <div class='ocr_carea' id='block_1_47' title="bbox 151 4221 3360 4320">
    <p class='ocr_par' dir='ltr' id='par_1_47' title="bbox 151 4221 3360 4320">
     <span class='ocr_line' id='line_1_47' title="bbox 151 4221 3360 4320; baseline 0 -13"><span class='ocrx_word' id='word_1_594' title='bbox 151 4251 430 4307; x_wconf 82' lang='lat' dir='ltr'><strong>occasionis</strong></span> <span class='ocrx_word' id='word_1_595' title='bbox 467 4249 695 4311; x_wconf 84' lang='lat' dir='ltr'><strong>oblivio,</strong></span> <span class='ocrx_word' id='word_1_596' title='bbox 744 4256 997 4318; x_wconf 90' lang='lat' dir='ltr'><strong>quantum</strong></span> <span class='ocrx_word' id='word_1_597' title='bbox 1047 4246 1380 4300; x_wconf 78' lang='lat' dir='ltr'><strong>Iaudabilitaa</strong></span> <span class='ocrx_word' id='word_1_598' title='bbox 1427 4256 1513 4300; x_wconf 89' lang='lat' dir='ltr'><strong>tua</strong></span> <span class='ocrx_word' id='word_1_599' title='bbox 1556 4246 1693 4299; x_wconf 92' lang='lat' dir='ltr'><strong>inter</strong></span> <span class='ocrx_word' id='word_1_600' title='bbox 1721 4221 1773 4282; x_wconf 81' lang='lat' dir='ltr'><strong>D</strong></span> <span class='ocrx_word' id='word_1_601' title='bbox 1797 4221 2047 4320; x_wconf 64' lang='lat' dir='ltr'><strong>querela,</strong></span> <span class='ocrx_word' id='word_1_602' title='bbox 2089 4258 2453 4319; x_wconf 84' lang='lat' dir='ltr'><strong>competenter</strong></span> <span class='ocrx_word' id='word_1_603' title='bbox 2501 4250 2553 4303; x_wconf 92' lang='lat' dir='ltr'><strong>in</strong></span> <span class='ocrx_word' id='word_1_604' title='bbox 2598 4221 2910 4319; x_wconf 35' lang='lat' dir='ltr'><strong>Epictetum.</strong></span> <span class='ocrx_word' id='word_1_605' title='bbox 2940 4263 3236 4306; x_wconf 88' lang='lat' dir='ltr'><strong>commotus</strong></span> <span class='ocrx_word' id='word_1_606' title='bbox 3266 4255 3360 4307; x_wconf 84' lang='lat' dir='ltr'><strong>im—</strong></span> 
     </span>
    </p>
   </div>
   <div class='ocr_carea' id='block_1_48' title="bbox 151 4337 3357 4420">
    <p class='ocr_par' dir='ltr' id='par_1_48' title="bbox 151 4337 3357 4420">
     <span class='ocr_line' id='line_1_48' title="bbox 151 4337 3357 4420; baseline -0.001 -21"><span class='ocrx_word' id='word_1_607' title='bbox 151 4347 382 4400; x_wconf 86' lang='lat' dir='ltr'><strong>assiduos</strong></span> <span class='ocrx_word' id='word_1_608' title='bbox 427 4353 756 4398; x_wconf 83' lang='lat' dir='ltr'><strong>commeatus</strong></span> <span class='ocrx_word' id='word_1_609' title='bbox 803 4350 1012 4394; x_wconf 77' lang='lat' dir='ltr'><strong>tuorum</strong></span> <span class='ocrx_word' id='word_1_610' title='bbox 1061 4346 1367 4404; x_wconf 83' lang='lat' dir='ltr'><strong>contemptu</strong></span> <span class='ocrx_word' id='word_1_611' title='bbox 1421 4337 1524 4390; x_wconf 83' lang='lat' dir='ltr'><strong>moi</strong></span> <span class='ocrx_word' id='word_1_612' title='bbox 1562 4352 1694 4389; x_wconf 74' lang='lat' dir='ltr'><strong>con—</strong></span> <span class='ocrx_word' id='word_1_613' title='bbox 1796 4340 1971 4409; x_wconf 79' lang='lat' dir='ltr'><strong>plesu.</strong></span> <span class='ocrx_word' id='word_1_614' title='bbox 1999 4339 2316 4420; x_wconf 65' lang='lat' dir='ltr'><strong>Caretforo,</strong></span> <span class='ocrx_word' id='word_1_615' title='bbox 2341 4349 2395 4395; x_wconf 92' lang='lat' dir='ltr'><strong>et</strong></span> <span class='ocrx_word' id='word_1_616' title='bbox 2416 4340 2942 4408; x_wconf 64' lang='lat' dir='ltr'><strong>inconsultaslingua</strong></span> <span class='ocrx_word' id='word_1_617' title='bbox 2966 4343 3192 4408; x_wconf 88' lang='lat' dir='ltr'><strong>pretium</strong></span> <span class='ocrx_word' id='word_1_618' title='bbox 3222 4344 3357 4396; x_wconf 88' lang='lat' dir='ltr'><strong>tulit.</strong></span> 
     </span>
    </p>
   </div>
   <div class='ocr_carea' id='block_1_49' title="bbox 151 4430 3361 4500">
    <p class='ocr_par' dir='ltr' id='par_1_49' title="bbox 151 4430 3361 4500">
     <span class='ocr_line' id='line_1_49' title="bbox 151 4430 3361 4500; baseline 0.002 -21"><span class='ocrx_word' id='word_1_619' title='bbox 151 4437 306 4489; x_wconf 67' lang='lat' dir='ltr'><strong>mm</strong></span> <span class='ocrx_word' id='word_1_620' title='bbox 328 4435 559 4488; x_wconf 61' lang='lat' dir='ltr'><strong>invidia.</strong></span> <span class='ocrx_word' id='word_1_621' title='bbox 593 4431 699 4486; x_wconf 74' lang='lat' dir='ltr'><strong>sed</strong></span> <span class='ocrx_word' id='word_1_622' title='bbox 728 4432 798 4485; x_wconf 72' lang='lat' dir='ltr'><strong>sit</strong></span> <span class='ocrx_word' id='word_1_623' title='bbox 823 4432 976 4485; x_wconf 75' lang='lat' dir='ltr'><strong>venia</strong></span> <span class='ocrx_word' id='word_1_624' title='bbox 1006 4430 1211 4497; x_wconf 90' lang='lat' dir='ltr'><strong>utrique</strong></span> <span class='ocrx_word' id='word_1_625' title='bbox 1234 4438 1470 4480; x_wconf 89' lang='lat' dir='ltr'><strong>nostrum</strong></span> <span class='ocrx_word' id='word_1_626' title='bbox 1491 4467 1506 4492; x_wconf 90' lang='lat'><strong>,</strong></span> <span class='ocrx_word' id='word_1_627' title='bbox 1531 4442 1697 4494; x_wconf 83' lang='lat' dir='ltr'><strong>quan-</strong></span> <span class='ocrx_word' id='word_1_628' title='bbox 1799 4436 1895 4496; x_wconf 77' lang='lat' dir='ltr'><strong>Ac,</strong></span> <span class='ocrx_word' id='word_1_629' title='bbox 1926 4434 1967 4486; x_wconf 87' lang='lat' dir='ltr'><strong>si</strong></span> <span class='ocrx_word' id='word_1_630' title='bbox 1996 4433 2121 4500; x_wconf 84' lang='lat' dir='ltr'><strong>quid</strong></span> <span class='ocrx_word' id='word_1_631' title='bbox 2149 4431 2277 4485; x_wconf 91' lang='lat' dir='ltr'><strong>mihi</strong></span> <span class='ocrx_word' id='word_1_632' title='bbox 2301 4431 2493 4494; x_wconf 85' lang='lat' dir='ltr'><strong>credis,</strong></span> <span class='ocrx_word' id='word_1_633' title='bbox 2523 4432 2853 4485; x_wconf 71' lang='lat' dir='ltr'><strong>contumelia:</strong></span> <span class='ocrx_word' id='word_1_634' title='bbox 2877 4432 3068 4486; x_wconf 85' lang='lat' dir='ltr'><strong>talione</strong></span> <span class='ocrx_word' id='word_1_635' title='bbox 3090 4440 3361 4487; x_wconf 80' lang='lat' dir='ltr'><strong>correctus</strong></span> 
     </span>
    </p>
   </div>
   <div class='ocr_carea' id='block_1_50' title="bbox 150 4516 3358 4594">
    <p class='ocr_par' dir='ltr' id='par_1_50' title="bbox 150 4516 3358 4594">
     <span class='ocr_line' id='line_1_50' title="bbox 150 4516 3358 4594; baseline -0.001 -16"><span class='ocrx_word' id='word_1_636' title='bbox 150 4539 296 4594; x_wconf 85' lang='lat' dir='ltr'><strong>quam</strong></span> <span class='ocrx_word' id='word_1_637' title='bbox 327 4524 543 4592; x_wconf 87' lang='lat' dir='ltr'><strong>imparis</strong></span> <span class='ocrx_word' id='word_1_638' title='bbox 576 4520 925 4590; x_wconf 60' lang='lat' dir='ltr'><strong>negligentie.</strong></span> <span class='ocrx_word' id='word_1_639' title='bbox 961 4519 1186 4572; x_wconf 82' lang='lat' dir='ltr'><strong>Posthac</strong></span> <span class='ocrx_word' id='word_1_640' title='bbox 1220 4526 1274 4572; x_wconf 90' lang='lat' dir='ltr'><strong>et</strong></span> <span class='ocrx_word' id='word_1_641' title='bbox 1303 4517 1416 4587; x_wconf 91' lang='lat' dir='ltr'><strong>ipse</strong></span> <span class='ocrx_word' id='word_1_642' title='bbox 1443 4516 1696 4570; x_wconf 89' lang='lat' dir='ltr'><strong>omissum</strong></span> <span class='ocrx_word' id='word_1_643' title='bbox 1799 4533 1900 4575; x_wconf 90' lang='lat' dir='ltr'><strong>est.</strong></span> <span class='ocrx_word' id='word_1_644' title='bbox 1953 4521 2100 4575; x_wconf 83' lang='lat' dir='ltr'><strong>Nunc</strong></span> <span class='ocrx_word' id='word_1_645' title='bbox 2151 4523 2414 4590; x_wconf 89' lang='lat' dir='ltr'><strong>ingenium</strong></span> <span class='ocrx_word' id='word_1_646' title='bbox 2470 4529 2614 4574; x_wconf 90' lang='lat' dir='ltr'><strong>tuum</strong></span> <span class='ocrx_word' id='word_1_647' title='bbox 2666 4536 2944 4589; x_wconf 85' lang='lat' dir='ltr'><strong>moresque</strong></span> <span class='ocrx_word' id='word_1_648' title='bbox 2985 4524 3358 4583; x_wconf 84' lang='lat' dir='ltr'><strong>considerans.</strong></span> 
     </span>
    </p>
   </div>
   <div class='ocr_carea' id='block_1_51' title="bbox 151 4607 3361 4681">
    <p class='ocr_par' dir='ltr' id='par_1_51' title="bbox 151 4607 3361 4681">
     <span class='ocr_line' id='line_1_51' title="bbox 151 4607 3361 4681; baseline -0.001 -11"><span class='ocrx_word' id='word_1_649' title='bbox 151 4630 331 4670; x_wconf 75' lang='lat' dir='ltr'><strong>manus</strong></span> <span class='ocrx_word' id='word_1_650' title='bbox 353 4616 610 4677; x_wconf 83' lang='lat' dir='ltr'><strong>instaura,</strong></span> <span class='ocrx_word' id='word_1_651' title='bbox 643 4621 696 4665; x_wconf 79' lang='lat' dir='ltr'><strong>el</strong></span> <span class='ocrx_word' id='word_1_652' title='bbox 721 4608 872 4663; x_wconf 83' lang='lat' dir='ltr'><strong>nobis</strong></span> <span class='ocrx_word' id='word_1_653' title='bbox 895 4607 1215 4661; x_wconf 74' lang='lat' dir='ltr'><strong>rescribendi</strong></span> <span class='ocrx_word' id='word_1_654' title='bbox 1247 4621 1340 4676; x_wconf 76' lang='lat' dir='ltr'><strong>per</strong></span> <span class='ocrx_word' id='word_1_655' title='bbox 1367 4607 1580 4661; x_wconf 70' lang='lat' dir='ltr'><strong>eosdem</strong></span> <span class='ocrx_word' id='word_1_656' title='bbox 1609 4620 1695 4659; x_wconf 73' lang='grc' dir='ltr'><strong>(τοο</strong></span> <span class='ocrx_word' id='word_1_657' title='bbox 1801 4613 1954 4667; x_wconf 90' lang='lat' dir='ltr'><strong>flecte</strong></span> <span class='ocrx_word' id='word_1_658' title='bbox 1982 4613 2045 4664; x_wconf 91' lang='lat' dir='ltr'><strong>ad</strong></span> <span class='ocrx_word' id='word_1_659' title='bbox 2072 4612 2275 4665; x_wconf 87' lang='lat' dir='ltr'><strong>veniam</strong></span> <span class='ocrx_word' id='word_1_660' title='bbox 2299 4612 2609 4681; x_wconf 82' lang='lat' dir='ltr'><strong>placabilem</strong></span> <span class='ocrx_word' id='word_1_661' title='bbox 2632 4614 2975 4667; x_wconf 80' lang='lat' dir='ltr'><strong>voluntatem.</strong></span> <span class='ocrx_word' id='word_1_662' title='bbox 2999 4613 3114 4669; x_wconf 90' lang='lat' dir='ltr'><strong>Scis</strong></span> <span class='ocrx_word' id='word_1_663' title='bbox 3134 4612 3361 4667; x_wconf 87' lang='lat' dir='ltr'><strong>causidi-</strong></span> 
     </span>
    </p>
   </div>
   <div class='ocr_carea' id='block_1_52' title="bbox 150 4696 3358 4776">
    <p class='ocr_par' dir='ltr' id='par_1_52' title="bbox 150 4696 3358 4776">
     <span class='ocr_line' id='line_1_52' title="bbox 150 4696 3358 4776; baseline -0.003 -20"><span class='ocrx_word' id='word_1_664' title='bbox 150 4707 280 4774; x_wconf 87' lang='lat' dir='ltr'><strong>piam</strong></span> <span class='ocrx_word' id='word_1_665' title='bbox 310 4714 522 4776; x_wconf 66' lang='lat' dir='ltr'><strong>praesta.</strong></span> <span class='ocrx_word' id='word_1_666' title='bbox 547 4699 788 4756; x_wconf 68' lang='lat' dir='ltr'><strong>Difficilis</strong></span> <span class='ocrx_word' id='word_1_667' title='bbox 813 4707 893 4752; x_wconf 87' lang='lat' dir='ltr'><strong>est</strong></span> <span class='ocrx_word' id='word_1_668' title='bbox 917 4699 1056 4751; x_wconf 88' lang='lat' dir='ltr'><strong>enim</strong></span> <span class='ocrx_word' id='word_1_669' title='bbox 1079 4696 1205 4750; x_wconf 91' lang='lat' dir='ltr'><strong>mihi</strong></span> <span class='ocrx_word' id='word_1_670' title='bbox 1230 4696 1349 4751; x_wconf 91' lang='lat' dir='ltr'><strong>hinc</strong></span> <span class='ocrx_word' id='word_1_671' title='bbox 1371 4696 1700 4765; x_wconf 85' lang='lat' dir='ltr'><strong>pergentium</strong></span> <span class='ocrx_word' id='word_1_672' title='bbox 1803 4717 1985 4756; x_wconf 84' lang='lat' dir='ltr'><strong>corum</strong></span> <span class='ocrx_word' id='word_1_673' title='bbox 2018 4717 2157 4771; x_wconf 72' lang='lat' dir='ltr'><strong>smpe</strong></span> <span class='ocrx_word' id='word_1_674' title='bbox 2189 4702 2508 4771; x_wconf 85' lang='lat' dir='ltr'><strong>improvidos</strong></span> <span class='ocrx_word' id='word_1_675' title='bbox 2549 4703 2726 4771; x_wconf 86' lang='lat' dir='ltr'><strong>lapsus</strong></span> <span class='ocrx_word' id='word_1_676' title='bbox 2757 4720 2767 4752; x_wconf 91' lang='lat'>:</span> <span class='ocrx_word' id='word_1_677' title='bbox 2798 4714 2852 4757; x_wconf 85' lang='lat' dir='ltr'><strong>et</strong></span> <span class='ocrx_word' id='word_1_678' title='bbox 2878 4718 2997 4757; x_wconf 82' lang='lat' dir='ltr'><strong>cum</strong></span> <span class='ocrx_word' id='word_1_679' title='bbox 3022 4718 3240 4757; x_wconf 69' lang='lat' dir='ltr'><strong>ornares</strong></span> <span class='ocrx_word' id='word_1_680' title='bbox 3266 4706 3358 4756; x_wconf 67' lang='lat' dir='ltr'><strong>iri-</strong></span> 
     </span>
    </p>
   </div>
   <div class='ocr_carea' id='block_1_53' title="bbox 152 4789 3362 4867">
    <p class='ocr_par' dir='ltr' id='par_1_53' title="bbox 152 4789 3362 4867">
     <span class='ocr_line' id='line_1_53' title="bbox 152 4789 3362 4867; baseline -0.002 -15"><span class='ocrx_word' id='word_1_681' title='bbox 152 4799 431 4867; x_wconf 80' lang='lat' dir='ltr'><strong>inquisitio.</strong></span> <span class='ocrx_word' id='word_1_682' title='bbox 467 4797 658 4851; x_wconf 88' lang='lat' dir='ltr'><strong>Denuo</strong></span> <span class='ocrx_word' id='word_1_683' title='bbox 694 4793 817 4863; x_wconf 76' lang='lat' dir='ltr'><strong>styli</strong></span> <span class='ocrx_word' id='word_1_684' title='bbox 846 4792 1074 4846; x_wconf 88' lang='lat' dir='ltr'><strong>cessabit</strong></span> <span class='ocrx_word' id='word_1_685' title='bbox 1099 4789 1324 4845; x_wconf 89' lang='lat' dir='ltr'><strong>officium</strong></span> <span class='ocrx_word' id='word_1_686' title='bbox 1345 4832 1358 4856; x_wconf 92' lang='lat'><strong>,</strong></span> <span class='ocrx_word' id='word_1_687' title='bbox 1391 4793 1488 4844; x_wconf 88' lang='lat' dir='ltr'><strong>nisi</strong></span> <span class='ocrx_word' id='word_1_688' title='bbox 1519 4792 1590 4844; x_wconf 80' lang='lat' dir='ltr'><strong>tui</strong></span> <span class='ocrx_word' id='word_1_689' title='bbox 1618 4793 1699 4860; x_wconf 77' lang='lat' dir='ltr'><strong>fa-</strong></span> <span class='ocrx_word' id='word_1_690' title='bbox 1806 4794 2039 4858; x_wconf 90' lang='lat' dir='ltr'><strong>bunalia,</strong></span> <span class='ocrx_word' id='word_1_691' title='bbox 2068 4801 2190 4846; x_wconf 89' lang='lat' dir='ltr'><strong>ante</strong></span> <span class='ocrx_word' id='word_1_692' title='bbox 2209 4794 2475 4856; x_wconf 85' lang='lat' dir='ltr'><strong>defensor,</strong></span> <span class='ocrx_word' id='word_1_693' title='bbox 2506 4800 2626 4860; x_wconf 83' lang='lat' dir='ltr'><strong>post</strong></span> <span class='ocrx_word' id='word_1_694' title='bbox 2645 4795 2882 4862; x_wconf 90' lang='lat' dir='ltr'><strong>cognitor</strong></span> <span class='ocrx_word' id='word_1_695' title='bbox 2900 4793 3211 4861; x_wconf 84' lang='lat' dir='ltr'><strong>jurgiornm,</strong></span> <span class='ocrx_word' id='word_1_696' title='bbox 3242 4796 3362 4848; x_wconf 71' lang='lat' dir='ltr'><strong>talis</strong></span> 
     </span>
    </p>
   </div>
   <div class='ocr_carea' id='block_1_54' title="bbox 146 4881 3360 4952">
    <p class='ocr_par' dir='ltr' id='par_1_54' title="bbox 146 4881 3360 4952">
     <span class='ocr_line' id='line_1_54' title="bbox 146 4881 3360 4952; baseline -0.003 -4"><span class='ocrx_word' id='word_1_697' title='bbox 146 4884 650 4949; x_wconf 72' lang='lat' dir='ltr'><strong>ndh&#39;ereauoatraad</strong></span> <span class='ocrx_word' id='word_1_698' title='bbox 679 4893 732 4938; x_wconf 84' lang='lat' dir='ltr'><strong>te</strong></span> <span class='ocrx_word' id='word_1_699' title='bbox 757 4882 975 4937; x_wconf 85' lang='lat' dir='ltr'><strong>redituri</strong></span> <span class='ocrx_word' id='word_1_700' title='bbox 1007 4884 1354 4950; x_wconf 89' lang='lat' dir='ltr'><strong>susceperint.</strong></span> <span class='ocrx_word' id='word_1_701' title='bbox 1386 4881 1532 4936; x_wconf 86' lang='lat' dir='ltr'><strong>Vale.</strong></span> <span class='ocrx_word' id='word_1_702' title='bbox 1804 4883 2165 4936; x_wconf 84' lang='lat' dir='ltr'><strong>advocationis</strong></span> <span class='ocrx_word' id='word_1_703' title='bbox 2211 4883 2378 4936; x_wconf 81' lang='lat' dir='ltr'><strong>errori</strong></span> <span class='ocrx_word' id='word_1_704' title='bbox 2426 4885 2734 4952; x_wconf 85' lang='lat' dir='ltr'><strong>plerumque</strong></span> <span class='ocrx_word' id='word_1_705' title='bbox 2781 4883 3039 4936; x_wconf 86' lang='lat' dir='ltr'><strong>restitisti.</strong></span> <span class='ocrx_word' id='word_1_706' title='bbox 3089 4882 3192 4936; x_wconf 88' lang='lat' dir='ltr'><strong>Sed</strong></span> <span class='ocrx_word' id='word_1_707' title='bbox 3237 4889 3360 4952; x_wconf 73' lang='lat' dir='ltr'><strong>quia</strong></span> 
     </span>
    </p>
   </div>
   <div class='ocr_carea' id='block_1_55' title="bbox 680 4971 3359 5040">
    <p class='ocr_par' dir='ltr' id='par_1_55' title="bbox 680 4971 3359 5040">
     <span class='ocr_line' id='line_1_55' title="bbox 680 4971 3359 5040; baseline -0.002 -7"><span class='ocrx_word' id='word_1_708' title='bbox 680 4978 890 5033; x_wconf 84' lang='lat' dir='ltr'><strong>EPIST.</strong></span> <span class='ocrx_word' id='word_1_709' title='bbox 933 4976 1162 5032; x_wconf 83' lang='lat' dir='ltr'><strong>XXVIII.</strong></span> <span class='ocrx_word' id='word_1_710' title='bbox 1806 4987 1942 5024; x_wconf 89' lang='lat' dir='ltr'><strong>nunc</strong></span> <span class='ocrx_word' id='word_1_711' title='bbox 1969 4971 2150 5039; x_wconf 86' lang='lat' dir='ltr'><strong>aliqui,</strong></span> <span class='ocrx_word' id='word_1_712' title='bbox 2179 4987 2401 5039; x_wconf 86' lang='lat' dir='ltr'><strong>quorum</strong></span> <span class='ocrx_word' id='word_1_713' title='bbox 2424 4979 2532 5025; x_wconf 85' lang='lat' dir='ltr'><strong>tuta</strong></span> <span class='ocrx_word' id='word_1_714' title='bbox 2557 4971 2748 5040; x_wconf 83' lang='lat' dir='ltr'><strong>ﬂagitia</strong></span> <span class='ocrx_word' id='word_1_715' title='bbox 2776 4981 2927 5036; x_wconf 89' lang='lat' dir='ltr'><strong>sunt,</strong></span> <span class='ocrx_word' id='word_1_716' title='bbox 2957 4972 3178 5038; x_wconf 76' lang='lat' dir='ltr'><strong>Epicteti</strong></span> <span class='ocrx_word' id='word_1_717' title='bbox 3205 4975 3359 5027; x_wconf 87' lang='lat' dir='ltr'><strong>amici</strong></span> 
     </span>
    </p>
   </div>
   <div class='ocr_carea' id='block_1_56' title="bbox 643 5063 3362 5130">
    <p class='ocr_par' dir='ltr' id='par_1_56' title="bbox 643 5063 3362 5130">
     <span class='ocr_line' id='line_1_56' title="bbox 643 5063 3362 5130; baseline -0.002 -8"><span class='ocrx_word' id='word_1_718' title='bbox 643 5081 950 5125; x_wconf 68' lang='lat' dir='ltr'><strong>svuuacucs</strong></span> <span class='ocrx_word' id='word_1_719' title='bbox 987 5080 1212 5121; x_wconf 71' lang='lat' dir='ltr'><strong>IAXIIIO.</strong></span> <span class='ocrx_word' id='word_1_720' title='bbox 1810 5067 1911 5118; x_wconf 83' lang='lat' dir='ltr'><strong>inei</strong></span> <span class='ocrx_word' id='word_1_721' title='bbox 1944 5065 2150 5118; x_wconf 88' lang='lat' dir='ltr'><strong>silentio</strong></span> <span class='ocrx_word' id='word_1_722' title='bbox 2174 5066 2508 5126; x_wconf 85' lang='lat' dir='ltr'><strong>claruerunt;</strong></span> <span class='ocrx_word' id='word_1_723' title='bbox 2549 5077 2759 5130; x_wconf 71' lang='lat' dir='ltr'><strong>qumsn,</strong></span> <span class='ocrx_word' id='word_1_724' title='bbox 2801 5076 2866 5116; x_wconf 90' lang='lat' dir='ltr'><strong>ne</strong></span> <span class='ocrx_word' id='word_1_725' title='bbox 2905 5063 2994 5115; x_wconf 83' lang='lat' dir='ltr'><strong>ditt</strong></span> <span class='ocrx_word' id='word_1_726' title='bbox 3039 5063 3362 5117; x_wconf 88' lang='lat' dir='ltr'><strong>infortunato</strong></span> 
     </span>
    </p>
   </div>
   <div class='ocr_carea' id='block_1_57' title="bbox 207 5153 3363 5239">
    <p class='ocr_par' dir='ltr' id='par_1_57' title="bbox 207 5153 3363 5239">
     <span class='ocr_line' id='line_1_57' title="bbox 207 5153 3363 5239; baseline -0.006 -14"><span class='ocrx_word' id='word_1_727' title='bbox 207 5166 414 5239; x_wconf 68' lang='lat' dir='ltr'><strong>Agitaro</strong></span> <span class='ocrx_word' id='word_1_728' title='bbox 458 5177 511 5222; x_wconf 89' lang='lat' dir='ltr'><strong>te</strong></span> <span class='ocrx_word' id='word_1_729' title='bbox 543 5163 830 5221; x_wconf 87' lang='lat' dir='ltr'><strong>venatibus</strong></span> <span class='ocrx_word' id='word_1_730' title='bbox 868 5158 1003 5212; x_wconf 87' lang='lat' dir='ltr'><strong>feras</strong></span> <span class='ocrx_word' id='word_1_731' title='bbox 1025 5198 1041 5222; x_wconf 91' lang='lat'><strong>,</strong></span> <span class='ocrx_word' id='word_1_732' title='bbox 1071 5168 1124 5211; x_wconf 90' lang='lat' dir='ltr'><strong>et</strong></span> <span class='ocrx_word' id='word_1_733' title='bbox 1165 5153 1398 5208; x_wconf 86' lang='lat' dir='ltr'><strong>hibernis</strong></span> <span class='ocrx_word' id='word_1_734' title='bbox 1436 5153 1704 5208; x_wconf 88' lang='lat' dir='ltr'><strong>mensibus</strong></span> <span class='ocrx_word' id='word_1_735' title='bbox 1812 5158 1983 5224; x_wconf 91' lang='lat' dir='ltr'><strong>potius</strong></span> <span class='ocrx_word' id='word_1_736' title='bbox 2011 5171 2165 5223; x_wconf 82' lang='lat' dir='ltr'><strong>quam</strong></span> <span class='ocrx_word' id='word_1_737' title='bbox 2214 5154 2481 5208; x_wconf 90' lang='lat' dir='ltr'><strong>innocenti</strong></span> <span class='ocrx_word' id='word_1_738' title='bbox 2513 5155 2726 5222; x_wconf 83' lang='lat' dir='ltr'><strong>patiaris</strong></span> <span class='ocrx_word' id='word_1_739' title='bbox 2749 5153 2915 5206; x_wconf 80' lang='lat' dir='ltr'><strong>illudi.</strong></span> <span class='ocrx_word' id='word_1_740' title='bbox 2945 5153 3124 5208; x_wconf 80' lang='lat' dir='ltr'><strong>Faciet</strong></span> <span class='ocrx_word' id='word_1_741' title='bbox 3149 5155 3226 5206; x_wconf 85' lang='lat' dir='ltr'><strong>vir</strong></span> <span class='ocrx_word' id='word_1_742' title='bbox 3249 5170 3363 5207; x_wconf 66' lang='lat' dir='ltr'><strong>am.</strong></span> 
     </span>
    </p>
   </div>
   <div class='ocr_carea' id='block_1_58' title="bbox 150 5244 3364 5329">
    <p class='ocr_par' dir='ltr' id='par_1_58' title="bbox 150 5244 3364 5329">
     <span class='ocr_line' id='line_1_58' title="bbox 150 5244 3364 5329; baseline -0.005 -16"><span class='ocrx_word' id='word_1_743' title='bbox 150 5261 394 5328; x_wconf 80' lang='lat' dir='ltr'><strong>Apennini</strong></span> <span class='ocrx_word' id='word_1_744' title='bbox 432 5260 606 5329; x_wconf 88' lang='lat' dir='ltr'><strong>gelida</strong></span> <span class='ocrx_word' id='word_1_745' title='bbox 655 5258 919 5316; x_wconf 87' lang='lat' dir='ltr'><strong>lustrare,</strong></span> <span class='ocrx_word' id='word_1_746' title='bbox 968 5248 1280 5303; x_wconf 87' lang='lat' dir='ltr'><strong>valetudinis</strong></span> <span class='ocrx_word' id='word_1_747' title='bbox 1327 5254 1432 5300; x_wconf 79' lang='lat' dir='ltr'><strong>tua:</strong></span> <span class='ocrx_word' id='word_1_748' title='bbox 1475 5247 1704 5301; x_wconf 66' lang='lat' dir='ltr'><strong>astima-</strong></span> <span class='ocrx_word' id='word_1_749' title='bbox 1812 5247 2115 5315; x_wconf 79' lang='lat' dir='ltr'><strong>piissimus,</strong></span> <span class='ocrx_word' id='word_1_750' title='bbox 2164 5247 2456 5301; x_wconf 82' lang='lat' dir='ltr'><strong>communis</strong></span> <span class='ocrx_word' id='word_1_751' title='bbox 2503 5246 2684 5306; x_wconf 87' lang='lat' dir='ltr'><strong>frater,</strong></span> <span class='ocrx_word' id='word_1_752' title='bbox 2730 5244 2982 5313; x_wconf 68' lang='lat' dir='ltr'><strong>quidquid</strong></span> <span class='ocrx_word' id='word_1_753' title='bbox 3027 5257 3076 5298; x_wconf 88' lang='lat' dir='ltr'><strong>te</strong></span> <span class='ocrx_word' id='word_1_754' title='bbox 3106 5247 3237 5299; x_wconf 85' lang='lat' dir='ltr'><strong>velle</strong></span> <span class='ocrx_word' id='word_1_755' title='bbox 3275 5261 3364 5299; x_wconf 92' lang='lat' dir='ltr'><strong>co-</strong></span> 
     </span>
    </p>
   </div>
   <div class='ocr_carea' id='block_1_59' title="bbox 151 5336 3362 5421">
    <p class='ocr_par' dir='ltr' id='par_1_59' title="bbox 151 5336 3362 5421">
     <span class='ocr_line' id='line_1_59' title="bbox 151 5336 3362 5421; baseline -0.003 -21"><span class='ocrx_word' id='word_1_756' title='bbox 151 5350 277 5406; x_wconf 82' lang='lat' dir='ltr'><strong>Iione</strong></span> <span class='ocrx_word' id='word_1_757' title='bbox 303 5365 570 5421; x_wconf 84' lang='lat' dir='ltr'><strong>nunquam</strong></span> <span class='ocrx_word' id='word_1_758' title='bbox 611 5345 796 5415; x_wconf 87' lang='lat' dir='ltr'><strong>putavi</strong></span> <span class='ocrx_word' id='word_1_759' title='bbox 828 5360 840 5393; x_wconf 92' lang='lat'><strong>:</strong></span> <span class='ocrx_word' id='word_1_760' title='bbox 871 5339 1089 5395; x_wconf 85' lang='lat' dir='ltr'><strong>amicior</strong></span> <span class='ocrx_word' id='word_1_761' title='bbox 1137 5339 1274 5393; x_wconf 89' lang='lat' dir='ltr'><strong>enim</strong></span> <span class='ocrx_word' id='word_1_762' title='bbox 1319 5341 1505 5395; x_wconf 92' lang='lat' dir='ltr'><strong>litteris</strong></span> <span class='ocrx_word' id='word_1_763' title='bbox 1546 5354 1699 5408; x_wconf 89' lang='lat' dir='ltr'><strong>quam</strong></span> <span class='ocrx_word' id='word_1_764' title='bbox 1808 5339 2071 5407; x_wconf 87' lang='lat' dir='ltr'><strong>gnoverit.</strong></span> <span class='ocrx_word' id='word_1_765' title='bbox 2103 5338 2212 5391; x_wconf 82' lang='lat' dir='ltr'><strong>Erit</strong></span> <span class='ocrx_word' id='word_1_766' title='bbox 2247 5338 2405 5390; x_wconf 81' lang='lat' dir='ltr'><strong>etiam</strong></span> <span class='ocrx_word' id='word_1_767' title='bbox 2453 5336 2543 5390; x_wconf 82' lang='lat' dir='ltr'><strong>ille</strong></span> <span class='ocrx_word' id='word_1_768' title='bbox 2584 5345 2854 5406; x_wconf 90' lang='lat' dir='ltr'><strong>promptus</strong></span> <span class='ocrx_word' id='word_1_769' title='bbox 2884 5336 2945 5388; x_wconf 93' lang='lat' dir='ltr'><strong>ad</strong></span> <span class='ocrx_word' id='word_1_770' title='bbox 2981 5337 3362 5390; x_wconf 74' lang='lat' dir='ltr'><strong>restituendum</strong></span> 
     </span>
    </p>
   </div>
   <div class='ocr_carea' id='block_1_60' title="bbox 151 5428 3360 5500">
    <p class='ocr_par' dir='ltr' id='par_1_60' title="bbox 151 5428 3360 5500">
     <span class='ocr_line' id='line_1_60' title="bbox 151 5428 3360 5500; baseline -0.003 -11"><span class='ocrx_word' id='word_1_771' title='bbox 151 5438 399 5497; x_wconf 70' lang='lat' dir='ltr'><strong>littoribus</strong></span> <span class='ocrx_word' id='word_1_772' title='bbox 428 5439 723 5496; x_wconf 87' lang='lat' dir='ltr'><strong>videbaris.</strong></span> <span class='ocrx_word' id='word_1_773' title='bbox 761 5434 960 5488; x_wconf 91' lang='lat' dir='ltr'><strong>IIorum</strong></span> <span class='ocrx_word' id='word_1_774' title='bbox 1000 5431 1222 5487; x_wconf 86' lang='lat' dir='ltr'><strong>alterum</strong></span> <span class='ocrx_word' id='word_1_775' title='bbox 1251 5431 1342 5486; x_wconf 84' lang='lat' dir='ltr'><strong>ditt</strong></span> <span class='ocrx_word' id='word_1_776' title='bbox 1380 5433 1444 5488; x_wconf 88' lang='lat' dir='ltr'><strong>de</strong></span> <span class='ocrx_word' id='word_1_777' title='bbox 1476 5443 1523 5488; x_wconf 92' lang='lat' dir='ltr'><strong>te</strong></span> <span class='ocrx_word' id='word_1_778' title='bbox 1553 5432 1698 5500; x_wconf 87' lang='lat' dir='ltr'><strong>igno-</strong></span> <span class='ocrx_word' id='word_1_779' title='bbox 1808 5433 1855 5486; x_wconf 89' lang='lat' dir='ltr'><strong>ei</strong></span> <span class='ocrx_word' id='word_1_780' title='bbox 1886 5445 2074 5486; x_wconf 89' lang='lat' dir='ltr'><strong>munus</strong></span> <span class='ocrx_word' id='word_1_781' title='bbox 2099 5430 2313 5494; x_wconf 88' lang='lat' dir='ltr'><strong>orandi,</strong></span> <span class='ocrx_word' id='word_1_782' title='bbox 2346 5429 2390 5483; x_wconf 91' lang='lat' dir='ltr'><strong>si</strong></span> <span class='ocrx_word' id='word_1_783' title='bbox 2420 5428 2699 5489; x_wconf 72' lang='lat' dir='ltr'><strong>voluntatis</strong></span> <span class='ocrx_word' id='word_1_784' title='bbox 2737 5437 2835 5481; x_wconf 79' lang='lat' dir='ltr'><strong>tua:</strong></span> <span class='ocrx_word' id='word_1_785' title='bbox 2875 5439 3042 5480; x_wconf 85' lang='lat' dir='ltr'><strong>sumat</strong></span> <span class='ocrx_word' id='word_1_786' title='bbox 3088 5428 3360 5482; x_wconf 72' lang='lat' dir='ltr'><strong>indit-iuni.</strong></span> 
     </span>
    </p>
   </div>
  </div>
