3826 6358
522 257 647 313 ’358

1701 252 1760 317 ρ.
1804 250 2143 307 ΑῐῐῖΕἰᾸυΞ
2183 250 2611 313 SYMMACIIUS.

3647 264 3735 316 πε

540 370 617 421 'fu
648 366 802 420 modo
833 362 1108 431 benignam
1143 369 1368 414 mentem
1404 359 1590 413 litteris
1619 362 1749 414 meis
1781 364 2017 430 applica;
2048 370 2098 413 et
2127 361 2173 419 Α
2202 362 2515 446 periorum._
2540 367 2643 429 Sed
2686 367 2765 422 fac
2797 369 3132 424 mediocriter
3175 385 3202 423 a
3243 379 3293 425 te
3331 370 3594 425 hominem
3632 385 3737 426 esse

540 460 626 525 qui
656 469 787 527 togze
813 452 1013 507 amicus
1042 465 1100 507 es
1120 492 1135 517 ,
1176 450 1325 519 cujus
1355 450 1508 506 laude
1539 465 1695 519 supra
1729 452 1860 505 alios
1900 454 2091 519 splen—

538 550 693 604 duisti
712 590 725 612 ,
756 547 975 599 honesto
998 542 1169 596 ordini
1197 551 1374 596 notam
1399 541 1648 607 dotralte,
1692 552 1746 597 et
1778 542 1974 598 homini
2003 558 2092 610 pa-

539 656 651 694 ruut
682 646 834 691 cauto
864 646 1075 705 rogatus
1111 634 1342 701 ignosce.
1377 632 1527 686 Vale.

912 706 934 724 ‘
1082 725 1294 779 EPIST.
1336 724 1549 780 χχχιι.

998 829 1310 879 βΥΜὶΙΑεΗυῧ
1340 830 1608 868 ιΑιιυΔιιιο.

605 911 823 966 Solebas
866 907 1119 972 antehac,
1168 921 1288 960 cum
1332 906 1682 960 tribunalibus
1712 907 2084 975 prmsiderem,

537 1002 630 1055 fori
678 1002 875 1054 tirones
922 996 1298 1051 commendare
1336 995 1549 1064 judiciis
1579 1011 1593 1048 :
1624 996 1761 1065 quod
1802 1010 1938 1049 nunc
1966 997 2086 1049 offi-

532 1094 669 1145 ciunt
701 1103 852 1145 versa
894 1087 1200 1143 conditione
1242 1087 1480 1156 suscepi,
1526 1087 1614 1154 qui
1659 1087 1960 1155 magisterio
1999 1097 2087 1138 tuo

531 1170 1100 1235 causidicinm‘insinuu
1122 1175 1448 1230 candidatos.
1480 1176 1591 1242 Qua
1622 1177 1669 1228 in
1702 1191 1758 1228 re
1789 1191 1961 1230 meum
1992 1193 2084 1228 ne-

530 1287 681 1326 cesse
705 1280 784 1325 est
810 1270 1046 1339 sequaris
1071 1267 1367 1336 exemplum
1396 1284 1407 1319 :
1442 1278 1496 1320 ut
1518 1282 1622 1334 qua
1655 1266 1905 1321 facilitate
1940 1267 2087 1319 obla-

533 1375 612 1415 tos
640 1380 665 1413 a
695 1372 745 1415 te
772 1357 1073 1429 frequenter
1100 1359 1311 1422 admisi,
1335 1360 1518 1411 eadem
1546 1357 1800 1425 religione
1829 1358 2085 1425 suscipias

528 1474 614 1513 tne
640 1466 901 1511 assertore
934 1454 1238 1523 productos.
1270 1452 1414 1506 Vale.

1058 1543 1267 1599 EPIST.
1309 1542 1541 1597 XXXIII.

599 1642 962 1694 AsscCIatores
985 1638 1145 1706 diligo
1172 1638 1485 1700 litterarum,
1516 1650 1620 1690 non
1635 1638 1782 1699 quod
1813 1638 1938 1692 milii
1963 1654 2081 1693 cum

2196 465 2525 526 perspectum
2553 477 2565 513 :
2596 462 2671 513 tas
2697 475 2799 514 non
2832 470 2936 524 est,
2961 462 3001 513 si
3030 463 3151 530 quid
3179 463 3365 517 tribuis
3393 463 3630 516 amicitiai
3653 478 3735 515 no-

2192 556 2319 598 stra:
2335 587 2350 609 ,
2376 557 2432 598 ιιι
2456 556 2574 615 post
2596 550 2947 603 testimonium
2973 565 3144 604 meum
3165 559 3413 621 tanquam
3440 566 3600 605 novus
3621 552 3734 605 ami-

2192 648 2285 687 cus
2312 635 2401 688 tibi
2424 637 2659 691 accedat.
2691 638 2834 691 Vale.

2714 728 2923 783 EPIST.
2969 730 3226 784 XXXVII.

2763 832 3179 873 SVIIIACHUS.....

2264 903 2474 956 Pendeo
2504 904 2662 958 animi
2704 920 2869 973 usque
2898 908 2961 960 ad
3001 909 3315 963 valetudinis
3353 919 3456 962 tua:
3487 909 3729 963 nuntium.

2191 992 2319 1044 Nam
2355 995 2576 1047 inﬁrmis
2606 996 2777 1051 adltuc.
2808 999 3005 1051 viribus
3035 1010 3137 1053 tius
3168 1001 3627 1085 laboremjtineris
3650 1004 3731 1056 ad-

2189 1083 2391 1146 didisti,
2424 1099 2521 1137 nec
2553 1102 2763 1153 possunt
2792 1104 2950 1155 super
2981 1090 3080 1142 hoc
3118 1083 3525 1144 commeantium
3547 1106 3733 1146 sermo-

2191 1179 2343 1228 nibus
2388 1194 2506 1233 esse
2554 1191 2857 1245 routetttus,
2904 1182 3161 1250 siquidem
3194 1184 3363 1250 major
3403 1185 3608 1237 affectio
3648 1200 3733 1251 pro

2190 1266 2337 1319 falsis
2368 1269 2567 1335 accepit
2596 1271 2749 1323 dubia
2781 1286 3069 1325 rumorum.
3098 1272 3308 1340 Exopto
3337 1274 3494 1341 igitur
3524 1274 3731 1335 litteras,

2188 1374 2410 1425 quarum
2442 1363 2571 1414 fides
2597 1372 2837 1432 apportet
2861 1364 2986 1417 mibi
3008 1364 3073 1418 de
3097 1374 3147 1417 te
3166 1347 3363 1417 certam
3386 1366 3728 1418 securitatem.

2192 1448 2245 1503 Si
2276 1448 2398 1516 quid
2426 1450 2537 1516 ipse
2570 1467 2803 1505 'llCOl'Uln
2835 1462 3044 1506 actuum
3080 1455 3215 1506 scire
3245 1454 3510 1521 postulas,
3538 1455 3603 1506 ab
3633 1457 3733 1519 epi-

2188 1540 2341 1593 stola:
2369 1542 2629 1609 perlatore
2659 1558 2961 1612 cognosces.
3005 1544 3096 1597 Est
3137 1548 3276 1597 enim
3310 1546 3460 1598 nobis
3498 1544 3733 1597 concilia-

2190 1632 2421 1684 tissimus
2448 1633 2517 1684 ob
2542 1640 2659 1686 vitae
2687 1635 3066 1702 integritatem,
3100 1634 3393 1701 dignus-pte
3414 1673 3427 1697 ,
3470 1648 3552 1687 me
3580 1640 3729 1697 teste,

528 1734 718 1787 talibus
747 1732 931 1786 studiis
964 1730 1071 1784 ulla
1112 1735 1353 1798 cognato
1384 1728 1481 1792 sit;
1524 1728 1617 1781 sed
1661 1727 1781 1795 quia
1828 1730 2083 1796 professio
2115 1713 2163 1771 Β
2190 1720 2275 1788 qui
2304 1721 2489 1774 sedulo
2514 1723 2701 1776 domus
2732 1732 2831 1775 tuae
2862 1725 3146 1776 cultor-ibus
3177 1726 3460 1778 inseratur.
3490 1722 3637 1777 Vale.

530 1825 781 1874 bonarum
814 1820 1036 1885 artium,
1087 1819 1235 1884 quasi
1264 1815 1604 1885 pulchritudo
1627 1818 1785 1869 etiam
1830 1818 1881 1869 in
1914 1819 2084 1871 alieno

528 1927 749 1980 corpore
790 1910 956 1962 locata
996 1908 1243 1962 delectat.
1293 1907 1477 1959 Merito
1508 1905 1932 1959 Valentinianum
1965 1922 2087 1961 con-

530 2020 709 2067 gres~u
756 2001 881 2055 mihi
925 2001 1154 2068 primore
1181 2010 1539 2065 compertum,
1582 1999 1786 2067 paginis
1837 2001 2081 2067 prosequi

527 2094 756 2146 officium
788 2090 914 2144 duxi
943 2105 956 2143 ;
996 2098 1048 2141 ιιι
1077 2088 1127 2141 ei
1158 2088 1293 2155 apud
1339 2096 1389 2140 te
1426 2087 1651 2155 primam
1692 2087 1903 2155 januam
1936 2103 2084 2141 meus

527 2197 701 2237 sermo
733 2186 1149 2237 reseraret,.sua
1191 2178 1295 2228 vita
1333 2187 1487 2243 atque
1527 2176 1755 2229 eruditio
1782 2177 2086 2229 conciliaret

530 2276 812 2327 amicitiam
842 2269 1150 2339 pleniorem.
1186 2266 1335 2320 Vale.

1061 2361 1099 2414 E
1150 2359 1270 2413 IST.
1316 2360 1548 2413 XXXIV.

602 2454 857 2517 Religiosa
888 2466 1013 2504 cura
1050 2459 1156 2510 est,
1191 2464 1307 2512 qua:
1337 2451 1627 2502 amicorum
1664 2450 1840 2503 liberis
1871 2450 2086 2504 exhibe-

528 2554 613 2597 tur
651 2562 661 2594 ;
707 2542 1032 2610 praesrtim,
1082 2540 1126 2591 si
1172 2537 1499 2593 familiaritas
1545 2539 1831 2607 majoribus
1878 2540 2084 2605 delata,

530 2635 825 2688 cumulatur
872 2630 1071 2683 met-itis
1118 2638 1469 2696 posterorum.
1515 2629 1569 2681 In
1615 2643 1727 2684 rem
1773 2639 2104 2698 praesentem-

532 2734 734 2793 spectat
765 2729 976 2792 pue'ata
1006 2730 1287 2773 sententia.
1320 2721 1445 2774 Nam
1473 2723 1812 2789 Lampadium
1844 2722 1903 2776 C.
1928 2723 1996 2776 Μ.
2025 2722 2083 2774 V.

533 2832 636 2870 non
666 2818 843 2882 utique
868 2816 929 2865 ad
961 2829 1016 2865 διε
1047 2814 1191 2877 pensi
1219 2811 1395 2875 babui,
1422 2820 1477 2863 ut
1499 2816 1633 2865 solet
1654 2828 1772 2866 esse
1802 2813 2085 2865 multorum

532 2906 725 2961 caduca
756 2915 810 2957 et
827 2903 1049 2971 Jragilis
1077 2900 1285 2955 alTectio
1312 2917 1326 2953 :
1360 2902 1449 2954 sed
1490 2918 1555 2957 ex
1582 2917 1645 2956 eo
1681 2905 1884 2971 genitos
1908 2948 1921 2969 ,
1956 2913 2009 2957 et
2036 2905 2086 2955 in

534 2999 669 3049 bona
706 3005 916 3063 paterna
948 2993 1172 3046 nitentes
1208 3004 1488 3059 prorogato
1519 3008 1699 3047 amore
1737 2994 2085 3061 contemplor.

2697 1812 2910 1865 EI’IST.
2955 1812 3229 1865 XXXVIII.

2748 1921 3169 1959 SYMMACIIL‘S...”

2259 2000 2583 2053 Antistianu‘
2609 2001 2687 2053 vir
2712 2001 2912 2054 ordinis
2946 2001 3130 2064 nostri,
3167 2000 3293 2053 olim
3327 2001 3453 2054 mihi
3486 2002 3733 2069 probitate

2190 2090 2308 2141 vita:
2338 2091 2681 2155 complacitus
2708 2102 2805 2151 est,
2839 2102 2888 2143 et
2915 2092 3146 2144 honestis
3177 2106 3329 2143 carus
3354 2092 3561 2146 ofﬁciis.
3594 2092 3733 2157 Quod

2190 2192 2273 2231 me
2304 2192 2365 2231 ex
2403 2193 2526 2232 vero
2558 2180 2757 2245 potius,
2790 2195 2942 2246 quam
2975 2181 3026 2233 in
3067 2180 3286 2248 gratiam
3318 2180 3432 2247 ejus
3472 2195 3731 2243 asserere,

2188 2270 2411 2335 qualitas
2438 2270 2711 2333 przesentis
2738 2270 2983 2322 desiderii
3009 2270 3255 2323 ostendit.
3289 2270 3419 2323 Nam
3446 2270 3533 2323 dtu
3564 2271 3735 2336 p.ttri:e

2189 2374 2302 2410 sum
2347 2360 2550 2412 functus
2586 2360 2927 2426 defensione,
2979 2360 3240 2413 desiderat
3288 2370 3490 2413 tantum
3540 2370 3735 2429 portum

2191 2450 2408 2516 privatae
2442 2450 2633 2515 quietis
2673 2452 2907 2519 adipisci.
2940 2451 3066 2517 Qua:
3107 2466 3191 2505 res
3234 2452 3323 2504 tibi
3352 2452 3735 2505 commendabi-

2192 2540 2290 2591 lem
2340 2538 2565 2602 faceret,
2598 2539 2803 2593 etiamsi
2835 2555 2983 2592 meus
3019 2555 3120 2592 non
3166 2541 3507 2595 interveniret
3537 2542 3735 2595 affatus.

2190 2632 2341 2683 Soles
2377 2632 2516 2684 enim
2555 2645 2649 2699 pro
2690 2641 2773 2683 tua
2808 2632 2997 2684 virtute
3028 2632 3249 2700 diligere
3277 2632 3495 2697 cupidos
3530 2632 3657 2695 otii,
3695 2642 3738 2685 et

2144 2788 2152 2797 ι
2192 2720 2401 2773 nescios
2416 2719 2701 2773 ambiendi.
2722 2720 2911 2774 Oratus
2934 2721 3089 2788 igitur
3111 2730 3265 2787 atque
3286 2729 3535 2773 exoratus
3560 2720 3738 2773 litteris

2194 2811 2355 2871 meis,
2406 2809 2622 2877 dignare
2670 2811 2961 2865 concedere
3009 2819 3240 2877 optatam
3287 2810 3519 2877 requiem
3563 2823 3740 2862 vacare

2192 2901 2444 2967 capienti.
2479 2902 2584 2955 l\'ec
2618 2902 2784 2960 deerit
2815 2902 3208 2969 subrogandus,
3241 2915 3361 2953 cum
3402 2899 3556 2952 facile
3582 2915 3646 2952 ex
3675 2908 3741 2951 tot

2193 2992 2521 3059 optimatium
2566 3007 2788 3045 numero
2827 3006 3004 3059 parcnt
3041 2991 3142 3045 fide
3170 3000 3329 3057 atque
3372 2990 3634 3045 industria
3673 2987 3740 3041 vi-

534 3089 641 3142 llos
682 3087 773 3140 tibi
807 3085 954 3137 trado
995 3085 1060 3136 ab
1099 3083 1242 3135 omni
1279 3083 1465 3149 injuria
1496 3082 1857 3135 vindicandos.
1898 3084 2089 3147 Qumso
2119 3063 2163 3125 ε
2196 3096 2310 3133 rum
2345 3089 2427 3133 tua
2460 3080 2756 3134 edecimare
2781 3081 2945 3147 possit
2973 3080 3180 3133 electio.
3214 3079 3362 3132 Vale.

535 3188 590 3230 ut
619 3176 785 3229 vicem
821 3189 1019 3235 meam,
1051 3175 1092 3225 si
1124 3187 1249 3225 usus
1278 3172 1485 3232 tulerit,
1516 3173 1686 3238 justus
1711 3173 1909 3226 arbiter
1935 3188 2087 3227 exse-

536 3266 729 3333 quaris.
777 3262 992 3315 Multum
1035 3262 1189 3329 hujus
1234 3261 1473 3315 benclicii
1521 3262 1818 3328 'rmpelratio
1849 3264 1899 3315 in
1946 3272 2087 3315 tuam

536 3355 764 3416 laudent,
798 3354 849 3403 in
872 3366 1039 3404 meant
1070 3351 1291 3418 gratiam
1322 3351 1671 3415 promovebit.
1707 3351 1851 3403 Vale.

1077 3438 1287 3492 EPIST.
1335 3438 1543 3491 XXXV.

1100 3548 1519 3587 SYMRIACIIUS...”

507 3663 521 3678 .
606 3627 795 3680 Multas
836 3631 969 3679 inter
1006 3641 1101 3679 nos
1137 3627 1430 3678 officiorum
1460 3628 1602 3679 vices
1650 3627 1908 3679 scribendi
1959 3643 2087 3679 cun-

536 3722 763 3771 ctationc
788 3717 1128 3783 perdidimus.
1154 3716 1264 3768 Non
1291 3718 1457 3768 sinant
1483 3717 1695 3781 produci
1722 3719 1925 3783 longius
1948 3734 2091 3771 eont-

538 3821 695 3861 mune
722 3806 989 3860 delictum.
1020 3807 1245 3858 Assumo
1270 3805 1425 3871 igitur
1450 3805 1571 3857 mihi
1604 3806 1831 3873 religiosi
1859 3810 2088 3859 muneris

540 3907 709 3963 partes
751 3897 953 3962 priores
989 3912 1002 3947 :
1044 3904 1097 3947 et
1126 3895 1167 3947 si
1207 3896 1404 3948 referre
1449 3898 1608 3949 verba
1656 3897 1685 3949 d
1711 3899 1953 3954 stuleris.
1986 3913 2087 3949 non

526 3989 751 4045 mutabo
780 3986 1124 4053 propositum.
1158 3986 1283 4038 Tute
1314 3986 1707 4039 deliberationis
1738 3988 1831 4039 erit
1867 3990 2090 4040 interca-

539 4076 671 4141 pedo
696 4075 931 4142 rescripti
960 4092 971 4126 :
1001 4076 1158 4127 modo
1181 4077 1503 4137 memineris,
1534 4079 1879 4131 acce7crattrtn
1910 4083 2087 4146 gratim

537 4179 827 4223 recursum,
861 4164 1144 4216 voluntatis
1173 4165 1317 4231 signa
1345 4166 1618 4231 prtefcrrc,
1653 4182 1824 4219 serum
1856 4170 2088 4222 necessi-

534 4253 675 4307 tatis.
707 4254 845 4305 Satis
876 4253 997 4305 milti
1024 4254 1202 4305 videor
1232 4253 1589 4306 instaurandis
1617 4260 1949 4308 commerciis
1978 4259 2087 4324 cpi.

534 4345 786 4398 stolarum
820 4344 1039 4397 locutus.
1079 4344 1205 4398 Dein
1230 4359 1404 4397 Sermo
1437 4346 1606 4400 Probo
1631 4348 1863 4413 portitori
1895 4348 2087 4415 aliquid

2725 3171 2932 3225 El'IST.
2976 3170 3214 3224 XXXIX.
3252 3162 3261 3166 ⁷

2754 3280 3168 3319 εϊιιιῑιςιιιὶὃ.....

2264 3360 2591 3411 Desiderium
2624 3359 2749 3411 mibi
2782 3360 3022 3410 amicitia».
3052 3369 3154 3411 ture
3180 3359 3342 3412 frater
3366 3373 3515 3413 meus
3549 3356 3737 3420 Nicias,

2193 3462 2308 3499 cum
2363 3448 2540 3515 primis
2591 3448 3019 3515 philosophorum
3081 3450 3437 3502 numerandus
3500 3450 3739 3512 incuss‘t,

2195 3548 2463 3604 postlttmtt
2491 3552 2579 3605 per
2603 3537 2876 3605 epistolam
2909 3538 3025 3589 fecit
3054 3536 3327 3602 indicium,
3359 3538 3497 3605 quod
3518 3540 3565 3591 ei
3592 3539 3740 3591 ﬁliam

2196 3627 2334 3681 tuam
2365 3629 2461 3681 fida
2506 3630 2747 3697 pactione
2772 3629 3136 3693 desponderis.
3176 3630 3302 3693 Quae
3334 3644 3419 3683 res
3448 3629 3743 3683 teritimonio

2192 3731 2306 3779 est,
2356 3722 2618 3772 sincerum
2667 3720 2757 3772 ιιιιί
2806 3720 2975 3772 inesse
3017 3720 3269 3786 judicium
3313 3736 3325 3771 :
3367 3728 3419 3774 et
3466 3728 3739 3786 propterea

2152 3864 2155 3867 _
2196 3810 2598 3861 familiaritati-tn
2626 3810 2695 3862 ttti
2729 3810 2868 3861 ultro
2896 3824 3081 3861 omnes
3112 3809 3279 3862 bonos
3307 3808 3502 3861 debere
3532 3810 3739 3862 sectari.

2193 3903 2393 3953 Asserit
2423 3900 2560 3951 enim
2589 3900 2908 3964 probabilem
2936 3908 3163 3951 mentem
3194 3899 3311 3951 talis
3339 3898 3552 3953 electio.
3577 3898 3742 3963 Quare

2193 3993 2406 4055 optima:
2436 3990 2686 4042 vo'untati
2732 3991 2907 4041 calcar
2936 3984 3212 4055 admoveo,
3260 3998 3414 4055 teque
3456 3989 3663 4052 hortor,
3693 3996 3743 4041 ut

2192 4082 2576 4147 quamprimum
2632 4078 3045 4131 laudatissimqu
3095 4092 3347 4143 generum
3408 4078 3512 4130 diis
3556 4078 3741 4146 juvan-

2193 4173 2330 4225 tibns
2361 4170 2614 4225 ~ortiaris.
2642 4169 2802 4237 Cujus
2832 4169 3063 4221 acet-ssio
3097 4168 3185 4221 tibi
3219 4176 3271 4222 et
3298 4168 3606 4223 conciliabit
3629 4184 3743 4237 gra-

2194 4264 2315 4314 tiam
2346 4261 2717 4329 plnrimornm,
2750 4270 2802 4312 et
2840 4261 2999 4313 decus
3033 4258 3307 4312 afﬁnitatis
3332 4258 3565 4326 adjiciet.
3600 4260 3740 4315 Vale.

2782 4353 2991 4405 EPIST.
3038 4352 3145 4405 XL.

536 4434 775 4488 utilitatis
795 4433 952 4488 debet
982 4434 1191 4487 afferre.
1242 4435 1330 4487 Est
1365 4437 1503 4489 enim
1537 4437 1661 4489 mihi
1698 4438 1968 4492 familiaris
1997 4440 2081 4492 ιιι-
2117 4415 2165 4472 Ῐ)
2263 4445 2413 4497 Ratio
2442 4444 2649 4512 quidem
2693 4442 2907 4510 justitire
2951 4444 3089 4493 serio
3126 4457 3336 4507 semper
3365 4440 3606 4495 habenda
3648 4449 3743 4495 est.

532 4539 769 4593 gnusque
815 4524 1107 4592 patrocinio
1156 4534 1243 4577 tuo
1281 4541 1292 4574 :
1326 4540 1479 4591 quem
1529 4526 1570 4579 si
1621 4528 1823 4593 platido
1867 4546 1959 4581 «re
2002 4544 2085 4583 re-

534 4615 802 4683 spexeris,
835 4614 1068 4668 fortunas
1094 4629 1215 4667 suas
1245 4617 1474 4669 crevisse
1503 4618 1766 4683 gaudebit.
1802 4619 1943 4672 \‘ale.

1060 4705 1270 4758 EPIST.
1315 4706 1549 4760 XXXVI.

1094 4807 1513 4851 SYINACHUS.....
1696 4864 1703 4867 ἦ

602 4883 967 4946 'faccasdicet,
994 4892 1044 4937 et
1075 4884 1377 4939 salutationi
1406 4886 1729 4951 respondere
1753 4887 2051 4942 dissimules
2069 4930 2087 4959 ,

535 4989 800 5042 nunquam
827 4987 911 5027 me
935 4988 965 5026 a
991 4972 1237 5041 religioso
1268 4974 1444 5029 officio
1470 4976 1786 5030 dimovebis.
1820 4961 2086 5033 Excudant

534 5067 879 5134 quandoque,
930 5075 987 5120 ut
1036 5068 1136 5121 Itac
1183 5066 1537 5123 obstinatione
1585 5071 1829 5126 decedas.
1888 5076 2087 5128 interea

535 5158 757 5213 necdum
785 5166 1087 5224 recuperata
1119 5157 1305 5212 fiducia
1339 5160 1449 5222 tui,
1492 5162 1660 5214 audax
1694 5179 1880 5217 munus
1911 5167 2055 5231 ingtc

532 5252 667 5302 dior.
707 5249 1090 5305 Commendare
1143 5250 1281 5304 enim
1345 5253 1436 5307 tibi
1489 5249 1641 5321 lt'ujus
1680 5257 1861 5324 scripti
1899 5259 2086 5311 studeo

529 5356 826 5405 vecmrcm,
854 5342 1099 5409 juvenem
1139 5346 1407 5411 gravitatis
1446 5358 1682 5410 exactae,
1727 5348 1955 5415 mihique
1994 5350 2086 5401 du-

520 5436 653 5495 ,dum
688 5436 961 5501 probatum
995 5450 1086 5502 per
1132 5434 1348 5489 honesta
1396 5436 1741 5503 documenta,
1794 5454 1889 5492 nec
1935 5440 2084 5492 inex-

534 5535 735 5591 pertum
772 5526 843 5592 (si
883 5533 1025 5577 recte
1064 5526 1301 5592 restituo)
1336 5529 1534 5595 judicio
1566 5538 1653 5581 tuo
1680 5546 1693 5583 2
1724 5532 1837 5599 quia
1868 5545 2086 5583 securus

532 5615 648 5667 vita:
676 5623 730 5667 ct
757 5615 952 5669 militiae
974 5617 1197 5682 Veteris,
1232 5632 1495 5682 nunquam
1528 5619 1714 5685 refugit
1746 5635 1963 5673 examen
1996 5636 2084 5675 su-

2193 4536 2297 4590 Sed
2322 4535 2457 4588 circa
2488 4534 2689 4586 noblcs
2724 4532 3126 4601 probabilesque
3158 4546 3413 4598 personas
3445 4532 3565 4598 plus
3596 4530 3745 4585 debet

2192 4641 2307 4680 esse
2340 4624 2739 4686 moderaminis,
2782 4632 2834 4674 ut
2866 4621 3208 4689 persliiciatur
3242 4621 3291 4673 in
3321 4621 3647 4676 discretione
3671 4622 3740 4689 ju-

2193 4717 2408 4769 dicium.
2459 4714 2565 4766 lloc
2602 4728 2667 4766 eo
2716 4713 3014 4781 proloquor,
3067 4721 3125 4764 ut
3172 4711 3529 4765 intertenlum
3576 4724 3746 4764 meum

2192 4805 2532 4872 generalita'e
2590 4803 2973 4857 commendem.
3027 4802 3207 4855 Genus
3256 4810 3431 4853 autem
3483 4798 3748 4867 petitionis

2198 4895 2493 4963 liujusmodi
2524 4902 2623 4947 εει.
2656 4894 2778 4961 Agri
2804 4893 3003 4945 sororis
3032 4905 3164 4943 mea:
3188 4890 3397 4951 Italica),
3424 4889 3655 4943 illustris
3683 4890 3749 4943 fe-

2198 4994 2385 5049 minae,
2416 4987 2617 5038 cultore
2643 4983 2842 5037 vacuati
2865 5023 2879 5044 ,
2920 4992 2973 5035 et
3009 4980 3130 5033 fessi
3161 4994 3323 5034 onere
3348 4994 3632 5033 munerum
3664 4994 3749 5047 pu-

2196 5080 2473 5137 blicorum,
2499 5074 2773 5142 judiciaria
2798 5072 3112 5124 auctoritate
3140 5068 3410 5122 refovendi
3431 5076 3581 5121 sunt.
3612 5068 3748 5122 [Iane

2194 5189 2243 5233 ot
2264 5188 2344 5222 cut
2372 5185 2437 5219 ue
2473 5168 2543 5217 tui
2576 5166 2736 5217 animi
2772 5164 3017 5231 aequitate
3048 5163 3284 5229 promisi.
3312 5160 3467 5213 Certa
3504 5170 3594 5213 est
3614 5162 3747 5215 enim

2193 5260 2258 5312 de
2306 5262 2558 5311 boooruin
2613 5266 2786 5307 mente
2849 5253 3207 5321 praesumptio.
3262 5250 3547 5317 Sponsioni
3605 5251 3750 5319 igitur

2194 5364 2354 5409 mete,
2385 5348 2425 5397 si
2455 5345 2545 5397 tibi
2578 5345 2722 5397 cordi
2763 5358 2908 5404 sum,
2948 5343 3105 5395 fidem
3148 5350 3361 5408 praesta,
3414 5348 3473 5391 et
3500 5337 3750 5408 quidqud

2192 5442 2348 5493 rebus
2380 5448 2535 5501 atque
2566 5436 2859 5489 rationibus
2901 5442 3155 5487 matrona:
3194 5432 3430 5487 all-entia
3451 5446 3749 5486 accommo-

2192 5530 2315 5583 dum
2346 5537 2449 5589 est,
2481 5536 2605 5579 nutu
2630 5526 2767 5579 facili
2795 5526 2983 5589 tribue,
3013 5538 3143 5576 mea).
3166 5523 3520 5590 imputaturus
3550 5524 3747 5592 gratim,

2192 5616 2442 5687 quidquid
2474 5616 2544 5668 illi
2579 5613 2769 5669 favoris
2800 5612 3138 5679 impenderis.
3174 5612 3319 5665 Vale.
