3826 6416
499 851 599 904 539

497 962 667 1029 iudica
702 978 811 1014 sent
848 1008 858 1026 ,

496 1056 706 1107 Summa
752 1067 926 1108 autem
960 1059 1225 1123 petitionis
1269 1058 1582 1125 hujusntodi.
1609 1067 1689 1110 est
1733 1069 1787 1111 ιιι
1816 1058 1921 1111 ﬁlio
1944 1060 2058 1126 ejus

495 1142 919 1210 conjunctionem
963 1146 1080 1197 litim
1113 1157 1213 1198 tuae
1241 1146 1506 1214 spondeas
1548 1164 1559 1198 :
1593 1146 1746 1214 cujus
1787 1147 1862 1200 rei
1894 1149 2058 1215 impe-

495 1231 771 1284 trationem
795 1234 995 1286 facilem
1027 1234 1138 1286 fore
1167 1249 1509 1301 personarum
1526 1235 2051 1303 promittittequntio,

492 1331 543 1375 et
567 1322 841 1392 honestate
869 1336 922 1377 et
954 1324 1300 1392 possibilitate
1329 1325 1638 1394 congruitis.
1665 1325 1930 1393 Exspecto
1960 1327 2056 1394 igi-

495 1429 577 1468 tur
623 1427 676 1470 ut
704 1420 978 1484 responsio
1017 1429 1102 1471 tua
1135 1418 1494 1473 testimonium
1528 1433 1702 1471 meum
1744 1417 1886 1471 vires
1914 1418 2054 1485 apud

493 1519 541 1562 te
570 1507 816 1564 habuisse
847 1510 1169 1566 deci-.iret....
1199 1509 1343 1562 Vale.

1122 1597 1332 1651 EI’IST.
1375 1597 1434 1650 L.

948 1704 1251 1742 SVSIMACBUS
1287 1703 1597 1742 C.£Cll.l.\ﬂ0.

561 1778 823 1844 Quantum
874 1781 1052 1832 domui
1106 1795 1237 1832 meae
1285 1780 1485 1832 cultum
1531 1777 1762 1833 Lucilius
1792 1777 2055 1847 quondam

495 1870 662 1936 pictor
688 1871 939 1940 adjecerit
960 1913 973 1936 ,
1017 1887 1136 1925 cum
1168 1872 1458 1940 potissimis
1487 1873 1779 1925 amicorum
1809 1862 2052 1926 nosse'te

489 1973 690 2015 certum
713 1973 813 2016 est.
849 1964 1013 2032 llujus
1045 1964 1227 2027 ﬁlium,
1262 1979 1355 2033 per
1377 1974 1616 2018 naturam
1647 1965 1860 2034 quidem
1890 1978 1941 2020 et
1966 1982 2057 2033 per

492 2055 857 2107 necessitatem
884 2056 1062 2122 procul
1090 2055 1340 2122 positum,
1373 2055 1566 2124 injusta
1596 2056 1905 2120 sollicitant,
1938 2067 2058 2111 orto

488 2150 778 2202 certamine
826 2149 960 2202 inter
1001 2148 1365 2203 Numerarium
1398 2148 1677 2217 quemdam
1721 2158 1773 2201 et
1806 2148 2061 2216 Opinato-

490 2254 622 2300 rem,
655 2239 852 2292 dudum
883 2240 1167 2307 supradicti
1200 2238 1521 2307 possessoris
1546 2238 1817 2301 colonum,
1851 2238 1937 2304 qui
1968 2253 2054 2290 su-

1651 847 1712 912 ρ.
1756 842 2050 900 Αωυειιυ

2166 845 2210 898 .V
2222 843 2565 901 iiMACIiUS.
3607 843 3684 900 Sic

912 965 1170 1031 ﬁagitatas
1217 965 1417 1016 litteras
1468 978 1663 1031 negare
1726 979 1829 1015 non
1879 964 2055 1017 debui.
2087 966 2138 1024 Α
2165 963 2474 1018 Estimabis
2492 964 2558 1017 de
2587 962 2732 1017 cultu
2762 977 2965 1016 morum
2996 962 3109 1028 ejus
3137 977 3198 1016 ac
3220 961 3530 1027 litterarum,
3551 977 3686 1028 quan-

2162 1066 2271 1110 tum
2301 1058 2373 1110 illi
2401 1056 2692 1110 studiorum
2738 1070 2884 1109 mora
2916 1057 3170 1124 potuisset
3206 1055 3458 1121 adjicere,
3492 1054 3582 1108 nisi
3623 1069 3687 1107 re-

2159 1157 2399 1215 spectum
2452 1151 2655 1218 paterni
2698 1149 2946 1205 desiderii
3002 1150 3160 1203 timor
3203 1159 3383 1204 noster
3427 1147 3688 1202 habuisset.

2159 1236 2301 1291 Vale.

2760 1329 2971 1385 EPIST.
3013 1329 3123 1383 LV.

2648 1436 2948 1475 SYIIACHUS
2988 1436 3222 1475 EL'SEBIO.

2225 1508 2534 1563 Communis
2579 1511 2732 1564 amici
2777 1511 2987 1564 Eusebii
3037 1512 3223 1566 merita
3269 1512 3426 1580 longq
3471 1525 3692 1566 sermone

2159 1612 2528 1666 prosequerer,
2545 1598 2641 1652 nisi
2660 1599 2726 1652 de
2744 1598 3004 1666 probitate
3025 1599 3141 1667 ejus
3171 1610 3331 1668 atque
3356 1602 3536 1654 militia
3567 1602 3692 1668 plura

2157 1689 2384 1742 sentires
2404 1731 2419 1754 ,
2451 1690 2539 1756 qui
2568 1703 2706 1742 nunc
2751 1689 2816 1743 de
2843 1689 2962 1744 loco
2989 1705 3085 1744 suo
3111 1692 3318 1754 anxius,
3353 1703 3615 1761 postquam
3643 1693 3723 1766 de.

2154 1793 2221 1835 eo
2248 1781 2506 1849 comperit
2531 1795 2649 1835 esse
2669 1781 2985 1847 dubitatum,
3010 1782 3360 1851 allegationes
3379 1798 3503 1837 suas
3535 1797 3696 1851 prope-

2157 1873 2295 1926 ravit
2322 1884 2560 1926 astruere
2589 1872 2814 1928 lectione
2837 1873 3034 1940 publici
3058 1875 3257 1942 scripti,
3295 1890 3399 1928 non
3430 1876 3696 1928 assertione

2157 1962 2460 2016 verborum.
2493 1961 2605 2028 Qua
2635 1965 2686 2017 in
2709 1978 2768 2019 re
2795 1972 2849 2029 et
2875 1964 3049 2018 fautor
3080 1966 3332 2034 litiganti,
3363 1976 3408 2018 ct
3437 1967 3566 2019 festis
3592 1965 3700 2017 alle-

2157 2053 2442 2121 gationibus
2484 2057 2593 2122 ejus
2634 2071 2664 2106 α
2694 2055 2834 2107 nobis
2865 2057 3099 2109 accedere
3117 2056 3314 2126 juberis
3341 2072 3358 2108 :
3390 2068 3605 2124 quorum
3632 2057 3696 2107 ai-

2159 2155 2330 2199 terum
2363 2145 2515 2199 nobis
2535 2155 2621 2200 tua
2647 2146 2879 2202 amicitia
2908 2147 3170 2216 promisit,
3204 2146 3336 2200 ﬁdes
3366 2148 3582 2200 alterum
3608 2146 3702 2212 poi-

2158 2235 2365 2288 licetur.
2389 2235 2517 2289 Nam
2550 2235 2748 2290 dudum
2774 2251 2893 2290 eum
2923 2236 2988 2290 ad
3019 2236 3258 2292 scholam
3288 2235 3542 2290 Gallicani
3573 2235 3699 2302 pala-

494 2326 761 2392 periorum
819 2338 1114 2394 temporum
1168 2327 1441 2380 ratiocinia
1506 2327 1556 2380 in
1609 2326 1795 2380 Lucilii
1851 2337 2056 2382 vertere
2090 2311 2137 2370 Β
2167 2327 2220 2380 lii
2250 2327 2562 2382 translatum
2590 2341 2709 2383 esse
2736 2327 3041 2390 meministi,
3072 2327 3211 2396 quod
3236 2327 3354 2380 ideo
3379 2337 3431 2381 te
3460 2326 3702 2381 credimus

488 2414 702 2470 damna.
735 2415 962 2485 [Equum
991 2431 1171 2486 posco,
1203 2432 1308 2471 non
1339 2417 1735 2487 gratiam;licet
1758 2419 2053 2475 interventu

491 2520 610 2558 meo
648 2506 806 2560 etiam
840 2509 947 2560 voti
979 2516 1031 2561 et
1059 2508 1214 2562 studii
1262 2510 1497 2563 accessio
1536 2510 1810 2564 debeatur.
1846 2511 1910 2564 Et
1949 2513 2056 2580 pri-

489 2615 636 2654 more
681 2600 797 2653 loco
829 2603 1035 2668 postulo
1056 2641 1070 2664 ,
1103 2601 1288 2655 domus
1312 2603 1406 2655 viri
1427 2603 1841 2670 prudentissimi,
1876 2604 2056 2672 iooge-

488 2706 590 2758 que
619 2694 856 2759 degentis
900 2707 992 2761 per
1020 2692 1193 2745 ofﬁcia
1223 2693 1425 2760 publica
1467 2703 1514 2746 ct
1544 2693 1757 2746 ordines
1782 2702 1888 2746 tuta
1920 2709 2053 2762 prae-

490 2793 674 2836 stetur.
695 2784 913 2850 Dehinc,
938 2794 995 2837 ut
1023 2785 1065 2837 si
1094 2785 1216 2852 quid
1249 2784 1387 2836 inter
1410 2783 1525 2836 illos
1554 2783 1929 2837 decertationis
1949 2795 2050 2851 esr,

492 2885 579 2926 tuo
599 2873 833 2926 caedatur
848 2875 1121 2927 examine:
1151 2889 1214 2927 ne
1243 2874 1451 2942 quando
1477 2873 1628 2926 alteri
1655 2875 1817 2941 judici
1846 2887 2053 2929 servata

490 2966 718 3033 cognitio
749 2967 1033 3020 recidivam
1064 2967 1246 3020 Lucilii
1280 2965 1387 3018 ﬁlio
1417 2965 1590 3034 gignat
1622 2966 1886 3033 injuriam.
1909 2965 2049 3020 Vale.

1098 3054 1312 3108 EPIST.
1357 3053 1442 3105 LI.

909 3161 959 3199 εκ
975 3160 1213 3199 SIMACIIL'S
1251 3159 1629 3198 APOLLODORIO.

558 3239 780 3304 Quintus
826 3248 878 3291 et
913 3236 1059 3290 Felix
1095 3236 1530 3304 Hipponiensium
1557 3233 1788 3287 curiales
1815 3275 1827 3297 ,
1863 3234 1958 3287 has
1985 3234 2053 3288 de

492 3350 575 3387 me
625 3334 827 3387 litteras
875 3330 1223 3384 summatibus
1267 3328 1396 3380 viris
1437 3325 1909 3380 intervenientibus
1957 3326 2055 3379 int-4

491 3431 784 3490 petrarunt.
811 3421 973 3473 Debui
997 3419 1138 3472 enim
1159 3418 1471 3486 probitatem
1505 3417 1777 3470 hominum
1809 3416 1876 3470 de
1904 3417 2052 3468 testi-

489 3520 584 3570 bus
625 3518 905 3571 msdmare.
938 3513 1158 3567 interest
1199 3512 1355 3578 igitur
1394 3510 1672 3574 amicitiae,
1721 3524 1787 3562 ne
1821 3523 1939 3577 spes
1967 3524 2056 3564 eo-

490 3623 628 3670 rum,
663 3609 748 3675 qui
781 3621 863 3658 me
890 3605 954 3656 ad
979 3601 1402 3669 impetrationem
1434 3599 1665 3652 validum
1691 3597 2050 3664 crediderunt,

490 3663 708 3765 decepta
739 3694 996 3747 videatur.
1027 3693 1232 3758 Quare,
1256 3691 1300 3744 si
1330 3689 1453 3758 quid
1483 3704 1667 3743 eorum
1701 3702 1882 3756 poscet
1911 3692 2053 3744 utiii-
2081 3663 2128 3727 ο

493 3798 600 3853 tas,
642 3786 1017 3852 benignitatem
1067 3783 1204 3836 adde
1251 3780 1488 3847 justiticc.
1529 3781 1702 3835 Credo
1745 3784 1883 3835 enim
1932 3785 2053 3836 talia

493 3874 752 3944 poscenda
783 3917 794 3939 ,
829 3889 949 3940 qua:
991 3888 1087 3925 nec
1130 3871 1530 3924 intervenientis
1560 3872 1866 3938 petitionem
1900 3914 1914 3938 ,
1958 3889 2054 3929 nec

492 3969 791 4036 praestantis
815 3965 1067 4033 judicium
1098 3963 1428 4015 decolorent.
1455 3960 1601 4015 Vale.

1087 4055 1298 4110 EI’IST.
1341 4054 1447 4107 LII.

920 4161 1217 4201 SVMIIACIIUS
1258 4161 1618 4200 MAXISIILIANO.

562 4243 640 4297 lie
668 4257 734 4296 ex
765 4240 1025 4294 sententia
1057 4237 1235 4290 valere
1264 4236 1524 4305 signiﬁco,
1556 4236 1647 4288 tibi
1673 4236 1900 4289 secunda
1930 4245 2054 4303 opto

492 4344 769 4404 suppetere
803 4350 814 4384 :
848 4339 966 4400 post
988 4329 1100 4382 hazc
1121 4326 1398 4395 depostulo
1425 4367 1438 4390 ,
1468 4325 1606 4395 quod
1638 4333 1926 4393 spontanea
1961 4326 2044 4377 be-

494 4432 742 4498 nignitate
762 4425 998 4487 fecisses,
1015 4433 1070 4476 ut
1087 4421 1460 4476 conductorem
1486 4418 1562 4472 rei
1589 4433 1717 4471 mea:
1740 4417 2052 4477 Siciliensis,

491 4522 556 4575 ad
586 4519 906 4589 provinciam
936 4522 1317 4578 revertentem,
1349 4513 1507 4565 celeri
1539 4523 1843 4565 transcursu
1870 4510 1935 4562 ad
1964 4509 2055 4562 de-

492 4613 682 4666 stinata
716 4609 967 4666 dimittas.

1081 4694 1299 4749 EPIST.
1341 4692 1472 4770 Llil.

1057 4801 1080 4837 S
1093 4799 1406 4838 \'IIACllUS..
1420 4823 1454 4837 ..
1467 4820 1481 4835 ο

563 4883 804 4939 Assiduae
831 4879 1135 4948 scriptionis
1159 4876 1358 4930 nullum
1390 4882 1563 4942 potest
1591 4886 1709 4927 esse
1760 4871 2050 4924 fastidium.

493 4974 706 5043 Fungor
735 4973 893 5040 igitur
921 4969 1059 5038 apud
1097 4978 1149 5021 te
1177 4969 1346 5021 salute
1367 4965 1587 5021 dicenda
1612 5008 1624 5030 ,
1650 4965 1912 5032 simulque
1935 4963 2056 5014 hor—

491 5077 591 5127 tor,
625 5074 675 5116 et
702 5063 983 5129 deprecor,
1014 5067 1068 5111 ut
1100 5055 1373 5110 hominum
1397 5071 1636 5108 meorum
1659 5069 1838 5106 curam
1865 5066 2054 5120 gerere

492 5169 596 5206 non
621 5152 880 5221 graveris;
901 5151 1089 5216 quibus
1117 5163 1219 5201 non
1243 5147 1412 5200 solum
1439 5145 1708 5199 tribuenda
1739 5155 1819 5199 est
1841 5145 2050 5209 ﬁducia,

491 5246 534 5296 si
562 5244 684 5308 quid
712 5257 836 5295 usus
879 5241 1144 5293 desideret
1191 5237 1534 5305 suggerendi,
1571 5251 1748 5290 verum
1781 5237 1937 5288 etiam
1965 5252 2054 5288 ne-

492 5325 1086 5389 cessitas'admovendi.
1116 5329 1237 5382 lltec
1265 5329 1405 5380 enim
1436 5334 1516 5380 est
1539 5335 1722 5378 natura
1755 5342 2050 5390 servorum,

493 5435 548 5478 ut
577 5424 724 5476 adire
754 5431 977 5475 renuant
1000 5419 1335 5487 profuturos,
1366 5417 1489 5469 dum
1520 5417 1725 5482 culpam
1753 5429 1900 5468 suam
1939 5431 2049 5468 me-

492 5519 645 5564 tuunt
679 5509 1022 5576 deprehendi.
1056 5507 1203 5558 \'.:le.

1072 5594 1286 5647 ΕΙἸδΤ.
1330 5592 1459 5645 LIV.

979 5699 1276 5739 SVIMACUUS
1317 5698 1583 5736 ιιαϋιελιο.

566 5780 810 5834 Tacenda
859 5787 979 5831 sunt
1018 5779 1207 5828 damna
1236 5775 1461 5826 fortuna:
1486 5814 1500 5835 ,
1535 5790 1598 5826 ne
1626 5788 1743 5826 sera
1767 5774 2057 5836 consolatio

497 5874 701 5926 scindat
751 5870 998 5938 praeteriti
1045 5867 1246 5921 doloris
1294 5865 1618 5918 cicatricem.
1673 5867 1885 5919 Rectius
1931 5881 2057 5934 ergo

496 5975 669 6016 tecum
725 5962 813 6014 ﬁlii
868 5960 1031 6011 nostri
1085 5957 1314 6011 Nemesii
1364 5957 1701 6009 ornatissima
1737 5956 1934 6017 indole,
1972 5956 2054 6009 vel

497 6055 669 6117 potius
695 6052 914 6104 fecunda
941 6049 1149 6103 laudum
1176 6048 1323 6116 fruge
1351 6046 1686 6100 cdntuierim.
1707 6046 1875 6100 llabes
1892 6045 2054 6099 virum

496 6143 847 6210 dignissiuum
891 6159 984 6211 pro
1015 6157 1299 6199 numerosa
1331 6142 1478 6211 prole
1510 6142 1712 6195 censeri
1747 6159 1758 6193 :
1793 6143 1929 6194 hunc
1965 6140 2054 6193 lilii

501 6237 551 6288 in
600 6252 808 6293 manum
854 6237 1046 6305 reddo,
1089 6237 1228 6305 quod
1275 6247 1500 6305 utroque
1545 6236 1716 6294 facere
1750 6239 2053 6294 voluissem.

2156 2421 2271 2487 ipso
2301 2420 2520 2475 absente
2550 2421 2761 2475 siluisse
2782 2462 2796 2486 ,
2827 2437 2895 2476 ne
2922 2421 3320 2476 existimaretur
3345 2421 3572 2490 gratiosa
3602 2435 3702 2474 esse

2155 2509 2422 2577 suggestio
2456 2526 2469 2564 :
2503 2525 2643 2566 nunc
2669 2510 2870 2578 majore
2900 2510 3088 2564 ﬁducia
3124 2511 3301 2565 aderis
3332 2511 3569 2576 veritati,
3599 2523 3702 2564 cum

2156 2601 2498 2669 allegationes
2525 2605 2801 2670 prresentis
2829 2603 3080 2657 audieris.
3118 2603 3262 2657 Vale.

2744 2691 2957 2746 EPIST.
3002 2691 3133 2745 LVI.

2620 2795 2926 2835 SYIIACIL'S
2963 2796 3250 2836 GEIIINANO.

2225 2871 2374 2926 Felix
2397 2914 2409 2934 ,
2438 2886 2556 2925 cum
2603 2881 2657 2926 et
2683 2874 2872 2927 domus
2905 2884 3010 2927 tuae
3036 2873 3209 2927 cultor
3239 2887 3357 2927 esse
3401 2873 3620 2935 diceret.
3663 2878 3705 2924 et

2156 2963 2535 3018 humanitatem
2572 2967 3047 3021 commendationis
3086 2982 3219 3022 mea:
3272 2967 3456 3021 amicis
3493 2967 3706 3019 interve-

2155 3055 2420 3110 nientibus
2450 3056 2757 3123 postularet,
2792 3057 3057 3111 desiderio
3090 3059 3208 3126 ejus
3237 3057 3546 3111 familiarem
3579 3057 3707 3126 pagi-

2155 3159 2274 3197 nam
2304 3160 2408 3198 non
2442 3146 2626 3213 negavi
2655 3187 2668 3210 ,
2700 3161 2796 3214 qua
2827 3147 3064 3216 principe
3107 3149 3223 3203 loco
3262 3149 3454 3216 fungor
3494 3149 3628 3216 apud
3671 3160 3710 3198 te

2155 3235 2322 3288 salute
2352 3236 2592 3290 dicenda.
2637 3237 2835 3292 Dehinc
2873 3253 3167 3307 prosequor
3197 3249 3465 3304 receptaru
3515 3239 3710 3306 petitio-

2157 3337 2306 3388 nem,
2349 3340 2464 3392 qu-.e
2496 3326 2800 3393 supradicto
2823 3367 2836 3390 ,
2869 3329 2913 3381 si
2939 3328 3169 3381 nondum
3203 3328 3294 3381 tibi
3325 3329 3568 3396 cognitus
3599 3338 3674 3380 est
3700 3365 3713 3386 .

2157 3421 2370 3479 praastet
2399 3414 2658 3470 clientelae
2696 3415 2891 3470 aditum
2923 3416 2967 3470 si
3007 3418 3115 3485 jam
3161 3425 3316 3470 notus
3356 3423 3712 3486 augmentum.

2159 3501 2304 3556 Vale.

2739 3595 2950 3649 EPIST.
2992 3595 3145 3648 LVII.

2585 3705 2894 3746 εϊιιωεηυε
2934 3707 3288 3754 QUINTILIANO.

2227 3779 2388 3835 Moris
2416 3781 2518 3834 mei
2541 3791 2640 3844 est,
2674 3782 2808 3836 bene
2837 3782 3063 3847 cognitis
3090 3797 3151 3836 ac
3182 3782 3420 3850 probatis
3448 3781 3592 3836 ferre
3617 3779 3718 3834 suf-

2156 3871 2376 3940 fragium
2396 3911 2409 3935 ,
2438 3886 2536 3926 nec
2562 3886 2815 3938 personas
2844 3873 3137 3936 hominum,
3162 3871 3256 3924 sed
3288 3874 3409 3925 vita:
3432 3875 3621 3926 merita
3649 3885 3719 3924 co-

2156 3963 2341 4029 gitare.
2373 3961 2504 4015 Cum
2535 3961 2693 4030 igitur
2718 3961 2952 4015 Assellus
2982 3960 3309 4014 domesticus
3346 3972 3527 4015 noster
3552 3962 3607 4014 in
3643 3976 3724 4012 ur-

2156 4053 2307 4106 banis
2336 4053 2523 4106 castris
2552 4051 2755 4106 militiae
2790 4051 3050 4120 stipendia
3082 4053 3196 4104 sine
3216 4051 3510 4104 oﬁensione
3545 4050 3723 4104 confe-

2157 4143 2316 4208 cerit,
2368 4158 2548 4211 quaeso
2600 4153 2656 4195 ut
2698 4143 2961 4196 admissus
3024 4143 3076 4194 in
3122 4142 3423 4196 clientelam
3479 4155 3648 4203 tuam,
3681 4148 3726 4192 et

2158 4249 2333 4287 meum
2363 4232 2708 4301 patrocinium
2743 4232 2843 4285 sibi
2871 4231 3155 4300 profuisse,
3185 4240 3237 4286 et
3269 4240 3413 4285 tuum
3438 4231 3728 4286 accessisse

2159 4325 2385 4379 lietetur.
2418 4325 2565 4378 Vale.

2715 4412 2932 4466 EPIST.
2978 4411 3155 4465 LVIII.

2623 4516 2860 4554 SYMHACH
2870 4517 2927 4554 US
2967 4515 3272 4554 CAECILIANO.

2229 4592 2554 4659 intervenire
2585 4606 2678 4658 pro
2720 4592 2879 4658 justis
2909 4591 3102 4644 debitis
3131 4605 3235 4643 non
3275 4602 3486 4643 recuso.
3517 4587 3732 4641 Malitizc

2160 4697 2240 4742 est
2268 4687 2404 4740 enim
2452 4675 2730 4753 repudiare
2768 4683 2941 4737 locum
2971 4683 3155 4750 gratia:
3180 4722 3194 4744 ,
3241 4682 3292 4734 in
3320 4681 3404 4734 his
3432 4723 3446 4748 ,
3475 4697 3598 4750 quae
3626 4680 3737 4746 ipso

2160 4777 2401 4844 pastulati
2429 4776 2638 4843 tat/nitas
2669 4775 3006 4826 commendat.
3048 4772 3346 4826 FOrmianis
3369 4773 3435 4824 ad
3477 4770 3736 4839 egestatis

2160 4869 2398 4919 levamen
2421 4875 2622 4918 certum
2654 4880 2715 4917 ex
2742 4864 2919 4917 Africa
2951 4863 3054 4916 olei
3087 4863 3301 4916 modum
3332 4862 3575 4915 decrevit
3609 4860 3735 4911 anti«

2161 4961 2354 5026 quitas.
2396 4957 2625 5010 Poscunt
2655 4971 2683 5007 a
2718 4964 2767 5008 te
2809 4970 3009 5008 morem
3055 4955 3208 5022 longa
3250 4961 3406 5006 aetate
3434 4961 3739 5010 servatum,

2157 5051 2240 5102 cui
2270 5049 2425 5104 debet
2445 5049 2674 5116 adjicere
2700 5047 3026 5101 celeritatem
3057 5044 3357 5111 praestantis
3407 5042 3736 5096 humanitas.

2161 5138 2310 5194 Vale.

2745 5225 2954 5280 EI’IST.
3000 5224 3132 5278 LIX.

2684 5329 2988 5368 S\'§I.\IACIIL‘S
3033 5328 3197 5366 JOVIO.

2195 5392 2197 5394 l
2230 5412 2345 5463 Non
2388 5423 2580 5462 novum
2613 5406 2691 5459 vel
2721 5407 3041 5471 incognitum
3065 5447 3080 5470 ,
3129 5401 3221 5455 sed
3259 5409 3606 5470 compertum
3637 5400 3745 5469 jam

2161 5503 2262 5557 ﬁde
2293 5510 2347 5555 et
2386 5501 2699 5567 antiquitate
2744 5498 2942 5550 militiae
2981 5495 3266 5550 Eusebium
3297 5496 3526 5566 amicum
3561 5510 3747 5550 meum

2163 5601 2434 5660 promptus
2476 5589 2876 5642 commendator
2922 5587 3130 5640 insinuo
3169 5604 3180 5638 ε
3218 5599 3374 5654 quem
3401 5584 3467 5638 ad
3499 5585 3620 5640 hoc
3648 5585 3752 5639 svi

2160 5684 2302 5737 nulla
2348 5695 2556 5735 actuum
2588 5678 2740 5746 culpa
2769 5677 3009 5741 fuscavit,
3053 5677 3146 5731 sed
3175 5675 3435 5740 absentia,
3471 5690 3609 5742 qua:
3638 5676 3756 5746 ple-

2159 5777 2336 5837 risque
2387 5773 2580 5828 occulit
2619 5774 2827 5832 merita,
2859 5775 2903 5823 si
2935 5769 3238 5823 testimonio
3266 5767 3630 5834 praesentium
3663 5771 3756 5820 de-

2160 5880 2386 5930 seratur,
2416 5868 2587 5921 locum
2618 5864 2734 5931 ejus
2760 5863 2951 5917 dicitur
2979 5862 3029 5915 in
3075 5859 3358 5926 ancipitem
3399 5869 3620 5913 statum
3669 5859 3762 5912 de

2159 5963 2372 6014 duxisse
2420 5961 2663 6013 fortunae.
2704 5955 2994 6026 Singularis
3038 5962 3212 6006 tamen
3251 5953 3412 6005 animi
3457 5955 3540 6004 tui
3588 5953 3758 6018 aqui-

2162 6063 2241 6105 tas
2281 6066 2380 6104 non
2413 6049 2659 6118 patietur,
2699 6058 2756 6103 ut
2789 6061 2976 6117 spero,
3021 6042 3779 6112 adversum,stipendiorunt

2163 6142 2557 6211 pr.crogativam
2597 6155 2776 6194 casum
2808 6138 3005 6190 valere.
3037 6135 3103 6189 Et
3143 6150 3260 6189 mea
3290 6134 3449 6201 igitur
3477 6133 3779 6190 hortatio,

2160 6246 2210 6290 et
2241 6235 2401 6299 IpriJS
2452 6233 2641 6289 ﬁducia
2681 6230 2940 6298 judicium
2995 6240 3138 6287 tuum
3184 6225 3421 6295 respicit.
3452 6223 3680 6294 Quaeso
3715 6237 3768 6280 ut
