3826 6358
448 378 547 431 ζ’)ιὸ

1612 371 1675 436 ρ.
1705 370 2061 426 .AURELIUS
2100 370 2524 426 SYMSIACIIUS.

3587 378 3695 432 314

443 490 567 553 rari,
599 506 695 541 neu
725 501 1040 553 magnopere
1074 485 1478 556 perurgeudam,
1529 500 1593 537 ne
1626 484 1717 536 tibi
1749 492 2005 550 perpetua
2032 485 2084 543 Α
2112 498 2215 551 quo
2245 487 2420 538 sortiri
2454 486 2633 539 Siciia
2669 486 3001 556 magistratus
3024 530 3037 551 ,
3082 500 3399 541 anteriornm
3431 491 3697 543 rec-mla-

438 582 712 632 conventio
744 578 1022 645 spontanei
1054 577 1275 642 gratiam
1309 578 1559 642 decerpat
1589 573 1769 629 officii.
1807 575 1955 629 Vale.

998 669 1212 722 EI’IST.
1258 667 1440 721 LXXI.

1004 775 1422 814 δι’)ιιι.ι‹;ιιιῖς.....
1708 808 1719 827 ,Α

502 855 748 917 Quamvis
799 852 1034 920 relegere
1080 855 1212 909 iter,
1258 861 1415 916 atque
1464 849 1606 901 illico
1650 862 1834 915 parem
1880 861 2004 899 rure

429 942 720 1003 deducere;
766 943 864 994 ltoc
898 945 1065 1011 ipsiim
1100 950 1276 993 tamen
1326 944 1483 992 breve
1530 939 1865 993 intervallum
1898 936 2002 991 dici

428 1046 649 1083 vacuum
679 1046 795 1083 esse
830 1032 1020 1085 litteris
1050 1045 1152 1082 non
1182 1031 1369 1096 patiar.
1402 1027 1659 1090 I’timunt,
1691 1038 1746 1079 ut
1768 1026 2001 1080 officium

426 1122 741 1188 scriptorum
792 1134 1000 1175 tuorum
1052 1118 1416 1172 vici~situdine
1461 1118 1723 1170 sermonis
1770 1116 2001 1184 mquipa-

426 1229 556 1267 rem.
595 1215 812 1279 Dehinc,
851 1224 903 1265 ut
934 1216 1194 1279 expetitas
1225 1211 1484 1263 amicitias
1518 1211 1686 1262 relatu
1715 1210 1897 1275 gratia:
1921 1209 1997 1262 in-

427 1306 629 1371 telligar
658 1304 945 1357 munerari.
979 1305 1271 1363 Postremo,
1299 1312 1354 1354 ut
1384 1302 1578 1355 iudicio
1609 1302 1865 1355 adventus
1893 1301 1994 1356 ntei

428 1396 711 1461 pansillunt
743 1396 806 1445 de
839 1378 911 1458 te,
946 1394 989 1449 si
1022 1409 1139 1445 mox
1170 1394 1316 1446 abire
1346 1392 1658 1445 decreveras
1679 1432 1692 1453 ,
1727 1391 1995 1465 residepdi

424 1492 630 1552 tempus
658 1485 946 1537 obtineant.
980 1482 1060 1536 Ob
1091 1483 1185 1535 Iias
1212 1498 1401 1535 Causas
1430 1482 1708 1550 epistolam
1740 1491 1997 1536 venturus

422 1573 532 1640 ipse
566 1582 810 1639 tanquam
859 1573 1135 1638 praesulem
1172 1572 1310 1624 misi.
1345 1571 1449 1626 Sed
1499 1572 1550 1624 in
1600 1572 1680 1624 bis
1728 1573 1994 1640 praecipua

423 1670 549 1721 mihi
600 1668 693 1720 fuit
736 1668 870 1719 ratio
919 1682 1023 1719 non
1075 1666 1288 1725 silendi,
1323 1665 1463 1733 quod
1493 1663 1638 1733 prior
1663 1673 1843 1717 votum
1873 1679 1994 1718 san-

418 1762 617 1815 ciendie
660 1760 1027 1812 fainili.u'tt.:ti--
1119 1757 1331 1812 abuiSti.
1380 1756 1533 1812 Unde
1557 1772 1747 1811 curare
1775 1772 1860 1811 me
1900 1756 1991 1811 de-

417 1854 560 1916 cuit,
613 1869 677 1905 ne
724 1854 934 1919 culpam
969 1850 1165 1904 fastidii
1195 1849 1567 1904 contrahercm
1614 1849 1696 1902 dis

417 1959 690 2012 responsa.
720 1944 876 2011 Atqui
912 1944 1123 1996 mallem
1152 1956 1365 2010 semper
1396 1958 1510 1996 mea
1539 1957 1702 2007 opera
1734 1943 1994 1997 amicitias

416 2035 686 2095 inchoari;
734 2043 934 2087 tantum
966 2034 1137 2098 abest,
1170 2044 1226 2087 ut
1256 2034 1404 2102 pigre
1425 2041 1478 2086 et
1505 2033 1831 2102 negligenter
1860 2032 1995 2086 acci-

415 2128 553 2193 piam
604 2140 792 2177 munus
845 2124 1120 2192 religionis
1172 2123 1389 2175 oblatte.
1440 2125 1553 2191 Ago
1604 2123 1759 2189 igitur
1796 2124 1994 2190 gratias

416 2220 566 2271 bona:
595 2218 847 2269 voluntai
883 2226 1016 2274 tum,
1055 2223 1106 2267 et
1151 2215 1349 2268 curabo
1395 2215 1582 2268 seduln
1617 2213 1808 2266 officiis
1836 2214 1992 2278 meis,

414 2316 472 2361 ut
518 2305 705 2359 credas
752 2306 989 2373 potuisse
1022 2320 1105 2357 tne
1152 2304 1420 2357 scribendi
1450 2303 1640 2358 ordine
1688 2303 1988 2372 praereniri,

413 2395 679 2466 diligentia
709 2395 869 2449 animi
902 2409 1004 2449 non
1038 2409 1211 2463 posse.
1240 2394 1386 2447 Vale.
1720 2395 1729 2403 ‘

962 2486 1177 2542 EPIST.
1229 2484 1434 2539 LXXII.

980 2592 1397 2633 SHISIACIIL'S...”

482 2671 861 2735 Alexandrum,
891 2671 1043 2723 sieuti
1071 2670 1359 2736 loquuntur
1386 2667 1643 2730 ltistortze,
1672 2668 1848 2734 gravis
1876 2681 1987 2720 mo-

410 2760 603 2815 mordit
635 2760 828 2813 invidia
858 2759 999 2827 quod
1030 2759 1223 2813 Achilli
1274 2758 1571 2812 fortissimo
1612 2757 1709 2810 aevi
1757 2759 1835 2810 Sui
1882 2758 1988 2809 IIo-

407 2868 611 2909 merum
640 2867 937 2921 prieconem
970 2852 1177 2905 fortuna
1210 2852 1504 2904 tribuisset.
1530 2850 1595 2903 At
1623 2848 1751 2901 milii
1778 2848 1986 2901 animus

406 2946 578 3013 gliscit
624 2945 815 3015 gaudio
840 2985 855 3008 ,
886 2944 1027 3014 quod
1070 2952 1292 2997 eventus
1328 2943 1460 3010 reip.
1498 2955 1785 3009 prosperos
1829 2940 1983 3008 parili

405 3052 651 3091 sermone
681 3035 903 3089 ornasti.
941 3034 1090 3089 Unde
1121 3035 1315 3088 factum
1347 3045 1448 3099 est,
1476 3043 1531 3086 ut
1557 3031 1752 3085 nostris
1773 3046 1983 3099 quoque

406 3128 671 3183 obtutibus
700 3166 713 3188 .
762 3128 851 3195 qui
901 3126 1085 3195 procul
1132 3126 1337 3194 agimus
1364 3165 1379 3189 ,
1420 3122 1667 3192 qumdam
1710 3131 1980 3190 gestorum

2114 572 2258 626 tione
2286 576 2574 627 metuebat.
2613 576 2751 628 Ades
2799 576 2957 643 igitur
3001 577 3154 629 nobis
3181 588 3541 644 exspectatus,
3579 580 3635 631 ill
3662 592 3695 631 ε

2111 664 2515 718 desiderandus.
2552 666 2615 718 Et
2643 680 2907 734 prmsumo
2938 667 3029 720 tibi
3053 678 3272 736 accepto
3304 669 3612 733 ferendum,
3640 670 3692 722 si

2110 755 2400 821 provinciae
2427 756 2847 808 commodaverit
2874 757 3181 823 posterioris
3212 758 3454 811 imitatio.
3482 762 3695 812 Auctor

2110 850 2191 894 est
2216 844 2355 895 enim
2390 844 2645 897 bonorum
2683 844 3057 913 sequentium,
3101 847 3190 913 qui
3221 848 3469 917 relinquit
3499 863 3695 902 exem—

2108 932 2273 1001 plum.
2303 933 2449 988 Vale.

2650 1045 2864 1103 EPIST.
2904 1046 3134 1101 LXXVI.

2682 1152 3100 1191 SVIHACBUS..."

2177 1223 2449 1291 Querebar
2472 1228 2662 1281 tacitus
2690 1227 2805 1295 ipse
2835 1242 3042 1282 mecum
3066 1229 3131 1283 de
3159 1229 3390 1291 silentio,
3413 1228 3512 1282 sed
3538 1228 3688 1281 ami-

2108 1330 2225 1370 cam
2274 1321 2676 1374 succensionem
2722 1335 2908 1376 recens
2950 1336 3128 1375 sermo
3176 1321 3418 1390 placavit.
3450 1320 3595 1389 Ergo
3627 1320 3688 1375 in

2107 1424 2260 1461 nsum
2295 1419 2527 1464 veterem
2574 1421 2907 1466 revertamur
2930 1455 2944 1477 ,
2993 1424 3048 1467 et
3086 1425 3319 1466 mutuam
3347 1410 3688 1481 diligentiam

2104 1502 2365 1569 religiosis
2397 1503 2802 1559 salutationibus
2832 1504 3161 1556 excolamus.
3183 1502 3328 1556 Vale.

2621 1635 2835 1690 EPIST.
2880 1635 3133 1689 LXXVII.

2671 1743 3090 1782 SVDINIACHL'S..."

1700 1848 1994 1903 simulando
2030 1840 2071 1897 Β
2170 1815 2376 1881 Scripta
2403 1825 2490 1869 tua
2520 1815 2799 1883 plurimum
2832 1816 2955 1869 milii
2980 1817 3216 1869 tribuunt
3238 1815 3542 1883 voluptatis.
3568 1815 3686 1871 Sed

2097 1904 2139 1958 si
2173 1907 2386 1971 paulum
2440 1904 2620 1958 Ποιιιτε
2668 1907 2901 1959 residere
2944 1906 3222 1964 voluisses.
3251 1906 3416 1959 multo
3444 1906 3685 1975 amplius

2097 1996 2250 2049 nobis
2280 1997 2557 2063 prreseutia
2593 2007 2700 2061 tua,
2733 2012 2887 2064 quam
2919 2012 3097 2051 sermo
3126 1998 3304 2065 gratiae
3334 1999 3683 2052 contulisset.

2098 2085 2233 2138 Fero
2284 2096 2458 2139 tamen
2504 2102 2656 2155 aequo
2704 2087 2923 2151 animo,
2969 2085 3109 2151 quod
3162 2086 3429 2140 desiderio
3477 2098 3678 2141 nostro

2096 2194 2333 2232 antorem
2363 2182 2545 2248 patriae
2589 2181 2892 2248 pertulisti.
2928 2182 2992 2234 Et
3038 2196 3195 2250 spero
3235 2182 3434 2236 visendi
3468 2182 3562 2236 filii
3596 2184 3678 2237 tui

2093 2272 2284 2338 gratia,
2319 2272 2407 2340 qui
2458 2287 2597 2325 nunc
2650 2272 2957 2325 liberalibus
3001 2272 3188 2326 studiis
3237 2272 3499 2338 eruditur,
3548 2273 3682 2326 red—

2093 2361 2318 2415 dendam
2352 2362 2481 2415 mihi
2517 2364 2712 2427 saepius
2743 2363 2812 2415 tui
2839 2363 3067 2429 copiam.
3114 2362 3317 2415 Interea
3349 2362 3477 2415 dum
3509 2362 3682 2416 absu-

2092 2465 2234 2512 mus.
2256 2451 2636 2519 frequentanda
2667 2452 2757 2504 tibi
2789 2462 2870 2505 est
2900 2466 3057 2519 opera
3082 2452 3404 2519 scriptionis,
3432 2461 3489 2504 ut
3518 2466 3685 2504 meus

2092 2543 2249 2596 etiam
2276 2543 2443 2612 stylus
2468 2542 2532 2595 ad
2564 2545 2976 2596 vic'ssitudinem
3006 2554 3338 2611 provocetur.
3372 2544 3520 2597 Vale.

2609 2678 2820 2733 EPIST.
2864 2677 3139 2730 LXXVIII.

2666 2782 3083 2821 SVH‘IACHITS..."

2158 2856 2330 2909 Credo
2378 2857 2618 2917 miraris,
2665 2858 2803 2922 quod
2852 2857 3019 2909 adluu.
3073 2857 3233 2909 r‘rudo
3276 2856 3502 2909 fortuna:
3530 2872 3673 2912 mea:

2087 2948 2307 3001 vulnere
2333 2949 2599 3001 silentium
2627 2951 2877 3015 rnperim.
2911 2948 3024 3001 "il"
3064 2948 3248 3001 solatia
3274 2989 3289 3012 ,
3335 2948 3416 3000 bis
3445 2963 3667 3016 pascor,

2091 3037 2172 3089 bis
2206 3054 2420 3091 recreor
2451 3056 2463 3089 :
2496 3039 2594 3091 etsi
2627 3040 2713 3091 illa
2746 3040 2883 3091 duco
2929 3038 3130 3106 majora
3163 3052 3279 3105 qua!
3310 3037 3437 3090 mibi
3471 3052 3536 3091 ex
3572 3049 3669 3093 tuo

2089 3140 2303 3197 pectore
2338 3140 2391 3184 et
2436 3145 2682 3183 Sertnottc
2712 3130 3023 3183 redduntur.
3056 3130 3160 3183 Sed
3194 3131 3315 3183 nolo
3346 3132 3613 3197 tantisper
3636 3146 3671 3186 ι

405 3218 563 3272 facies
605 3219 936 3272 subderetur.
971 3216 1145 3282 Quare
1180 3216 1406 3269 furtunae
1450 3224 1554 3267 tuae
1592 3214 1831 3282 gratulor
1860 3228 1977 3281 qua:
2007 3187 2051 3247 Ο
2084 3207 2169 3273 me
2218 3220 2398 3287 exigas
2463 3221 2661 3273 litteras
2709 3220 2994 3288 longiores.
3042 3220 3237 3273 Breves
3285 3229 3407 3273 sunt
3451 3220 3666 3276 doloris

407 3316 761 3374 spectatorem
795 3314 847 3359 te
876 3306 1121 3359 secundis
1148 3307 1309 3359 rebus
1339 3305 1607 3372 apposuit,
1641 3312 1696 3358 et
1725 3303 1981 3357 facundiae

405 3414 519 3464 qua:
551 3398 728 3451 talium
767 3398 1099 3467 negotiorum
1142 3396 1491 3465 magnitudini
1523 3396 1779 3450 orationis
1807 3397 1981 3464 gravi-

403 3498 511 3543 tate
536 3490 829 3556 respondit.
853 3489 1098 3543 Ccelestis
1128 3497 1285 3541 nutus
1314 3487 1533 3549 efficiet,
1557 3497 1616 3540 ut
1640 3488 1980 3541 ornatissimo

405 3578 593 3647 linguae
626 3589 725 3632 tua:
755 3577 1118 3647 promptuario
1143 3592 1412 3647 nunquam
1443 3577 1588 3633 desit
1629 3579 1851 3633 materia
1896 3588 1976 3632 ta-

404 3670 531 3723 lium
563 3670 887 3723 nuntiorum.
912 3668 1057 3723 Vale.

942 3758 1155 3814 El'lST.
1196 3757 1427 3815 LXXIII.

975 3864 1393 3902 SUISIACIIL‘S...”

392 3933 399 3940 ’
468 3937 607 3991 Cura
637 3939 827 3991 anxius
853 3952 999 3991 eram
1042 3940 1347 4006 priusquam
1380 3940 1583 3994 litteras
1635 3949 1752 3994 tuas
1799 3954 1977 3993 sume-

399 4043 508 4081 rem
536 4068 549 4090 ,
585 4039 757 4081 utrum
795 4027 1074 4081 commode
1118 4038 1332 4096 peracto
1362 4030 1552 4085 itinere
1597 4031 1663 4085 ad
1711 4030 1974 4083 destinata

400 4118 753 4184 pervenisses.
808 4116 912 4172 Sed
958 4118 1043 4170 ubi
1089 4120 1286 4172 certior
1332 4118 1504 4174 factus
1554 4134 1694 4183 sum,
1726 4119 1858 4172 nihil
1885 4133 1977 4169 va-

398 4206 614 4260 letudini
662 4218 761 4259 tua:
807 4206 990 4261 labore
1020 4207 1226 4262 itineris
1272 4207 1634 4271 deminutum,
1667 4210 1878 4261 animus
1905 4207 1969 4260 ad

396 4310 453 4350 se
486 4297 725 4355 revertit.
760 4297 1037 4352 Prarstabit
1063 4299 1272 4353 divinus
1310 4299 1476 4364 favor,
1513 4311 1569 4354 ut
1598 4301 1755 4354 sicuti
1784 4300 1976 4354 absen-

397 4392 465 4443 tia
497 4401 581 4445 tua
612 4400 789 4459 optata
815 4390 1183 4458 cognovimus,
1204 4392 1276 4445 ita
1299 4402 1390 4447 tuo
1418 4393 1591 4448 reditu
1620 4393 1971 4461 gaudeamus.

399 4484 544 4537 Vale.

942 4571 1157 4628 EPIST.
1198 4572 1430 4626 LXXIV.

970 4678 1295 4717 SVIIIACIIIIS.
1309 4701 1366 4715 η.
1381 4703 1391 4715 .

465 4755 798 4809 Editionibus
840 4758 1036 4810 nostris
1068 4755 1290 4808 amicam
1319 4769 1537 4822 operam
1570 4754 1860 4821 polliceris.
1886 4755 1970 4808 ln-

392 4846 569 4912 telligo
597 4844 785 4899 litteris
813 4846 1197 4900 benevolentia:
1228 4854 1331 4899 tua:
1358 4844 1604 4898 effectum
1632 4847 1964 4912 respoiidere

392 4936 625 5002 potuisse
648 4976 663 5001 ,
698 4935 740 4986 si
797 4937 1013 4990 lionoris
1044 4937 1116 4988 tui
1166 4947 1372 5002 tempus
1404 4934 1631 4987 felicitas
1680 4935 1966 5002 provincia:

392 5034 752 5093 propagasset.
786 5024 891 5078 Sed
923 5025 1165 5092 quamvis
1195 5025 1453 5092 depositis
1485 5024 1711 5089 reipubl.
1745 5024 1965 5079 habenis

392 5132 621 5185 nequeas
650 5119 894 5185 promissi
926 5117 1207 5170 terminum
1248 5118 1374 5169 dare
1400 5158 1415 5182 ,
1450 5131 1550 5184 ego
1593 5126 1768 5171 tamen
1801 5119 1967 5170 fateor

390 5210 458 5259 ita
507 5223 592 5262 me
638 5208 725 5260 tibi
760 5209 1004 5262 vadatum
1052 5209 1218 5277 gratia
1246 5246 1263 5273 ,
1312 5219 1365 5259 ut
1397 5223 1471 5273 sp:
1494 5222 1604 5260 rata
1658 5210 1962 5276 perfeceris.

392 5298 524 5352 Veto
554 5296 975 5368 eoimgfaventis,
1009 5315 1113 5351 non
1146 5298 1290 5351 exitu
1322 5299 1401 5352 rei
1440 5299 1650 5351 animus
1678 5298 1960 5365 obligatur.

388 5389 587 5443 interea
611 5389 823 5443 abundo
841 5389 1055 5459 gaudio,
1079 5392 1218 5457 quod
1249 5392 1337 5443 tibi
1363 5390 1600 5443 omnium
1625 5406 1799 5444 rerum
1826 5390 1961 5442 fama

387 5482 537 5537 floret
564 5474 693 5537 etin
724 5494 925 5553 partem
955 5485 1191 5549 qua-siue
1220 5498 1246 5533 a
1282 5494 1332 5535 te
1364 5483 1529 5535 laudis
1562 5483 1777 5536 accedo.
1814 5482 1959 5537 Vale.

942 5572 1152 5625 EPIST.
1190 5571 1394 5625 LXXV.

962 5676 1385 5716 SVIMACIIUS.....

454 5752 627 5810 Beasti
671 5755 870 5810 curiam
918 5762 1154 5810 nostram
1206 5753 1487 5823 forumque
1542 5752 1868 5818 Romanum,
1897 5755 1963 5811 do

2067 3310 2309 3365 inducias
2336 3351 2351 3374 ,
2400 3322 2451 3364 et
2494 3326 2614 3365 mox
2646 3311 2697 3364 in
2731 3311 2952 3365 miseras
2981 3309 3331 3379 cogitationes
3376 3321 3666 3366 recurrunt

2081 3402 2411 3456 dissimulata
2457 3403 2725 3469 paululum
2755 3404 2909 3455 mala.
2944 3401 3084 3468 Ergo
3109 3410 3197 3455 tua
3246 3402 3419 3470 potius
3460 3402 3665 3455 redun-

2081 3494 2170 3547 det
2200 3494 2390 3560 oratio,
2422 3507 2540 3561 qua:
2570 3493 2659 3545 tibi
2688 3493 2896 3547 laudem
2934 3500 3157 3545 servatae
3182 3492 3427 3567 amicitiae
3458 3492 3663 3559 pariet,

2078 3592 2134 3639 et
2171 3584 2298 3639 mihi
2330 3583 2605 3654 praesentis
2633 3597 2881 3639 aerumna
2904 3582 3141 3637 Solamen
3172 3581 3375 3649 aﬂ’eret.
3395 3581 3547 3635 Vale.

2630 3714 2843 3770 EPIST.
2884 3713 3119 3769 LXXIX.
3144 3778 3147 3781 ν

2656 3820 3081 3861 BVIIACIIUS.....

2150 3897 2361 3951 Utinam
2404 3906 2457 3951 te
2497 3886 2682 3951 t'uelior
2723 3910 2881 3950 causa
2916 3897 3216 3961 tenuisset,
3266 3904 3317 3948 et
3354 3893 3509 3949 facile
3558 3892 3657 3947 ab-

2078 3988 2264 4041 sentia:
2295 3996 2397 4039 tuae
2428 3986 2620 4040 damna
2650 3985 2927 4041 ferremus.
2976 3985 3253 4053 Utcunque
3291 3994 3466 4037 tamen
3498 3982 3657 4037 'desi-

2077 4077 2282 4129 derium
2328 4076 2403 4129 tui
2450 4076 2742 4129 litterarum
2790 4078 2980 4131 solatio
3024 4077 3319 4144 mitigasti;
3366 4089 3499 4140 quas
3540 4074 3651 4127 fre-

2079 4174 2339 4235 quentare
2367 4165 2691 4235 dignaberis,
2725 4167 2767 4220 si
2811 4182 2967 4235 quam
3010 4167 3102 4220 tibi
3146 4166 3317 4219 adhuc
3350 4158 3649 4219 necessitas

2076 4256 2352 4311 familiaris
2382 4240 2581 4311 moram
2614 4257 2882 4311 indixerit.
2914 4258 3060 4311 Vale.

2620 4389 2834 4445 EPIST.
2875 4389 3086 4443 LXXX.

2658 4494 3075 4535 SVNIACHUS...”

2001 4539 2055 4600 Β
2150 4568 2215 4624 Ει
2242 4570 2409 4623 sancti
2448 4569 2612 4624 animi
2648 4570 2722 4623 tui
2761 4570 3073 4634 affectione,
3112 4580 3167 4626 et
3206 4571 3468 4625 sermonis
3508 4567 3653 4623 assi~

2075 4661 2277 4715 duitate
2315 4662 2573 4715 delector.
2622 4660 2698 4713 Ne
2740 4660 2867 4714 illud
2898 4661 3112 4727 quidem
3144 4661 3381 4714 beneficii
3420 4660 3645 4713 minoris

2074 4751 2339 4814 existimo,
2368 4751 2507 4819 quod
2545 4751 2610 4802 ad
2658 4751 2993 4803 scribendum
3037 4751 3164 4803 milii
3199 4750 3415 4804 idoneas
3452 4749 3653 4803 tribuis

2072 4840 2372 4895 facultates.
2423 4842 2594 4907 Spero
2627 4842 2765 4893 enim
2800 4842 3015 4909 paginas
3048 4857 3193 4895 meas
3228 4844 3324 4897 tibi
3360 4856 3517 4908 posse
3550 4856 3640 4894 re-

2070 4934 2240 4999 stitui,
2275 4946 2405 4999 quas
2436 4943 2744 5007 reposcunt,
2771 4935 2857 5003 qui
2888 4945 2975 4985 tuo
2998 4934 3196 5000 judicio
3223 4934 3508 5003 partitures
3539 4932 3643 4981 lm-

2068 5026 2157 5095 jns
2187 5024 2348 5078 officii
2378 5024 2697 5095 deliguntur.
2732 5027 2795 5080 Et
2823 5042 2949 5080 vero
2979 5040 3095 5091 qua:
3121 5040 3215 5093 pro
3244 5023 3643 5076 nmtn‘aainici-

2075 5116 2140 5168 tia
2177 5114 2411 5184 dignaris
2439 5115 2737 5183 injungere,
2767 5117 2996 5169 libenter
3024 5116 3359 5184 exsequenda
3379 5114 3633 5181 suscipio,

2070 5206 2280 5271 quoties
2323 5206 2628 5258 desiderant
2684 5220 2900 5273 Operam
2956 5220 3125 5259 meam
3190 5220 3322 5274 quos
3360 5219 3640 5257 commen-

2071 5298 2286 5351 datione
2317 5299 2658 5373 prosequeris
2698 5316 2710 5349 :
2762 5297 2855 5350 sed
2894 5298 2937 5349 si
2968 5297 3092 5364 quid
3136 5306 3226 5349 aut
3257 5294 3639 5363 negligentiae,

2073 5394 2165 5440 aut
2200 5386 2371 5440 serius
2406 5392 2625 5440 sortitur
2651 5385 2927 5449 eﬂ'ectum,
2971 5400 3155 5439 eorum
3199 5384 3635 5443 dissimulationi.

2072 5492 2207 5545 quos
2236 5457 2606 5530 commonendi
2636 5490 2759 5528 cura
2792 5474 3009 5539 deserit,
3039 5482 3249 5543 oportet
3273 5476 3490 5527 ascribi.
3523 5476 3635 5526 the-

2074 5579 2244 5622 terum
2272 5578 2376 5621 tam
2403 5570 2539 5636 jnSta
2572 5575 2625 5619 et
2647 5568 2865 5620 ItoneSta
2890 5574 3031 5629 sunt,
3049 5581 3166 5633 qua:
3190 5566 3299 5633 ipse
3324 5566 3638 5633 plerumun

2074 5659 2309 5727 delegas,
2364 5669 2420 5711 ut
2462 5658 2588 5711 mihi
2635 5658 2716 5711 vel
2759 5667 2876 5710 utro
2906 5656 3199 5724 appetenda
3241 5658 3311 5711 sit
3360 5653 3636 5710 exsecuti-

2074 5752 2428 5821 probabilium
2460 5749 2772 5806 litterarum.
2812 5746 2958 5800 Vale.
