3826 6396
503 706 607 762 547

1654 697 1716 764 Q.
1762 696 2101 760 AUIIELIUS
2140 697 2577 755 SVMIIACIIUS.
3635 709 3716 759 5'28

501 819 721 886 benigne
773 818 971 870 accitus
1024 803 1251 883 intrabo,
1296 824 1349 868 et
1387 828 1735 889 compensare
1770 814 2064 866 meditabor
2092 820 2139 877 Α
2171 823 2310 868 tuam
2341 817 2691 882 gratulatione
2719 820 3021 887 prtevettio,
3069 829 3122 874 ct
3169 830 3294 888 Opto
3324 822 3584 892 adaugent
3616 812 3737 891 gn"

505 908 758 974 pudentes
779 908 973 960 silentii
994 904 1182 960 'moras
1205 906 1563 959 crebrinribus
1587 904 1809 972 paginis.
1839 904 1914 956 Tu
1940 916 2058 956 tan-

503 1012 613 1053 tum
641 1002 774 1054 bona
810 1001 955 1054 venia
986 1000 1163 1066 recipe
1192 998 1499 1066 obsequium
1543 997 1737 1064 linguae
1777 997 1968 1062 inopis,
2008 1003 2061 1049 et

506 1094 771 1162 paulipser
796 1092 1084 1161 imperialis
1106 1090 1343 1159 magistri
1360 1089 1611 1143 submitte
1628 1087 1903 1155 judicium.
1924 1087 2059 1139 ludi—

499 1190 630 1240 casti
657 1198 799 1240 certe
818 1200 1065 1255 meorum
1095 1192 1145 1238 te
1169 1184 1343 1251 aliqua
1372 1182 1581 1252 legisse.
1616 1179 1867 1234 Eamdem
1900 1194 2059 1248 posco

502 1280 825 1346 patientiam.
857 1278 1034 1331 Novus
1061 1278 1153 1330 tibi
1177 1291 1281 1330 non
1304 1290 1419 1340 ero,
1443 1290 1540 1328 nec
1580 1275 1913 1341 inexpertum
1945 1272 2055 1327 for-

500 1368 711 1422 midabo
734 1369 1005 1423 arbitrum.
1033 1369 1220 1422 Omnia
1253 1383 1367 1421 mea
1400 1367 1539 1422 ferre
1569 1367 1821 1421 didicisti.
1865 1370 2059 1422 Acces-

498 1458 565 1511 sit
604 1460 764 1512 etiam
794 1459 942 1512 nobis
972 1458 1307 1512 familiaritas
1339 1473 1458 1526 qua:
1500 1467 1552 1513 te
1598 1458 1726 1512 mihi
1768 1460 2056 1528 :equiorem

496 1547 724 1615 jndicem
757 1548 932 1600 faciat.
960 1548 1201 1602 Gratiosa
1244 1549 1440 1616 quippe
1464 1558 1545 1602 est
1567 1547 1797 1602 amicitia
1823 1562 1851 1600 a
1873 1563 2059 1602 severo

498 1641 741 1693 examine
771 1640 819 1692 in
849 1638 1149 1693 blandiores
1178 1652 1371 1692 sensus
1391 1638 1612 1691 caritate
1641 1647 1890 1691 mutatur.
1924 1637 2058 1703 Quid

498 1727 543 1780 si
576 1742 673 1795 ego
703 1714 940 1796 deposito
983 1728 1174 1795 ingenii
1219 1729 1467 1796 pauperis
1513 1738 1654 1782 metu
1697 1729 1935 1783 assiduas
1964 1730 2057 1806 tibi

497 1820 747 1885 epiStolas
778 1818 1056 1885 spondeo?
1084 1818 1216 1871 Vide
1243 1836 1256 1881 ;
1288 1818 1498 1887 quando
1525 1820 1754 1887 amplius
1783 1834 1964 1887 speres
1994 1821 2059 1874 de

500 1912 859 1977 promptuario
886 1910 1145 1979 largiore?
1179 1910 1470 1965 Fatendum
1512 1922 1593 1966 est
1636 1914 1804 1966 amice
1838 1929 1853 1967 :
1896 1913 2059 1967 Galli-

498 2015 645 2052 cana:
697 2001 955 2053 facundia:
1008 2001 1226 2054 haustus
1268 2003 1482 2069 requiro
1509 2042 1523 2067 ,
1560 2018 1663 2055 nun
1696 2004 1834 2070 qttod
1868 2004 1949 2057 his
1978 2020 2061 2058 se-

498 2100 638 2155 ptem
665 2092 928 2144 montibus
950 2090 1247 2158 eloquentia
1282 2092 1503 2145 Latiaris
1524 2095 1752 2145 excessit
1776 2110 1788 2155 ;
1819 2094 1909 2145 sed
1936 2095 2056 2162 quia

2164 907 2288 959 dum
2314 908 2517 961 meritis
2538 909 2656 976 jure
2677 910 2910 964 delatum
2940 911 3241 965 continuata
3267 912 3514 967 felicitas.
3545 915 3710 968 Restat

2162 997 2281 1064 styli
2312 998 2617 1052 assiduitate
2644 1014 2803 1053 acuas
2826 1001 2962 1055 inter
2987 1016 3080 1055 nos
3107 1004 3353 1056 amicitiae
3380 1004 3710 1072 diligentiam,

2162 1088 2447 1157 vincasque
2495 1091 2683 1144 officiis
2728 1092 3051 1147 intercessus
3092 1102 3229 1148 tuos.
3287 1095 3377 1149 Ille
3414 1096 3559 1151 enim
3609 1111 3712 1149 vere

2162 1178 2504 1233 incrementis
2545 1183 2653 1234 suis
2685 1182 2855 1250 major
2881 1192 2998 1251 est,
3042 1199 3200 1253 quem
3244 1187 3547 1243 sublimitas
3591 1194 3709 1257 parti

2165 1269 2383 1324 honoris
2414 1271 2649 1327 inclinat.
2688 1272 2833 1327 Vale.

2745 1366 2960 1422 EPIST.
2998 1366 3156 1422 XCII.

2739 1471 3162 1512 SYIIACHUS.....

2236 1544 2503 1599 Incassum
2543 1546 2977 1603 dissimulationis
2998 1558 3054 1604 et
3076 1549 3452 1606 taciturnitatis
3469 1565 3676 1606 accusor
3697 1591 3709 1615 ,

2162 1649 2282 1689 cum
2325 1635 2555 1689 debitam
2608 1640 2681 1691 tui
2711 1638 3038 1707 diligentiam
3074 1639 3205 1694 Jove
3256 1650 3393 1696 teste
3439 1657 3544 1696 non
3572 1642 3705 1695 dese-

2166 1740 2300 1778 ram.
2348 1725 2453 1779 Sed
2503 1728 2734 1796 nequitia
2780 1744 3018 1783 meorum
3071 1729 3301 1784 arbitror
3335 1732 3624 1799 accidisse,
3661 1744 3708 1785 ut

2166 1814 2324 1867 missa
2352 1815 2418 1868 ad
2450 1826 2500 1869 te
2528 1818 2724 1884 scripta
2763 1818 3079 1871 resederint.
3128 1801 3321 1886 Quaeso
3362 1820 3522 1890 igitur
3555 1838 3616 1877 ne
3652 1838 3708 1877 ex

2164 1907 2514 1976 infrequentia
2540 1908 2830 1959 litterarum
2855 1923 3002 1962 meus
3024 1908 3075 1961 in
3094 1918 3143 1963 te
3169 1910 3379 1963 animus
3404 1912 3701 1966 mstimetur.

2164 1998 2292 2050 Nam
2322 2000 2631 2067 plerumque
2660 2000 2850 2054 officiis
2874 2000 3155 2055 simulatur
3183 2001 3413 2056 affectio.
3465 2005 3706 2059 Amicitia:

2162 2097 2334 2141 autem
2368 2088 2644 2141 sinceritas
2676 2090 2903 2156 pectoris
2925 2090 3089 2157 magis
3120 2090 3273 2145 ﬁdem
3294 2093 3544 2159 postulat,
3568 2110 3705 2162 quin

498 2190 759 2246 praecepta
788 2182 1069 2233 rhetorica:
1101 2183 1297 2249 pectori
1324 2198 1441 2235 meo
1464 2184 2058 2238 senexolimGarumnae
2093 2178 2133 2235 Β
2161 2177 2499 2232 deltttitttcnla
2533 2167 2811 2233 sermonis.
2845 2180 2993 2233 Vale.

493 2272 735 2323 alumnus
767 2273 1041 2325 immulsit.
1081 2272 1170 2325 Est
1206 2272 1333 2325 mihi
1367 2288 1485 2325 cum
1514 2272 1713 2327 scholis
1746 2277 1935 2328 vcsu'is
1967 2292 2061 2342 per

494 2364 924 2431 doctoremjnsta
953 2363 1215 2431 cogitatio.
1264 2363 1524 2431 Quidquid
1561 2364 1610 2416 in
1644 2381 1727 2417 me
1757 2377 1832 2418 est
1859 2406 1871 2427 ,
1919 2365 2059 2432 quod

430 2446 433 2447 ⁷
493 2453 605 2504 scio
633 2467 788 2519 quam
818 2454 886 2505 sit
916 2454 1163 2520 exiguum
1191 2494 1203 2516 ,
1261 2454 1398 2506 ccelo
1432 2463 1518 2506 tuo
1552 2453 1739 2541 debeo.
1795 2455 1917 2523 ltiga
1964 2470 2060 2509 nos

2718 2268 2936 2323 EI’IST.
2990 2268 3165 2324 XCIII.

2734 2374 3155 2415 SVEIMACIIUS..."

2231 2449 2454 2516 Pignora
2482 2461 2656 2503 nostra
2680 2450 3073 2519 conjunximus.
3108 2454 3278 2519 Atque
3308 2450 3427 2506 ideo
3448 2464 3710 2509 consenta-

490 2556 620 2608 ergo
649 2543 822 2594 denuo
848 2559 911 2596 ex
944 2542 1049 2595 illis
1075 2543 1342 2596 Cammnis
1372 2559 1489 2612 quin
1528 2545 1654 2596 mihi
1689 2540 1768 2597 lae
1803 2546 2057 2598 bonarum
2080 2557 2101 2580 ο
2162 2552 2317 2612 ne"!!!
2349 2540 2605 2602 VialL‘lUF.‘
2636 2549 2689 2591 υι
2717 2554 2849 2607 QUOS
2878 2549 3047 2593 Callus
3091 2540 3375 2609 ρατιὶοῑρεε
3407 2542 3672 2597 habUimlls
3695 2582 3709 2604 ι

492 2632 682 2684 artiunt
713 2649 940 2699 primum
966 2634 1246 2687 dederunt.
1294 2636 1428 2688 Etsi
1472 2645 1522 2688 te
1574 2637 1622 2688 in
1669 2637 1799 2689 meis
1846 2638 2058 2704 scriptis

491 2721 686 2788 aliquid
713 2724 992 2775 otl'cttderit
1014 2764 1027 2787 ,
1064 2724 1358 2776 auditorem
1382 2724 1647 2792 quondam
1672 2727 1936 2794 popularis
1961 2727 2054 2789 tui,

493 2822 582 2865 aut
610 2814 818 2866 silentio
844 2826 1010 2876 tuere,
1028 2823 1116 2866 aut
1137 2825 1188 2866 tu
1207 2830 1413 2882 quoque
1437 2829 1617 2869 rursus
1646 2816 1883 2870 institue.
1904 2816 2053 2870 Vale.

1002 2906 1215 2961 EI’IST.
1260 2907 1543 2960 LXXXIX.

1062 3011 1482 3051 SHDIACIIUS.....

560 3087 767 3139 Accuso
818 3086 1019 3139 litteras
1063 3095 1178 3139 tuas
1236 3102 1365 3155 quas
1426 3086 1562 3140 male
1611 3087 1860 3141 credulus
1916 3088 2058 3142 desi—

489 3174 640 3228 derio
678 3176 728 3227 in
774 3186 822 3229 te
851 3190 969 3229 meo
1003 3174 1233 3228 facturas
1264 3176 1578 3229 medicinam
1612 3180 1807 3244 putavi.
1857 3181 1924 3231 At
1957 3180 2057 3233 illze

490 3263 729 3316 decursa:
759 3266 927 3317 oculis
969 3265 1319 3318 admoverunt
1367 3266 1527 3319 tmdas
1559 3267 1922 3322 ICIVL‘HIIOI‘CS.
1969 3271 2057 3323 Al-

493 3353 723 3405 ﬂuebant
758 3353 897 3405 enim
942 3354 1107 3406 multo
1137 3354 1293 3408 melle
1323 3356 1611 3419 l‘acundim,
1645 3372 1728 3423 qui
1751 3357 1783 3409 d
1814 3368 2055 3413 avet-tum

494 3454 661 3495 tccum
691 3444 863 3496 doleo.
914 3443 1090 3511 Itaque
1120 3459 1294 3511 parva!
1325 3446 1570 3498 lectionis
1600 3460 1790 3512 sapme
1820 3462 2055 3499 commo-

2160 2610 2317 2678 etiam
2350 2627 2551 2681 hoiiore
2582 2630 2829 2694 sportula:
2852 2643 3253 2697 prosequamur.
3284 2629 3422 2684 Duos
3454 2633 3609 2700 igitur
3630 2648 3709 2685 so-

2160 2715 2292 2768 lidus
2324 2716 2621 2769 oﬂerettdus
2656 2717 2743 2769 tibi
2790 2717 3049 2781 misimus,
3083 2734 3297 2787 parvum
3329 2722 3704 2784 munusculum,

2159 2809 2201 2857 si
2232 2806 2561 2858 aestimentur
2593 2806 2761 2875 pretio
2790 2807 2906 2859 sui:
2946 2808 3267 2877 religiosum,
3305 2809 3349 2861 si
3381 2824 3561 2864 amore
3594 2826 3708 2878 pen-

2160 2892 2353 2947 di-ntis.
2385 2894 2531 2947 Vale.

2722 2985 2930 3041 EPIST.
2976 2984 3155 3041 XCIV.

2726 3081 3147 3132 SVMSIACIIUS..."

2228 3162 2448 3217 Romam
2482 3174 2529 3219 te
2556 3174 2831 3219 venturum
2860 3176 3003 3221 certa
3038 3166 3171 3221 fama
3196 3170 3533 3236 promiserat.
3560 3169 3708 3235 Spem

2157 3253 2387 3307 visenda:
2437 3258 2752 3323 praestantia:
2801 3268 2902 3312 tua:
2947 3259 3110 3312 mult.»
3154 3259 3345 3327 gaudio
3384 3276 3704 3327 ceperamus.

2157 3343 2261 3399 Sed
2295 3347 2577 3412 improviso
2623 3358 2851 3402 mutatus
2880 3350 3090 3403 nuntius
3131 3350 3415 3415 iudicavit,
3465 3352 3598 3415 quod
3630 3352 3711 3418 pio

2156 3435 2323 3487 accitu
2355 3435 2553 3488 domini
2583 3446 2635 3490 et
2671 3437 2922 3506 principis
2951 3442 3115 3492 nostri
3153 3441 3217 3491 ad
3244 3441 3417 3493 votiva
3446 3455 3709 3494 rcmears.

493 3543 592 3594 tus,
632 3534 921 3585 tristiorem
951 3534 1129 3585 damni
1160 3547 1375 3585 sensum
1400 3535 1594 3601 recepi.
1646 3535 1787 3587 Inter
1821 3536 1931 3589 lm-c
1962 3553 2053 3590 oc-
2083 3517 2128 3579 ε
2162 3524 2299 3593 Ergo
2324 3525 2550 3578 "mam"
2572 3528 2899 3582 ε³¹¹ι¹³ῑίοηίί
2924 3529 3060 3597 (ιυοά
3082 3533 3258 3583 00mm
3278 3529 3711 3597 δβοτῖίνυνίὶιηάε·

490 3623 653 3674 cuirit
675 3625 837 3675 altera
871 3623 1147 3691 cogitatio,
1178 3626 1410 3677 amarius
1437 3639 1578 3687 esse,
1611 3625 1652 3677 si
1682 3638 1874 3680 taceas.
1908 3629 2052 3693 Qua-

492 3724 708 3784 propter
723 3715 956 3769 conditio
978 3715 1161 3769 durior
1184 3718 1338 3769 vertit
1360 3732 1445 3770 me
1465 3717 1528 3769 ad
1552 3717 1819 3785 optionem
1843 3720 2053 3785 prioris.

495 3804 627 3858 I’elo
674 3807 829 3874 igitur
867 3808 1089 3859 scribas.
1135 3806 1239 3860 Sed
1273 3808 1352 3861 fac
1392 3802 1632 3875 epistolis
1667 3811 1769 3861 tuis
1804 3813 2056 3878 temporis

493 3898 761 3951 intervalla
794 3900 1051 3953 breviora.
1074 3899 1278 3967 Smpius
1302 3899 1365 3953 ad
1390 3915 1473 3953 me
1502 3909 1821 3965 commeent,
1848 3912 1899 3955 et
1925 3919 2022 3956 ciin
2039 3934 2052 3942 -

493 3988 864 4042 tabulationem
912 3989 1188 4056 prsesentis
1220 3990 1511 4043 imitentur.
1560 3989 1818 4043 Fruemur
1844 3994 2057 4045 assidue

492 4092 552 4129 ea
594 4087 739 4143 parte
775 4092 875 4144 qua
908 4079 1095 4128 melior
1135 4091 1212 4130 es.
1268 4077 1417 4141 Quod
1445 4080 1487 4129 si
1518 4077 1718 4144 aliquid
1749 4080 2057 4146 prolixioris

490 4181 632 4220 citra:
661 4179 711 4219 ct
742 4167 996 4218 elaborati
1024 4181 1052 4218 a
1083 4177 1132 4219 te
1172 4167 1351 4233 operis
1374 4166 1706 4231 adjuuxeris,
1742 4184 1903 4235 prope
1934 4171 2055 4234 erit,

491 4266 548 4310 ut
574 4274 676 4311 non
706 4263 873 4310 solum
909 4258 1110 4320 ltontte.
1134 4256 1227 4309 sed
1262 4257 1311 4310 in
1340 4258 1597 4310 Athean
1619 4272 1828 4326 quoque
1850 4270 2054 4326 nostro,

490 4366 590 4419 qua
621 4350 765 4405 soles
786 4350 973 4417 gratia,
1005 4363 1257 4416 perorare
1279 4348 1530 4402 videaris.
1573 4348 1722 4404 Vale.

1091 4437 1308 4492 EPIST.
1351 4437 1460 4491 XC.

1066 4541 1482 4581 SYIIACHUS...“

559 4622 614 4673 ln
658 4632 839 4672 curam
889 4625 1033 4670 tuam
1076 4618 1302 4671 rediisse
1350 4634 1435 4673 me
1479 4620 1702 4687 gaudeo.
1754 4622 1855 4677 Sed
1898 4622 2056 4692 hujus

492 4721 594 4761 tam
618 4710 773 4763 subiti
804 4709 982 4777 operis
1010 4708 1137 4762 boni
1164 4709 1540 4765 ornatissimus
1574 4711 1787 4778 juvenis
1816 4714 2054 4767 Asterius

489 4800 617 4851 utihi
641 4808 827 4851 auctor
856 4806 968 4861 est;
1008 4797 1097 4866 qui
1131 4798 1380 4866 paranda:
1415 4799 1894 4855 commendationis
1936 4819 2055 4871 gra-

2158 3614 2454 3679 ferendum,
2488 3616 2611 3685 styli
2639 3616 2839 3672 honore
2865 3632 3188 3688 compenso:
3225 3629 3380 3688 teque
3420 3636 3515 3674 oro
3546 3628 3598 3673 ut
3640 3619 3711 3670 in-

2155 3718 2421 3775 gravatam
2451 3712 2617 3765 vicem
2665 3714 2885 3777 referas,
2927 3728 3044 3782 qua:
3083 3716 3303 3769 suadeat
3334 3714 3620 3769 desiderari
3644 3727 3711 3766 ex

2156 3810 2240 3849 me
2264 3797 2448 3851 crebra
2494 3800 2787 3868 colloquia,
2830 3802 2875 3855 si
2915 3802 3209 3857 ostenderit
3239 3805 3405 3872 prima
3441 3803 3711 3874 placuisse.

2160 3884 2305 3942 Vale.

2731 3982 2937 4038 EPIST.
2980 3982 3137 4038 XCV.

2716 4088 3116 4131 SVMMACIIUS....

2228 4152 2329 4214 Pro
2358 4171 2579 4231 utroque
2606 4174 2843 4217 uestrum
2865 4180 3075 4219 causam
3106 4165 3291 4219 diutini
3323 4167 3518 4222 silentii
3548 4165 3721 4221 reddi-

2157 4252 2299 4307 disti.
2327 4253 2455 4307 Nam
2490 4271 2573 4309 me
2600 4272 2805 4326 quoque
2835 4258 2998 4312 fateor
3024 4258 3292 4313 scribendi
3328 4260 3510 4313 ofticio
3537 4261 3713 4312 hacte-

2158 4359 2255 4397 nus
2280 4353 2625 4413 temperasse.
2654 4347 2764 4401 Tua
2794 4349 2949 4417 igitur
2991 4350 3302 4417 purgatione
3341 4350 3609 4409 defensus,
3638 4348 3719 4399 di-

2159 4433 2306 4488 luere
2350 4436 2559 4503 litteris,
2606 4441 2743 4507 quod
2773 4454 3053 4494 commune
3078 4450 3179 4506 est,
3208 4456 3310 4494 non
3341 4442 3541 4496 laboro.
3573 4440 3720 4493 Nunc

2157 4525 2391 4577 omnium
2424 4536 2562 4587 statu
2594 4528 2644 4580 in
2670 4530 3005 4597 tranquillum
3031 4530 3267 4595 reducto,
3301 4533 3508 4585 aemulis
3533 4528 3722 4585 studiis

2156 4617 2354 4669 omissa
2376 4614 2693 4686 repetamus.
2727 4621 2801 4674 Ita
2832 4620 2972 4675 enim
3000 4620 3209 4675 demum
3240 4623 3548 4691 probabitur
3586 4629 3724 4673 tem-

2158 4707 2299 4772 poris
2352 4708 2539 4771 fuisse,
2568 4711 2708 4777 quod
2752 4710 2841 4765 diu
2886 4713 3022 4767 inter
3062 4728 3158 4767 nos
3186 4714 3355 4783 stylus
3406 4713 3634 4784 quievit;
3677 4710 3725 4762 εί

2158 4796 2360 4851 reddita
2384 4799 2628 4855 facultate
2660 4815 2889 4857 mutuam
2920 4804 3245 4873 diligentiam
3270 4804 3523 4875 frequens
3542 4816 3722 4858 sermo

491 4891 582 4953 tia,
613 4898 667 4941 ut
697 4887 906 4941 tandem
936 4862 1199 4941 scriberes
1229 4888 1550 4956 impetravit.
1584 4891 1647 4944 Et
1670 4892 1810 4945 illius
1838 4894 2049 4961 quidem
2081 4862 2130 4922 D
2161 4890 2505 4956 reparat/erit.

491 4978 857 5042 familiaritati,
888 4978 1008 5032 licet
1036 4992 1064 5031 a
1091 4978 1242 5033 nobis
1268 4979 1395 5032 olim
1418 4990 1667 5047 repertae,
1708 4982 1777 5034 ob
1804 4987 2047 5038 meritum

488 5081 676 5120 recens
725 5066 1019 5135 adjecitnus
1056 5066 1218 5121 animi
1263 5068 1611 5137 diligentiam.
1668 5070 1743 5125 Te
1783 5086 1906 5127 vero
1946 5089 2050 5125 non

491 5157 661 5225 patiar
684 5158 819 5209 ultra
850 5166 1165 5224 exspectare
1188 5158 1478 5213 monitores
1499 5199 1515 5224 ,
1554 5168 1608 5212 et
1634 5159 1856 5214 aliorum
1883 5164 2053 5229 potius

494 5248 609 5300 usui
637 5262 856 5315 operam
884 5260 1079 5301 navare
1115 5261 1271 5315 quam
1300 5258 1493 5301 mutua:
1516 5249 1652 5302 inter
1673 5265 1770 5303 nos
1790 5251 2052 5306 affectioni

490 5338 727 5391 debitum
785 5339 925 5404 pium
983 5337 1214 5391 solvere.
1276 5336 1392 5391 Non
1452 5338 1663 5392 invideo
1718 5342 2054 5408 poscentibus

495 5427 793 5480 testimonia
818 5426 900 5479 vel
922 5426 1170 5495 suffragia
1193 5435 1300 5479 tua.
1328 5428 1431 5482 Sed
1456 5430 1677 5483 validior
1698 5440 1778 5485 est
1806 5434 2051 5490 amicitia:

494 5532 685 5581 causa,
728 5533 883 5586 quam
927 5519 1131 5586 gratiae.
1185 5518 1459 5572 Precarias
1502 5522 1750 5588 epistolas
1797 5534 2054 5592 postpone

497 5608 743 5676 legitimis
771 5626 783 5660 :
818 5609 902 5662 his
928 5609 1252 5677 frequentius
1276 5610 1468 5663 caritas
1496 5612 1737 5677 studeat,
1772 5614 1887 5665 illas
1917 5630 2051 5670 non-

492 5715 761 5770 nunquam
793 5708 1007 5769 praestet
1034 5700 1355 5755 humanitas.
1401 5702 1541 5756 Vale.

1085 5790 1300 5845 EPIST.
1342 5791 1476 5846 XCI.

1068 5894 1482 5936 SYIIACIIUS..."

560 5970 885 6037 Exspectare
903 5984 1005 6023 non
1028 5968 1185 6024 debui
1216 5972 1417 6026 litteras
1437 5981 1568 6038 tuas,
1595 5973 1783 6041 quibus
1808 5975 2053 6031 indicium

490 6062 623 6116 mihi
660 6061 861 6119 faceres
900 6060 1119 6118 honoris
1162 6047 1385 6131 accepti.
1446 6062 1629 6133 Itaque
1678 6066 2047 6122 verecundiam

2046 6144 2063 6169 \

2727 4982 2935 5037 EPIST.
2975 4982 3154 5038 XCVI.

2730 5087 3053 5127 SIIMACIIUS.
3066 5112 3151 5129 ο...

2229 5154 2341 5211 Etsi
2371 5171 2399 5210 a
2425 5158 2612 5214 litteris
2641 5164 2943 5229 temperasti
2965 5204 2979 5227 ,
3009 5163 3238 5234 exempli
3280 5172 3457 5219 tamen
3486 5161 3732 5217 imitator

2158 5260 2278 5301 esse
2304 5262 2406 5301 non
2433 5247 2624 5305 debeo.
2651 5250 2861 5319 Integra
2892 5253 3047 5320 igitur
3086 5254 3284 5321 largam
3316 5250 3732 5321 salutationem.

2162 5351 2259 5392 nec
2293 5339 2476 5394 difﬁdo
2500 5341 2765 5396 reddenda
2788 5319 2960 5396 saltim
2985 5341 3113 5395 mihi
3136 5319 3258 5398 esse
3285 5319 3603 5412 oflicia‘qua:
3625 5356 3657 5393 a
3683 5350 3735 5392 te

2156 5426 2366 5483 fuerant
2394 5429 2711 5485 inchoanda.
2739 5430 2887 5485 Vale.

2702 5518 2921 5575 EPIST.
2962 5520 3163 5577 XCVII.

2723 5625 3119 5667 δγυυλειιυε....
3153 5677 3155 5679 ι

2227 5700 2375 5756 Solet
2418 5701 2573 5757 bonis
2615 5702 2748 5757 livor
2790 5702 3132 5772 obstrepere,
3180 5714 3238 5757 ut
3266 5717 3407 5760 nunc
3453 5711 3733 5774 speratum

2158 5794 2451 5862 prazscntia:
2475 5804 2577 5849 tua:
2598 5794 2847 5864 gaudium
2869 5796 2997 5851 mibi
3019 5796 3271 5850 subduxit
3291 5797 3508 5853 invidia.
3532 5798 3734 5852 Hacte-

2158 5900 2257 5939 nus
2287 5884 2423 5938 vires
2449 5900 2569 5939 suas
2612 5888 2663 5939 in
2702 5885 2893 5941 damna
2925 5887 3032 5942 voti
3068 5889 3368 5943 communis
3411 5889 3732 5944 intenderit.

2158 5974 2244 6028 Sic
2274 5988 2366 6027 ero
2401 5982 2699 6043 contentus,
2728 5976 2871 6046 quod
2901 5991 2987 6030 me
3016 5976 3279 6036 adventus
3327 5980 3401 6033 tui
3449 5987 3734 6046 exspecta-

2159 6067 2300 6121 tione
2338 6063 2610 6124 fraudavit.
2647 6065 2822 6135 Ipsum
2855 6076 2905 6124 te
2932 6068 3187 6136 sospitem
3220 6084 3438 6128 manere
3468 6069 3735 6137 patiatur.
3802 6106 3803 6137 η
