3896 6342
146 771 220 825 3l9
1256 733 1728 800 EPISTULARUM
1770 731 1968 786 LIBER
2009 730 2099 785 IX.

3185 717 3290 770 57ἒο

146 893 183 935 et
204 878 368 932 tnidem
395 888 500 928 cem
540 880 780 940 utroque
810 874 1039 922 nostrum
1086 863 1266 915 redeat
1300 857 1353 909 in
1381 853 1621 923 gratiam.
1655 848 1704 906 Α
1730 822 2053 900 δεδιίιιιειιυιιί
2072 842 2195 897 “me
2223 841 2333 908 ipsa
2366 847 2540 893 tamen
2586 834 2738 889 exilis
2776 830 2971 885 oblatio
3003 829 3117 898 plus
3145 828 3208 880 ad
3240 820 3311 881 te

2100 932 2149 940 -.
2249 930 2261 940 -
2353 930 2383 940 ..
2426 930 2438 940 .
2510 937 2519 940 μ
2727 924 2738 935 .
2838 931 2908 940 μί
2951 937 3029 940 ___
3080 919 3287 940 “1m

148 972 271 1023 lllSlIl'
291 963 497 1020 beneﬁcii
522 962 653 1029 erit,
697 961 745 1014 si
776 957 900 1013 mibi
925 954 1193 1023 contingat
1217 951 1282 1004 de
1310 956 1398 1001 tua
1428 941 1630 998 securi-

149 1070 224 1111 tate
250 1055 463 1123 voluptas.
494 1050 648 1105 Vale.

606 1135 835 1194 EPIST.
873 1130 1099 1188 XCVIII.

634 1237 1064 1283 εγιιιιιειιιιε.....

195 1322 375 1391 διιιιψισ
409 1320 662 1375 adventus
693 1316 798 1371 mei
828 1315 1033 1374 nuntio,
1077 1308 1145 1362 de
1190 1319 1293 1375 quo
1321 1317 1427 1355 non
1469 1297 1639 1367 potuit

148 1417 246 1485 apud
264 1426 305 1468 te
329 1415 449 1466 fama
476 1412 734 1474 reticere,
775 1402 1074 1472 exspectavi
1106 1408 1163 1453 ut
1190 1396 1331 1464 prior
1352 1390 1634 1448 scriberes.

150 1509 206 1565 rel
226 1506 338 1576 quod
355 1515 428 1559 est
452 1502 755 1564 amabilius,
790 1507 845 1551 ut
872 1498 982 1565 ipse
1012 1490 1251 1547 Formias
1291 1493 1638 1540 commeares.

149 1599 223 1653 Sed
244 1596 341 1665 quia
365 1605 643 1663 utrumque
668 1589 754 1645 vel
783 1583 1131 1642 dissimulatio
1156 1591 1261 1645 tua,
1301 1576 1385 1631 vel
1414 1588 1640 1639 occupa-

152 1686 463 1755 tiodenegavit,
505 1662 561 1736 in
599 1690 782 1750 partes
808 1688 925 1732 tuas
953 1674 1180 1728 libenter
1220 1669 1333 1736 ipse
1376 1662 1637 1724 succedo,

150 1792 261 1847 teque
291 1753 373 1831 oro
402 1784 453 1830 ut
479 1772 614 1828 mihi
644 1779 739 1825 aut
762 1779 1043 1825 excursum
1075 1773 1221 1816 tuum
1249 1765 1504 1827 praestare
1560 1753 1641 1806 di-

149 1869 295 1937 gneris,
320 1878 416 1933 aut,
443 1868 489 1921 si
514 1865 701 1920 obstat
726 1858 923 1931 aliquid
953 1857 1126 1912 saltim
1175 1850 1426 1907 litterario
1452 1846 1646 1902 saluta-

149 1964 250 2018 tione
271 1958 595 2029 respondeas.

642 2043 864 2102 EPIST.
904 2037 1061 2093 XCIX
1074 2078 1089 2092 .

651 2145 1051 2191 SYRIIACIIL'S....
1065 2168 1080 2185 ,

197 2237 297 2287 Amo
320 2232 507 2285 litteras
538 2236 688 2290 tuas,
712 2223 805 2279 sed
835 2226 1083 2289 exspecto
1114 2210 1469 2283 prresentiam,
1491 2218 1645 2274 quam

144 2325 234 2377 mihi
253 2325 426 2378 dierum
449 2321 593 2375 ratio
624 2316 921 2386 pollicetur.
950 2311 1105 2363 Plura
1137 2304 1373 2358 scribere
1398 2314 1520 2366 spes
1546 2296 1644 2349 ad-

146 2425 282 2468 ventus
306 2416 369 2468 tui
396 2430 499 2467 non
526 2412 679 2465 sinit.
704 2406 807 2462 Sed
832 2402 967 2471 quod
997 2414 1131 2453 nunc
1162 2393 1399 2464 epistula:
1420 2388 1652 2444 detrahi-

143 2521 243 2573 mus,
269 2522 419 2561 coram
454 2502 654 2559 fabulis
683 2496 1055 2565 rependemus.
1094 2488 1239 2540 Vale.

705 2587 922 2645 EPIST.
967 2582 1025 2638 C.

660 2690 1080 2736 SVMIACIIUS..."

192 2782 368 2837 Gratum
394 2778 531 2833 mihi
552 2784 661 2837 est,
684 2770 825 2841 quod
857 2761 1308 2836 promptissimum
1330 2752 1559 2808 studium
1581 2748 1656 2801 rei

143 2883 289 2925 nostra
310 2869 542 2940 dignaris
570 2860 912 2933 impendere,
943 2863 995 2908 et
1025 2863 1073 2907 te
1114 2860 1404 2905 memorem
1432 2841 1658 2907 scripto-

140 2976 228 3013 rum
249 2960 542 3014 assiduitate
567 2951 803 3008 testaris.
826 2948 955 3000 llinc
980 2943 1054 3004 ﬁt,
1076 2950 1131 2994 ut
1159 2936 1345 2992 ofﬁciis
1370 2932 1471 2986 tuis
1498 2930 1679 2983 etiam~

143 3066 234 3105 cura
260 3060 421 3104 nostra
449 3043 797 3114 respondeat.
826 3037 1072 3092 Libenter
1097 3030 1254 3096 igitur
1287 3021 1520 3091 rependo
1542 3033 1656 3069 ser-

142 3157 325 3194 monem.
355 3141 417 3192 Et
440 3134 692 3207 quamvis
715 3138 1062 3200 spontaneum
1093 3116 1336 3190 juvandis
1361 3108 1660 3165 hominibus

142 3233 242 3287 meis
264 3231 501 3285 adhibeas
532 3226 882 3281 voluntatem,
926 3216 1317 3268 hortamentum
1358 3215 1536 3257 tamen
1567 3212 1661 3265 pe-

142 3324 300 3379 titionis
324 3318 536 3390 adjicio,
571 3324 628 3368 ut
657 3311 831 3368 olticia
854 3320 969 3375 qua:
1015 3303 1155 3356 ultro
1183 3297 1400 3358 tribues,
1424 3286 1664 3344 cumules

142 3424 431 3481 provocatus.
456 3408 613 3461 Vale.

709 3487 926 3547 EPIST.
965 3485 1052 3540 Cl.
1078 3438 1081 3441 Ἰ

675 3594 993 3639 ειιιιιλειιιιε.
1006 3615 1087 3629 ι...

195 3683 490 3754 Conquestio
534 3688 625 3731 tua
671 3675 739 3727 de
784 3670 1001 3724 raritate
1044 3660 1385 3731 epistularum
1435 3656 1671 3706 mearum

142 3776 277 3843 magis
308 3772 543 3840 religiosa
581 3779 741 3837 quam
765 3762 907 3830 justa
943 3766 1043 3809 est.
1090 3751 1219 3806 Nam
1257 3761 1376 3801 cum
1398 3760 1459 3799 ex
1492 3754 1674 3796 amere

145 3837 519 3919 descendatiion
551 3856 717 3912 habet
746 3864 920 3905 tamen
953 3844 1272 3914 mquitatem.
1308 3837 1455 3891 Nunc
1502 3842 1674 3891 tamen

148 3971 330 4011 emenso
353 3954 563 4015 itinere,
588 3942 844 4016 promitto
863 3934 1125 4007 prasterita
1152 3931 1209 3984 of
1212 3929 1445 3982 liciorum
1467 3922 1678 3991 dispen—

148 4048 214 4099 dia
234 4044 412 4102 crebris
440 4057 469 4095 a
503 4053 591 4094 tne
626 4031 866 4104 epistolis
894 4021 1188 4081 sarciendo.

711 4120 927 4180 EPIST.
968 4116 1074 4171 Cll.

690 4228 1064 4273 SYIDIACIICS...
1076 4247 1114 4263 ..

205 4322 318 4375 Dum
346 4318 476 4388 petis
495 4308 845 4369 beneﬁcium,
877 4297 1189 4372 praestitisti.
1218 4294 1340 4347 Plus
1365 4288 1506 4362 enim
1557 4282 1681 4338 mihi

150 4427 203 4465 ex
230 4411 433 4466 amicitia
460 4418 547 4462 tua
573 4416 739 4473 quam
773 4397 868 4452 tibi
894 4409 959 4449 ex
996 4398 1172 4446 nostra
1202 4382 1509 4439 defensione
1537 4391 1681 4446 qus:-

150 4508 287 4572 situtn
304 4510 393 4559 est.
416 4498 552 4555 Nihil
579 4496 745 4565 igitur
765 4498 1033 4544 assumam
1055 4478 1234 4550 gratiae
1255 4488 1405 4538 mere,
1430 4485 1550 4525 cum
1576 4466 1689 4535 plu-

152 4595 318 4647 rimum
343 4603 439 4647 tua:
472 4556 721 4643 debeam.
754 4581 937 4633 Potest
965 4584 1139 4627 tamen
1172 4567 1343 4621 adhuc
1392 4556 1688 4616 istiusmodi

155 4701 319 4741 munus
360 4680 530 4751 augeri
558 4670 833 4731 scribendi
859 4664 1199 4723 assiduitate,
1253 4665 1308 4710 ut
1335 4651 1571 4707 cumulet
1599 4660 1692 4701 vo-

154 4780 302 4831 luntas
328 4771 741 4830 familiaritatem
795 4767 1056 4819 nostram,
1089 4763 1245 4821 quam
1301 4758 1443 4799 nunc
1483 4738 1692 4794 videtur

156 4870 401 4923 necessitas
428 4861 735 4919 inchoasse.
764 4850 916 4906 Vale.

718 4940 935 5001 EPIST.
976 4934 1106 4992 CIII.

701 5046 1130 5094 SVIIIACIIUS..."

212 5146 339 5200 Totis
351 5143 551 5198 viribus
578 5128 874 5203 adiuvandi
899 5134 1025 5179 sunt
1048 5114 1342 5176 communis
1367 5108 1549 5181 patria:
1578 5120 1696 5161 cor-

165 5237 319 5303 parati,
341 5235 609 5305 prcipue
646 5220 923 5286 mancipes
966 5213 1288 5293 salinarum,
1320 5204 1407 5273 qui
1436 5206 1694 5257 exercent

164 5288 614 5395 lavacrallignorum
640 5311 979 5388 pnebitiune.
1011 5288 1103 5357 llis
1134 5299 1373 5369 plerique
1400 5302 1522 5347 sunt
1552 5288 1701 5344 debi-

1733 938 1916 1005 gratiae
1948 932 2197 1003 portabit,
2221 930 2263 987 si
2293 930 2478 999 religio
2507 937 2594 982 tua
2626 924 2739 978 usui
2772 931 2869 976 suo
2889 939 2918 975 a
2950 937 3034 975 me
3063 919 3292 974 delibata

1733 1027 2049 1098 susceperit.

2336 1108 2548 1166 EPIST.
2589 1106 2694 1162 CV.

2304 1216 2728 1256 SYIMACIIL'S...“

1809 1294 2031 1351 Juvandi
2071 1301 2194 1349 sunt
2239 1292 2509 1359 mancipes
2556 1289 2840 1342 salinarum
2868 1326 2882 1349 ,
2912 1282 2999 1352 qui
3030 1278 3295 1347 Splendori

1739 1404 1898 1462 atque
1927 1391 2043 1446 usui
2070 1391 2253 1458 patria:
2293 1385 2593 1442 communis
2624 1382 2939 1436 inserviunt.
2991 1373 3300 1443 Dignsberis

1741 1486 1898 1554 igitur
1920 1480 2112 1536 auditis
2152 1494 2337 1534 eorum
2365 1475 2616 1547 querelis,
2648 1472 2965 1528 adeuntibus
2993 1466 3199 1521 deferre
3218 1466 3301 1531 ju-

1744 1571 1959 1637 stitiam,
1987 1580 2040 1626 et
2063 1569 2178 1623 urbi
2206 1566 2410 1629 utilem,
2435 1574 2487 1618 et
2516 1564 2621 1617 tuis
2642 1561 2875 1616 moribus
2898 1563 3301 1627 congruentem.

1744 1665 1895 1719 Vale.

2327 1765 2538 1822 EPIST.
2579 1763 2711 1819 CVI.

2320 1867 2740 1912 ειιιιιιςιιιιε.....

1817 1958 1920 2011 Pro
1964 1954 2085 2008 ﬁliis
2117 1950 2311 2005 nostris
2347 1949 2457 2004 Deo
2485 1948 2701 2016 iuvante
2730 1938 3047 2009 conjunctis,
3086 1937 3138 1989 in
3172 1934 3306 1987 duo-

1750 2050 1847 2102 bus
1886 2046 2070 2100 solidis
2114 2043 2180 2096 ad
2233 2050 2284 2095 te
2333 2040 2573 2093 misimus
2629 2034 2918 2103 sportulam
2978 2026 3308 2096 nuptialem,

1752 2152 1909 2207 quam
1933 2152 2053 2192 cum
2080 2142 2322 2202 prompta
2348 2128 2649 2198 dignatione
2677 2120 2996 2189 susceperis,
3020 2118 3307 2171 documen-

1750 2241 1863 2286 tum
1912 2229 2062 2285 dabis
2089 2225 2265 2282 omnia
2296 2223 2587 2301 amicorum
2642 2218 2771 2270 festa
2818 2227 2937 2268 esse
2985 2206 3309 2264 communia.

1754 2322 1904 2375 Vale.

2322 2421 2535 2477 EPIST.
2577 2417 2732 2472 CVII.

2321 2525 2737 2568 SVMIACHCS...”

1826 2613 2032 2681 Nuptiis
2061 2609 2271 2679 quidem
2294 2605 2387 2659 lilii
2417 2604 2519 2657 tnei
2548 2612 2599 2655 te
2625 2611 2833 2668 quoque
2862 2596 3002 2648 inter
3027 2589 3316 2643 amicorum

1756 2706 2062 2775 potissimos
2092 2702 2350 2754 interesse
2398 2696 2703 2749 voluissem.
2738 2688 2839 2742 Sed
2875 2687 2994 2755 quia
3039 2681 3317 2748 longinqua

1758 2796 1993 2850 absentia
2025 2800 2113 2844 tua
2140 2787 2496 2842 desideratum
2542 2780 2669 2834 mihi
2702 2777 2910 2843 negavit
2939 2771 3170 2827 ofﬁcium
3205 2809 3219 2830 ,
3264 2770 3314 2819 in

1760 2886 1968 2941 duobus
2010 2877 2194 2934 solidis
2226 2875 2516 2943 sportulam
2556 2868 2707 2931 misi,
2759 2877 2815 2919 ut
2846 2864 3023 2931 vigere
3068 2858 3205 2927 apud
3237 2871 3321 2909 me

1762 2987 1903 3029 tuam
1948 2973 2257 3027 memoriam
2299 2967 2475 3020 votiva
2506 2961 2771 3017 oblatione
2819 2966 3061 3011 testarer.
3102 2951 3323 3003 Parvum

1761 3066 1974 3136 quidem
2006 3060 2379 3115 munusculum
2410 3065 2519 3119 est,
2558 3054 2601 3106 si
2649 3051 2940 3104 aestimatur
2980 3042 3147 3111 pretio
3194 3037 3275 3093 sui
3308 3052 3321 3087 :

1766 3158 2068 3227 religiosum
2096 3154 2142 3207 si
2168 3165 2348 3206 amore
2378 3147 2657 3216 pendatur.
2686 3141 2838 3194 Vale.

2330 3236 2542 3294 EI’ISJ'.
2585 3231 2765 3288 CVIII.

2341 3339 2763 3381 SVIIHACIIUS...“

1838 3428 2027 3484 Omnia
2062 3440 2178 3495 quze
2216 3424 2332 3477 sine
2373 3429 2589 3471 auctore
2625 3416 2889 3481 jactantur
2943 3410 3141 3460 incerta
3190 3410 3329 3455 sunt.

1691 3528 1740 3593 (ι
1774 3520 1876 3575 Sed
1907 3535 2005 3587 ego
2031 3520 2082 3570 in
2123 3527 2289 3569 sacra:
2317 3510 2532 3578 virginis
2564 3506 2750 3558 famam
2793 3499 2921 3553 nihil
2967 3498 3136 3563 patior
3177 3494 3336 3544 licere

1775 3611 2131 3670 sermonibus.
2164 3608 2340 3670 Quare
2377 3600 2555 3653 ofﬁcio
2597 3594 2881 3665 pontiﬁcis,
2934 3589 3035 3641 ﬁde
3079 3584 3339 3639 senatoris

1776 3705 2065 3759 admoneor
2122 3694 2359 3764 proferre
2414 3697 2703 3754 comperta.
2763 3680 2959 3733 Diceris
3009 3674 3341 3727 ante‘annos

1778 3795 1984 3865 legibus
2014 3789 2259 3845 deﬁnitus
2290 3781 2476 3836 vestali
2502 3784 2709 3832 secreto
2733 3772 2866 3825 velle
2885 3765 3165 3822 decedere.
3200 3761 3343 3814 Nun-

1780 3846 1912 3865 "an,

1780 3890 1906 3943 dum
1938 3884 2097 3937 tredo
2120 3878 2340 3939 rumori,
2369 3873 2460 3926 sed
2488 3869 2835 3922 assertionem
2864 3876 2963 3913 tuae
2992 3858 3137 3909 vocis
3158 3846 3344 3918 exspe-

1781 3990 1888 4045 ctu,
1915 3989 2031 4043 quae
2060 3967 2325 4039 opinionis
2354 3961 2567 4017 dubium
2592 3967 2681 4010 aut
2711 3958 2960 4022 agnoscat
2998 3957 3085 4000 aut
3108 3950 3343 4009 respuat.

1788 4070 1936 4125 Vale.

2373 4141 2586 4199 EPIST.
2632 4135 2764 4192 CIX.

2314 4273 2319 4278 -
2352 4244 2742 4290 SVII!.\CIIUS....
2755 4267 2769 4280 .

1856 4341 2092 4398 Tandem
2122 4336 2189 4388 de
2217 4330 2421 4385 actibus
2451 4324 2552 4379 luis
2578 4329 2781 4375 certum
2812 4328 2897 4368 me
2937 4311 3108 4365 facere
3138 4307 3347 4372 dignata

1790 4451 1870 4502 es,
1905 4430 2095 4502 quibus
2122 4424 2270 4479 lcetis
2296 4430 2454 4488 atque
2484 4410 2723 4468 decursis
2753 4408 2959 4461 hetatus
2996 4417 3109 4455 su-n
3146 4399 3265 4451 vitae
3297 4406 3351 4448 et

1793 4522 2109 4583 innocentia:
2141 4529 2245 4571 tua:
2277 4510 2413 4580 apud
2444 4506 2671 4560 Justum.
2696 4498 2914 4553 Caeteris
2940 4496 2989 4547 in
3016 4487 3361 4545 rescribendo

1792 4615 2119 4685 diligentiam
2161 4577 2391 4660 defuisse
2414 4598 2589 4661 video,
2630 4605 2761 4661 quos
2807 4598 2861 4640 tu
2906 4584 2971 4636 ad
3020 4577 3357 4633 referendam

1794 4709 2015 4783 gratiam
2036 4698 2337 4770 dignaberis
2354 4692 2595 4751 incitare,
2617 4695 2673 4737 nt
2696 4679 2977 4746 intelligam
3000 4666 3361 4725 vicissitudine

1724 4854 1727 4857 .
1794 4765 2147 4873 provocatus,
2188 4788 2444 4859 epistolas
2490 4796 2633 4837 meas
2686 4774 2874 4829 iisdem
2925 4765 3135 4821 fastidio
3183 4770 3364 4832 postea

1722 4886 1776 4949 Β
1801 4908 1907 4953 non
1932 4895 2157 4949 futuras.
2190 4886 2336 4941 Vale.

2399 4965 2617 5022 EPIST.
2657 4961 2766 5016 CX.

2376 5068 2800 5115 εῖιιιιλιῑιιυε.....

1873 5168 2110 5225 Aliorum
2142 5157 2360 5229 quidem
2386 5152 2476 5205 tibi
2505 5140 2790 5216 spectanda
2820 5147 2900 5191 est
2928 5131 3209 5191 sententia,
3236 5143 3370 5196 quos

1802 5265 1956 5319 decet
1982 5260 2045 5311 de
2072 5251 2308 5324 patribus
2334 5243 2590 5314 judicare.
2619 5235 2717 5289 Mei
2750 5229 2942 5298 ingenii
2975 5224 3180 5278 exilitas
3211 5221 3371 5273 etiam

1808 5368 1969 5425 parva
1994 5350 2233 5401 miratur.
2266 5340 2443 5405 Quare
2473 5330 2628 5384 velim
2658 5322 2845 5378 credas
2871 5317 2999 5371 nihil
3032 5313 3123 5365 tibi
3154 5326 3218 5364 ex
3252 5325 3373 5363 meo

2564 5420 2575 5425 ·
2742 5412 2782 5425 ι’
2920 5406 3005 5425 -ιρε
3059 5400 3258 5425 ι-..,ιη-;
3308 5400 3373 5425 ns.

1810 5400 1894 5425 r"-
1918 5400 1969 5405 ’τ
1998 5400 2023 5401 η
2278 5400 2310 5405 .-

1810 5438 2113 5499 testimonio
2161 5427 2380 5485 honoris
2420 5420 2693 5475 accedere.
2742 5412 2871 5466 Nam
2910 5406 3008 5460 etsi
3059 5400 3261 5455 laudari
3307 5400 3376 5452 ab

1810 5533 2021 5594 laudato
2052 5528 2164 5580 viro
2196 5530 2346 5575 vetus
2374 5514 2572 5567 dictum
2602 5517 2703 5568 est,
2754 5499 2919 5555 nostri
2960 5505 3135 5549 tamen
3169 5490 3375 5543 inedio-

1811 5628 1972 5683 crit‘as
1994 5638 2096 5677 non
2120 5616 2342 5671 multum
2372 5607 2525 5660 fama:
2554 5612 2657 5654 tua:
2682 5591 3055 5651 claritudinem
3078 5587 3243 5654 juvat.
3271 5582 3375 5633 Sed

1816 5721 1940 5788 quia
1969 5709 2222 5771 voluntati
2272 5718 2375 5759 tua:
2404 5711 2519 5753 mos
2565 5690 2827 5763 gerendus
2854 5693 2965 5745 est,
2998 5678 3123 5749 quid
3164 5674 3378 5744 quidam

1820 5828 1851 5867 e
1894 5808 2070 5865 medio
2097 5803 2163 5857 de
2206 5789 2533 5853 orationibus
2563 5785 2669 5837 tuis
2714 5778 2967 5839 sentiant,
3012 5772 3191 5839 jussus
3220 5780 3381 5830 expe-

1822 5908 1984 5959 diam.
2028 5900 2198 5962 Prope
2244 5896 2325 5945 est
2350 5894 2405 5939 ut
2431 5893 2482 5935 te
2509 5888 2729 5947 arguere
2758 5870 2978 5925 debeam
3010 5857 3149 5930 quod
3176 5856 3384 5910 saeculo

1825 6008 2007 6053 nostro
2029 5951 2257 6046 Tulliani
2278 5978 2403 6050 styli
2426 5976 2620 6029 famam
2645 5977 2831 6038 parcus
2857 5958 3112 6015 invideas.
3142 5951 3383 6017 lic-spon-

1827 6091 1977 6148 debis
2002 6094 2217 6141 omnem
2253 6085 2303 6132 te
2351 6083 2565 6135 operam
2596 6053 2885 6119 condenda
2936 6045 3168 6106 historia:
3220 6046 3385 6099 depu-

165 5377 480 5484 tnres:qt:od
524 5410 628 5466 nisi
671 5406 741 5460 ad
772 5400 1095 5458 solutionem
1124 5392 1271 5457 vigor
1304 5382 1569 5455 iudicialis
1610 5377 1704 5431 ad-

166 5505 423 5571 strinxerit,
471 5499 653 5557 eliciet
694 5492 959 5562 publicam
988 5482 1256 5554 querelam
1304 5474 1470 5529 series
1500 5470 1703 5521 incom-

171 5592 311 5646 modi.
336 5556 499 5660 Quare
524 5556 744 5658 quaeso,
787 5588 845 5634 ut
892 5579 1032 5631 inter
1073 5582 1297 5633 cetera,
1327 5576 1446 5633 qua:
1492 5558 1591 5611 sibi
1641 5556 1707 5608 de

168 5680 320 5735 studio
344 5646 428 5736 ἶιιο
452 5646 619 5735 Roma
645 5646 930 5740 promittit,
964 5665 1098 5719 hanc
1120 5670 1330 5730 quoque
1355 5661 1554 5723 partem
1585 5646 1702 5700 dili-

170 5771 339 5837 εεηιίε
364 5780 462 5827 tuae
487 5766 751 5826 vindices.

738 5849 951 5910 EPIST.
992 5846 1125 5901 CIV.

727 5956 1174 6007 SYIHACIIUS.....‘

236 6045 393 6105 Ρίηι
422 6048 650 6105 fatemur
696 6056 821 6097 esse
851 6052 969 6107 qua:
1002 6031 1268 6089 misimus,
1318 6021 1410 6076 sed
1456 6012 1714 6071 honoriﬁ—

630 6131 887 6203 t’eligione
927 6123 1101 6193 potius
1130 6131 1285 6185 quam
1323 6111 1459 6167 mule
1484 6103 1717 6162 muneris
