  <div class='ocr_page' id='page_1' title='image "/cluster/home/n/w/nwhite01/storage/ocr_20150623/18-19/uva.x000826554/187.png"; bbox 0 0 3826 6400; ppageno 0'>
   <div class='ocr_carea' id='block_1_1' title="bbox 452 482 3673 597">
    <p class='ocr_par' dir='ltr' id='par_1_1' title="bbox 452 482 3673 597">
     <span class='ocr_line' id='line_1_1' title="bbox 452 482 3673 597; baseline -0.003 -20"><span class='ocrx_word' id='word_1_1' title='bbox 452 524 541 577; x_wconf 75' lang='grc' dir='ltr'><strong>εει</strong></span> <span class='ocrx_word' id='word_1_2' title='bbox 936 482 939 483; x_wconf 13' lang='grc' dir='ltr'><em>ν</em></span> <span class='ocrx_word' id='word_1_3' title='bbox 1144 588 1149 597; x_wconf 24' lang='grc' dir='ltr'><strong>α</strong></span> <span class='ocrx_word' id='word_1_4' title='bbox 1596 516 1660 584; x_wconf 86' lang='lat' dir='ltr'><strong>Q.</strong></span> <span class='ocrx_word' id='word_1_5' title='bbox 1703 516 2043 571; x_wconf 64' lang='lat' dir='ltr'><strong>sunmus</strong></span> <span class='ocrx_word' id='word_1_6' title='bbox 2083 516 2518 574; x_wconf 66' lang='lat' dir='ltr'><strong>SYMMACIIUS.</strong></span> <span class='ocrx_word' id='word_1_7' title='bbox 3572 532 3673 586; x_wconf 55' lang='grc' dir='ltr'>ηεξ</span> 
     </span>
    </p>
   </div>
   <div class='ocr_carea' id='block_1_2' title="bbox 450 629 2079 701">
    <p class='ocr_par' dir='ltr' id='par_1_2' title="bbox 450 629 2079 701">
     <span class='ocr_line' id='line_1_2' title="bbox 450 629 2079 701; baseline -0.005 -12"><span class='ocrx_word' id='word_1_8' title='bbox 450 647 609 689; x_wconf 82' lang='lat' dir='ltr'><strong>tassc.</strong></span> <span class='ocrx_word' id='word_1_9' title='bbox 643 635 853 701; x_wconf 73' lang='lat' dir='ltr'><strong>Ignosce</strong></span> <span class='ocrx_word' id='word_1_10' title='bbox 880 632 1115 685; x_wconf 72' lang='lat' dir='ltr'><strong>avaritia.-</strong></span> <span class='ocrx_word' id='word_1_11' title='bbox 1146 645 1298 695; x_wconf 65' lang='lat' dir='ltr'><strong>mea),</strong></span> <span class='ocrx_word' id='word_1_12' title='bbox 1331 631 1376 683; x_wconf 88' lang='lat' dir='ltr'><strong>si</strong></span> <span class='ocrx_word' id='word_1_13' title='bbox 1415 638 1700 700; x_wconf 89' lang='lat' dir='ltr'><strong>utrumque</strong></span> <span class='ocrx_word' id='word_1_14' title='bbox 1728 629 1995 684; x_wconf 87' lang='lat' dir='ltr'><strong>deside:o.</strong></span> <span class='ocrx_word' id='word_1_15' title='bbox 2031 632 2079 687; x_wconf 81' lang='grc' dir='ltr'><strong>Α</strong></span> 
     </span>
    </p>
   </div>
   <div class='ocr_carea' id='block_1_3' title="bbox 450 721 2002 791">
    <p class='ocr_par' dir='ltr' id='par_1_3' title="bbox 450 721 2002 791">
     <span class='ocr_line' id='line_1_3' title="bbox 450 721 2002 791; baseline -0.003 -13"><span class='ocrx_word' id='word_1_16' title='bbox 450 725 576 778; x_wconf 81' lang='lat' dir='ltr'><strong>Nam</strong></span> <span class='ocrx_word' id='word_1_17' title='bbox 609 725 715 791; x_wconf 89' lang='lat' dir='ltr'><strong>pari</strong></span> <span class='ocrx_word' id='word_1_18' title='bbox 756 726 925 777; x_wconf 90' lang='lat' dir='ltr'><strong>nitore</strong></span> <span class='ocrx_word' id='word_1_19' title='bbox 956 733 1114 789; x_wconf 84' lang='lat' dir='ltr'><strong>atque</strong></span> <span class='ocrx_word' id='word_1_20' title='bbox 1164 721 1419 789; x_wconf 89' lang='lat' dir='ltr'><strong>gravitate</strong></span> <span class='ocrx_word' id='word_1_21' title='bbox 1443 721 1736 774; x_wconf 83' lang='lat' dir='ltr'><strong>senatorias</strong></span> <span class='ocrx_word' id='word_1_22' title='bbox 1762 721 2002 773; x_wconf 84' lang='lat' dir='ltr'><strong>actiones</strong></span> 
     </span>
    </p>
   </div>
   <div class='ocr_carea' id='block_1_4' title="bbox 450 809 2007 878">
    <p class='ocr_par' dir='ltr' id='par_1_4' title="bbox 450 809 2007 878">
     <span class='ocr_line' id='line_1_4' title="bbox 450 809 2007 878; baseline -0.004 -11"><span class='ocrx_word' id='word_1_23' title='bbox 450 824 504 867; x_wconf 82' lang='lat' dir='ltr'><strong>et</strong></span> <span class='ocrx_word' id='word_1_24' title='bbox 531 813 781 865; x_wconf 74' lang='lat' dir='ltr'><strong>Romana:</strong></span> <span class='ocrx_word' id='word_1_25' title='bbox 814 812 886 864; x_wconf 90' lang='lat' dir='ltr'><strong>rei</strong></span> <span class='ocrx_word' id='word_1_26' title='bbox 919 824 1253 864; x_wconf 86' lang='lat' dir='ltr'><strong>monumenta</strong></span> <span class='ocrx_word' id='word_1_27' title='bbox 1297 810 1514 877; x_wconf 89' lang='lat' dir='ltr'><strong>Iimasti,</strong></span> <span class='ocrx_word' id='word_1_28' title='bbox 1544 818 1602 862; x_wconf 93' lang='lat' dir='ltr'><strong>ut</strong></span> <span class='ocrx_word' id='word_1_29' title='bbox 1633 810 1785 878; x_wconf 87' lang='lat' dir='ltr'><strong>plane</strong></span> <span class='ocrx_word' id='word_1_30' title='bbox 1816 809 2007 862; x_wconf 85' lang='lat' dir='ltr'><strong>IIome-</strong></span> 
     </span>
    </p>
   </div>
   <div class='ocr_carea' id='block_1_5' title="bbox 452 900 2007 972">
    <p class='ocr_par' dir='ltr' id='par_1_5' title="bbox 452 900 2007 972">
     <span class='ocr_line' id='line_1_5' title="bbox 452 900 2007 972; baseline -0.003 -16"><span class='ocrx_word' id='word_1_31' title='bbox 452 904 557 956; x_wconf 81' lang='lat' dir='ltr'><strong>rica</strong></span> <span class='ocrx_word' id='word_1_32' title='bbox 599 903 950 970; x_wconf 83' lang='lat' dir='ltr'><strong>appellatione</strong></span> <span class='ocrx_word' id='word_1_33' title='bbox 988 902 1282 972; x_wconf 72' lang='grc' dir='ltr'><strong>περιδέξιον,</strong></span> <span class='ocrx_word' id='word_1_34' title='bbox 1314 901 1365 956; x_wconf 79' lang='lat' dir='ltr'><strong>id</strong></span> <span class='ocrx_word' id='word_1_35' title='bbox 1403 911 1503 964; x_wconf 89' lang='lat' dir='ltr'><strong>est,</strong></span> <span class='ocrx_word' id='word_1_36' title='bbox 1551 900 1904 970; x_wconf 70' lang='lat' dir='ltr'><strong>mquiiiianum</strong></span> <span class='ocrx_word' id='word_1_37' title='bbox 1957 908 2007 952; x_wconf 91' lang='lat' dir='ltr'><strong>te</strong></span> 
     </span>
    </p>
   </div>
   <div class='ocr_carea' id='block_1_6' title="bbox 451 989 2007 1061">
    <p class='ocr_par' dir='ltr' id='par_1_6' title="bbox 451 989 2007 1061">
     <span class='ocr_line' id='line_1_6' title="bbox 451 989 2007 1061; baseline 0 -16"><span class='ocrx_word' id='word_1_38' title='bbox 451 994 810 1060; x_wconf 79' lang='lat' dir='ltr'><strong>pronuntiem.</strong></span> <span class='ocrx_word' id='word_1_39' title='bbox 828 993 993 1059; x_wconf 78' lang='lat' dir='ltr'><strong>Perge</strong></span> <span class='ocrx_word' id='word_1_40' title='bbox 1018 994 1191 1061; x_wconf 87' lang='lat' dir='ltr'><strong>igitur,</strong></span> <span class='ocrx_word' id='word_1_41' title='bbox 1215 989 1414 1061; x_wconf 69' lang='lat' dir='ltr'><strong>q&#39;uzeso,</strong></span> <span class='ocrx_word' id='word_1_42' title='bbox 1431 1003 1482 1047; x_wconf 89' lang='lat' dir='ltr'><strong>et</strong></span> <span class='ocrx_word' id='word_1_43' title='bbox 1506 994 1657 1047; x_wconf 91' lang='lat' dir='ltr'><strong>stude</strong></span> <span class='ocrx_word' id='word_1_44' title='bbox 1678 993 1811 1046; x_wconf 84' lang='lat' dir='ltr'><strong>lianc</strong></span> <span class='ocrx_word' id='word_1_45' title='bbox 1834 1005 2007 1061; x_wconf 85' lang='lat' dir='ltr'><strong>poste-</strong></span> 
     </span>
    </p>
   </div>
   <div class='ocr_carea' id='block_1_7' title="bbox 450 1085 2008 1155">
    <p class='ocr_par' dir='ltr' id='par_1_7' title="bbox 450 1085 2008 1155">
     <span class='ocr_line' id='line_1_7' title="bbox 450 1085 2008 1155; baseline -0.002 -19"><span class='ocrx_word' id='word_1_46' title='bbox 450 1085 525 1137; x_wconf 55' lang='lat' dir='ltr'><strong>t&#39;is</strong></span> <span class='ocrx_word' id='word_1_47' title='bbox 549 1085 725 1139; x_wconf 90' lang='lat' dir='ltr'><strong>dotem</strong></span> <span class='ocrx_word' id='word_1_48' title='bbox 751 1086 1063 1155; x_wconf 80' lang='lat' dir='ltr'><strong>relinquere,</strong></span> <span class='ocrx_word' id='word_1_49' title='bbox 1091 1097 1145 1140; x_wconf 89' lang='lat' dir='ltr'><strong>ut</strong></span> <span class='ocrx_word' id='word_1_50' title='bbox 1174 1102 1291 1154; x_wconf 69' lang='lat' dir='ltr'><strong>qum</strong></span> <span class='ocrx_word' id='word_1_51' title='bbox 1314 1088 1479 1138; x_wconf 69' lang='lat' dir='ltr'><strong>divisa</strong></span> <span class='ocrx_word' id='word_1_52' title='bbox 1513 1087 1562 1138; x_wconf 91' lang='lat' dir='ltr'><strong>in</strong></span> <span class='ocrx_word' id='word_1_53' title='bbox 1588 1086 1810 1154; x_wconf 85' lang='lat' dir='ltr'><strong>singulis</strong></span> <span class='ocrx_word' id='word_1_54' title='bbox 1826 1094 2008 1137; x_wconf 85' lang='lat' dir='ltr'><strong>aucto-</strong></span> 
     </span>
    </p>
   </div>
   <div class='ocr_carea' id='block_1_8' title="bbox 451 1175 2004 1244">
    <p class='ocr_par' dir='ltr' id='par_1_8' title="bbox 451 1175 2004 1244">
     <span class='ocr_line' id='line_1_8' title="bbox 451 1175 2004 1244; baseline 0 -17"><span class='ocrx_word' id='word_1_55' title='bbox 451 1175 596 1229; x_wconf 91' lang='lat' dir='ltr'><strong>ribus</strong></span> <span class='ocrx_word' id='word_1_56' title='bbox 626 1188 748 1230; x_wconf 88' lang='lat' dir='ltr'><strong>ante</strong></span> <span class='ocrx_word' id='word_1_57' title='bbox 780 1177 1110 1243; x_wconf 86' lang='lat' dir='ltr'><strong>placuerunt,</strong></span> <span class='ocrx_word' id='word_1_58' title='bbox 1143 1179 1330 1232; x_wconf 90' lang='lat' dir='ltr'><strong>eadem</strong></span> <span class='ocrx_word' id='word_1_59' title='bbox 1363 1191 1502 1230; x_wconf 88' lang='lat' dir='ltr'><strong>nunc</strong></span> <span class='ocrx_word' id='word_1_60' title='bbox 1533 1177 1584 1230; x_wconf 92' lang='lat' dir='ltr'><strong>iu</strong></span> <span class='ocrx_word' id='word_1_61' title='bbox 1636 1185 1686 1230; x_wconf 86' lang='lat' dir='ltr'><strong>te</strong></span> <span class='ocrx_word' id='word_1_62' title='bbox 1727 1176 2004 1244; x_wconf 80' lang='lat' dir='ltr'><strong>conjuncta</strong></span> 
     </span>
    </p>
   </div>
   <div class='ocr_carea' id='block_1_9' title="bbox 450 1265 928 1329">
    <p class='ocr_par' dir='ltr' id='par_1_9' title="bbox 450 1265 928 1329">
     <span class='ocr_line' id='line_1_9' title="bbox 450 1265 928 1329; baseline -0.002 -8"><span class='ocrx_word' id='word_1_63' title='bbox 450 1265 747 1321; x_wconf 64' lang='lat' dir='ltr'><strong>laudentur.</strong></span> <span class='ocrx_word' id='word_1_64' title='bbox 786 1268 928 1329; x_wconf 75' lang='lat' dir='ltr'><strong>Vale.</strong></span> 
     </span>
    </p>
   </div>
   <div class='ocr_carea' id='block_1_10' title="bbox 1038 1357 1422 1414">
    <p class='ocr_par' dir='ltr' id='par_1_10' title="bbox 1038 1357 1422 1414">
     <span class='ocr_line' id='line_1_10' title="bbox 1038 1357 1422 1414; baseline -0.003 -1"><span class='ocrx_word' id='word_1_65' title='bbox 1038 1359 1245 1414; x_wconf 81' lang='lat' dir='ltr'><strong>EPIS&#39;I&#39;.</strong></span> <span class='ocrx_word' id='word_1_66' title='bbox 1288 1357 1422 1413; x_wconf 72' lang='lat' dir='ltr'><strong>CXI.</strong></span> 
     </span>
    </p>
   </div>
   <div class='ocr_carea' id='block_1_11' title="bbox 908 1465 1434 1507">
    <p class='ocr_par' dir='ltr' id='par_1_11' title="bbox 908 1465 1434 1507">
     <span class='ocr_line' id='line_1_11' title="bbox 908 1465 1434 1507; baseline -0.013 0"><span class='ocrx_word' id='word_1_67' title='bbox 908 1502 911 1507; x_wconf 41' lang='grc' dir='ltr'><strong>ι</strong></span> <span class='ocrx_word' id='word_1_68' title='bbox 1011 1465 1434 1504; x_wconf 61' lang='grc' dir='ltr'><strong>5Υ)ΙἏΑ(ΣΙΙΕ8.....</strong></span> 
     </span>
    </p>
   </div>
   <div class='ocr_carea' id='block_1_12' title="bbox 515 1535 2008 1608">
    <p class='ocr_par' dir='ltr' id='par_1_12' title="bbox 515 1535 2008 1608">
     <span class='ocr_line' id='line_1_12' title="bbox 515 1535 2008 1608; baseline -0.003 -17"><span class='ocrx_word' id='word_1_69' title='bbox 515 1535 731 1604; x_wconf 84' lang='lat' dir='ltr'><strong>Fontes,</strong></span> <span class='ocrx_word' id='word_1_70' title='bbox 762 1554 823 1594; x_wconf 90' lang='lat' dir='ltr'><strong>ac</strong></span> <span class='ocrx_word' id='word_1_71' title='bbox 852 1540 1216 1596; x_wconf 87' lang='lat' dir='ltr'><strong>difficultatem</strong></span> <span class='ocrx_word' id='word_1_72' title='bbox 1245 1540 1500 1594; x_wconf 76' lang='lat' dir='ltr'><strong>ducenda:</strong></span> <span class='ocrx_word' id='word_1_73' title='bbox 1521 1554 1668 1608; x_wconf 78' lang='lat' dir='ltr'><strong>aquze</strong></span> <span class='ocrx_word' id='word_1_74' title='bbox 1695 1539 1833 1593; x_wconf 88' lang='lat' dir='ltr'><strong>inter</strong></span> <span class='ocrx_word' id='word_1_75' title='bbox 1865 1537 2008 1597; x_wconf 80' lang='lat' dir='ltr'><strong>labo-</strong></span> 
     </span>
    </p>
   </div>
   <div class='ocr_carea' id='block_1_13' title="bbox 448 1628 2007 1696">
    <p class='ocr_par' dir='ltr' id='par_1_13' title="bbox 448 1628 2007 1696">
     <span class='ocr_line' id='line_1_13' title="bbox 448 1628 2007 1696; baseline 0 -17"><span class='ocrx_word' id='word_1_76' title='bbox 448 1641 535 1682; x_wconf 89' lang='lat' dir='ltr'><strong>res</strong></span> <span class='ocrx_word' id='word_1_77' title='bbox 560 1642 778 1682; x_wconf 88' lang='lat' dir='ltr'><strong>censere</strong></span> <span class='ocrx_word' id='word_1_78' title='bbox 811 1630 1096 1683; x_wconf 78' lang='lat' dir='ltr'><strong>llereu!eos</strong></span> <span class='ocrx_word' id='word_1_79' title='bbox 1132 1630 1540 1683; x_wconf 83' lang='lat' dir='ltr'><strong>debeamus.....</strong></span> <span class='ocrx_word' id='word_1_80' title='bbox 1579 1643 1718 1682; x_wconf 88' lang='lat' dir='ltr'><strong>nunc</strong></span> <span class='ocrx_word' id='word_1_81' title='bbox 1760 1628 2007 1696; x_wconf 73' lang='lat' dir='ltr'><strong>Neapolis</strong></span> 
     </span>
    </p>
   </div>
   <div class='ocr_carea' id='block_1_14' title="bbox 448 1718 2005 1789">
    <p class='ocr_par' dir='ltr' id='par_1_14' title="bbox 448 1718 2005 1789">
     <span class='ocr_line' id='line_1_14' title="bbox 448 1718 2005 1789; baseline 0 -18"><span class='ocrx_word' id='word_1_82' title='bbox 448 1728 645 1774; x_wconf 87' lang='lat' dir='ltr'><strong>mutata</strong></span> <span class='ocrx_word' id='word_1_83' title='bbox 677 1721 805 1775; x_wconf 83' lang='lat' dir='ltr'><strong>sede</strong></span> <span class='ocrx_word' id='word_1_84' title='bbox 826 1723 1076 1789; x_wconf 68' lang='lat' dir='ltr'><strong>suscepit.</strong></span> <span class='ocrx_word' id='word_1_85' title='bbox 1122 1721 1272 1777; x_wconf 86' lang='lat' dir='ltr'><strong>Unde</strong></span> <span class='ocrx_word' id='word_1_86' title='bbox 1314 1731 1430 1789; x_wconf 87' lang='lat' dir='ltr'><strong>pnsl</strong></span> <span class='ocrx_word' id='word_1_87' title='bbox 1466 1722 1624 1774; x_wconf 80' lang='lat' dir='ltr'><strong>breve</strong></span> <span class='ocrx_word' id='word_1_88' title='bbox 1670 1718 2005 1773; x_wconf 72' lang='lat' dir='ltr'><strong>intervallum</strong></span> 
     </span>
    </p>
   </div>
   <div class='ocr_carea' id='block_1_15' title="bbox 446 1809 2002 1881">
    <p class='ocr_par' dir='ltr' id='par_1_15' title="bbox 446 1809 2002 1881">
     <span class='ocr_line' id='line_1_15' title="bbox 446 1809 2002 1881; baseline 0 -20"><span class='ocrx_word' id='word_1_89' title='bbox 446 1811 652 1864; x_wconf 82' lang='lat' dir='ltr'><strong>dierum</strong></span> <span class='ocrx_word' id='word_1_90' title='bbox 704 1813 929 1866; x_wconf 85' lang='lat' dir='ltr'><strong>transire</strong></span> <span class='ocrx_word' id='word_1_91' title='bbox 980 1811 1212 1881; x_wconf 89' lang='lat' dir='ltr'><strong>Capuam</strong></span> <span class='ocrx_word' id='word_1_92' title='bbox 1263 1816 1336 1865; x_wconf 90' lang='lat' dir='ltr'><strong>tui</strong></span> <span class='ocrx_word' id='word_1_93' title='bbox 1384 1809 1632 1865; x_wconf 88' lang='lat' dir='ltr'><strong>desiderii</strong></span> <span class='ocrx_word' id='word_1_94' title='bbox 1682 1809 1848 1880; x_wconf 87' lang='lat' dir='ltr'><strong>gratia</strong></span> <span class='ocrx_word' id='word_1_95' title='bbox 1900 1824 2002 1861; x_wconf 88' lang='lat' dir='ltr'><strong>non</strong></span> 
     </span>
    </p>
   </div>
   <div class='ocr_carea' id='block_1_16' title="bbox 446 1900 712 1957">
    <p class='ocr_par' dir='ltr' id='par_1_16' title="bbox 446 1900 712 1957">
     <span class='ocr_line' id='line_1_16' title="bbox 446 1900 712 1957; baseline 0.015 -4"><span class='ocrx_word' id='word_1_96' title='bbox 446 1900 712 1957; x_wconf 88' lang='lat' dir='ltr'><strong>morabor.</strong></span> 
     </span>
    </p>
   </div>
   <div class='ocr_carea' id='block_1_17' title="bbox 1019 1991 1563 2056">
    <p class='ocr_par' dir='ltr' id='par_1_17' title="bbox 1019 1991 1563 2056">
     <span class='ocr_line' id='line_1_17' title="bbox 1019 1991 1563 2056; baseline -0.004 -9"><span class='ocrx_word' id='word_1_97' title='bbox 1019 1993 1227 2048; x_wconf 79' lang='lat' dir='ltr'><strong>EPIST.</strong></span> <span class='ocrx_word' id='word_1_98' title='bbox 1268 1991 1425 2046; x_wconf 79' lang='lat' dir='ltr'><strong>CXII.</strong></span> <span class='ocrx_word' id='word_1_99' title='bbox 1468 2030 1471 2031; x_wconf 49' lang='grc' dir='ltr'><em>ν</em></span> <span class='ocrx_word' id='word_1_100' title='bbox 1555 2048 1563 2056; x_wconf 64' lang='grc'><em>,</em></span> 
     </span>
    </p>
   </div>
   <div class='ocr_carea' id='block_1_18' title="bbox 1013 2099 1432 2139">
    <p class='ocr_par' dir='ltr' id='par_1_18' title="bbox 1013 2099 1432 2139">
     <span class='ocr_line' id='line_1_18' title="bbox 1013 2099 1432 2139; baseline -0.005 -2"><span class='ocrx_word' id='word_1_101' title='bbox 1013 2099 1432 2139; x_wconf 68' lang='grc' dir='ltr'><strong>δὶ’ὶιὶΙΛο11υ8.ο..σ</strong></span> 
     </span>
    </p>
   </div>
   <div class='ocr_carea' id='block_1_19' title="bbox 508 2172 2000 2245">
    <p class='ocr_par' dir='ltr' id='par_1_19' title="bbox 508 2172 2000 2245">
     <span class='ocr_line' id='line_1_19' title="bbox 508 2172 2000 2245; baseline 0.001 -18"><span class='ocrx_word' id='word_1_102' title='bbox 508 2172 641 2228; x_wconf 90' lang='lat' dir='ltr'><strong>Cum</strong></span> <span class='ocrx_word' id='word_1_103' title='bbox 662 2173 769 2243; x_wconf 82' lang='lat' dir='ltr'><strong>jam</strong></span> <span class='ocrx_word' id='word_1_104' title='bbox 799 2176 1163 2231; x_wconf 88' lang='lat' dir='ltr'><strong>Decembrium</strong></span> <span class='ocrx_word' id='word_1_105' title='bbox 1183 2177 1286 2231; x_wconf 85' lang='lat' dir='ltr'><strong>eal.</strong></span> <span class='ocrx_word' id='word_1_106' title='bbox 1320 2185 1526 2244; x_wconf 86' lang='lat' dir='ltr'><strong>tempus</strong></span> <span class='ocrx_word' id='word_1_107' title='bbox 1555 2184 1847 2245; x_wconf 87' lang='lat' dir='ltr'><strong>appeteret,</strong></span> <span class='ocrx_word' id='word_1_108' title='bbox 1876 2176 2000 2230; x_wconf 89' lang='lat' dir='ltr'><strong>red-</strong></span> 
     </span>
    </p>
   </div>
   <div class='ocr_carea' id='block_1_20' title="bbox 441 2263 2003 2335">
    <p class='ocr_par' dir='ltr' id='par_1_20' title="bbox 441 2263 2003 2335">
     <span class='ocr_line' id='line_1_20' title="bbox 441 2263 2003 2335; baseline 0.003 -19"><span class='ocrx_word' id='word_1_109' title='bbox 441 2263 564 2319; x_wconf 69' lang='lat' dir='ltr'><strong>ditae</strong></span> <span class='ocrx_word' id='word_1_110' title='bbox 605 2276 726 2319; x_wconf 82' lang='lat' dir='ltr'><strong>sunt</strong></span> <span class='ocrx_word' id='word_1_111' title='bbox 756 2268 883 2320; x_wconf 85' lang='lat' dir='ltr'><strong>mihi</strong></span> <span class='ocrx_word' id='word_1_112' title='bbox 930 2266 1138 2333; x_wconf 78' lang='lat' dir='ltr'><strong>littene,</strong></span> <span class='ocrx_word' id='word_1_113' title='bbox 1183 2283 1301 2335; x_wconf 73' lang='lat' dir='ltr'><strong>qua:</strong></span> <span class='ocrx_word' id='word_1_114' title='bbox 1340 2268 1583 2321; x_wconf 84' lang='lat' dir='ltr'><strong>annalem</strong></span> <span class='ocrx_word' id='word_1_115' title='bbox 1634 2268 1865 2321; x_wconf 88' lang='lat' dir='ltr'><strong>trabeam</strong></span> <span class='ocrx_word' id='word_1_116' title='bbox 1894 2284 2003 2321; x_wconf 86' lang='lat' dir='ltr'><strong>me-</strong></span> 
     </span>
    </p>
   </div>
   <div class='ocr_carea' id='block_1_21' title="bbox 443 2354 2002 2423">
    <p class='ocr_par' dir='ltr' id='par_1_21' title="bbox 443 2354 2002 2423">
     <span class='ocr_line' id='line_1_21' title="bbox 443 2354 2002 2423; baseline 0.004 -17"><span class='ocrx_word' id='word_1_117' title='bbox 443 2354 616 2409; x_wconf 88' lang='lat' dir='ltr'><strong>ruisse</strong></span> <span class='ocrx_word' id='word_1_118' title='bbox 659 2355 1015 2423; x_wconf 78' lang='lat' dir='ltr'><strong>loquerentur.</strong></span> <span class='ocrx_word' id='word_1_119' title='bbox 1058 2359 1256 2412; x_wconf 83' lang='lat' dir='ltr'><strong>Credas</strong></span> <span class='ocrx_word' id='word_1_120' title='bbox 1305 2358 1463 2413; x_wconf 82' lang='lat' dir='ltr'><strong>velim</strong></span> <span class='ocrx_word' id='word_1_121' title='bbox 1506 2359 1671 2412; x_wconf 92' lang='lat' dir='ltr'><strong>multo</strong></span> <span class='ocrx_word' id='word_1_122' title='bbox 1715 2374 1783 2413; x_wconf 90' lang='lat' dir='ltr'><strong>ex</strong></span> <span class='ocrx_word' id='word_1_123' title='bbox 1830 2374 1888 2411; x_wconf 80' lang='lat' dir='ltr'><strong>ea</strong></span> <span class='ocrx_word' id='word_1_124' title='bbox 1946 2374 2002 2412; x_wconf 88' lang='lat' dir='ltr'><strong>re</strong></span> 
     </span>
    </p>
   </div>
   <div class='ocr_carea' id='block_1_22' title="bbox 438 2443 1997 2516">
    <p class='ocr_par' dir='ltr' id='par_1_22' title="bbox 438 2443 1997 2516">
     <span class='ocr_line' id='line_1_22' title="bbox 438 2443 1997 2516; baseline 0.003 -21"><span class='ocrx_word' id='word_1_125' title='bbox 438 2443 631 2509; x_wconf 77' lang='lat' dir='ltr'><strong>gaudio</strong></span> <span class='ocrx_word' id='word_1_126' title='bbox 678 2446 868 2500; x_wconf 90' lang='lat' dir='ltr'><strong>mentis</strong></span> <span class='ocrx_word' id='word_1_127' title='bbox 920 2462 1052 2501; x_wconf 72' lang='lat' dir='ltr'><strong>mea:</strong></span> <span class='ocrx_word' id='word_1_128' title='bbox 1093 2447 1330 2501; x_wconf 90' lang='lat' dir='ltr'><strong>habitum</strong></span> <span class='ocrx_word' id='word_1_129' title='bbox 1383 2449 1735 2516; x_wconf 86' lang='lat' dir='ltr'><strong>spIcuduisse.</strong></span> <span class='ocrx_word' id='word_1_130' title='bbox 1788 2448 1997 2514; x_wconf 83' lang='lat' dir='ltr'><strong>Primo,</strong></span> 
     </span>
    </p>
   </div>
   <div class='ocr_carea' id='block_1_23' title="bbox 439 2535 2001 2607">
    <p class='ocr_par' dir='ltr' id='par_1_23' title="bbox 439 2535 2001 2607">
     <span class='ocr_line' id='line_1_23' title="bbox 439 2535 2001 2607; baseline 0.004 -22"><span class='ocrx_word' id='word_1_131' title='bbox 439 2535 578 2600; x_wconf 79' lang='lat' dir='ltr'><strong>quod</strong></span> <span class='ocrx_word' id='word_1_132' title='bbox 611 2535 678 2588; x_wconf 92' lang='lat' dir='ltr'><strong>ita</strong></span> <span class='ocrx_word' id='word_1_133' title='bbox 706 2544 890 2590; x_wconf 87' lang='lat' dir='ltr'><strong>natura</strong></span> <span class='ocrx_word' id='word_1_134' title='bbox 916 2548 1278 2607; x_wconf 88' lang='lat' dir='ltr'><strong>comparatum</strong></span> <span class='ocrx_word' id='word_1_135' title='bbox 1309 2548 1410 2602; x_wconf 88' lang='lat' dir='ltr'><strong>est,</strong></span> <span class='ocrx_word' id='word_1_136' title='bbox 1442 2549 1500 2592; x_wconf 90' lang='grc' dir='ltr'><strong>ιιι</strong></span> <span class='ocrx_word' id='word_1_137' title='bbox 1521 2553 1707 2593; x_wconf 87' lang='lat' dir='ltr'><strong>omnes</strong></span> <span class='ocrx_word' id='word_1_138' title='bbox 1728 2538 1827 2592; x_wconf 91' lang='lat' dir='ltr'><strong>sibi</strong></span> <span class='ocrx_word' id='word_1_139' title='bbox 1858 2539 2001 2591; x_wconf 75' lang='lat' dir='ltr'><strong>dola-</strong></span> 
     </span>
    </p>
   </div>
   <div class='ocr_carea' id='block_1_24' title="bbox 442 2620 1998 2700">
    <p class='ocr_par' dir='ltr' id='par_1_24' title="bbox 442 2620 1998 2700">
     <span class='ocr_line' id='line_1_24' title="bbox 442 2620 1998 2700; baseline 0.005 -23"><span class='ocrx_word' id='word_1_140' title='bbox 442 2635 553 2679; x_wconf 91' lang='lat' dir='ltr'><strong>tum</strong></span> <span class='ocrx_word' id='word_1_141' title='bbox 584 2625 744 2681; x_wconf 86' lang='lat' dir='ltr'><strong>decus</strong></span> <span class='ocrx_word' id='word_1_142' title='bbox 770 2629 1039 2696; x_wconf 84' lang='lat' dir='ltr'><strong>judicent,</strong></span> <span class='ocrx_word' id='word_1_143' title='bbox 1080 2631 1219 2698; x_wconf 88' lang='lat' dir='ltr'><strong>quod</strong></span> <span class='ocrx_word' id='word_1_144' title='bbox 1246 2633 1436 2700; x_wconf 85' lang='lat' dir='ltr'><strong>dignus</strong></span> <span class='ocrx_word' id='word_1_145' title='bbox 1456 2632 1740 2699; x_wconf 79' lang='lat' dir='ltr'><strong>acceperit.</strong></span> <span class='ocrx_word' id='word_1_146' title='bbox 1779 2620 1998 2696; x_wconf 73' lang='lat' dir='ltr'><strong>Dehinc,</strong></span> 
     </span>
    </p>
   </div>
   <div class='ocr_carea' id='block_1_25' title="bbox 439 2715 1997 2790">
    <p class='ocr_par' dir='ltr' id='par_1_25' title="bbox 439 2715 1997 2790">
     <span class='ocr_line' id='line_1_25' title="bbox 439 2715 1997 2790; baseline 0.004 -23"><span class='ocrx_word' id='word_1_147' title='bbox 439 2716 559 2783; x_wconf 91' lang='lat' dir='ltr'><strong>quia</strong></span> <span class='ocrx_word' id='word_1_148' title='bbox 593 2715 779 2782; x_wconf 82' lang='lat' dir='ltr'><strong>honor,</strong></span> <span class='ocrx_word' id='word_1_149' title='bbox 796 2723 902 2789; x_wconf 90' lang='lat' dir='ltr'><strong>jam</strong></span> <span class='ocrx_word' id='word_1_150' title='bbox 929 2721 1130 2788; x_wconf 90' lang='lat' dir='ltr'><strong>pridem</strong></span> <span class='ocrx_word' id='word_1_151' title='bbox 1161 2731 1316 2790; x_wconf 68' lang='lat' dir='ltr'><strong>togae,</strong></span> <span class='ocrx_word' id='word_1_152' title='bbox 1346 2731 1398 2775; x_wconf 89' lang='lat' dir='ltr'><strong>et</strong></span> <span class='ocrx_word' id='word_1_153' title='bbox 1426 2721 1598 2775; x_wconf 86' lang='lat' dir='ltr'><strong>ordini</strong></span> <span class='ocrx_word' id='word_1_154' title='bbox 1630 2737 1782 2777; x_wconf 82' lang='lat' dir='ltr'><strong>rarus</strong></span> <span class='ocrx_word' id='word_1_155' title='bbox 1810 2723 1997 2775; x_wconf 79' lang='lat' dir='ltr'><strong>nimis-</strong></span> 
     </span>
    </p>
   </div>
   <div class='ocr_carea' id='block_1_26' title="bbox 438 2805 1997 2878">
    <p class='ocr_par' dir='ltr' id='par_1_26' title="bbox 438 2805 1997 2878">
     <span class='ocr_line' id='line_1_26' title="bbox 438 2805 1997 2878; baseline 0.003 -20"><span class='ocrx_word' id='word_1_156' title='bbox 438 2820 541 2871; x_wconf 86' lang='lat' dir='ltr'><strong>que</strong></span> <span class='ocrx_word' id='word_1_157' title='bbox 562 2805 812 2873; x_wconf 84' lang='lat' dir='ltr'><strong>diflicilis,</strong></span> <span class='ocrx_word' id='word_1_158' title='bbox 839 2810 1050 2863; x_wconf 86' lang='lat' dir='ltr'><strong>tandem</strong></span> <span class='ocrx_word' id='word_1_159' title='bbox 1067 2819 1381 2863; x_wconf 86' lang='lat' dir='ltr'><strong>summatem</strong></span> <span class='ocrx_word' id='word_1_160' title='bbox 1403 2810 1637 2864; x_wconf 90' lang='lat' dir='ltr'><strong>civilium</strong></span> <span class='ocrx_word' id='word_1_161' title='bbox 1668 2812 1893 2878; x_wconf 88' lang='lat' dir='ltr'><strong>partium</strong></span> <span class='ocrx_word' id='word_1_162' title='bbox 1918 2812 1997 2863; x_wconf 91' lang='lat' dir='ltr'><strong>vi-</strong></span> 
     </span>
    </p>
   </div>
   <div class='ocr_carea' id='block_1_27' title="bbox 437 2896 2002 2968">
    <p class='ocr_par' dir='ltr' id='par_1_27' title="bbox 437 2896 2002 2968">
     <span class='ocr_line' id='line_1_27' title="bbox 437 2896 2002 2968; baseline 0.005 -22"><span class='ocrx_word' id='word_1_163' title='bbox 437 2908 553 2947; x_wconf 91' lang='lat' dir='ltr'><strong>rum</strong></span> <span class='ocrx_word' id='word_1_164' title='bbox 577 2896 810 2965; x_wconf 87' lang='lat' dir='ltr'><strong>respicit.</strong></span> <span class='ocrx_word' id='word_1_165' title='bbox 831 2896 1184 2963; x_wconf 85' lang='lat' dir='ltr'><strong>Postremum,</strong></span> <span class='ocrx_word' id='word_1_166' title='bbox 1210 2900 1348 2968; x_wconf 88' lang='lat' dir='ltr'><strong>quod</strong></span> <span class='ocrx_word' id='word_1_167' title='bbox 1369 2901 1628 2955; x_wconf 81' lang='lat' dir='ltr'><strong>amicitias</strong></span> <span class='ocrx_word' id='word_1_168' title='bbox 1648 2911 1857 2956; x_wconf 66' lang='lat' dir='ltr'><strong>nustras</strong></span> <span class='ocrx_word' id='word_1_169' title='bbox 1880 2922 1891 2949; x_wconf 89' lang='grc' dir='ltr'><strong>ι</strong></span> <span class='ocrx_word' id='word_1_170' title='bbox 1912 2916 2002 2954; x_wconf 74' lang='lat' dir='ltr'><strong>cc-</strong></span> 
     </span>
    </p>
   </div>
   <div class='ocr_carea' id='block_1_28' title="bbox 438 2984 1999 3059">
    <p class='ocr_par' dir='ltr' id='par_1_28' title="bbox 438 2984 1999 3059">
     <span class='ocr_line' id='line_1_28' title="bbox 438 2984 1999 3059; baseline 0.004 -23"><span class='ocrx_word' id='word_1_171' title='bbox 438 2984 564 3037; x_wconf 90' lang='lat' dir='ltr'><strong>dum</strong></span> <span class='ocrx_word' id='word_1_172' title='bbox 602 2986 721 3039; x_wconf 86' lang='lat' dir='ltr'><strong>aliis</strong></span> <span class='ocrx_word' id='word_1_173' title='bbox 761 2988 951 3041; x_wconf 80' lang='lat' dir='ltr'><strong>ofﬁciis</strong></span> <span class='ocrx_word' id='word_1_174' title='bbox 981 2988 1252 3042; x_wconf 85' lang='lat' dir='ltr'><strong>inchoatas</strong></span> <span class='ocrx_word' id='word_1_175' title='bbox 1282 3000 1521 3059; x_wconf 89' lang='lat' dir='ltr'><strong>prompta</strong></span> <span class='ocrx_word' id='word_1_176' title='bbox 1548 2993 1999 3059; x_wconf 82' lang='lat' dir='ltr'><strong>evocationcjun-</strong></span> 
     </span>
    </p>
   </div>
   <div class='ocr_carea' id='block_1_29' title="bbox 435 3072 1996 3146">
    <p class='ocr_par' dir='ltr' id='par_1_29' title="bbox 435 3072 1996 3146">
     <span class='ocr_line' id='line_1_29' title="bbox 435 3072 1996 3146; baseline 0.005 -21"><span class='ocrx_word' id='word_1_177' title='bbox 435 3072 578 3127; x_wconf 75' lang='lat' dir='ltr'><strong>aisti.</strong></span> <span class='ocrx_word' id='word_1_178' title='bbox 604 3072 835 3131; x_wconf 84' lang='lat' dir='ltr'><strong>Videsne</strong></span> <span class='ocrx_word' id='word_1_179' title='bbox 871 3092 1027 3145; x_wconf 86' lang='lat' dir='ltr'><strong>quam</strong></span> <span class='ocrx_word' id='word_1_180' title='bbox 1068 3078 1371 3146; x_wconf 85' lang='lat' dir='ltr'><strong>probabiles</strong></span> <span class='ocrx_word' id='word_1_181' title='bbox 1416 3079 1610 3134; x_wconf 59' lang='lat' dir='ltr'><strong>latitia:</strong></span> <span class='ocrx_word' id='word_1_182' title='bbox 1656 3095 1789 3135; x_wconf 66' lang='lat' dir='ltr'><strong>mea:</strong></span> <span class='ocrx_word' id='word_1_183' title='bbox 1823 3095 1996 3135; x_wconf 72' lang='lat' dir='ltr'><strong>cause</strong></span> 
     </span>
    </p>
   </div>
   <div class='ocr_carea' id='block_1_30' title="bbox 433 3166 1993 3240">
    <p class='ocr_par' dir='ltr' id='par_1_30' title="bbox 433 3166 1993 3240">
     <span class='ocr_line' id='line_1_30' title="bbox 433 3166 1993 3240; baseline 0.006 -23"><span class='ocrx_word' id='word_1_184' title='bbox 433 3167 574 3219; x_wconf 83' lang='lat' dir='ltr'><strong>sint?</strong></span> <span class='ocrx_word' id='word_1_185' title='bbox 616 3166 719 3221; x_wconf 88' lang='lat' dir='ltr'><strong>Sed</strong></span> <span class='ocrx_word' id='word_1_186' title='bbox 750 3183 937 3223; x_wconf 90' lang='lat' dir='ltr'><strong>vereor</strong></span> <span class='ocrx_word' id='word_1_187' title='bbox 967 3184 1034 3224; x_wconf 87' lang='lat' dir='ltr'><strong>ne</strong></span> <span class='ocrx_word' id='word_1_188' title='bbox 1065 3171 1143 3223; x_wconf 86' lang='lat' dir='ltr'><strong>his</strong></span> <span class='ocrx_word' id='word_1_189' title='bbox 1174 3186 1357 3240; x_wconf 87' lang='lat' dir='ltr'><strong>parum</strong></span> <span class='ocrx_word' id='word_1_190' title='bbox 1386 3173 1595 3236; x_wconf 88' lang='lat' dir='ltr'><strong>credas,</strong></span> <span class='ocrx_word' id='word_1_191' title='bbox 1623 3186 1744 3226; x_wconf 91' lang='lat' dir='ltr'><strong>cum</strong></span> <span class='ocrx_word' id='word_1_192' title='bbox 1789 3176 1993 3226; x_wconf 88' lang='lat' dir='ltr'><strong>accitus</strong></span> 
     </span>
    </p>
   </div>
   <div class='ocr_carea' id='block_1_31' title="bbox 433 3259 1997 3331">
    <p class='ocr_par' dir='ltr' id='par_1_31' title="bbox 433 3259 1997 3331">
     <span class='ocr_line' id='line_1_31' title="bbox 433 3259 1997 3331; baseline 0.004 -22"><span class='ocrx_word' id='word_1_193' title='bbox 433 3270 713 3324; x_wconf 83' lang='lat' dir='ltr'><strong>excusem,</strong></span> <span class='ocrx_word' id='word_1_194' title='bbox 745 3261 985 3328; x_wconf 83' lang='lat' dir='ltr'><strong>quamvis</strong></span> <span class='ocrx_word' id='word_1_195' title='bbox 1016 3259 1156 3328; x_wconf 89' lang='lat' dir='ltr'><strong>justa</strong></span> <span class='ocrx_word' id='word_1_196' title='bbox 1194 3262 1327 3314; x_wconf 87' lang='lat' dir='ltr'><strong>ratio</strong></span> <span class='ocrx_word' id='word_1_197' title='bbox 1365 3263 1656 3330; x_wconf 88' lang='lat' dir='ltr'><strong>sapientem</strong></span> <span class='ocrx_word' id='word_1_198' title='bbox 1685 3277 1787 3315; x_wconf 85' lang='lat' dir='ltr'><strong>non</strong></span> <span class='ocrx_word' id='word_1_199' title='bbox 1831 3264 1997 3331; x_wconf 87' lang='lat' dir='ltr'><strong>possit</strong></span> 
     </span>
    </p>
   </div>
   <div class='ocr_carea' id='block_1_32' title="bbox 3573 532 3671 565">
    <p class='ocr_par' dir='ltr' id='par_1_32' title="bbox 3573 532 3671 565">
     <span class='ocr_line' id='line_1_32' title="bbox 3573 532 3671 565; baseline 0 -1"><span class='ocrx_word' id='word_1_200' title='bbox 3573 532 3671 565; x_wconf 62' lang='grc' dir='ltr'>-τιει</span> 
     </span>
    </p>
   </div>
   <div class='ocr_carea' id='block_1_33' title="bbox 2674 633 3101 691">
    <p class='ocr_par' dir='ltr' id='par_1_33' title="bbox 2674 633 3101 691">
     <span class='ocr_line' id='line_1_33' title="bbox 2674 633 3101 691; baseline 0.012 -5"><span class='ocrx_word' id='word_1_201' title='bbox 2674 633 2880 690; x_wconf 77' lang='lat' dir='ltr'><strong>EPIST.</strong></span> <span class='ocrx_word' id='word_1_202' title='bbox 2924 636 3101 691; x_wconf 76' lang='lat' dir='ltr'><strong>CXIV.</strong></span> 
     </span>
    </p>
   </div>
   <div class='ocr_carea' id='block_1_34' title="bbox 2673 742 3099 786">
    <p class='ocr_par' dir='ltr' id='par_1_34' title="bbox 2673 742 3099 786">
     <span class='ocr_line' id='line_1_34' title="bbox 2673 742 3099 786; baseline 0.014 -6"><span class='ocrx_word' id='word_1_203' title='bbox 2673 742 3099 786; x_wconf 68' lang='lat' dir='ltr'><strong>SVIIACHUS.....</strong></span> 
     </span>
    </p>
   </div>
   <div class='ocr_carea' id='block_1_35' title="bbox 2180 812 3674 893">
    <p class='ocr_par' dir='ltr' id='par_1_35' title="bbox 2180 812 3674 893">
     <span class='ocr_line' id='line_1_35' title="bbox 2180 812 3674 893; baseline 0.009 -28"><span class='ocrx_word' id='word_1_204' title='bbox 2180 812 2340 867; x_wconf 80' lang='lat' dir='ltr'><strong>Recte</strong></span> <span class='ocrx_word' id='word_1_205' title='bbox 2386 812 2630 869; x_wconf 64' lang='lat' dir='ltr'><strong>Cmcilius</strong></span> <span class='ocrx_word' id='word_1_206' title='bbox 2682 818 2945 871; x_wconf 87' lang='lat' dir='ltr'><strong>comicus:</strong></span> <span class='ocrx_word' id='word_1_207' title='bbox 2994 820 3193 886; x_wconf 84' lang='lat' dir='ltr'><strong>Homo,</strong></span> <span class='ocrx_word' id='word_1_208' title='bbox 3231 823 3441 893; x_wconf 76' lang='lat' dir='ltr'><strong>inquit,</strong></span> <span class='ocrx_word' id='word_1_209' title='bbox 3478 824 3674 878; x_wconf 73' lang='lat' dir='ltr'><strong>homini</strong></span> 
     </span>
    </p>
   </div>
   <div class='ocr_carea' id='block_1_36' title="bbox 2108 904 3673 984">
    <p class='ocr_par' dir='ltr' id='par_1_36' title="bbox 2108 904 3673 984">
     <span class='ocr_line' id='line_1_36' title="bbox 2108 904 3673 984; baseline 0.012 -30"><span class='ocrx_word' id='word_1_210' title='bbox 2108 904 2226 956; x_wconf 81' lang='lat' dir='ltr'><strong>deus</strong></span> <span class='ocrx_word' id='word_1_211' title='bbox 2273 914 2363 969; x_wconf 80' lang='lat' dir='ltr'><strong>est,</strong></span> <span class='ocrx_word' id='word_1_212' title='bbox 2400 908 2444 958; x_wconf 89' lang='lat' dir='ltr'><strong>si</strong></span> <span class='ocrx_word' id='word_1_213' title='bbox 2474 923 2618 960; x_wconf 86' lang='lat' dir='ltr'><strong>suum</strong></span> <span class='ocrx_word' id='word_1_214' title='bbox 2641 909 2855 976; x_wconf 72' lang='lat' dir='ltr'><strong>ofﬁciunt</strong></span> <span class='ocrx_word' id='word_1_215' title='bbox 2884 912 3033 967; x_wconf 78' lang='lat' dir='ltr'><strong>sciat.</strong></span> <span class='ocrx_word' id='word_1_216' title='bbox 3076 912 3220 968; x_wconf 78' lang='lat' dir='ltr'><strong>lianc</strong></span> <span class='ocrx_word' id='word_1_217' title='bbox 3246 931 3345 984; x_wconf 88' lang='lat' dir='ltr'><strong>ego</strong></span> <span class='ocrx_word' id='word_1_218' title='bbox 3369 918 3419 970; x_wconf 93' lang='lat' dir='ltr'><strong>in</strong></span> <span class='ocrx_word' id='word_1_219' title='bbox 3452 928 3503 972; x_wconf 92' lang='lat' dir='ltr'><strong>te</strong></span> <span class='ocrx_word' id='word_1_220' title='bbox 3525 918 3673 973; x_wconf 86' lang='lat' dir='ltr'><strong>dixe-</strong></span> 
     </span>
    </p>
   </div>
   <div class='ocr_carea' id='block_1_37' title="bbox 2109 994 3671 1075">
    <p class='ocr_par' dir='ltr' id='par_1_37' title="bbox 2109 994 3671 1075">
     <span class='ocr_line' id='line_1_37' title="bbox 2109 994 3671 1075; baseline 0.009 -29"><span class='ocrx_word' id='word_1_221' title='bbox 2109 994 2206 1046; x_wconf 85' lang='grc' dir='ltr'>ιίιιι</span> <span class='ocrx_word' id='word_1_222' title='bbox 2235 996 2548 1049; x_wconf 83' lang='lat' dir='ltr'><strong>sententiam</strong></span> <span class='ocrx_word' id='word_1_223' title='bbox 2571 1002 2877 1063; x_wconf 87' lang='lat' dir='ltr'><strong>convenire,</strong></span> <span class='ocrx_word' id='word_1_224' title='bbox 2899 1004 2985 1069; x_wconf 87' lang='lat' dir='ltr'><strong>qui</strong></span> <span class='ocrx_word' id='word_1_225' title='bbox 3021 1006 3216 1058; x_wconf 88' lang='lat' dir='ltr'><strong>nostris</strong></span> <span class='ocrx_word' id='word_1_226' title='bbox 3245 1007 3470 1075; x_wconf 85' lang='lat' dir='ltr'><strong>negotiis</strong></span> <span class='ocrx_word' id='word_1_227' title='bbox 3488 1024 3671 1061; x_wconf 90' lang='lat' dir='ltr'><strong>curam</strong></span> 
     </span>
    </p>
   </div>
   <div class='ocr_carea' id='block_1_38' title="bbox 2108 1083 3670 1161">
    <p class='ocr_par' dir='ltr' id='par_1_38' title="bbox 2108 1083 3670 1161">
     <span class='ocr_line' id='line_1_38' title="bbox 2108 1083 3670 1161; baseline 0.01 -27"><span class='ocrx_word' id='word_1_228' title='bbox 2108 1083 2319 1151; x_wconf 84' lang='lat' dir='ltr'><strong>vigilem</strong></span> <span class='ocrx_word' id='word_1_229' title='bbox 2345 1086 2656 1151; x_wconf 76' lang='lat' dir='ltr'><strong>pra-Stitisti.</strong></span> <span class='ocrx_word' id='word_1_230' title='bbox 2689 1088 2819 1144; x_wconf 91' lang='lat' dir='ltr'><strong>lliuc</strong></span> <span class='ocrx_word' id='word_1_231' title='bbox 2847 1092 2900 1145; x_wconf 90' lang='lat' dir='ltr'><strong>in</strong></span> <span class='ocrx_word' id='word_1_232' title='bbox 2926 1100 3140 1159; x_wconf 79' lang='lat' dir='ltr'><strong>pectore</strong></span> <span class='ocrx_word' id='word_1_233' title='bbox 3161 1097 3440 1161; x_wconf 88' lang='lat' dir='ltr'><strong>memoria,</strong></span> <span class='ocrx_word' id='word_1_234' title='bbox 3474 1098 3593 1153; x_wconf 90' lang='lat' dir='ltr'><strong>laus</strong></span> <span class='ocrx_word' id='word_1_235' title='bbox 3624 1102 3670 1150; x_wconf 88' lang='lat' dir='ltr'><strong>in</strong></span> 
     </span>
    </p>
   </div>
   <div class='ocr_carea' id='block_1_39' title="bbox 2108 1176 3674 1246">
    <p class='ocr_par' dir='ltr' id='par_1_39' title="bbox 2108 1176 3674 1246">
     <span class='ocr_line' id='line_1_39' title="bbox 2108 1176 3674 1246; baseline 0.01 -20"><span class='ocrx_word' id='word_1_236' title='bbox 2108 1188 2201 1227; x_wconf 91' lang='lat' dir='ltr'><strong>ore</strong></span> <span class='ocrx_word' id='word_1_237' title='bbox 2237 1187 2492 1229; x_wconf 83' lang='lat' dir='ltr'><strong>versatur.</strong></span> <span class='ocrx_word' id='word_1_238' title='bbox 2522 1176 2629 1231; x_wconf 80' lang='lat' dir='ltr'><strong>Nec</strong></span> <span class='ocrx_word' id='word_1_239' title='bbox 2670 1180 2718 1231; x_wconf 90' lang='lat' dir='ltr'><strong>in</strong></span> <span class='ocrx_word' id='word_1_240' title='bbox 2752 1183 3029 1246; x_wconf 56' lang='lat' dir='ltr'><strong>praisentia</strong></span> <span class='ocrx_word' id='word_1_241' title='bbox 3074 1186 3231 1238; x_wconf 90' lang='lat' dir='ltr'><strong>modo</strong></span> <span class='ocrx_word' id='word_1_242' title='bbox 3259 1186 3415 1241; x_wconf 84' lang='lat' dir='ltr'><strong>floret</strong></span> <span class='ocrx_word' id='word_1_243' title='bbox 3458 1189 3579 1242; x_wconf 89' lang='lat' dir='ltr'><strong>facti</strong></span> <span class='ocrx_word' id='word_1_244' title='bbox 3622 1200 3674 1242; x_wconf 89' lang='lat' dir='ltr'><strong>et</strong></span> 
     </span>
    </p>
   </div>
   <div class='ocr_carea' id='block_1_40' title="bbox 2108 1264 3673 1349">
    <p class='ocr_par' dir='ltr' id='par_1_40' title="bbox 2108 1264 3673 1349">
     <span class='ocr_line' id='line_1_40' title="bbox 2108 1264 3673 1349; baseline 0.01 -31"><span class='ocrx_word' id='word_1_245' title='bbox 2108 1264 2265 1318; x_wconf 77' lang='lat' dir='ltr'><strong>studii</strong></span> <span class='ocrx_word' id='word_1_246' title='bbox 2298 1265 2367 1318; x_wconf 91' lang='lat' dir='ltr'><strong>tui</strong></span> <span class='ocrx_word' id='word_1_247' title='bbox 2397 1266 2590 1335; x_wconf 86' lang='lat' dir='ltr'><strong>gloria,</strong></span> <span class='ocrx_word' id='word_1_248' title='bbox 2622 1268 2737 1333; x_wconf 88' lang='lat' dir='ltr'><strong>sed,</strong></span> <span class='ocrx_word' id='word_1_249' title='bbox 2769 1280 2823 1323; x_wconf 91' lang='grc' dir='ltr'><strong>ιιι</strong></span> <span class='ocrx_word' id='word_1_250' title='bbox 2851 1287 3002 1327; x_wconf 89' lang='lat' dir='ltr'><strong>mens</strong></span> <span class='ocrx_word' id='word_1_251' title='bbox 3024 1284 3266 1342; x_wconf 87' lang='lat' dir='ltr'><strong>augurat,</strong></span> <span class='ocrx_word' id='word_1_252' title='bbox 3306 1293 3479 1331; x_wconf 69' lang='lat' dir='ltr'><strong>aevum</strong></span> <span class='ocrx_word' id='word_1_253' title='bbox 3529 1281 3673 1349; x_wconf 76' lang='lat' dir='ltr'><strong>vige-</strong></span> 
     </span>
    </p>
   </div>
   <div class='ocr_carea' id='block_1_41' title="bbox 2109 1349 3674 1431">
    <p class='ocr_par' dir='ltr' id='par_1_41' title="bbox 2109 1349 3674 1431">
     <span class='ocr_line' id='line_1_41' title="bbox 2109 1349 3674 1431; baseline 0.012 -27"><span class='ocrx_word' id='word_1_254' title='bbox 2109 1352 2202 1405; x_wconf 88' lang='lat' dir='ltr'><strong>bit.</strong></span> <span class='ocrx_word' id='word_1_255' title='bbox 2234 1354 2494 1431; x_wconf 54' lang='lat' dir='ltr'><strong>Profixior</strong></span> <span class='ocrx_word' id='word_1_256' title='bbox 2522 1359 2738 1426; x_wconf 79' lang='lat' dir='ltr'><strong>agendis</strong></span> <span class='ocrx_word' id='word_1_257' title='bbox 2759 1362 2942 1428; x_wconf 87' lang='lat' dir='ltr'><strong>gratiis</strong></span> <span class='ocrx_word' id='word_1_258' title='bbox 2967 1376 3147 1418; x_wconf 88' lang='lat' dir='ltr'><strong>sermo</strong></span> <span class='ocrx_word' id='word_1_259' title='bbox 3170 1349 3329 1420; x_wconf 79' lang='lat' dir='ltr'><strong>etiam</strong></span> <span class='ocrx_word' id='word_1_260' title='bbox 3360 1384 3503 1423; x_wconf 91' lang='lat' dir='ltr'><strong>nunc</strong></span> <span class='ocrx_word' id='word_1_261' title='bbox 3525 1385 3674 1423; x_wconf 83' lang='lat' dir='ltr'><strong>com-</strong></span> 
     </span>
    </p>
   </div>
   <div class='ocr_carea' id='block_1_42' title="bbox 2112 1447 3669 1527">
    <p class='ocr_par' dir='ltr' id='par_1_42' title="bbox 2112 1447 3669 1527">
     <span class='ocr_line' id='line_1_42' title="bbox 2112 1447 3669 1527; baseline 0.011 -30"><span class='ocrx_word' id='word_1_262' title='bbox 2112 1453 2331 1511; x_wconf 88' lang='lat' dir='ltr'><strong>peteret,</strong></span> <span class='ocrx_word' id='word_1_263' title='bbox 2361 1447 2412 1499; x_wconf 93' lang='lat' dir='ltr'><strong>ni</strong></span> <span class='ocrx_word' id='word_1_264' title='bbox 2447 1462 2676 1512; x_wconf 79' lang='lat' dir='ltr'><strong>\erercr,</strong></span> <span class='ocrx_word' id='word_1_265' title='bbox 2705 1466 2770 1503; x_wconf 88' lang='lat' dir='ltr'><strong>ne</strong></span> <span class='ocrx_word' id='word_1_266' title='bbox 2799 1451 2953 1505; x_wconf 87' lang='lat' dir='ltr'><strong>simul</strong></span> <span class='ocrx_word' id='word_1_267' title='bbox 2976 1462 3140 1508; x_wconf 92' lang='lat' dir='ltr'><strong>totum</strong></span> <span class='ocrx_word' id='word_1_268' title='bbox 3171 1455 3353 1510; x_wconf 89' lang='lat' dir='ltr'><strong>videar</strong></span> <span class='ocrx_word' id='word_1_269' title='bbox 3382 1461 3669 1527; x_wconf 73' lang='lat' dir='ltr'><strong>expunxis-</strong></span> 
     </span>
    </p>
   </div>
   <div class='ocr_carea' id='block_1_43' title="bbox 2108 1536 3671 1621">
    <p class='ocr_par' dir='ltr' id='par_1_43' title="bbox 2108 1536 3671 1621">
     <span class='ocr_line' id='line_1_43' title="bbox 2108 1536 3671 1621; baseline 0.012 -35"><span class='ocrx_word' id='word_1_270' title='bbox 2108 1546 2196 1595; x_wconf 85' lang='lat' dir='ltr'><strong>se,</strong></span> <span class='ocrx_word' id='word_1_271' title='bbox 2236 1536 2373 1603; x_wconf 90' lang='lat' dir='ltr'><strong>quod</strong></span> <span class='ocrx_word' id='word_1_272' title='bbox 2404 1536 2592 1592; x_wconf 89' lang='lat' dir='ltr'><strong>debeo.</strong></span> <span class='ocrx_word' id='word_1_273' title='bbox 2647 1540 2927 1609; x_wconf 91' lang='lat' dir='ltr'><strong>Impatiens</strong></span> <span class='ocrx_word' id='word_1_274' title='bbox 2958 1556 3038 1598; x_wconf 88' lang='lat' dir='ltr'><strong>est</strong></span> <span class='ocrx_word' id='word_1_275' title='bbox 3065 1548 3265 1615; x_wconf 84' lang='lat' dir='ltr'><strong>accepti</strong></span> <span class='ocrx_word' id='word_1_276' title='bbox 3293 1550 3561 1615; x_wconf 80' lang='lat' dir='ltr'><strong>beneficii,</strong></span> <span class='ocrx_word' id='word_1_277' title='bbox 3587 1556 3671 1621; x_wconf 88' lang='lat' dir='ltr'><strong>qui</strong></span> 
     </span>
    </p>
   </div>
   <div class='ocr_carea' id='block_1_44' title="bbox 2108 1628 3671 1708">
    <p class='ocr_par' dir='ltr' id='par_1_44' title="bbox 2108 1628 3671 1708">
     <span class='ocr_line' id='line_1_44' title="bbox 2108 1628 3671 1708; baseline 0.012 -34"><span class='ocrx_word' id='word_1_278' title='bbox 2108 1637 2247 1675; x_wconf 89' lang='lat' dir='ltr'><strong>nexu</strong></span> <span class='ocrx_word' id='word_1_279' title='bbox 2279 1636 2527 1692; x_wconf 88' lang='lat' dir='ltr'><strong>properat</strong></span> <span class='ocrx_word' id='word_1_280' title='bbox 2557 1628 2769 1682; x_wconf 75' lang='lat' dir='ltr'><strong>Iilzerari</strong></span> <span class='ocrx_word' id='word_1_281' title='bbox 2797 1648 2808 1682; x_wconf 90' lang='lat'>:</span> <span class='ocrx_word' id='word_1_282' title='bbox 2836 1646 2931 1685; x_wconf 89' lang='lat' dir='ltr'><strong>nec</strong></span> <span class='ocrx_word' id='word_1_283' title='bbox 2960 1634 3170 1688; x_wconf 88' lang='lat' dir='ltr'><strong>videtur</strong></span> <span class='ocrx_word' id='word_1_284' title='bbox 3198 1646 3431 1691; x_wconf 88' lang='lat' dir='ltr'><strong>nmtuam</strong></span> <span class='ocrx_word' id='word_1_285' title='bbox 3456 1655 3671 1708; x_wconf 83' lang='lat' dir='ltr'><strong>Operam</strong></span> 
     </span>
    </p>
   </div>
   <div class='ocr_carea' id='block_1_45' title="bbox 2108 1714 3674 1797">
    <p class='ocr_par' dir='ltr' id='par_1_45' title="bbox 2108 1714 3674 1797">
     <span class='ocr_line' id='line_1_45' title="bbox 2108 1714 3674 1797; baseline 0.012 -35"><span class='ocrx_word' id='word_1_286' title='bbox 2108 1714 2254 1779; x_wconf 77' lang='lat' dir='ltr'><strong>quasi</strong></span> <span class='ocrx_word' id='word_1_287' title='bbox 2285 1715 2486 1768; x_wconf 89' lang='lat' dir='ltr'><strong>amicus</strong></span> <span class='ocrx_word' id='word_1_288' title='bbox 2514 1718 2773 1785; x_wconf 86' lang='lat' dir='ltr'><strong>accipere,</strong></span> <span class='ocrx_word' id='word_1_289' title='bbox 2809 1722 2850 1773; x_wconf 92' lang='lat' dir='ltr'><strong>si</strong></span> <span class='ocrx_word' id='word_1_290' title='bbox 2893 1721 3159 1778; x_wconf 85' lang='lat' dir='ltr'><strong>erubescit</strong></span> <span class='ocrx_word' id='word_1_291' title='bbox 3196 1725 3261 1779; x_wconf 88' lang='lat' dir='ltr'><strong>ad</strong></span> <span class='ocrx_word' id='word_1_292' title='bbox 3308 1742 3513 1782; x_wconf 87' lang='lat' dir='ltr'><strong>moram</strong></span> <span class='ocrx_word' id='word_1_293' title='bbox 3556 1745 3674 1797; x_wconf 65' lang='grc' dir='ltr'>επις</span> 
     </span>
    </p>
   </div>
   <div class='ocr_carea' id='block_1_46' title="bbox 2112 1804 3675 1877">
    <p class='ocr_par' dir='ltr' id='par_1_46' title="bbox 2112 1804 3675 1877">
     <span class='ocr_line' id='line_1_46' title="bbox 2112 1804 3675 1877; baseline 0.013 -24"><span class='ocrx_word' id='word_1_294' title='bbox 2112 1804 2214 1853; x_wconf 67' lang='lat' dir='ltr'><strong>the.</strong></span> <span class='ocrx_word' id='word_1_295' title='bbox 2256 1805 2369 1856; x_wconf 82' lang='lat' dir='ltr'><strong>Alia</strong></span> <span class='ocrx_word' id='word_1_296' title='bbox 2402 1806 2503 1859; x_wconf 89' lang='lat' dir='ltr'><strong>mei</strong></span> <span class='ocrx_word' id='word_1_297' title='bbox 2536 1805 2727 1877; x_wconf 82' lang='lat' dir='ltr'><strong>ingenii</strong></span> <span class='ocrx_word' id='word_1_298' title='bbox 2763 1811 2899 1864; x_wconf 90' lang='lat' dir='ltr'><strong>ratio</strong></span> <span class='ocrx_word' id='word_1_299' title='bbox 2926 1823 3030 1865; x_wconf 89' lang='lat' dir='ltr'><strong>est.</strong></span> <span class='ocrx_word' id='word_1_300' title='bbox 3064 1814 3305 1870; x_wconf 81' lang='lat' dir='ltr'><strong>Pecunia:</strong></span> <span class='ocrx_word' id='word_1_301' title='bbox 3340 1817 3495 1871; x_wconf 89' lang='lat' dir='ltr'><strong>fenus</strong></span> <span class='ocrx_word' id='word_1_302' title='bbox 3522 1835 3675 1875; x_wconf 81' lang='lat' dir='ltr'><strong>acce-</strong></span> 
     </span>
    </p>
   </div>
   <div class='ocr_carea' id='block_1_47' title="bbox 2110 1891 3679 1978">
    <p class='ocr_par' dir='ltr' id='par_1_47' title="bbox 2110 1891 3679 1978">
     <span class='ocr_line' id='line_1_47' title="bbox 2110 1891 3679 1978; baseline 0.014 -35"><span class='ocrx_word' id='word_1_303' title='bbox 2110 1891 2219 1945; x_wconf 74' lang='lat' dir='ltr'><strong>loro</strong></span> <span class='ocrx_word' id='word_1_304' title='bbox 2260 1896 2609 1962; x_wconf 81' lang='lat' dir='ltr'><strong>persolvere:</strong></span> <span class='ocrx_word' id='word_1_305' title='bbox 2643 1899 2938 1956; x_wconf 74' lang='lat' dir='ltr'><strong>ciliciorum</strong></span> <span class='ocrx_word' id='word_1_306' title='bbox 2989 1906 3132 1960; x_wconf 83' lang='lat' dir='ltr'><strong>vices</strong></span> <span class='ocrx_word' id='word_1_307' title='bbox 3170 1907 3261 1961; x_wconf 91' lang='lat' dir='ltr'><strong>diu</strong></span> <span class='ocrx_word' id='word_1_308' title='bbox 3301 1918 3429 1978; x_wconf 81' lang='lat' dir='ltr'><strong>Opto</strong></span> <span class='ocrx_word' id='word_1_309' title='bbox 3453 1911 3679 1977; x_wconf 72' lang='lat' dir='ltr'><strong>debere.</strong></span> 
     </span>
    </p>
   </div>
   <div class='ocr_carea' id='block_1_48' title="bbox 2037 1976 2260 2038">
    <p class='ocr_par' dir='ltr' id='par_1_48' title="bbox 2037 1976 2260 2038">
     <span class='ocr_line' id='line_1_48' title="bbox 2037 1976 2260 2038; baseline 0 -3"><span class='ocrx_word' id='word_1_310' title='bbox 2037 1976 2085 2035; x_wconf 85' lang='grc' dir='ltr'><strong>Β</strong></span> <span class='ocrx_word' id='word_1_311' title='bbox 2102 1982 2260 2038; x_wconf 80' lang='lat' dir='ltr'><strong>~Va&#39;e.</strong></span> 
     </span>
    </p>
   </div>
   <div class='ocr_carea' id='block_1_49' title="bbox 2692 2079 3091 2140">
    <p class='ocr_par' dir='ltr' id='par_1_49' title="bbox 2692 2079 3091 2140">
     <span class='ocr_line' id='line_1_49' title="bbox 2692 2079 3091 2140; baseline 0.015 -7"><span class='ocrx_word' id='word_1_312' title='bbox 2692 2079 2904 2136; x_wconf 79' lang='lat' dir='ltr'><strong>EPIST.</strong></span> <span class='ocrx_word' id='word_1_313' title='bbox 2932 2082 3091 2140; x_wconf 76' lang='lat' dir='ltr'><strong>CXV.</strong></span> 
     </span>
    </p>
   </div>
   <div class='ocr_carea' id='block_1_50' title="bbox 2643 2186 3115 2231">
    <p class='ocr_par' dir='ltr' id='par_1_50' title="bbox 2643 2186 3115 2231">
     <span class='ocr_line' id='line_1_50' title="bbox 2643 2186 3115 2231; baseline 0.013 -6"><span class='ocrx_word' id='word_1_314' title='bbox 2643 2186 3115 2231; x_wconf 69' lang='lat' dir='ltr'><strong>SVIIIIACHUS.......</strong></span> 
     </span>
    </p>
   </div>
   <div class='ocr_carea' id='block_1_51' title="bbox 2179 2256 3673 2331">
    <p class='ocr_par' dir='ltr' id='par_1_51' title="bbox 2179 2256 3673 2331">
     <span class='ocr_line' id='line_1_51' title="bbox 2179 2256 3673 2331; baseline 0.012 -22"><span class='ocrx_word' id='word_1_315' title='bbox 2179 2256 2359 2312; x_wconf 82' lang='lat' dir='ltr'><strong>Mones</strong></span> <span class='ocrx_word' id='word_1_316' title='bbox 2394 2274 2547 2325; x_wconf 78' lang='lat' dir='ltr'><strong>:equo</strong></span> <span class='ocrx_word' id='word_1_317' title='bbox 2573 2264 2749 2315; x_wconf 85' lang='lat' dir='ltr'><strong>animo</strong></span> <span class='ocrx_word' id='word_1_318' title='bbox 2775 2266 2937 2319; x_wconf 91' lang='lat' dir='ltr'><strong>feram</strong></span> <span class='ocrx_word' id='word_1_319' title='bbox 2962 2269 3043 2321; x_wconf 88' lang='lat' dir='ltr'><strong>vel</strong></span> <span class='ocrx_word' id='word_1_320' title='bbox 3068 2268 3378 2327; x_wconf 71' lang='lat' dir='ltr'><strong>mmti&#39;oritm</strong></span> <span class='ocrx_word' id='word_1_321' title='bbox 3411 2274 3544 2331; x_wconf 90' lang='lat' dir='ltr'><strong>facta</strong></span> <span class='ocrx_word' id='word_1_322' title='bbox 3578 2277 3673 2331; x_wconf 86' lang='lat' dir='ltr'><strong>im-</strong></span> 
     </span>
    </p>
   </div>
   <div class='ocr_carea' id='block_1_52' title="bbox 2109 2350 3683 2421">
    <p class='ocr_par' dir='ltr' id='par_1_52' title="bbox 2109 2350 3683 2421">
     <span class='ocr_line' id='line_1_52' title="bbox 2109 2350 3683 2421; baseline 0.013 -21"><span class='ocrx_word' id='word_1_323' title='bbox 2109 2351 2291 2417; x_wconf 84' lang='lat' dir='ltr'><strong>proba,</strong></span> <span class='ocrx_word' id='word_1_324' title='bbox 2325 2350 2403 2405; x_wconf 82' lang='lat' dir='ltr'><strong>\eI</strong></span> <span class='ocrx_word' id='word_1_325' title='bbox 2445 2353 2765 2419; x_wconf 77' lang='lat' dir='ltr'><strong>ingratorum</strong></span> <span class='ocrx_word' id='word_1_326' title='bbox 2798 2357 2937 2411; x_wconf 71' lang='lat' dir='ltr'><strong>{inda</strong></span> <span class='ocrx_word' id='word_1_327' title='bbox 2967 2360 3473 2420; x_wconf 75' lang='lat' dir='ltr'><strong>dt-creta.Cunvenit</strong></span> <span class='ocrx_word' id='word_1_328' title='bbox 3499 2372 3683 2421; x_wconf 73' lang='lat' dir='ltr'><strong>stutlin</strong></span> 
     </span>
    </p>
   </div>
   <div class='ocr_carea' id='block_1_53' title="bbox 2106 2441 3674 2523">
    <p class='ocr_par' dir='ltr' id='par_1_53' title="bbox 2106 2441 3674 2523">
     <span class='ocr_line' id='line_1_53' title="bbox 2106 2441 3674 2523; baseline 0.009 -30"><span class='ocrx_word' id='word_1_329' title='bbox 2106 2450 2263 2509; x_wconf 89' lang='lat' dir='ltr'><strong>atque</strong></span> <span class='ocrx_word' id='word_1_330' title='bbox 2317 2441 2526 2510; x_wconf 82' lang='lat' dir='ltr'><strong>ingenio</strong></span> <span class='ocrx_word' id='word_1_331' title='bbox 2575 2455 2758 2499; x_wconf 90' lang='lat' dir='ltr'><strong>nostro</strong></span> <span class='ocrx_word' id='word_1_332' title='bbox 2798 2450 3003 2504; x_wconf 89' lang='lat' dir='ltr'><strong>consilii</strong></span> <span class='ocrx_word' id='word_1_333' title='bbox 3056 2453 3129 2506; x_wconf 91' lang='lat' dir='ltr'><strong>tui</strong></span> <span class='ocrx_word' id='word_1_334' title='bbox 3178 2458 3421 2523; x_wconf 66' lang='lat' dir='ltr'><strong>qualitas.</strong></span> <span class='ocrx_word' id='word_1_335' title='bbox 3470 2458 3674 2512; x_wconf 70' lang='lat' dir='ltr'><strong>Nulliu.</strong></span> 
     </span>
    </p>
   </div>
   <div class='ocr_carea' id='block_1_54' title="bbox 2106 2530 3671 2615">
    <p class='ocr_par' dir='ltr' id='par_1_54' title="bbox 2106 2530 3671 2615">
     <span class='ocr_line' id='line_1_54' title="bbox 2106 2530 3671 2615; baseline 0.013 -35"><span class='ocrx_word' id='word_1_336' title='bbox 2106 2530 2299 2599; x_wconf 89' lang='lat' dir='ltr'><strong>quippe</strong></span> <span class='ocrx_word' id='word_1_337' title='bbox 2323 2541 2427 2585; x_wconf 89' lang='lat' dir='ltr'><strong>tam</strong></span> <span class='ocrx_word' id='word_1_338' title='bbox 2451 2533 2735 2589; x_wconf 82' lang='lat' dir='ltr'><strong>vehemens</strong></span> <span class='ocrx_word' id='word_1_339' title='bbox 2762 2540 2993 2607; x_wconf 88' lang='lat' dir='ltr'><strong>nequitia</strong></span> <span class='ocrx_word' id='word_1_340' title='bbox 3016 2552 3117 2609; x_wconf 89' lang='lat' dir='ltr'><strong>est,</strong></span> <span class='ocrx_word' id='word_1_341' title='bbox 3135 2552 3188 2596; x_wconf 89' lang='lat' dir='ltr'><strong>ut</strong></span> <span class='ocrx_word' id='word_1_342' title='bbox 3211 2554 3354 2599; x_wconf 91' lang='lat' dir='ltr'><strong>motu</strong></span> <span class='ocrx_word' id='word_1_343' title='bbox 3378 2550 3671 2615; x_wconf 75' lang='lat' dir='ltr'><strong>meudigna</strong></span> 
     </span>
    </p>
   </div>
   <div class='ocr_carea' id='block_1_55' title="bbox 2105 2622 3671 2700">
    <p class='ocr_par' dir='ltr' id='par_1_55' title="bbox 2105 2622 3671 2700">
     <span class='ocr_line' id='line_1_55' title="bbox 2105 2622 3671 2700; baseline 0.01 -27"><span class='ocrx_word' id='word_1_344' title='bbox 2105 2622 2195 2674; x_wconf 88' lang='lat' dir='ltr'><strong>sit.</strong></span> <span class='ocrx_word' id='word_1_345' title='bbox 2231 2626 2310 2674; x_wconf 81' lang='lat' dir='ltr'><strong>An</strong></span> <span class='ocrx_word' id='word_1_346' title='bbox 2342 2637 2438 2691; x_wconf 86' lang='lat' dir='ltr'><strong>ego</strong></span> <span class='ocrx_word' id='word_1_347' title='bbox 2484 2624 2619 2677; x_wconf 78' lang='lat' dir='ltr'><strong>istud</strong></span> <span class='ocrx_word' id='word_1_348' title='bbox 2662 2626 2827 2679; x_wconf 88' lang='lat' dir='ltr'><strong>feram</strong></span> <span class='ocrx_word' id='word_1_349' title='bbox 2858 2631 3098 2698; x_wconf 88' lang='lat' dir='ltr'><strong>moleste,</strong></span> <span class='ocrx_word' id='word_1_350' title='bbox 3128 2633 3216 2700; x_wconf 90' lang='lat' dir='ltr'><strong>qui</strong></span> <span class='ocrx_word' id='word_1_351' title='bbox 3257 2638 3496 2688; x_wconf 88' lang='lat' dir='ltr'><strong>noverim</strong></span> <span class='ocrx_word' id='word_1_352' title='bbox 3532 2638 3671 2690; x_wconf 71' lang='lat' dir='ltr'><strong>Mat—</strong></span> 
     </span>
    </p>
   </div>
   <div class='ocr_carea' id='block_1_56' title="bbox 2104 2710 3670 2788">
    <p class='ocr_par' dir='ltr' id='par_1_56' title="bbox 2104 2710 3670 2788">
     <span class='ocr_line' id='line_1_56' title="bbox 2104 2710 3670 2788; baseline 0.006 -24"><span class='ocrx_word' id='word_1_353' title='bbox 2104 2710 2360 2764; x_wconf 89' lang='lat' dir='ltr'><strong>cellorum</strong></span> <span class='ocrx_word' id='word_1_354' title='bbox 2394 2726 2733 2767; x_wconf 84' lang='lat' dir='ltr'><strong>monumenta</strong></span> <span class='ocrx_word' id='word_1_355' title='bbox 2765 2716 2972 2770; x_wconf 85' lang='lat' dir='ltr'><strong>sublata</strong></span> <span class='ocrx_word' id='word_1_356' title='bbox 3008 2718 3170 2773; x_wconf 88' lang='lat' dir='ltr'><strong>Verre</strong></span> <span class='ocrx_word' id='word_1_357' title='bbox 3202 2734 3449 2788; x_wconf 77' lang='lat' dir='ltr'><strong>przetore,</strong></span> <span class='ocrx_word' id='word_1_358' title='bbox 3479 2735 3531 2778; x_wconf 90' lang='lat' dir='ltr'><strong>et</strong></span> <span class='ocrx_word' id='word_1_359' title='bbox 3564 2726 3670 2778; x_wconf 67' lang='lat' dir='ltr'><strong>illa.</strong></span> 
     </span>
    </p>
   </div>
   <div class='ocr_carea' id='block_1_57' title="bbox 2106 2799 3679 2881">
    <p class='ocr_par' dir='ltr' id='par_1_57' title="bbox 2106 2799 3679 2881">
     <span class='ocr_line' id='line_1_57' title="bbox 2106 2799 3679 2881; baseline 0.008 -28"><span class='ocrx_word' id='word_1_360' title='bbox 2106 2800 2267 2854; x_wconf 90' lang='lat' dir='ltr'><strong>riauis</strong></span> <span class='ocrx_word' id='word_1_361' title='bbox 2307 2803 2518 2870; x_wconf 64' lang='lat' dir='ltr'><strong>tropaeis</strong></span> <span class='ocrx_word' id='word_1_362' title='bbox 2552 2799 2877 2873; x_wconf 72' lang='lat' dir='ltr'><strong>nequaquam</strong></span> <span class='ocrx_word' id='word_1_363' title='bbox 2900 2811 3305 2863; x_wconf 80' lang='lat' dir='ltr'><strong>manusinvidas</strong></span> <span class='ocrx_word' id='word_1_364' title='bbox 3332 2815 3679 2881; x_wconf 73' lang='lat' dir='ltr'><strong>pepercisSc?</strong></span> 
     </span>
    </p>
   </div>
   <div class='ocr_carea' id='block_1_58' title="bbox 2104 2891 3668 2959">
    <p class='ocr_par' dir='ltr' id='par_1_58' title="bbox 2104 2891 3668 2959">
     <span class='ocr_line' id='line_1_58' title="bbox 2104 2891 3668 2959; baseline 0.008 -14"><span class='ocrx_word' id='word_1_365' title='bbox 2104 2891 2157 2945; x_wconf 88' lang='lat' dir='ltr'><strong>In</strong></span> <span class='ocrx_word' id='word_1_366' title='bbox 2186 2893 2297 2947; x_wconf 88' lang='lat' dir='ltr'><strong>sola</strong></span> <span class='ocrx_word' id='word_1_367' title='bbox 2330 2897 2650 2949; x_wconf 77' lang='lat' dir='ltr'><strong>conscientia</strong></span> <span class='ocrx_word' id='word_1_368' title='bbox 2695 2907 2775 2951; x_wconf 79' lang='lat' dir='ltr'><strong>est</strong></span> <span class='ocrx_word' id='word_1_369' title='bbox 2800 2898 2999 2953; x_wconf 86' lang='lat' dir='ltr'><strong>fructus</strong></span> <span class='ocrx_word' id='word_1_370' title='bbox 3029 2910 3083 2954; x_wconf 85' lang='lat' dir='ltr'><strong>et</strong></span> <span class='ocrx_word' id='word_1_371' title='bbox 3111 2904 3245 2956; x_wconf 90' lang='lat' dir='ltr'><strong>ratio</strong></span> <span class='ocrx_word' id='word_1_372' title='bbox 3268 2904 3497 2959; x_wconf 88' lang='lat' dir='ltr'><strong>virtutis.</strong></span> <span class='ocrx_word' id='word_1_373' title='bbox 3531 2906 3668 2959; x_wconf 74' lang='lat' dir='ltr'><strong>Nihil</strong></span> 
     </span>
    </p>
   </div>
   <div class='ocr_carea' id='block_1_59' title="bbox 2105 2986 3666 3051">
    <p class='ocr_par' dir='ltr' id='par_1_59' title="bbox 2105 2986 3666 3051">
     <span class='ocr_line' id='line_1_59' title="bbox 2105 2986 3666 3051; baseline 0.008 -18"><span class='ocrx_word' id='word_1_374' title='bbox 2105 2996 2283 3034; x_wconf 92' lang='lat' dir='ltr'><strong>moror</strong></span> <span class='ocrx_word' id='word_1_375' title='bbox 2308 2991 2510 3037; x_wconf 87' lang='lat' dir='ltr'><strong>statuas</strong></span> <span class='ocrx_word' id='word_1_376' title='bbox 2537 2994 2589 3038; x_wconf 93' lang='lat' dir='ltr'><strong>et</strong></span> <span class='ocrx_word' id='word_1_377' title='bbox 2620 2987 2825 3051; x_wconf 90' lang='lat' dir='ltr'><strong>publica</strong></span> <span class='ocrx_word' id='word_1_378' title='bbox 2870 2986 2997 3041; x_wconf 65' lang='lat' dir='ltr'><strong>falsa</strong></span> <span class='ocrx_word' id='word_1_379' title='bbox 3031 2989 3321 3045; x_wconf 83' lang='lat' dir='ltr'><strong>titulorum.</strong></span> <span class='ocrx_word' id='word_1_380' title='bbox 3358 2994 3556 3048; x_wconf 88' lang='lat' dir='ltr'><strong>Fucnm</strong></span> <span class='ocrx_word' id='word_1_381' title='bbox 3590 2995 3666 3049; x_wconf 86' lang='lat' dir='ltr'><strong>fa-</strong></span> 
     </span>
    </p>
   </div>
   <div class='ocr_carea' id='block_1_60' title="bbox 2100 3073 3662 3149">
    <p class='ocr_par' dir='ltr' id='par_1_60' title="bbox 2100 3073 3662 3149">
     <span class='ocr_line' id='line_1_60' title="bbox 2100 3073 3662 3149; baseline 0.01 -24"><span class='ocrx_word' id='word_1_382' title='bbox 2100 3073 2245 3126; x_wconf 90' lang='lat' dir='ltr'><strong>ciunt</strong></span> <span class='ocrx_word' id='word_1_383' title='bbox 2282 3074 2685 3141; x_wconf 80' lang='lat' dir='ltr'><strong>provincialium</strong></span> <span class='ocrx_word' id='word_1_384' title='bbox 2730 3078 2914 3141; x_wconf 87' lang='lat' dir='ltr'><strong>oculis,</strong></span> <span class='ocrx_word' id='word_1_385' title='bbox 2964 3081 3051 3149; x_wconf 90' lang='lat' dir='ltr'><strong>qui</strong></span> <span class='ocrx_word' id='word_1_386' title='bbox 3098 3083 3285 3135; x_wconf 55' lang='lat' dir='ltr'><strong>animi;</strong></span> <span class='ocrx_word' id='word_1_387' title='bbox 3326 3085 3662 3140; x_wconf 76' lang='lat' dir='ltr'><strong>exciderunt.</strong></span> 
     </span>
    </p>
   </div>
   <div class='ocr_carea' id='block_1_61' title="bbox 2101 3160 3666 3239">
    <p class='ocr_par' dir='ltr' id='par_1_61' title="bbox 2101 3160 3666 3239">
     <span class='ocr_line' id='line_1_61' title="bbox 2101 3160 3666 3239; baseline 0.009 -26"><span class='ocrx_word' id='word_1_388' title='bbox 2101 3160 2250 3226; x_wconf 88' lang='lat' dir='ltr'><strong>Quod</strong></span> <span class='ocrx_word' id='word_1_389' title='bbox 2282 3162 2324 3215; x_wconf 91' lang='lat' dir='ltr'><strong>si</strong></span> <span class='ocrx_word' id='word_1_390' title='bbox 2356 3163 2479 3216; x_wconf 83' lang='lat' dir='ltr'><strong>milii</strong></span> <span class='ocrx_word' id='word_1_391' title='bbox 2512 3166 2647 3218; x_wconf 90' lang='lat' dir='ltr'><strong>ullus</strong></span> <span class='ocrx_word' id='word_1_392' title='bbox 2680 3168 2846 3221; x_wconf 86' lang='lat' dir='ltr'><strong>honor</strong></span> <span class='ocrx_word' id='word_1_393' title='bbox 2872 3172 3156 3223; x_wconf 61' lang='lat' dir='ltr'><strong>testimonii</strong></span> <span class='ocrx_word' id='word_1_394' title='bbox 3192 3172 3383 3239; x_wconf 81' lang='lat' dir='ltr'><strong>publici</strong></span> <span class='ocrx_word' id='word_1_395' title='bbox 3413 3175 3666 3229; x_wconf 63' lang='lat' dir='ltr'><strong>affectam</strong></span> 
     </span>
    </p>
   </div>
   <div class='ocr_carea' id='block_1_62' title="bbox 2100 3251 3661 3321">
    <p class='ocr_par' dir='ltr' id='par_1_62' title="bbox 2100 3251 3661 3321">
     <span class='ocr_line' id='line_1_62' title="bbox 2100 3251 3661 3321; baseline 0.013 -21"><span class='ocrx_word' id='word_1_396' title='bbox 2100 3251 2196 3303; x_wconf 86' lang='lat' dir='ltr'><strong>dus</strong></span> <span class='ocrx_word' id='word_1_397' title='bbox 2224 3251 2385 3316; x_wconf 88' lang='lat' dir='ltr'><strong>foret;</strong></span> <span class='ocrx_word' id='word_1_398' title='bbox 2410 3254 2609 3321; x_wconf 85' lang='lat' dir='ltr'><strong>judicio</strong></span> <span class='ocrx_word' id='word_1_399' title='bbox 2641 3266 2728 3308; x_wconf 84' lang='lat' dir='ltr'><strong>tuo</strong></span> <span class='ocrx_word' id='word_1_400' title='bbox 2749 3268 2801 3310; x_wconf 89' lang='lat' dir='ltr'><strong>et</strong></span> <span class='ocrx_word' id='word_1_401' title='bbox 2830 3258 3079 3313; x_wconf 90' lang='lat' dir='ltr'><strong>similium</strong></span> <span class='ocrx_word' id='word_1_402' title='bbox 3104 3271 3385 3317; x_wconf 89' lang='lat' dir='ltr'><strong>contentus</strong></span> <span class='ocrx_word' id='word_1_403' title='bbox 3413 3280 3535 3320; x_wconf 89' lang='lat' dir='ltr'><strong>esse</strong></span> <span class='ocrx_word' id='word_1_404' title='bbox 3573 3267 3661 3320; x_wconf 84' lang='lat' dir='ltr'><strong>de-</strong></span> 
     </span>
    </p>
   </div>
   <div class='ocr_carea' id='block_1_63' title="bbox 434 3333 1994 3427">
    <p class='ocr_par' dir='ltr' id='par_1_63' title="bbox 434 3346 1991 3420">
     <span class='ocr_line' id='line_1_63' title="bbox 434 3346 1991 3420; baseline 0.004 -21"><span class='ocrx_word' id='word_1_405' title='bbox 434 3346 723 3402; x_wconf 82' lang='lat' dir='ltr'><strong>uffendere.</strong></span> <span class='ocrx_word' id='word_1_406' title='bbox 754 3352 872 3414; x_wconf 81' lang='lat' dir='ltr'><strong>Quo</strong></span> <span class='ocrx_word' id='word_1_407' title='bbox 894 3351 1036 3403; x_wconf 90' lang='lat' dir='ltr'><strong>enim</strong></span> <span class='ocrx_word' id='word_1_408' title='bbox 1065 3362 1217 3417; x_wconf 86' lang='lat' dir='ltr'><strong>pacto</strong></span> <span class='ocrx_word' id='word_1_409' title='bbox 1242 3352 1309 3405; x_wconf 89' lang='lat' dir='ltr'><strong>ad</strong></span> <span class='ocrx_word' id='word_1_410' title='bbox 1339 3353 1504 3420; x_wconf 89' lang='lat' dir='ltr'><strong>prima</strong></span> <span class='ocrx_word' id='word_1_411' title='bbox 1530 3351 1750 3408; x_wconf 88' lang='lat' dir='ltr'><strong>fascium</strong></span> <span class='ocrx_word' id='word_1_412' title='bbox 1785 3362 1991 3407; x_wconf 90' lang='lat' dir='ltr'><strong>tuorum</strong></span> 
     </span>
    </p>
   </div>
   <div class='ocr_carea' id='block_1_64' title="bbox 2106 3333 3663 3427">
    <p class='ocr_par' dir='ltr' id='par_1_64' title="bbox 2106 3340 3663 3421">
     <span class='ocr_line' id='line_1_64' title="bbox 2106 3340 3663 3421; baseline 0.01 -26"><span class='ocrx_word' id='word_1_413' title='bbox 2106 3340 2273 3396; x_wconf 84' lang='lat' dir='ltr'><strong>berem</strong></span> <span class='ocrx_word' id='word_1_414' title='bbox 2298 3383 2314 3408; x_wconf 88' lang='lat'><strong>,</strong></span> <span class='ocrx_word' id='word_1_415' title='bbox 2345 3345 2426 3398; x_wconf 89' lang='lat' dir='ltr'><strong>vel</strong></span> <span class='ocrx_word' id='word_1_416' title='bbox 2468 3344 2692 3399; x_wconf 79' lang='lat' dir='ltr'><strong>fidicinis</strong></span> <span class='ocrx_word' id='word_1_417' title='bbox 2721 3349 2982 3418; x_wconf 76' lang='lat' dir='ltr'><strong>exemplo,</strong></span> <span class='ocrx_word' id='word_1_418' title='bbox 3014 3350 3102 3419; x_wconf 91' lang='lat' dir='ltr'><strong>qui</strong></span> <span class='ocrx_word' id='word_1_419' title='bbox 3149 3352 3449 3421; x_wconf 87' lang='lat' dir='ltr'><strong>indignatus</strong></span> <span class='ocrx_word' id='word_1_420' title='bbox 3488 3359 3663 3411; x_wconf 76' lang='lat' dir='ltr'><strong>consi-</strong></span> 
     </span>
    </p>
   </div>
   <div class='ocr_carea' id='block_1_65' title="bbox 434 3441 1994 3513">
    <p class='ocr_par' dir='ltr' id='par_1_65' title="bbox 434 3441 1994 3513">
     <span class='ocr_line' id='line_1_65' title="bbox 434 3441 1994 3513; baseline 0.004 -22"><span class='ocrx_word' id='word_1_421' title='bbox 434 3448 657 3492; x_wconf 86' lang='lat' dir='ltr'><strong>vocatus</strong></span> <span class='ocrx_word' id='word_1_422' title='bbox 685 3441 935 3508; x_wconf 90' lang='lat' dir='ltr'><strong>auspicia,</strong></span> <span class='ocrx_word' id='word_1_423' title='bbox 969 3442 1146 3509; x_wconf 89' lang='lat' dir='ltr'><strong>paucis</strong></span> <span class='ocrx_word' id='word_1_424' title='bbox 1174 3443 1359 3497; x_wconf 90' lang='lat' dir='ltr'><strong>diebus</strong></span> <span class='ocrx_word' id='word_1_425' title='bbox 1389 3442 1680 3497; x_wconf 84' lang='lat' dir='ltr'><strong>Galliarum</strong></span> <span class='ocrx_word' id='word_1_426' title='bbox 1712 3444 1994 3513; x_wconf 86' lang='lat' dir='ltr'><strong>longinqua</strong></span> 
     </span>
    </p>
   </div>
   <div class='ocr_carea' id='block_1_66' title="bbox 432 3531 1994 3604">
    <p class='ocr_par' dir='ltr' id='par_1_66' title="bbox 432 3531 1994 3604">
     <span class='ocr_line' id='line_1_66' title="bbox 432 3531 1994 3604; baseline 0.003 -21"><span class='ocrx_word' id='word_1_427' title='bbox 432 3531 809 3593; x_wconf 81' lang='lat' dir='ltr'><strong>penetrarem?</strong></span> <span class='ocrx_word' id='word_1_428' title='bbox 836 3532 1019 3586; x_wconf 80' lang='lat' dir='ltr'><strong>Exime</strong></span> <span class='ocrx_word' id='word_1_429' title='bbox 1052 3532 1254 3588; x_wconf 85' lang='lat' dir='ltr'><strong>itineris</strong></span> <span class='ocrx_word' id='word_1_430' title='bbox 1282 3546 1615 3602; x_wconf 89' lang='lat' dir='ltr'><strong>apparatum,</strong></span> <span class='ocrx_word' id='word_1_431' title='bbox 1657 3536 1830 3604; x_wconf 89' lang='lat' dir='ltr'><strong>cogita</strong></span> <span class='ocrx_word' id='word_1_432' title='bbox 1874 3536 1994 3588; x_wconf 83' lang='lat' dir='ltr'><strong>hie-</strong></span> 
     </span>
    </p>
   </div>
   <div class='ocr_carea' id='block_1_67' title="bbox 434 3621 1995 3694">
    <p class='ocr_par' dir='ltr' id='par_1_67' title="bbox 434 3621 1995 3694">
     <span class='ocr_line' id='line_1_67' title="bbox 434 3621 1995 3694; baseline 0.008 -25"><span class='ocrx_word' id='word_1_433' title='bbox 434 3621 534 3673; x_wconf 90' lang='lat' dir='ltr'><strong>mis</strong></span> <span class='ocrx_word' id='word_1_434' title='bbox 566 3621 1025 3689; x_wconf 87' lang='lat' dir='ltr'><strong>impedimentum,</strong></span> <span class='ocrx_word' id='word_1_435' title='bbox 1050 3624 1310 3679; x_wconf 83' lang='lat' dir='ltr'><strong>defectnm</strong></span> <span class='ocrx_word' id='word_1_436' title='bbox 1338 3641 1526 3679; x_wconf 89' lang='lat' dir='ltr'><strong>cursus</strong></span> <span class='ocrx_word' id='word_1_437' title='bbox 1553 3628 1766 3694; x_wconf 87' lang='lat' dir='ltr'><strong>publici,</strong></span> <span class='ocrx_word' id='word_1_438' title='bbox 1789 3637 1841 3680; x_wconf 88' lang='lat' dir='ltr'><strong>et</strong></span> <span class='ocrx_word' id='word_1_439' title='bbox 1870 3627 1995 3681; x_wconf 85' lang='lat' dir='ltr'><strong>bru-</strong></span> 
     </span>
    </p>
   </div>
   <div class='ocr_carea' id='block_1_68' title="bbox 433 3712 1992 3782">
    <p class='ocr_par' dir='ltr' id='par_1_68' title="bbox 433 3712 1992 3782">
     <span class='ocr_line' id='line_1_68' title="bbox 433 3712 1992 3782; baseline 0.008 -22"><span class='ocrx_word' id='word_1_440' title='bbox 433 3712 586 3763; x_wconf 87' lang='lat' dir='ltr'><strong>malis</strong></span> <span class='ocrx_word' id='word_1_441' title='bbox 619 3712 749 3765; x_wconf 65' lang='lat' dir='ltr'><strong>lu‘ci~~</strong></span> <span class='ocrx_word' id='word_1_442' title='bbox 776 3716 1064 3782; x_wconf 82' lang='lat' dir='ltr'><strong>angustias.</strong></span> <span class='ocrx_word' id='word_1_443' title='bbox 1087 3715 1271 3768; x_wconf 79' lang='lat' dir='ltr'><strong>Nonne</strong></span> <span class='ocrx_word' id='word_1_444' title='bbox 1297 3716 1567 3770; x_wconf 82' lang='lat' dir='ltr'><strong>miliiante</strong></span> <span class='ocrx_word' id='word_1_445' title='bbox 1592 3717 1693 3772; x_wconf 87' lang='lat' dir='ltr'><strong>cal.</strong></span> <span class='ocrx_word' id='word_1_446' title='bbox 1712 3718 1831 3770; x_wconf 87' lang='lat' dir='ltr'><strong>Jan.</strong></span> <span class='ocrx_word' id='word_1_447' title='bbox 1856 3718 1992 3772; x_wconf 85' lang='lat' dir='ltr'><strong>futu-</strong></span> 
     </span>
    </p>
   </div>
   <div class='ocr_carea' id='block_1_69' title="bbox 434 3804 1989 3871">
    <p class='ocr_par' dir='ltr' id='par_1_69' title="bbox 434 3804 1989 3871">
     <span class='ocr_line' id='line_1_69' title="bbox 434 3804 1989 3871; baseline 0.007 -20"><span class='ocrx_word' id='word_1_448' title='bbox 434 3816 522 3853; x_wconf 86' lang='lat' dir='ltr'><strong>rus</strong></span> <span class='ocrx_word' id='word_1_449' title='bbox 548 3811 661 3855; x_wconf 89' lang='lat' dir='ltr'><strong>erat</strong></span> <span class='ocrx_word' id='word_1_450' title='bbox 685 3804 863 3857; x_wconf 89' lang='lat' dir='ltr'><strong>irritus</strong></span> <span class='ocrx_word' id='word_1_451' title='bbox 886 3804 1055 3871; x_wconf 89' lang='lat' dir='ltr'><strong>labor,</strong></span> <span class='ocrx_word' id='word_1_452' title='bbox 1083 3815 1175 3859; x_wconf 90' lang='lat' dir='ltr'><strong>aut</strong></span> <span class='ocrx_word' id='word_1_453' title='bbox 1206 3816 1322 3871; x_wconf 91' lang='lat' dir='ltr'><strong>post</strong></span> <span class='ocrx_word' id='word_1_454' title='bbox 1355 3806 1764 3861; x_wconf 81' lang='lat' dir='ltr'><strong>inverecundior</strong></span> <span class='ocrx_word' id='word_1_455' title='bbox 1792 3809 1989 3861; x_wconf 72' lang='lat' dir='ltr'><strong>adven-</strong></span> 
     </span>
    </p>
   </div>
   <div class='ocr_carea' id='block_1_70' title="bbox 432 3892 1993 3963">
    <p class='ocr_par' dir='ltr' id='par_1_70' title="bbox 432 3892 1993 3963">
     <span class='ocr_line' id='line_1_70' title="bbox 432 3892 1993 3963; baseline 0.006 -21"><span class='ocrx_word' id='word_1_456' title='bbox 432 3894 548 3943; x_wconf 78' lang='lat' dir='ltr'><strong>tus?</strong></span> <span class='ocrx_word' id='word_1_457' title='bbox 573 3892 718 3957; x_wconf 79' lang='lat' dir='ltr'><strong>llzec,</strong></span> <span class='ocrx_word' id='word_1_458' title='bbox 750 3907 845 3946; x_wconf 88' lang='lat' dir='ltr'><strong>oro</strong></span> <span class='ocrx_word' id='word_1_459' title='bbox 873 3905 942 3957; x_wconf 87' lang='lat' dir='ltr'><strong>te,</strong></span> <span class='ocrx_word' id='word_1_460' title='bbox 970 3909 1121 3963; x_wconf 68' lang='lat' dir='ltr'><strong>sequo</strong></span> <span class='ocrx_word' id='word_1_461' title='bbox 1150 3897 1328 3949; x_wconf 92' lang='lat' dir='ltr'><strong>animo</strong></span> <span class='ocrx_word' id='word_1_462' title='bbox 1356 3900 1657 3963; x_wconf 85' lang='lat' dir='ltr'><strong>pronuntia,</strong></span> <span class='ocrx_word' id='word_1_463' title='bbox 1681 3909 1730 3951; x_wconf 92' lang='lat' dir='ltr'><strong>et</strong></span> <span class='ocrx_word' id='word_1_464' title='bbox 1749 3899 1993 3951; x_wconf 64' lang='lat' dir='ltr'><strong>amiciti-.12</strong></span> 
     </span>
    </p>
   </div>
   <div class='ocr_carea' id='block_1_71' title="bbox 347 3982 1989 4053">
    <p class='ocr_par' dir='ltr' id='par_1_71' title="bbox 347 3982 1989 4053">
     <span class='ocr_line' id='line_1_71' title="bbox 347 3982 1989 4053; baseline 0.005 -20"><span class='ocrx_word' id='word_1_465' title='bbox 347 4043 351 4047; x_wconf 92' lang='lat'>_</span> <span class='ocrx_word' id='word_1_466' title='bbox 434 3990 632 4035; x_wconf 74' lang='lat' dir='ltr'><strong>nostra:</strong></span> <span class='ocrx_word' id='word_1_467' title='bbox 677 3982 846 4035; x_wconf 86' lang='lat' dir='ltr'><strong>bonus</strong></span> <span class='ocrx_word' id='word_1_468' title='bbox 872 3995 1057 4037; x_wconf 80' lang='lat' dir='ltr'><strong>auctor</strong></span> <span class='ocrx_word' id='word_1_469' title='bbox 1084 3999 1203 4039; x_wconf 85' lang='lat' dir='ltr'><strong>esse</strong></span> <span class='ocrx_word' id='word_1_470' title='bbox 1243 3985 1483 4053; x_wconf 85' lang='lat' dir='ltr'><strong>dignare.</strong></span> <span class='ocrx_word' id='word_1_471' title='bbox 1516 3986 1590 4039; x_wconf 83' lang='lat' dir='ltr'><strong>Eo</strong></span> <span class='ocrx_word' id='word_1_472' title='bbox 1622 3987 1800 4039; x_wconf 89' lang='lat' dir='ltr'><strong>animo</strong></span> <span class='ocrx_word' id='word_1_473' title='bbox 1830 3988 1989 4041; x_wconf 88' lang='lat' dir='ltr'><strong>inter-</strong></span> 
     </span>
    </p>
   </div>
   <div class='ocr_carea' id='block_1_72' title="bbox 435 4076 1989 4145">
    <p class='ocr_par' dir='ltr' id='par_1_72' title="bbox 435 4076 1989 4145">
     <span class='ocr_line' id='line_1_72' title="bbox 435 4076 1989 4145; baseline 0.005 -21"><span class='ocrx_word' id='word_1_474' title='bbox 435 4083 663 4139; x_wconf 80' lang='lat' dir='ltr'><strong>pretare,</strong></span> <span class='ocrx_word' id='word_1_475' title='bbox 683 4090 797 4142; x_wconf 72' lang='lat' dir='ltr'><strong>qua:</strong></span> <span class='ocrx_word' id='word_1_476' title='bbox 816 4076 936 4141; x_wconf 93' lang='lat' dir='ltr'><strong>jure</strong></span> <span class='ocrx_word' id='word_1_477' title='bbox 959 4086 1139 4130; x_wconf 89' lang='lat' dir='ltr'><strong>astruo</strong></span> <span class='ocrx_word' id='word_1_478' title='bbox 1163 4092 1269 4145; x_wconf 89' lang='lat' dir='ltr'><strong>quo</strong></span> <span class='ocrx_word' id='word_1_479' title='bbox 1291 4077 1491 4144; x_wconf 80' lang='lat' dir='ltr'><strong>rogaSIi</strong></span> <span class='ocrx_word' id='word_1_480' title='bbox 1512 4093 1523 4127; x_wconf 91' lang='lat'>:</span> <span class='ocrx_word' id='word_1_481' title='bbox 1542 4092 1638 4130; x_wconf 88' lang='lat' dir='ltr'><strong>nec</strong></span> <span class='ocrx_word' id='word_1_482' title='bbox 1663 4079 1989 4144; x_wconf 84' lang='lat' dir='ltr'><strong>propositum</strong></span> 
     </span>
    </p>
   </div>
   <div class='ocr_carea' id='block_1_73' title="bbox 429 4163 1987 4235">
    <p class='ocr_par' dir='ltr' id='par_1_73' title="bbox 429 4163 1987 4235">
     <span class='ocr_line' id='line_1_73' title="bbox 429 4163 1987 4235; baseline 0.005 -21"><span class='ocrx_word' id='word_1_483' title='bbox 429 4172 575 4215; x_wconf 87' lang='lat' dir='ltr'><strong>tntttn</strong></span> <span class='ocrx_word' id='word_1_484' title='bbox 591 4165 824 4217; x_wconf 76' lang='lat' dir='ltr'><strong>dest-ras.</strong></span> <span class='ocrx_word' id='word_1_485' title='bbox 848 4163 1003 4218; x_wconf 89' lang='lat' dir='ltr'><strong>Solus</strong></span> <span class='ocrx_word' id='word_1_486' title='bbox 1021 4166 1160 4219; x_wconf 88' lang='lat' dir='ltr'><strong>enim</strong></span> <span class='ocrx_word' id='word_1_487' title='bbox 1180 4166 1401 4235; x_wconf 79' lang='lat' dir='ltr'><strong>benigne</strong></span> <span class='ocrx_word' id='word_1_488' title='bbox 1422 4167 1657 4220; x_wconf 81' lang='lat' dir='ltr'><strong>creditur</strong></span> <span class='ocrx_word' id='word_1_489' title='bbox 1672 4168 1737 4220; x_wconf 80' lang='lat' dir='ltr'><strong>ad</strong></span> <span class='ocrx_word' id='word_1_490' title='bbox 1750 4182 1987 4235; x_wconf 72' lang='grc' dir='ltr'><strong>γυρίιεεο,</strong></span> 
     </span>
    </p>
   </div>
   <div class='ocr_carea' id='block_1_74' title="bbox 428 4255 1528 4321">
    <p class='ocr_par' dir='ltr' id='par_1_74' title="bbox 428 4255 1528 4321">
     <span class='ocr_line' id='line_1_74' title="bbox 428 4255 1528 4321; baseline 0.005 -16"><span class='ocrx_word' id='word_1_491' title='bbox 428 4255 517 4321; x_wconf 84' lang='lat' dir='ltr'><strong>qui</strong></span> <span class='ocrx_word' id='word_1_492' title='bbox 543 4255 885 4311; x_wconf 80' lang='lat' dir='ltr'><strong>excusatione</strong></span> <span class='ocrx_word' id='word_1_493' title='bbox 911 4272 1015 4310; x_wconf 90' lang='lat' dir='ltr'><strong>non</strong></span> <span class='ocrx_word' id='word_1_494' title='bbox 1052 4258 1279 4311; x_wconf 68' lang='lat' dir='ltr'><strong>laeditur.</strong></span> <span class='ocrx_word' id='word_1_495' title='bbox 1316 4256 1466 4311; x_wconf 85' lang='lat' dir='ltr'><strong>Vale.</strong></span> <span class='ocrx_word' id='word_1_496' title='bbox 1520 4297 1528 4305; x_wconf 93' lang='lat'><strong>.</strong></span> 
     </span>
    </p>
   </div>
   <div class='ocr_carea' id='block_1_75' title="bbox 990 4411 1424 4483">
    <p class='ocr_par' dir='ltr' id='par_1_75' title="bbox 990 4411 1424 4483">
     <span class='ocr_line' id='line_1_75' title="bbox 990 4411 1424 4483; baseline -0.002 -17"><span class='ocrx_word' id='word_1_497' title='bbox 990 4412 1201 4469; x_wconf 83' lang='lat' dir='ltr'><strong>EPIST.</strong></span> <span class='ocrx_word' id='word_1_498' title='bbox 1240 4411 1424 4483; x_wconf 79' lang='lat' dir='ltr'><strong>cxm.</strong></span> 
     </span>
    </p>
   </div>
   <div class='ocr_carea' id='block_1_76' title="bbox 998 4520 1424 4559">
    <p class='ocr_par' dir='ltr' id='par_1_76' title="bbox 998 4520 1424 4559">
     <span class='ocr_line' id='line_1_76' title="bbox 998 4520 1424 4559; baseline 0.002 -3"><span class='ocrx_word' id='word_1_499' title='bbox 998 4520 1424 4559; x_wconf 64' lang='grc' dir='ltr'>ειιιειιειιιις.....</span> 
     </span>
    </p>
   </div>
   <div class='ocr_carea' id='block_1_77' title="bbox 503 4611 1991 4685">
    <p class='ocr_par' dir='ltr' id='par_1_77' title="bbox 503 4611 1991 4685">
     <span class='ocr_line' id='line_1_77' title="bbox 503 4611 1991 4685; baseline 0.007 -22"><span class='ocrx_word' id='word_1_500' title='bbox 503 4611 661 4664; x_wconf 81' lang='lat' dir='ltr'><strong>Multa</strong></span> <span class='ocrx_word' id='word_1_501' title='bbox 694 4628 779 4666; x_wconf 87' lang='lat' dir='ltr'><strong>me</strong></span> <span class='ocrx_word' id='word_1_502' title='bbox 805 4613 973 4682; x_wconf 75' lang='lat' dir='ltr'><strong>gratia</strong></span> <span class='ocrx_word' id='word_1_503' title='bbox 1000 4614 1245 4681; x_wconf 87' lang='lat' dir='ltr'><strong>nexuisti,</strong></span> <span class='ocrx_word' id='word_1_504' title='bbox 1276 4625 1331 4669; x_wconf 86' lang='lat' dir='ltr'><strong>et</strong></span> <span class='ocrx_word' id='word_1_505' title='bbox 1359 4631 1478 4670; x_wconf 88' lang='lat' dir='ltr'><strong>cum</strong></span> <span class='ocrx_word' id='word_1_506' title='bbox 1511 4616 1774 4685; x_wconf 87' lang='lat' dir='ltr'><strong>prioribus</strong></span> <span class='ocrx_word' id='word_1_507' title='bbox 1800 4618 1991 4674; x_wconf 84' lang='lat' dir='ltr'><strong>officiis</strong></span> 
     </span>
    </p>
   </div>
   <div class='ocr_carea' id='block_1_78' title="bbox 2100 3433 3664 3510">
    <p class='ocr_par' dir='ltr' id='par_1_78' title="bbox 2100 3433 3664 3510">
     <span class='ocr_line' id='line_1_78' title="bbox 2100 3433 3664 3510; baseline 0.01 -27"><span class='ocrx_word' id='word_1_508' title='bbox 2100 3433 2333 3487; x_wconf 85' lang='lat' dir='ltr'><strong>dentium</strong></span> <span class='ocrx_word' id='word_1_509' title='bbox 2382 3435 2608 3499; x_wconf 89' lang='lat' dir='ltr'><strong>turbam,</strong></span> <span class='ocrx_word' id='word_1_510' title='bbox 2656 3437 2754 3491; x_wconf 88' lang='lat' dir='ltr'><strong>sibi</strong></span> <span class='ocrx_word' id='word_1_511' title='bbox 2806 3446 2857 3491; x_wconf 90' lang='lat' dir='ltr'><strong>et</strong></span> <span class='ocrx_word' id='word_1_512' title='bbox 2902 3442 3067 3494; x_wconf 87' lang='lat' dir='ltr'><strong>musis</strong></span> <span class='ocrx_word' id='word_1_513' title='bbox 3098 3454 3308 3497; x_wconf 88' lang='lat' dir='ltr'><strong>cantum</strong></span> <span class='ocrx_word' id='word_1_514' title='bbox 3337 3445 3554 3510; x_wconf 90' lang='lat' dir='ltr'><strong>ciebat;</strong></span> <span class='ocrx_word' id='word_1_515' title='bbox 3585 3450 3664 3501; x_wconf 71' lang='lat' dir='ltr'><strong>vel</strong></span> 
     </span>
    </p>
   </div>
   <div class='ocr_carea' id='block_1_79' title="bbox 2097 3523 3663 3602">
    <p class='ocr_par' dir='ltr' id='par_1_79' title="bbox 2097 3523 3663 3602">
     <span class='ocr_line' id='line_1_79' title="bbox 2097 3523 3663 3602; baseline 0.01 -28"><span class='ocrx_word' id='word_1_516' title='bbox 2097 3523 2385 3576; x_wconf 90' lang='lat' dir='ltr'><strong>secundum</strong></span> <span class='ocrx_word' id='word_1_517' title='bbox 2439 3523 2758 3580; x_wconf 83' lang='lat' dir='ltr'><strong>Heraclitum</strong></span> <span class='ocrx_word' id='word_1_518' title='bbox 2806 3527 3225 3598; x_wconf 80' lang='lat' dir='ltr'><strong>pbi|050plium,</strong></span> <span class='ocrx_word' id='word_1_519' title='bbox 3271 3534 3360 3602; x_wconf 90' lang='lat' dir='ltr'><strong>qui</strong></span> <span class='ocrx_word' id='word_1_520' title='bbox 3401 3551 3663 3591; x_wconf 86' lang='lat' dir='ltr'><strong>summam</strong></span> 
     </span>
    </p>
   </div>
   <div class='ocr_carea' id='block_1_80' title="bbox 2097 3611 3662 3695">
    <p class='ocr_par' dir='ltr' id='par_1_80' title="bbox 2097 3611 3662 3695">
     <span class='ocr_line' id='line_1_80' title="bbox 2097 3611 3662 3695; baseline 0.011 -31"><span class='ocrx_word' id='word_1_521' title='bbox 2097 3611 2264 3664; x_wconf 83' lang='lat' dir='ltr'><strong>laudis</strong></span> <span class='ocrx_word' id='word_1_522' title='bbox 2293 3611 2648 3668; x_wconf 88' lang='lat' dir='ltr'><strong>arbitrabatur</strong></span> <span class='ocrx_word' id='word_1_523' title='bbox 2690 3617 2898 3685; x_wconf 85' lang='lat' dir='ltr'><strong>placere</strong></span> <span class='ocrx_word' id='word_1_524' title='bbox 2925 3618 3034 3683; x_wconf 92' lang='lat' dir='ltr'><strong>uni,</strong></span> <span class='ocrx_word' id='word_1_525' title='bbox 3066 3620 3109 3672; x_wconf 88' lang='lat' dir='ltr'><strong>si</strong></span> <span class='ocrx_word' id='word_1_526' title='bbox 3141 3630 3284 3675; x_wconf 83' lang='lat' dir='ltr'><strong>esset</strong></span> <span class='ocrx_word' id='word_1_527' title='bbox 3310 3625 3547 3691; x_wconf 90' lang='lat' dir='ltr'><strong>optimus</strong></span> <span class='ocrx_word' id='word_1_528' title='bbox 3576 3630 3662 3695; x_wconf 90' lang='lat' dir='ltr'><strong>qui</strong></span> 
     </span>
    </p>
   </div>
   <div class='ocr_carea' id='block_1_81' title="bbox 2098 3701 3665 3779">
    <p class='ocr_par' dir='ltr' id='par_1_81' title="bbox 2098 3701 3665 3779">
     <span class='ocr_line' id='line_1_81' title="bbox 2098 3701 3665 3779; baseline 0.009 -26"><span class='ocrx_word' id='word_1_529' title='bbox 2098 3701 2361 3779; x_wconf 79' lang='lat' dir='ltr'><strong>probaret.</strong></span> <span class='ocrx_word' id='word_1_530' title='bbox 2411 3703 2586 3769; x_wconf 89' lang='lat' dir='ltr'><strong>Quare</strong></span> <span class='ocrx_word' id='word_1_531' title='bbox 2632 3716 2748 3759; x_wconf 84' lang='lat' dir='ltr'><strong>e5to</strong></span> <span class='ocrx_word' id='word_1_532' title='bbox 2796 3720 3015 3761; x_wconf 86' lang='lat' dir='ltr'><strong>securus</strong></span> <span class='ocrx_word' id='word_1_533' title='bbox 3055 3710 3319 3776; x_wconf 72' lang='lat' dir='ltr'><strong>patientia:</strong></span> <span class='ocrx_word' id='word_1_534' title='bbox 3361 3723 3580 3779; x_wconf 72' lang='lat' dir='ltr'><strong>nostrm,</strong></span> <span class='ocrx_word' id='word_1_535' title='bbox 3611 3728 3665 3767; x_wconf 69' lang='grc' dir='ltr'><strong>ιιι</strong></span> 
     </span>
    </p>
   </div>
   <div class='ocr_carea' id='block_1_82' title="bbox 2095 3772 3663 3869">
    <p class='ocr_par' dir='ltr' id='par_1_82' title="bbox 2095 3772 3663 3869">
     <span class='ocr_line' id='line_1_82' title="bbox 2095 3772 3663 3869; baseline 0.008 -25"><span class='ocrx_word' id='word_1_536' title='bbox 2095 3772 2467 3861; x_wconf 76' lang='lat' dir='ltr'><strong>congratulare</strong></span> <span class='ocrx_word' id='word_1_537' title='bbox 2510 3795 2639 3849; x_wconf 79' lang='lat' dir='ltr'><strong>milii</strong></span> <span class='ocrx_word' id='word_1_538' title='bbox 2669 3797 2806 3865; x_wconf 90' lang='lat' dir='ltr'><strong>quod</strong></span> <span class='ocrx_word' id='word_1_539' title='bbox 2848 3798 2994 3851; x_wconf 92' lang='lat' dir='ltr'><strong>solus</strong></span> <span class='ocrx_word' id='word_1_540' title='bbox 3022 3805 3243 3869; x_wconf 69' lang='lat' dir='ltr'><strong>toi-queo</strong></span> <span class='ocrx_word' id='word_1_541' title='bbox 3284 3802 3450 3858; x_wconf 86' lang='lat' dir='ltr'><strong>corda</strong></span> <span class='ocrx_word' id='word_1_542' title='bbox 3498 3806 3663 3860; x_wconf 87' lang='lat' dir='ltr'><strong>liven-</strong></span> 
     </span>
    </p>
   </div>
   <div class='ocr_carea' id='block_1_83' title="bbox 2097 3885 3668 3960">
    <p class='ocr_par' dir='ltr' id='par_1_83' title="bbox 2097 3885 3668 3960">
     <span class='ocr_line' id='line_1_83' title="bbox 2097 3885 3668 3960; baseline 0.01 -26"><span class='ocrx_word' id='word_1_543' title='bbox 2097 3885 2246 3949; x_wconf 91' lang='lat' dir='ltr'><strong>tium,</strong></span> <span class='ocrx_word' id='word_1_544' title='bbox 2300 3899 2419 3938; x_wconf 90' lang='lat' dir='ltr'><strong>cum</strong></span> <span class='ocrx_word' id='word_1_545' title='bbox 2452 3887 2537 3940; x_wconf 91' lang='lat' dir='ltr'><strong>alii</strong></span> <span class='ocrx_word' id='word_1_546' title='bbox 2565 3887 2755 3955; x_wconf 90' lang='lat' dir='ltr'><strong>quibus</strong></span> <span class='ocrx_word' id='word_1_547' title='bbox 2793 3896 2985 3943; x_wconf 58' lang='lat' dir='ltr'><strong>stature</strong></span> <span class='ocrx_word' id='word_1_548' title='bbox 3013 3905 3225 3960; x_wconf 90' lang='lat' dir='ltr'><strong>quoquo</strong></span> <span class='ocrx_word' id='word_1_549' title='bbox 3264 3894 3425 3951; x_wconf 78' lang='lat' dir='ltr'><strong>modo</strong></span> <span class='ocrx_word' id='word_1_550' title='bbox 3451 3897 3668 3952; x_wconf 67' lang='lat' dir='ltr'><strong>tributae</strong></span> 
     </span>
    </p>
   </div>
   <div class='ocr_carea' id='block_1_84' title="bbox 2093 3974 3210 4052">
    <p class='ocr_par' dir='ltr' id='par_1_84' title="bbox 2093 3974 3210 4052">
     <span class='ocr_line' id='line_1_84' title="bbox 2093 3974 3210 4052; baseline 0.008 -23"><span class='ocrx_word' id='word_1_551' title='bbox 2093 3976 2219 4039; x_wconf 89' lang='lat' dir='ltr'><strong>sint,</strong></span> <span class='ocrx_word' id='word_1_552' title='bbox 2247 3974 2393 4052; x_wconf 23' lang='lat' dir='ltr'><strong>nihil”</strong></span> <span class='ocrx_word' id='word_1_553' title='bbox 2408 3977 2637 4031; x_wconf 82' lang='lat' dir='ltr'><strong>habeant</strong></span> <span class='ocrx_word' id='word_1_554' title='bbox 2666 3978 3029 4033; x_wconf 77' lang='lat' dir='ltr'><strong>invidendum.</strong></span> <span class='ocrx_word' id='word_1_555' title='bbox 3059 3979 3210 4037; x_wconf 89' lang='lat' dir='ltr'><strong>Vale.</strong></span> 
     </span>
    </p>
   </div>
   <div class='ocr_carea' id='block_1_85' title="bbox 2662 4068 3081 4126">
    <p class='ocr_par' dir='ltr' id='par_1_85' title="bbox 2662 4068 3081 4126">
     <span class='ocr_line' id='line_1_85' title="bbox 2662 4068 3081 4126; baseline 0.007 -3"><span class='ocrx_word' id='word_1_556' title='bbox 2662 4068 2874 4126; x_wconf 83' lang='lat' dir='ltr'><strong>EPIST.</strong></span> <span class='ocrx_word' id='word_1_557' title='bbox 2900 4068 3081 4126; x_wconf 81' lang='lat' dir='ltr'><strong>CXVI.</strong></span> 
     </span>
    </p>
   </div>
   <div class='ocr_carea' id='block_1_86' title="bbox 2627 4175 3099 4216">
    <p class='ocr_par' dir='ltr' id='par_1_86' title="bbox 2627 4175 3099 4216">
     <span class='ocr_line' id='line_1_86' title="bbox 2627 4175 3099 4216; baseline 0.004 -4"><span class='ocrx_word' id='word_1_558' title='bbox 2627 4175 2979 4216; x_wconf 69' lang='lat' dir='ltr'><strong>SYMM.\CIIUS..</strong></span> <span class='ocrx_word' id='word_1_559' title='bbox 2992 4198 3099 4215; x_wconf 76' lang='grc' dir='ltr'><strong>η...</strong></span> 
     </span>
    </p>
   </div>
   <div class='ocr_carea' id='block_1_87' title="bbox 2165 4251 3661 4323">
    <p class='ocr_par' dir='ltr' id='par_1_87' title="bbox 2165 4251 3661 4323">
     <span class='ocr_line' id='line_1_87' title="bbox 2165 4251 3661 4323; baseline 0.006 -20"><span class='ocrx_word' id='word_1_560' title='bbox 2165 4251 2325 4319; x_wconf 88' lang='lat' dir='ltr'><strong>Valeo</strong></span> <span class='ocrx_word' id='word_1_561' title='bbox 2362 4264 2613 4320; x_wconf 89' lang='lat' dir='ltr'><strong>quantum</strong></span> <span class='ocrx_word' id='word_1_562' title='bbox 2642 4253 2769 4305; x_wconf 91' lang='lat' dir='ltr'><strong>sinit</strong></span> <span class='ocrx_word' id='word_1_563' title='bbox 2795 4268 2937 4322; x_wconf 69' lang='lat' dir='ltr'><strong>aeger</strong></span> <span class='ocrx_word' id='word_1_564' title='bbox 2977 4253 3208 4309; x_wconf 89' lang='lat' dir='ltr'><strong>animus.</strong></span> <span class='ocrx_word' id='word_1_565' title='bbox 3244 4252 3421 4323; x_wconf 78' lang='lat' dir='ltr'><strong>Atque</strong></span> <span class='ocrx_word' id='word_1_566' title='bbox 3459 4256 3661 4313; x_wconf 86' lang='lat' dir='ltr'><strong>utinam</strong></span> 
     </span>
    </p>
   </div>
   <div class='ocr_carea' id='block_1_88' title="bbox 2016 4344 3661 4416">
    <p class='ocr_par' dir='ltr' id='par_1_88' title="bbox 2016 4344 3661 4416">
     <span class='ocr_line' id='line_1_88' title="bbox 2016 4344 3661 4416; baseline 0.004 -21"><span class='ocrx_word' id='word_1_567' title='bbox 2016 4384 2019 4389; x_wconf 86' lang='lat'><strong>.</strong></span> <span class='ocrx_word' id='word_1_568' title='bbox 2094 4344 2235 4414; x_wconf 86' lang='lat' dir='ltr'><strong>leges</strong></span> <span class='ocrx_word' id='word_1_569' title='bbox 2266 4359 2645 4412; x_wconf 70' lang='lat' dir='ltr'><strong>(eque-mecum</strong></span> <span class='ocrx_word' id='word_1_570' title='bbox 2670 4345 2920 4404; x_wconf 84' lang='lat' dir='ltr'><strong>valerent,</strong></span> <span class='ocrx_word' id='word_1_571' title='bbox 2951 4358 3172 4412; x_wconf 89' lang='lat' dir='ltr'><strong>quarum</strong></span> <span class='ocrx_word' id='word_1_572' title='bbox 3212 4347 3412 4399; x_wconf 83' lang='lat' dir='ltr'><strong>sanitas</strong></span> <span class='ocrx_word' id='word_1_573' title='bbox 3432 4345 3503 4399; x_wconf 89' lang='lat' dir='ltr'><strong>ab</strong></span> <span class='ocrx_word' id='word_1_574' title='bbox 3529 4347 3661 4416; x_wconf 87' lang='lat' dir='ltr'><strong>ipsis</strong></span> 
     </span>
    </p>
   </div>
   <div class='ocr_carea' id='block_1_89' title="bbox 2092 4428 3659 4516">
    <p class='ocr_par' dir='ltr' id='par_1_89' title="bbox 2092 4428 3659 4516">
     <span class='ocr_line' id='line_1_89' title="bbox 2092 4428 3659 4516; baseline 0.004 -33"><span class='ocrx_word' id='word_1_575' title='bbox 2092 4436 2399 4505; x_wconf 80' lang='lat' dir='ltr'><strong>plerumque</strong></span> <span class='ocrx_word' id='word_1_576' title='bbox 2447 4434 2825 4503; x_wconf 88' lang='lat' dir='ltr'><strong>corrumpitur,</strong></span> <span class='ocrx_word' id='word_1_577' title='bbox 2864 4428 3053 4502; x_wconf 83' lang='lat' dir='ltr'><strong>quibus</strong></span> <span class='ocrx_word' id='word_1_578' title='bbox 3080 4434 3314 4487; x_wconf 86' lang='lat' dir='ltr'><strong>curanda</strong></span> <span class='ocrx_word' id='word_1_579' title='bbox 3354 4436 3659 4516; x_wconf 80' lang='lat' dir='ltr'><strong>mandatur.</strong></span> 
     </span>
    </p>
   </div>
   <div class='ocr_carea' id='block_1_90' title="bbox 2092 4523 3662 4593">
    <p class='ocr_par' dir='ltr' id='par_1_90' title="bbox 2092 4523 3662 4593">
     <span class='ocr_line' id='line_1_90' title="bbox 2092 4523 3662 4593; baseline 0.003 -15"><span class='ocrx_word' id='word_1_580' title='bbox 2092 4525 2203 4578; x_wconf 76' lang='lat' dir='ltr'><strong>Non</strong></span> <span class='ocrx_word' id='word_1_581' title='bbox 2245 4540 2455 4593; x_wconf 80' lang='lat' dir='ltr'><strong>pergam</strong></span> <span class='ocrx_word' id='word_1_582' title='bbox 2488 4527 2712 4593; x_wconf 84' lang='lat' dir='ltr'><strong>longius,</strong></span> <span class='ocrx_word' id='word_1_583' title='bbox 2762 4539 2881 4577; x_wconf 91' lang='lat' dir='ltr'><strong>cum</strong></span> <span class='ocrx_word' id='word_1_584' title='bbox 2920 4524 3019 4577; x_wconf 82' lang='lat' dir='ltr'><strong>hoc</strong></span> <span class='ocrx_word' id='word_1_585' title='bbox 3047 4525 3272 4592; x_wconf 69' lang='lat' dir='ltr'><strong>aenigma</strong></span> <span class='ocrx_word' id='word_1_586' title='bbox 3314 4523 3480 4580; x_wconf 78' lang='lat' dir='ltr'><strong>frater</strong></span> <span class='ocrx_word' id='word_1_587' title='bbox 3508 4541 3662 4583; x_wconf 88' lang='lat' dir='ltr'><strong>meus</strong></span> 
     </span>
    </p>
   </div>
   <div class='ocr_carea' id='block_1_91' title="bbox 2092 4613 3658 4681">
    <p class='ocr_par' dir='ltr' id='par_1_91' title="bbox 2092 4613 3658 4681">
     <span class='ocr_line' id='line_1_91' title="bbox 2092 4613 3658 4681; baseline 0.003 -14"><span class='ocrx_word' id='word_1_588' title='bbox 2092 4614 2369 4668; x_wconf 87' lang='lat' dir='ltr'><strong>Buleforus</strong></span> <span class='ocrx_word' id='word_1_589' title='bbox 2397 4616 2560 4681; x_wconf 60' lang='lat' dir='ltr'><strong>possit</strong></span> <span class='ocrx_word' id='word_1_590' title='bbox 2588 4615 2814 4679; x_wconf 85' lang='lat' dir='ltr'><strong>aperire.</strong></span> <span class='ocrx_word' id='word_1_591' title='bbox 2847 4613 2940 4667; x_wconf 89' lang='lat' dir='ltr'><strong>Cui</strong></span> <span class='ocrx_word' id='word_1_592' title='bbox 2972 4623 3028 4668; x_wconf 93' lang='lat' dir='ltr'><strong>ut</strong></span> <span class='ocrx_word' id='word_1_593' title='bbox 3055 4615 3288 4669; x_wconf 86' lang='lat' dir='ltr'><strong>amicitia</strong></span> <span class='ocrx_word' id='word_1_594' title='bbox 3321 4629 3439 4668; x_wconf 86' lang='lat' dir='ltr'><strong>mea</strong></span> <span class='ocrx_word' id='word_1_595' title='bbox 3469 4618 3658 4681; x_wconf 81' lang='lat' dir='ltr'><strong>chara,</strong></span> 
     </span>
    </p>
   </div>
   <div class='ocr_carea' id='block_1_92' title="bbox 429 4684 3663 4779">
    <p class='ocr_par' dir='ltr' id='par_1_92' title="bbox 429 4684 3663 4779">
     <span class='ocr_line' id='line_1_92' title="bbox 429 4684 3663 4779; baseline 0.004 -28"><span class='ocrx_word' id='word_1_596' title='bbox 429 4700 533 4754; x_wconf 90' lang='lat' dir='ltr'><strong>tuis</strong></span> <span class='ocrx_word' id='word_1_597' title='bbox 554 4701 726 4755; x_wconf 87' lang='lat' dir='ltr'><strong>adlmc</strong></span> <span class='ocrx_word' id='word_1_598' title='bbox 753 4702 1007 4756; x_wconf 87' lang='lat' dir='ltr'><strong>solvendo</strong></span> <span class='ocrx_word' id='word_1_599' title='bbox 1029 4719 1132 4757; x_wconf 93' lang='lat' dir='ltr'><strong>non</strong></span> <span class='ocrx_word' id='word_1_600' title='bbox 1158 4705 1473 4770; x_wconf 89' lang='lat' dir='ltr'><strong>sim,denuo</strong></span> <span class='ocrx_word' id='word_1_601' title='bbox 1493 4684 1635 4763; x_wconf 86' lang='lat' dir='ltr'><strong>aliud</strong></span> <span class='ocrx_word' id='word_1_602' title='bbox 1661 4724 1823 4777; x_wconf 83' lang='lat' dir='ltr'><strong>posco</strong></span> <span class='ocrx_word' id='word_1_603' title='bbox 1847 4712 1995 4779; x_wconf 82' lang='lat' dir='ltr'><strong>quod</strong></span> <span class='ocrx_word' id='word_1_604' title='bbox 2016 4684 2162 4761; x_wconf 69' lang='lat' dir='ltr'><strong>Diti!</strong></span> <span class='ocrx_word' id='word_1_605' title='bbox 2193 4708 2403 4775; x_wconf 85' lang='lat' dir='ltr'><strong>querela</strong></span> <span class='ocrx_word' id='word_1_606' title='bbox 2432 4715 2703 4771; x_wconf 87' lang='lat' dir='ltr'><strong>comperta</strong></span> <span class='ocrx_word' id='word_1_607' title='bbox 2740 4714 2840 4758; x_wconf 87' lang='lat' dir='ltr'><strong>est.</strong></span> <span class='ocrx_word' id='word_1_608' title='bbox 2871 4705 2919 4758; x_wconf 84' lang='lat' dir='ltr'><strong>is</strong></span> <span class='ocrx_word' id='word_1_609' title='bbox 2960 4705 3045 4758; x_wconf 91' lang='lat' dir='ltr'><strong>ubi</strong></span> <span class='ocrx_word' id='word_1_610' title='bbox 3076 4713 3129 4759; x_wconf 88' lang='lat' dir='ltr'><strong>te</strong></span> <span class='ocrx_word' id='word_1_611' title='bbox 3172 4708 3428 4760; x_wconf 84' lang='lat' dir='ltr'><strong>scientem</strong></span> <span class='ocrx_word' id='word_1_612' title='bbox 3453 4708 3663 4764; x_wconf 81' lang='lat' dir='ltr'><strong>doloris</strong></span> 
     </span>
    </p>
   </div>
   <div class='ocr_carea' id='block_1_93' title="bbox 425 4794 1987 4866">
    <p class='ocr_par' dir='ltr' id='par_1_93' title="bbox 425 4794 1987 4866">
     <span class='ocr_line' id='line_1_93' title="bbox 425 4794 1987 4866; baseline 0.007 -21"><span class='ocrx_word' id='word_1_613' title='bbox 425 4794 671 4848; x_wconf 82' lang='lat' dir='ltr'><strong>debeam.</strong></span> <span class='ocrx_word' id='word_1_614' title='bbox 694 4794 891 4849; x_wconf 88' lang='lat' dir='ltr'><strong>Consul</strong></span> <span class='ocrx_word' id='word_1_615' title='bbox 912 4797 1269 4866; x_wconf 88' lang='lat' dir='ltr'><strong>amplissimus</strong></span> <span class='ocrx_word' id='word_1_616' title='bbox 1290 4799 1543 4866; x_wconf 89' lang='lat' dir='ltr'><strong>auspiciis</strong></span> <span class='ocrx_word' id='word_1_617' title='bbox 1562 4803 1777 4855; x_wconf 85' lang='lat' dir='ltr'><strong>honoris</strong></span> <span class='ocrx_word' id='word_1_618' title='bbox 1805 4805 1882 4855; x_wconf 88' lang='lat' dir='ltr'><strong>sui</strong></span> <span class='ocrx_word' id='word_1_619' title='bbox 1908 4806 1987 4856; x_wconf 86' lang='lat' dir='ltr'><strong>in-</strong></span> 
     </span>
    </p>
   </div>
   <div class='ocr_carea' id='block_1_94' title="bbox 425 4887 1990 4960">
    <p class='ocr_par' dir='ltr' id='par_1_94' title="bbox 425 4887 1990 4960">
     <span class='ocr_line' id='line_1_94' title="bbox 425 4887 1990 4960; baseline 0.01 -27"><span class='ocrx_word' id='word_1_620' title='bbox 425 4895 624 4938; x_wconf 81' lang='lat' dir='ltr'><strong>ieresse</strong></span> <span class='ocrx_word' id='word_1_621' title='bbox 649 4900 733 4938; x_wconf 90' lang='lat' dir='ltr'><strong>me</strong></span> <span class='ocrx_word' id='word_1_622' title='bbox 751 4887 1020 4953; x_wconf 64' lang='lat' dir='ltr'><strong>praecepit,</strong></span> <span class='ocrx_word' id='word_1_623' title='bbox 1042 4890 1192 4956; x_wconf 89' lang='lat' dir='ltr'><strong>cujus</strong></span> <span class='ocrx_word' id='word_1_624' title='bbox 1212 4890 1399 4943; x_wconf 89' lang='lat' dir='ltr'><strong>litteris</strong></span> <span class='ocrx_word' id='word_1_625' title='bbox 1421 4898 1506 4942; x_wconf 90' lang='lat' dir='ltr'><strong>tua</strong></span> <span class='ocrx_word' id='word_1_626' title='bbox 1530 4907 1741 4960; x_wconf 86' lang='lat' dir='ltr'><strong>quoque</strong></span> <span class='ocrx_word' id='word_1_627' title='bbox 1759 4896 1990 4948; x_wconf 83' lang='lat' dir='ltr'><strong>accessit</strong></span> 
     </span>
    </p>
   </div>
   <div class='ocr_carea' id='block_1_95' title="bbox 423 4974 1986 5043">
    <p class='ocr_par' dir='ltr' id='par_1_95' title="bbox 423 4974 1986 5043">
     <span class='ocr_line' id='line_1_95' title="bbox 423 4974 1986 5043; baseline 0.008 -17"><span class='ocrx_word' id='word_1_628' title='bbox 423 4974 614 5028; x_wconf 86' lang='lat' dir='ltr'><strong>oratio.</strong></span> <span class='ocrx_word' id='word_1_629' title='bbox 646 4974 768 5029; x_wconf 65' lang='lat' dir='ltr'><strong>Ilico</strong></span> <span class='ocrx_word' id='word_1_630' title='bbox 798 4986 854 5029; x_wconf 89' lang='lat' dir='ltr'><strong>ut</strong></span> <span class='ocrx_word' id='word_1_631' title='bbox 873 4986 1095 5031; x_wconf 85' lang='lat' dir='ltr'><strong>venturo</strong></span> <span class='ocrx_word' id='word_1_632' title='bbox 1116 4978 1335 5033; x_wconf 82' lang='lat' dir='ltr'><strong>honesta</strong></span> <span class='ocrx_word' id='word_1_633' title='bbox 1366 4990 1467 5043; x_wconf 86' lang='lat' dir='ltr'><strong>est,</strong></span> <span class='ocrx_word' id='word_1_634' title='bbox 1490 4982 1560 5034; x_wconf 87' lang='lat' dir='ltr'><strong>ita</strong></span> <span class='ocrx_word' id='word_1_635' title='bbox 1591 4986 1865 5037; x_wconf 77' lang='lat' dir='ltr'><strong>excusanti</strong></span> <span class='ocrx_word' id='word_1_636' title='bbox 1893 5001 1986 5038; x_wconf 86' lang='lat' dir='ltr'><strong>ve-</strong></span> 
     </span>
    </p>
   </div>
   <div class='ocr_carea' id='block_1_96' title="bbox 426 5069 1986 5141">
    <p class='ocr_par' dir='ltr' id='par_1_96' title="bbox 426 5069 1986 5141">
     <span class='ocr_line' id='line_1_96' title="bbox 426 5069 1986 5141; baseline 0.005 -22"><span class='ocrx_word' id='word_1_637' title='bbox 426 5069 707 5123; x_wconf 82' lang='lat' dir='ltr'><strong>hementer</strong></span> <span class='ocrx_word' id='word_1_638' title='bbox 747 5083 995 5124; x_wconf 84' lang='lat' dir='ltr'><strong>onerosa.</strong></span> <span class='ocrx_word' id='word_1_639' title='bbox 1044 5070 1150 5126; x_wconf 88' lang='lat' dir='ltr'><strong>Sed</strong></span> <span class='ocrx_word' id='word_1_640' title='bbox 1201 5080 1287 5127; x_wconf 87' lang='lat' dir='ltr'><strong>tua</strong></span> <span class='ocrx_word' id='word_1_641' title='bbox 1334 5072 1560 5141; x_wconf 60' lang='lat' dir='ltr'><strong>arquitas</strong></span> <span class='ocrx_word' id='word_1_642' title='bbox 1611 5076 1986 5129; x_wconf 81' lang='lat' dir='ltr'><strong>verecundiam</strong></span> 
     </span>
    </p>
   </div>
   <div class='ocr_carea' id='block_1_97' title="bbox 426 5158 1984 5231">
    <p class='ocr_par' dir='ltr' id='par_1_97' title="bbox 426 5158 1984 5231">
     <span class='ocr_line' id='line_1_97' title="bbox 426 5158 1984 5231; baseline 0.006 -22"><span class='ocrx_word' id='word_1_643' title='bbox 426 5172 597 5212; x_wconf 85' lang='lat' dir='ltr'><strong>meam</strong></span> <span class='ocrx_word' id='word_1_644' title='bbox 638 5159 747 5214; x_wconf 91' lang='lat' dir='ltr'><strong>veri</strong></span> <span class='ocrx_word' id='word_1_645' title='bbox 781 5158 1031 5214; x_wconf 86' lang='lat' dir='ltr'><strong>facilitate</strong></span> <span class='ocrx_word' id='word_1_646' title='bbox 1079 5162 1357 5216; x_wconf 87' lang='lat' dir='ltr'><strong>relevabit.</strong></span> <span class='ocrx_word' id='word_1_647' title='bbox 1410 5162 1500 5218; x_wconf 90' lang='lat' dir='ltr'><strong>Ille</strong></span> <span class='ocrx_word' id='word_1_648' title='bbox 1540 5172 1595 5217; x_wconf 92' lang='lat' dir='ltr'><strong>ut</strong></span> <span class='ocrx_word' id='word_1_649' title='bbox 1631 5165 1703 5217; x_wconf 83' lang='lat' dir='ltr'><strong>sit</strong></span> <span class='ocrx_word' id='word_1_650' title='bbox 1749 5166 1984 5231; x_wconf 86' lang='lat' dir='ltr'><strong>placatus</strong></span> 
     </span>
    </p>
   </div>
   <div class='ocr_carea' id='block_1_98' title="bbox 423 5244 1981 5311">
    <p class='ocr_par' dir='ltr' id='par_1_98' title="bbox 423 5244 1981 5311">
     <span class='ocr_line' id='line_1_98' title="bbox 423 5244 1981 5311; baseline 0.006 -12"><span class='ocrx_word' id='word_1_651' title='bbox 423 5248 686 5311; x_wconf 86' lang='lat' dir='ltr'><strong>annitere,</strong></span> <span class='ocrx_word' id='word_1_652' title='bbox 710 5244 797 5303; x_wconf 81' lang='lat' dir='ltr'><strong>eui</strong></span> <span class='ocrx_word' id='word_1_653' title='bbox 833 5265 918 5305; x_wconf 92' lang='lat' dir='ltr'><strong>me</strong></span> <span class='ocrx_word' id='word_1_654' title='bbox 942 5250 1107 5304; x_wconf 89' lang='lat' dir='ltr'><strong>tristis</strong></span> <span class='ocrx_word' id='word_1_655' title='bbox 1132 5252 1198 5305; x_wconf 91' lang='lat' dir='ltr'><strong>de</strong></span> <span class='ocrx_word' id='word_1_656' title='bbox 1222 5250 1387 5305; x_wconf 82' lang='lat' dir='ltr'><strong>fratre</strong></span> <span class='ocrx_word' id='word_1_657' title='bbox 1411 5267 1567 5309; x_wconf 79' lang='lat' dir='ltr'><strong>casus</strong></span> <span class='ocrx_word' id='word_1_658' title='bbox 1592 5265 1831 5308; x_wconf 83' lang='lat' dir='ltr'><strong>excusat.</strong></span> <span class='ocrx_word' id='word_1_659' title='bbox 1851 5255 1981 5309; x_wconf 83' lang='lat' dir='ltr'><strong>Nam</strong></span> 
     </span>
    </p>
   </div>
   <div class='ocr_carea' id='block_1_99' title="bbox 424 5341 1983 5409">
    <p class='ocr_par' dir='ltr' id='par_1_99' title="bbox 424 5341 1983 5409">
     <span class='ocr_line' id='line_1_99' title="bbox 424 5341 1983 5409; baseline 0.005 -18"><span class='ocrx_word' id='word_1_660' title='bbox 424 5348 579 5407; x_wconf 91' lang='lat' dir='ltr'><strong>turpe</strong></span> <span class='ocrx_word' id='word_1_661' title='bbox 606 5349 762 5407; x_wconf 82' lang='lat' dir='ltr'><strong>atque</strong></span> <span class='ocrx_word' id='word_1_662' title='bbox 793 5341 1081 5409; x_wconf 86' lang='lat' dir='ltr'><strong>impetibile</strong></span> <span class='ocrx_word' id='word_1_663' title='bbox 1106 5350 1225 5407; x_wconf 91' lang='lat' dir='ltr'><strong>est,</strong></span> <span class='ocrx_word' id='word_1_664' title='bbox 1255 5343 1481 5397; x_wconf 88' lang='lat' dir='ltr'><strong>attonito</strong></span> <span class='ocrx_word' id='word_1_665' title='bbox 1518 5345 1696 5399; x_wconf 85' lang='lat' dir='ltr'><strong>animo</strong></span> <span class='ocrx_word' id='word_1_666' title='bbox 1720 5354 1774 5398; x_wconf 89' lang='lat' dir='ltr'><strong>et</strong></span> <span class='ocrx_word' id='word_1_667' title='bbox 1812 5344 1983 5399; x_wconf 89' lang='lat' dir='ltr'><strong>fronte</strong></span> 
     </span>
    </p>
   </div>
   <div class='ocr_carea' id='block_1_100' title="bbox 424 5431 1977 5501">
    <p class='ocr_par' dir='ltr' id='par_1_100' title="bbox 424 5431 1977 5501">
     <span class='ocr_line' id='line_1_100' title="bbox 424 5431 1977 5501; baseline 0.004 -18"><span class='ocrx_word' id='word_1_668' title='bbox 424 5440 611 5485; x_wconf 71' lang='lat' dir='ltr'><strong>mmsta</strong></span> <span class='ocrx_word' id='word_1_669' title='bbox 638 5431 785 5485; x_wconf 74' lang='lat' dir='ltr'><strong>Letoa</strong></span> <span class='ocrx_word' id='word_1_670' title='bbox 808 5432 955 5486; x_wconf 80' lang='lat' dir='ltr'><strong>adire</strong></span> <span class='ocrx_word' id='word_1_671' title='bbox 982 5444 1292 5488; x_wconf 74' lang='lat' dir='ltr'><strong>cvnventns.</strong></span> <span class='ocrx_word' id='word_1_672' title='bbox 1315 5434 1451 5501; x_wconf 75' lang='lat' dir='ltr'><strong>Quid</strong></span> <span class='ocrx_word' id='word_1_673' title='bbox 1481 5435 1743 5490; x_wconf 86' lang='lat' dir='ltr'><strong>fortunam</strong></span> <span class='ocrx_word' id='word_1_674' title='bbox 1770 5436 1977 5499; x_wconf 86' lang='lat' dir='ltr'><strong>deceat,</strong></span> 
     </span>
    </p>
   </div>
   <div class='ocr_carea' id='block_1_101' title="bbox 421 5522 1981 5593">
    <p class='ocr_par' dir='ltr' id='par_1_101' title="bbox 421 5522 1981 5593">
     <span class='ocr_line' id='line_1_101' title="bbox 421 5522 1981 5593; baseline 0.004 -20"><span class='ocrx_word' id='word_1_675' title='bbox 421 5535 675 5588; x_wconf 80' lang='lat' dir='ltr'><strong>agnosco,</strong></span> <span class='ocrx_word' id='word_1_676' title='bbox 700 5536 820 5575; x_wconf 89' lang='lat' dir='ltr'><strong>cum</strong></span> <span class='ocrx_word' id='word_1_677' title='bbox 849 5538 949 5593; x_wconf 90' lang='lat' dir='ltr'><strong>qua</strong></span> <span class='ocrx_word' id='word_1_678' title='bbox 980 5522 1136 5577; x_wconf 90' lang='lat' dir='ltr'><strong>nimis</strong></span> <span class='ocrx_word' id='word_1_679' title='bbox 1165 5526 1549 5579; x_wconf 83' lang='lat' dir='ltr'><strong>contumaciter</strong></span> <span class='ocrx_word' id='word_1_680' title='bbox 1565 5526 1689 5593; x_wconf 83' lang='lat' dir='ltr'><strong>agit,</strong></span> <span class='ocrx_word' id='word_1_681' title='bbox 1716 5526 1801 5593; x_wconf 88' lang='lat' dir='ltr'><strong>qui</strong></span> <span class='ocrx_word' id='word_1_682' title='bbox 1833 5540 1981 5581; x_wconf 87' lang='lat' dir='ltr'><strong>acce-</strong></span> 
     </span>
    </p>
   </div>
   <div class='ocr_carea' id='block_1_102' title="bbox 426 5613 1981 5683">
    <p class='ocr_par' dir='ltr' id='par_1_102' title="bbox 426 5613 1981 5683">
     <span class='ocr_line' id='line_1_102' title="bbox 426 5613 1981 5683; baseline 0.003 -17"><span class='ocrx_word' id='word_1_683' title='bbox 426 5621 515 5679; x_wconf 86' lang='lat' dir='ltr'><strong>pto</strong></span> <span class='ocrx_word' id='word_1_684' title='bbox 540 5614 754 5667; x_wconf 77' lang='lat' dir='ltr'><strong>vulnere</strong></span> <span class='ocrx_word' id='word_1_685' title='bbox 774 5613 949 5667; x_wconf 83' lang='lat' dir='ltr'><strong>statim</strong></span> <span class='ocrx_word' id='word_1_686' title='bbox 983 5616 1143 5669; x_wconf 88' lang='lat' dir='ltr'><strong>miser</strong></span> <span class='ocrx_word' id='word_1_687' title='bbox 1182 5628 1301 5668; x_wconf 87' lang='lat' dir='ltr'><strong>esse</strong></span> <span class='ocrx_word' id='word_1_688' title='bbox 1328 5616 1643 5669; x_wconf 72' lang='lat' dir='ltr'><strong>dissimulat.</strong></span> <span class='ocrx_word' id='word_1_689' title='bbox 1676 5617 1727 5668; x_wconf 87' lang='lat' dir='ltr'><strong>Si</strong></span> <span class='ocrx_word' id='word_1_690' title='bbox 1751 5617 1910 5683; x_wconf 81' lang='lat' dir='ltr'><strong>justa,</strong></span> <span class='ocrx_word' id='word_1_691' title='bbox 1937 5618 1981 5671; x_wconf 88' lang='lat' dir='ltr'><strong>si</strong></span> 
     </span>
    </p>
   </div>
   <div class='ocr_carea' id='block_1_103' title="bbox 421 5705 1978 5776">
    <p class='ocr_par' dir='ltr' id='par_1_103' title="bbox 421 5705 1978 5776">
     <span class='ocr_line' id='line_1_103' title="bbox 421 5705 1978 5776; baseline 0.004 -19"><span class='ocrx_word' id='word_1_692' title='bbox 421 5706 741 5769; x_wconf 83' lang='lat' dir='ltr'><strong>necessaria,</strong></span> <span class='ocrx_word' id='word_1_693' title='bbox 766 5705 811 5759; x_wconf 85' lang='lat' dir='ltr'><strong>si</strong></span> <span class='ocrx_word' id='word_1_694' title='bbox 842 5719 965 5759; x_wconf 84' lang='lat' dir='ltr'><strong>vera</strong></span> <span class='ocrx_word' id='word_1_695' title='bbox 996 5709 1400 5774; x_wconf 73' lang='lat' dir='ltr'><strong>prtetcndimus;</strong></span> <span class='ocrx_word' id='word_1_696' title='bbox 1430 5708 1616 5774; x_wconf 80' lang='lat' dir='ltr'><strong>facim,</strong></span> <span class='ocrx_word' id='word_1_697' title='bbox 1642 5723 1738 5762; x_wconf 91' lang='lat' dir='ltr'><strong>oro</strong></span> <span class='ocrx_word' id='word_1_698' title='bbox 1770 5719 1842 5776; x_wconf 87' lang='lat' dir='ltr'><strong>te,</strong></span> <span class='ocrx_word' id='word_1_699' title='bbox 1875 5719 1978 5764; x_wconf 88' lang='lat' dir='ltr'><strong>tam</strong></span> 
     </span>
    </p>
   </div>
   <div class='ocr_carea' id='block_1_104' title="bbox 420 5797 1979 5869">
    <p class='ocr_par' dir='ltr' id='par_1_104' title="bbox 420 5797 1979 5869">
     <span class='ocr_line' id='line_1_104' title="bbox 420 5797 1979 5869; baseline 0.007 -24"><span class='ocrx_word' id='word_1_700' title='bbox 420 5806 666 5863; x_wconf 78' lang='lat' dir='ltr'><strong>prompta</strong></span> <span class='ocrx_word' id='word_1_701' title='bbox 692 5799 844 5852; x_wconf 86' lang='lat' dir='ltr'><strong>venia</strong></span> <span class='ocrx_word' id='word_1_702' title='bbox 864 5797 1103 5866; x_wconf 77' lang='lat' dir='ltr'><strong>ignoscat</strong></span> <span class='ocrx_word' id='word_1_703' title='bbox 1128 5798 1382 5851; x_wconf 74' lang='lat' dir='ltr'><strong>absentia:</strong></span> <span class='ocrx_word' id='word_1_704' title='bbox 1406 5815 1539 5853; x_wconf 67' lang='lat' dir='ltr'><strong>mea:</strong></span> <span class='ocrx_word' id='word_1_705' title='bbox 1561 5815 1721 5869; x_wconf 87' lang='lat' dir='ltr'><strong>quam</strong></span> <span class='ocrx_word' id='word_1_706' title='bbox 1750 5800 1883 5857; x_wconf 84' lang='lat' dir='ltr'><strong>bona</strong></span> <span class='ocrx_word' id='word_1_707' title='bbox 1908 5801 1979 5856; x_wconf 79' lang='lat' dir='ltr'><strong>af-</strong></span> 
     </span>
    </p>
   </div>
   <div class='ocr_carea' id='block_1_105' title="bbox 418 5888 1563 5955">
    <p class='ocr_par' dir='ltr' id='par_1_105' title="bbox 418 5888 1563 5955">
     <span class='ocr_line' id='line_1_105' title="bbox 418 5888 1563 5955; baseline 0.003 -14"><span class='ocrx_word' id='word_1_708' title='bbox 418 5888 483 5942; x_wconf 62' lang='lat' dir='ltr'><strong>fet</strong></span> <span class='ocrx_word' id='word_1_709' title='bbox 505 5888 578 5941; x_wconf 89' lang='lat' dir='ltr'><strong>tio</strong></span> <span class='ocrx_word' id='word_1_710' title='bbox 607 5897 777 5941; x_wconf 67' lang='lat' dir='ltr'><strong>tacut</strong></span> <span class='ocrx_word' id='word_1_711' title='bbox 798 5904 1073 5955; x_wconf 82' lang='lat' dir='ltr'><strong>pergerem</strong></span> <span class='ocrx_word' id='word_1_712' title='bbox 1102 5889 1406 5954; x_wconf 82' lang='lat' dir='ltr'><strong>postulavit.</strong></span> <span class='ocrx_word' id='word_1_713' title='bbox 1438 5889 1563 5945; x_wconf 58' lang='lat' dir='ltr'><strong>Van</strong></span> 
     </span>
    </p>
   </div>
   <div class='ocr_carea' id='block_1_106' title="bbox 2093 4795 3656 4865">
    <p class='ocr_par' dir='ltr' id='par_1_106' title="bbox 2093 4795 3656 4865">
     <span class='ocr_line' id='line_1_106' title="bbox 2093 4795 3656 4865; baseline 0.003 -14"><span class='ocrx_word' id='word_1_714' title='bbox 2093 4799 2195 4851; x_wconf 89' lang='lat' dir='ltr'><strong>mei</strong></span> <span class='ocrx_word' id='word_1_715' title='bbox 2220 4797 2428 4859; x_wconf 81' lang='lat' dir='ltr'><strong>fecerit,</strong></span> <span class='ocrx_word' id='word_1_716' title='bbox 2454 4796 2663 4849; x_wconf 83' lang='lat' dir='ltr'><strong>confido</strong></span> <span class='ocrx_word' id='word_1_717' title='bbox 2687 4796 2774 4848; x_wconf 91' lang='lat' dir='ltr'><strong>tali</strong></span> <span class='ocrx_word' id='word_1_718' title='bbox 2804 4796 3047 4865; x_wconf 88' lang='lat' dir='ltr'><strong>adjutore</strong></span> <span class='ocrx_word' id='word_1_719' title='bbox 3075 4795 3216 4865; x_wconf 81' lang='lat' dir='ltr'><strong>leges</strong></span> <span class='ocrx_word' id='word_1_720' title='bbox 3243 4797 3308 4849; x_wconf 88' lang='lat' dir='ltr'><strong>ad</strong></span> <span class='ocrx_word' id='word_1_721' title='bbox 3334 4796 3448 4851; x_wconf 87' lang='lat' dir='ltr'><strong>fora</strong></span> <span class='ocrx_word' id='word_1_722' title='bbox 3475 4808 3656 4855; x_wconf 85' lang='lat' dir='ltr'><strong>nostra</strong></span> 
     </span>
    </p>
   </div>
   <div class='ocr_carea' id='block_1_107' title="bbox 2092 4888 2523 4947">
    <p class='ocr_par' dir='ltr' id='par_1_107' title="bbox 2092 4888 2523 4947">
     <span class='ocr_line' id='line_1_107' title="bbox 2092 4888 2523 4947; baseline -0.007 -6"><span class='ocrx_word' id='word_1_723' title='bbox 2092 4890 2346 4947; x_wconf 87' lang='lat' dir='ltr'><strong>reditura.</strong></span> <span class='ocrx_word' id='word_1_724' title='bbox 2376 4888 2523 4941; x_wconf 85' lang='lat' dir='ltr'><strong>Vale.</strong></span> 
     </span>
    </p>
   </div>
   <div class='ocr_carea' id='block_1_108' title="bbox 2651 4976 3097 5035">
    <p class='ocr_par' dir='ltr' id='par_1_108' title="bbox 2651 4976 3097 5035">
     <span class='ocr_line' id='line_1_108' title="bbox 2651 4976 3097 5035; baseline 0 -6"><span class='ocrx_word' id='word_1_725' title='bbox 2651 4976 2864 5035; x_wconf 77' lang='lat' dir='ltr'><strong>EI‘IST.</strong></span> <span class='ocrx_word' id='word_1_726' title='bbox 2894 4976 3097 5032; x_wconf 72' lang='lat' dir='ltr'><strong>CXVII.</strong></span> 
     </span>
    </p>
   </div>
   <div class='ocr_carea' id='block_1_109' title="bbox 2634 5085 3387 5135">
    <p class='ocr_par' dir='ltr' id='par_1_109' title="bbox 2634 5085 3387 5135">
     <span class='ocr_line' id='line_1_109' title="bbox 2634 5085 3387 5135; baseline -0.003 -12"><span class='ocrx_word' id='word_1_727' title='bbox 2634 5085 3105 5125; x_wconf 78' lang='lat' dir='ltr'><strong>sruncnus.......</strong></span> <span class='ocrx_word' id='word_1_728' title='bbox 3384 5134 3387 5135; x_wconf 18' lang='grc' dir='ltr'><em>ν</em></span> 
     </span>
    </p>
   </div>
   <div class='ocr_carea' id='block_1_110' title="bbox 2162 5160 3654 5231">
    <p class='ocr_par' dir='ltr' id='par_1_110' title="bbox 2162 5160 3654 5231">
     <span class='ocr_line' id='line_1_110' title="bbox 2162 5160 3654 5231; baseline 0 -16"><span class='ocrx_word' id='word_1_729' title='bbox 2162 5160 2589 5231; x_wconf 80' lang='lat' dir='ltr'><strong>Exprobraveras</strong></span> <span class='ocrx_word' id='word_1_730' title='bbox 2620 5162 2745 5213; x_wconf 84' lang='lat' dir='ltr'><strong>mihi</strong></span> <span class='ocrx_word' id='word_1_731' title='bbox 2778 5175 2899 5216; x_wconf 85' lang='lat' dir='ltr'><strong>ante</strong></span> <span class='ocrx_word' id='word_1_732' title='bbox 2931 5161 3027 5213; x_wconf 87' lang='lat' dir='ltr'><strong>hac</strong></span> <span class='ocrx_word' id='word_1_733' title='bbox 3052 5160 3419 5230; x_wconf 81' lang='lat' dir='ltr'><strong>feras.qnibus</strong></span> <span class='ocrx_word' id='word_1_734' title='bbox 3444 5177 3550 5218; x_wconf 84' lang='lat' dir='ltr'><strong>non</strong></span> <span class='ocrx_word' id='word_1_735' title='bbox 3572 5173 3654 5215; x_wconf 71' lang='lat' dir='ltr'><strong>est</strong></span> 
     </span>
    </p>
   </div>
   <div class='ocr_carea' id='block_1_111' title="bbox 2090 5250 3654 5321">
    <p class='ocr_par' dir='ltr' id='par_1_111' title="bbox 2090 5250 3654 5321">
     <span class='ocr_line' id='line_1_111' title="bbox 2090 5250 3654 5321; baseline 0.001 -16"><span class='ocrx_word' id='word_1_736' title='bbox 2090 5267 2181 5306; x_wconf 87' lang='lat' dir='ltr'><strong>usa</strong></span> <span class='ocrx_word' id='word_1_737' title='bbox 2222 5260 2485 5321; x_wconf 62' lang='lat' dir='ltr'><strong>quaestura</strong></span> <span class='ocrx_word' id='word_1_738' title='bbox 2536 5251 2623 5303; x_wconf 87' lang='lat' dir='ltr'><strong>filii</strong></span> <span class='ocrx_word' id='word_1_739' title='bbox 2675 5252 2798 5306; x_wconf 90' lang='lat' dir='ltr'><strong>mei.</strong></span> <span class='ocrx_word' id='word_1_740' title='bbox 2848 5250 3125 5305; x_wconf 81' lang='lat' dir='ltr'><strong>Mordebar</strong></span> <span class='ocrx_word' id='word_1_741' title='bbox 3150 5256 3654 5307; x_wconf 81' lang='lat' dir='ltr'><strong>commemoratione</strong></span> 
     </span>
    </p>
   </div>
   <div class='ocr_carea' id='block_1_112' title="bbox 2088 5341 3683 5411">
    <p class='ocr_par' dir='ltr' id='par_1_112' title="bbox 2088 5341 3683 5411">
     <span class='ocr_line' id='line_1_112' title="bbox 2088 5341 3683 5411; baseline -0.005 -13"><span class='ocrx_word' id='word_1_742' title='bbox 2088 5344 2219 5398; x_wconf 66' lang='lat' dir='ltr'><strong>inriti</strong></span> <span class='ocrx_word' id='word_1_743' title='bbox 2273 5341 2535 5398; x_wconf 86' lang='lat' dir='ltr'><strong>beneficii.</strong></span> <span class='ocrx_word' id='word_1_744' title='bbox 2564 5342 2631 5394; x_wconf 88' lang='lat' dir='ltr'><strong>de</strong></span> <span class='ocrx_word' id='word_1_745' title='bbox 2670 5355 2775 5408; x_wconf 89' lang='lat' dir='ltr'><strong>quo</strong></span> <span class='ocrx_word' id='word_1_746' title='bbox 2802 5356 3020 5409; x_wconf 79' lang='lat' dir='ltr'><strong>arguere</strong></span> <span class='ocrx_word' id='word_1_747' title='bbox 3048 5342 3273 5395; x_wconf 90' lang='lat' dir='ltr'><strong>amicum</strong></span> <span class='ocrx_word' id='word_1_748' title='bbox 3305 5355 3403 5395; x_wconf 88' lang='lat' dir='ltr'><strong>nec</strong></span> <span class='ocrx_word' id='word_1_749' title='bbox 3433 5356 3683 5411; x_wconf 56' lang='lat' dir='ltr'><strong>(&#39;Oﬂlpﬂ-.</strong></span> 
     </span>
    </p>
   </div>
   <div class='ocr_carea' id='block_1_113' title="bbox 2088 5431 3655 5502">
    <p class='ocr_par' dir='ltr' id='par_1_113' title="bbox 2088 5431 3655 5502">
     <span class='ocr_line' id='line_1_113' title="bbox 2088 5431 3655 5502; baseline -0.002 -14"><span class='ocrx_word' id='word_1_750' title='bbox 2088 5445 2191 5489; x_wconf 90' lang='lat' dir='ltr'><strong>tem</strong></span> <span class='ocrx_word' id='word_1_751' title='bbox 2218 5434 2396 5502; x_wconf 64' lang='lat' dir='ltr'><strong>gratim</strong></span> <span class='ocrx_word' id='word_1_752' title='bbox 2425 5431 2717 5484; x_wconf 78' lang='lat' dir='ltr'><strong>debuisses.</strong></span> <span class='ocrx_word' id='word_1_753' title='bbox 2770 5431 2846 5485; x_wconf 87' lang='lat' dir='ltr'><strong>Tu</strong></span> <span class='ocrx_word' id='word_1_754' title='bbox 2882 5447 3009 5485; x_wconf 89' lang='lat' dir='ltr'><strong>vero</strong></span> <span class='ocrx_word' id='word_1_755' title='bbox 3053 5432 3211 5485; x_wconf 88' lang='lat' dir='ltr'><strong>etiam</strong></span> <span class='ocrx_word' id='word_1_756' title='bbox 3251 5431 3444 5499; x_wconf 87' lang='lat' dir='ltr'><strong>pretia,</strong></span> <span class='ocrx_word' id='word_1_757' title='bbox 3485 5441 3545 5485; x_wconf 87' lang='lat' dir='ltr'><strong>ut</strong></span> <span class='ocrx_word' id='word_1_758' title='bbox 3573 5433 3655 5485; x_wconf 87' lang='lat' dir='ltr'><strong>vir</strong></span> 
     </span>
    </p>
   </div>
   <div class='ocr_carea' id='block_1_114' title="bbox 2084 5519 3648 5592">
    <p class='ocr_par' dir='ltr' id='par_1_114' title="bbox 2084 5519 3648 5592">
     <span class='ocr_line' id='line_1_114' title="bbox 2084 5519 3648 5592; baseline -0.005 -11"><span class='ocrx_word' id='word_1_759' title='bbox 2084 5524 2553 5581; x_wconf 50' lang='lat' dir='ltr'><strong>excellentissimus</strong></span> <span class='ocrx_word' id='word_1_760' title='bbox 2585 5522 2882 5577; x_wconf 77' lang='lat' dir='ltr'><strong>Communis</strong></span> <span class='ocrx_word' id='word_1_761' title='bbox 2923 5521 3088 5577; x_wconf 89' lang='lat' dir='ltr'><strong>frater</strong></span> <span class='ocrx_word' id='word_1_762' title='bbox 3127 5519 3403 5575; x_wconf 83' lang='lat' dir='ltr'><strong>Brotadins</strong></span> <span class='ocrx_word' id='word_1_763' title='bbox 3430 5523 3648 5592; x_wconf 76' lang='lat' dir='ltr'><strong>allegat,</strong></span> 
     </span>
    </p>
   </div>
   <div class='ocr_carea' id='block_1_115' title="bbox 2086 5608 3648 5684">
    <p class='ocr_par' dir='ltr' id='par_1_115' title="bbox 2086 5608 3648 5684">
     <span class='ocr_line' id='line_1_115' title="bbox 2086 5608 3648 5684; baseline -0.005 -13"><span class='ocrx_word' id='word_1_764' title='bbox 2086 5632 2181 5671; x_wconf 89' lang='lat' dir='ltr'><strong>nec</strong></span> <span class='ocrx_word' id='word_1_765' title='bbox 2204 5625 2445 5684; x_wconf 68' lang='lat' dir='ltr'><strong>speratae,</strong></span> <span class='ocrx_word' id='word_1_766' title='bbox 2476 5628 2570 5665; x_wconf 89' lang='lat' dir='ltr'><strong>nec</strong></span> <span class='ocrx_word' id='word_1_767' title='bbox 2603 5612 2805 5665; x_wconf 62' lang='lat' dir='ltr'><strong>tradite</strong></span> <span class='ocrx_word' id='word_1_768' title='bbox 2830 5615 2901 5666; x_wconf 88' lang='lat' dir='ltr'><strong>rei</strong></span> <span class='ocrx_word' id='word_1_769' title='bbox 2929 5613 3179 5680; x_wconf 84' lang='lat' dir='ltr'><strong>postulas.</strong></span> <span class='ocrx_word' id='word_1_770' title='bbox 3205 5608 3648 5681; x_wconf 69' lang='lat' dir='ltr'><strong>Magisjnratmo,</strong></span> 
     </span>
    </p>
   </div>
   <div class='ocr_carea' id='block_1_116' title="bbox 2083 5703 3645 5771">
    <p class='ocr_par' dir='ltr' id='par_1_116' title="bbox 2083 5703 3645 5771">
     <span class='ocr_line' id='line_1_116' title="bbox 2083 5703 3645 5771; baseline -0.003 -11"><span class='ocrx_word' id='word_1_771' title='bbox 2083 5708 2125 5761; x_wconf 89' lang='lat' dir='ltr'><strong>si</strong></span> <span class='ocrx_word' id='word_1_772' title='bbox 2154 5705 2349 5766; x_wconf 75' lang='lat' dir='ltr'><strong>credis,</strong></span> <span class='ocrx_word' id='word_1_773' title='bbox 2378 5718 2405 5754; x_wconf 89' lang='lat' dir='ltr'><strong>a</strong></span> <span class='ocrx_word' id='word_1_774' title='bbox 2438 5703 2749 5756; x_wconf 80' lang='lat' dir='ltr'><strong>verecundia</strong></span> <span class='ocrx_word' id='word_1_775' title='bbox 2780 5705 2844 5755; x_wconf 88' lang='lat' dir='ltr'><strong>ad</strong></span> <span class='ocrx_word' id='word_1_776' title='bbox 2878 5703 3152 5771; x_wconf 84' lang='lat' dir='ltr'><strong>pecuniam</strong></span> <span class='ocrx_word' id='word_1_777' title='bbox 3197 5704 3298 5755; x_wconf 87' lang='lat' dir='ltr'><strong>lata</strong></span> <span class='ocrx_word' id='word_1_778' title='bbox 3338 5708 3645 5757; x_wconf 82' lang='lat' dir='ltr'><strong>conventio.</strong></span> 
     </span>
    </p>
   </div>
   <div class='ocr_carea' id='block_1_117' title="bbox 2082 5794 3646 5865">
    <p class='ocr_par' dir='ltr' id='par_1_117' title="bbox 2082 5794 3646 5865">
     <span class='ocr_line' id='line_1_117' title="bbox 2082 5794 3646 5865; baseline -0.003 -12"><span class='ocrx_word' id='word_1_779' title='bbox 2082 5799 2253 5853; x_wconf 78' lang='lat' dir='ltr'><strong>Mnus</strong></span> <span class='ocrx_word' id='word_1_780' title='bbox 2298 5796 2439 5851; x_wconf 89' lang='lat' dir='ltr'><strong>enim</strong></span> <span class='ocrx_word' id='word_1_781' title='bbox 2485 5809 2644 5863; x_wconf 83' lang='lat' dir='ltr'><strong>grave</strong></span> <span class='ocrx_word' id='word_1_782' title='bbox 2686 5804 2768 5850; x_wconf 85' lang='lat' dir='ltr'><strong>est</strong></span> <span class='ocrx_word' id='word_1_783' title='bbox 2815 5795 3126 5858; x_wconf 84' lang='lat' dir='ltr'><strong>debitorem,</strong></span> <span class='ocrx_word' id='word_1_784' title='bbox 3174 5808 3329 5865; x_wconf 88' lang='lat' dir='ltr'><strong>quam</strong></span> <span class='ocrx_word' id='word_1_785' title='bbox 3380 5794 3646 5865; x_wconf 81' lang='lat' dir='ltr'><strong>ingratum</strong></span> 
     </span>
    </p>
   </div>
   <div class='ocr_carea' id='block_1_118' title="bbox 2083 5884 3647 5958">
    <p class='ocr_par' dir='ltr' id='par_1_118' title="bbox 2083 5884 3647 5958">
     <span class='ocr_line' id='line_1_118' title="bbox 2083 5884 3647 5958; baseline -0.003 -15"><span class='ocrx_word' id='word_1_786' title='bbox 2083 5889 2267 5943; x_wconf 86' lang='lat' dir='ltr'><strong>videri.</strong></span> <span class='ocrx_word' id='word_1_787' title='bbox 2302 5886 2395 5943; x_wconf 84' lang='lat' dir='ltr'><strong>Est</strong></span> <span class='ocrx_word' id='word_1_788' title='bbox 2422 5885 2575 5956; x_wconf 87' lang='lat' dir='ltr'><strong>igitur</strong></span> <span class='ocrx_word' id='word_1_789' title='bbox 2598 5886 2742 5953; x_wconf 91' lang='lat' dir='ltr'><strong>optio</strong></span> <span class='ocrx_word' id='word_1_790' title='bbox 2764 5895 2872 5952; x_wconf 87' lang='lat' dir='ltr'><strong>tua,</strong></span> <span class='ocrx_word' id='word_1_791' title='bbox 2902 5901 3077 5952; x_wconf 89' lang='lat' dir='ltr'><strong>ursos,</strong></span> <span class='ocrx_word' id='word_1_792' title='bbox 3108 5897 3242 5958; x_wconf 86' lang='lat' dir='ltr'><strong>quos</strong></span> <span class='ocrx_word' id='word_1_793' title='bbox 3272 5884 3647 5955; x_wconf 82' lang='lat' dir='ltr'><strong>intempestate</strong></span> 
     </span>
    </p>
   </div>
  </div>
