3896 6340
196 302 274 357 333
1286 293 1752 349 EPISTOLARL'M
1795 294 1993 349 LIBER
2034 297 2118 348 IX.

3205 312 3310 365 358

195 413 291 466 dicis
328 410 514 465 amissos
555 409 848 478 naufragio,
900 416 1099 463 taxare.
1154 407 1322 461 lIabes
1370 409 1420 459 in
1472 421 1648 469 manu,
1680 411 1728 466 Α
1757 409 1906 470 quias
1946 409 2355 465 submovendas.
2399 410 2577 481 Itaque
2622 396 2677 467 ut
2708 429 2895 484 promp
2923 420 2999 472 ius
3030 434 3203 488 partes
3232 427 3309 479 in-

194 514 339 571 quanto
368 502 598 555 aestimare
640 501 767 552 milii
806 498 993 553 debeas
1032 498 1315 551 inefficacis
1354 498 1461 549 voti
1506 496 1652 550 beni-

190 594 398 658 gnitatem.
441 590 648 643 Tantum
680 597 890 642 maneat
915 587 1141 641 amicitia
1174 596 1374 647 nostra,
1419 586 1654 653 nihilque

192 682 359 733 fortuna
397 680 440 732 itt
478 694 584 731 eam
633 678 808 731 liceat.
852 676 1117 731 Summam
1160 691 1298 744 pono
1336 675 1651 742 dispendio:

185 787 260 822 nou
291 769 531 821 subducam
569 769 846 835 pecuniam
896 780 1064 819 meam
1105 769 1253 819 navis
1291 776 1395 818 tute
1422 764 1652 826 casibus,

187 859 294 911 Vale.
344 867 354 876 ‘

643 947 856 1002 EPIST.
886 946 1111 999 cxvttt.
1163 1009 1172 1017 ,

654 1052 1126 1090 εγςιλειιυε.......

228 1126 451 1195 Hospitem
488 1135 630 1179 tuum
676 1126 983 1179 Faustinum
1033 1126 1259 1177 Senatus
1302 1122 1658 1189 amplissimus

175 1220 211 1270 in
234 1219 491 1271 societatem
523 1220 753 1283 recepit,
797 1226 939 1269 tanta
968 1217 1103 1283 apud
1147 1232 1244 1267 nos
1274 1213 1557 1267 testimonii
1588 1215 1656 1265 tui

171 1310 503 1375 antiquitasest,
535 1319 593 1360 ut
613 1307 814 1361 differri
839 1324 953 1375 qua:
980 1309 1110 1360 velis
1138 1309 1302 1359 instar
1327 1306 1529 1373 injurite
1567 1304 1655 1357 sil.

168 1401 252 1452 Tibi
290 1400 423 1467 igitur
466 1408 744 1465 acceptum
797 1399 928 1451 ferat
976 1399 1202 1465 studium
1236 1398 1396 1450 totius
1436 1396 1655 1448 ordinis.

168 1492 264 1543 Nam
289 1500 335 1543 ut
371 1491 623 1544 beneficio
668 1505 821 1543 sacro
860 1490 1013 1542 debet
1043 1490 1310 1556 dignitatis
1341 1489 1661 1556 impetratio-

164 1599 270 1646 nem,
295 1585 353 1639 ita
379 1593 459 1636 tuo
488 1584 693 1637 decreti
726 1584 887 1633 nostri
918 1582 1261 1634 celeritatem.
1298 1578 1447 1631 Vale.

663 1673 873 1725 IIPIST.
920 1671 1104 1724 CXIX.

645 1777 1105 1815 δγαυλςηιτε.......

209 1854 412 1918 Plerique
440 1865 496 1905 te
518 1856 687 1904 accitu
714 1854 943 1904 consulis
972 1851 1318 1903 Mediolanum
1344 1849 1523 1901 venire
1546 1864 1661 1901 cre-

152 1945 336 1998 didimus
363 1962 375 1996 :
405 1960 529 2013 pars
577 1944 631 1996 in
675 1943 842 1995 Callia
889 1946 1147 1995 resedisse
1187 1944 1471 2006 jriclabatit.
1528 1944 1662 1994 lnter

154 2038 239 2090 lucc
264 2036 552 2102 opinionum
584 2035 749 2095 varia,
784 2048 1007 2101 quonam
1040 2034 1291 2085 mittenda
1319 2044 1496 2085 essent
1523 2048 1661 2097 ηυιιξ-

150 2128 276 2179 5loria
303 2129 426 2179 dona
460 2124 719 2177 dubitavi.
776 2125 1054 2193 Pestqnatn
1085 2124 1207 2174 mihi
1238 2123 1469 2174 solvendi
1502 2122 1659 2174 ollicii

148 2215 427 2269 occasionem
459 2216 644 2267 tribuit
673 2216 938 2267 adventus
972 2224 1197 2273 tuorum,
1252 2212 1538 2272 Clarentio,
1571 2228 1661 2263 cu-

143 2304 209 2369 jus
241 2314 514 2371 spectatam
563 2304 718 2355 fidem
770 2317 1039 2365 noveram,
1085 2316 1338 2353 consueta
1388 2316 1657 2352 munerum

145 2396 377 2449 deferenda
406 2395 674 2449 commisi.
698 2392 811 2445 Non
839 2393 1207 2458 aspernabere,
1236 2401 1289 2441 ut
1311 2392 1534 2451 wstimo,
1561 2390 1659 2458 dy-

145 2488 242 2551 ptici
265 2497 311 2539 et
336 2487 625 2552 aptioretici
657 2484 999 2535 oblationem.
1034 2482 1211 2548 Neque
1234 2484 1371 2531 enim
1399 2494 1556 2547 grave
1580 2490 1662 2532 est

142 2575 429 2626 verecundiae
474 2583 578 2625 tua:
620 2573 879 2624 solemnia
918 2582 968 2623 et
1008 2574 1177 2623 votiva
1208 2570 1495 2635 suscipere.
1534 2571 1659 2635 Qua:

144 2679 239 2715 cum
271 2665 508 2717 amicitia:
551 2663 882 2723 deferantur,
914 2663 1129 2729 pertinet
1173 2662 1235 2713 ad
1267 2663 1497 2713 caritatis
1529 2676 1658 2713 con-
1696 2700 1699 2705 .

138 2752 406 2818 fessionem,
432 2763 489 2806 ut
512 2753 694 2807 deberi
719 2752 821 2804 sibi
853 2752 965 2805 hac
984 2754 1189 2804 animus
1213 2754 1471 2805 sumentis
1500 2765 1661 2819 agno-

138 2849 245 2895 scat.
274 2842 417 2896 Vale.

689 2930 896 2983 EPIST.
924 2929 1083 2982 CXX.

656 3036 1111 3075 δῑιιιιλοιιιῑς......

1756 500 1948 565 genita:
1982 500 2072 551 tibi
2112 501 2374 568 aequitatis
2400 504 2643 569 arripias.
2674 515 2914 571 precator
2942 514 3161 576 accedo;
3197 529 3311 568 me-

1756 604 1874 641 tnor
1916 604 2125 657 semper
2174 593 2378 644 futurus
2429 594 2558 645 tanti
2605 594 2863 661 benefici,
2903 597 2945 649 si
2986 615 3137 665 quem
3181 620 3310 656 cou-

1758 686 1959 730 stanter
1998 696 2218 746 purgare
2248 683 2495 749 dignatus
2525 698 2604 746 es,
2635 687 2844 739 tandem
2874 692 3132 741 securitas
3160 694 3309 757 pieua

1757 770 2063 835 respeteiit.
2101 771 2246 825 Vale.

2299 858 2511 915 EPIST.
2541 862 2776 919 CXXIII.

2318 962 2753 1005 SVIIACIIL‘S......

1830 1033 2113 1087 Plurimum
2140 1037 2419 1105 voluptatis
2438 1054 2500 1091 es
2529 1042 2714 1095 litteris
2741 1044 2840 1095 tuis
2861 1053 2983 1096 ante
3012 1046 3311 1113 capiebam;

1760 1142 1896 1179 nunc
1926 1126 2251 1194 Iacrymabili
2277 1133 2657 1196 tuoqucstimte
2685 1144 2913 1187 mentem
2937 1137 3155 1203 legentis
3179 1138 3309 1189 infu-

1759 1229 1896 1267 sras.
1931 1215 2025 1268 [ιη
2073 1216 2157 1268 illa
2203 1221 2485 1282 sententia,
2517 1238 2632 1288 qua:
2670 1234 2720 1276 te
2765 1237 2817 1274 tt
2855 1237 3053 1277 natura:
3101 1228 3237 1279 bono
3262 1241 3317 1280 et

1762 1315 1997 1358 veterum
2026 1307 2249 1362 lectione
2280 1320 2461 1362 contra
2493 1313 2665 1363 omnia
2686 1312 2907 1366 fortuna:
2926 1320 3026 1367 tela
3052 1318 3317 1370 ﬁrmavit?

1762 1393 1977 1461 Dignam
2009 1396 2119 1447 viro
2149 1412 2360 1450 assume
2390 1402 2730 1465 patientiam,
2762 1414 2813 1454 et
2842 1420 2959 1470 quas
3000 1408 3184 1457 mutari
3226 1424 3317 1459 ne-

1760 1494 1975 1549 queunt,
2006 1486 2199 1537 dest-te
2229 1490 2425 1553 lugere.
2461 1490 2678 1543 Levium
2728 1492 2817 1542 tibi
2848 1502 3034 1545 i-untrla
3078 1504 3193 1560 post
3222 1497 3317 1547 itit-

1763 1572 1981 1638 probum
2023 1589 2273 1639 generum
2305 1579 2494 1629 debent
2530 1581 2713 1630 videri.
2757 1580 2862 1631 Cur
2902 1590 3075 1633 autem
3118 1585 3317 1648 torpori

1762 1674 1917 1728 atque
1945 1664 2053 1713 utin
2092 1679 2265 1725 \‘act-s,
2314 1677 2365 1717 et
2407 1670 2702 1732 patrimonii
2730 1672 3031 1748 itegligens,
3078 1674 3317 1724 Ieriatunt

1695 1758 1734 1813 Β
1769 1768 1948 1817 pascas
1974 1756 2243 1806 doli-retu?
2268 1756 2421 1810 Cura:
2461 1760 2566 1810 sint
2610 1760 2842 1825 reliquias
2882 1777 3059 1814 rerum
3088 1772 3317 1824 tuarum,

1763 1860 1893 1910 quas
1937 1844 2263 1899 facinorosos
2297 1850 2506 1901 invasor
2544 1852 2850 1915 exhaustam
2880 1865 2931 1905 ct
2958 1855 3157 1907 laceras
3189 1857 3315 1908 reli-

1762 1948 1900 2000 quit;
1940 1952 2005 1987 ne
2049 1937 2097 1987 iit
2132 1939 2212 1988 Itis
2244 1938 2542 2004 reipublicae
2573 1944 2976 1996 necessitatibus
3012 1956 3318 2011 recuperata

1762 2036 2063 2077 sustentare
2090 2043 2193 2079 non
2226 2030 2415 2094 possis,
2445 2044 2563 2096 qum
2590 2030 2733 2097 prius
2760 2033 2955 2084 omissa
2980 2044 3318 2102 contempse-

1762 2130 1867 2165 ras.
1908 2114 2050 2167 Vale.

2302 2206 2512 2262 EPIST.
2546 2206 2751 2263 CXXIV

2311 2312 2761 2355 S\IIACUCS......

1830 2384 2082 2437 Coactum
2120 2396 2167 2438 te
2199 2388 2319 2439 licet
2351 2388 2564 2441 fatearis
2606 2402 2660 2441 ut
2700 2393 2982 2455 scriberes,
3013 2403 3111 2460 ego
3142 2403 3318 2449 tamen

1764 2491 1866 2525 non
1907 2474 2077 2527 minus
2107 2487 2380 2543 acceptum
2412 2480 2501 2531 tibi
2539 2479 2732 2541 refero,
2785 2484 2924 2549 quod
2956 2500 3038 2535 me
3068 2487 3190 2554 styli
3223 2485 3321 2536 Ito-

1765 2579 1891 2618 tiore
1930 2560 2174 2632 dignatus
2215 2584 2292 2629 es,
2322 2584 2475 2635 quam
2509 2570 2551 2621 si
2592 2572 2687 2622 hoc
2716 2584 2905 2637 sponte
2937 2573 3170 2626 fecisses.
3217 2574 3321 2628 Sed

1766 2658 1982 2714 videtis.
2014 2660 2101 2722 qui
2130 2658 2289 2711 fuerit
2317 2668 2501 2710 auctor
2530 2663 2656 2711 tanti
2689 2665 2941 2716 muneris.
2976 2665 3099 2717 Blilii
3127 2678 3190 2718 ex
3221 2667 3322 2719 illis

1762 2744 1949 2796 litteris
1980 2745 2081 2796 non
2117 2748 2281 2803 IIOIIOS
2309 2756 2509 2799 tantum
2556 2750 2750 2814 gaudii,
2780 2752 2873 2802 sed
2903 2751 3101 2805 fructus
3126 2764 3321 2807 event.

1764 2835 1926 2886 Didiei
1956 2839 2091 2887 enim
2126 2848 2421 2889 Commeatu
2448 2844 2737 2891 annonario
2763 2844 3137 2897 convalescere
3177 2846 3324 2900 urbis

1762 2928 2119 2977 securitatem.
2170 2923 2420 2977 Faustum
2462 2920 2610 2979 etiam
2656 2931 2899 2995 intellexi,
2947 2949 3059 2984 cum
3103 2936 3323 3001 primunt

1763 3030 1962 3065 causam
1990 3026 2200 3066 vestram
2224 3027 2562 3085 cognosceret,
2587 3036 2781 3086 a'quum
2810 3038 2861 3071 se
2876 3024 3102 3089 judicent
3127 3027 3325 3092 prasti-

187 3112 461 3166 Ariminum
507 3128 653 3179 saepe
697 3113 1004 3175 praeteriens
1041 3110 1338 3177 tttztgisterio
1378 3120 1467 3161 tuo
1502 3109 1659 3163 didici
1691 3093 1737 3155 (ἶ
1770 3106 1904 3167 tisse,
1930 3116 1974 3157 et
2005 3107 2173 3157 allatis
2203 3110 2253 3157 in
2284 3112 2501 3161 medium
2528 3112 2909 3179 allegationibus
2940 3119 3061 3176 tuis,
3082 3115 3322 3169 codicum

130 3203 298 3255 amicos
320 3204 585 3254 honorare
612 3201 958 3253 munusculis.
990 3203 1161 3263 Quare
1192 3201 1456 3252 institutus
1484 3214 1661 3252 exem-

128 3292 200 3355 plo
234 3292 522 3345 necessaria
571 3292 690 3344 usui
735 3291 901 3357 magis
957 3292 1189 3356 tependo
1236 3306 1390 3357 quam
1435 3290 1655 3343 defero:

122 3395 225 3447 qua
264 3383 359 3435 n’si
403 3394 653 3450 prompta
704 3383 735 3434 d
761 3382 1004 3449 guatione
1046 3382 1364 3447 susceperis,
1416 3380 1661 3432 videbere

124 3486 270 3525 meam
309 3472 621 3526 facilitatem
659 3471 726 3525 de
755 3472 984 3538 acceptis
1032 3471 1183 3524 toties
1221 3480 1405 3523 notare
1436 3473 1661 3521 muneri-

120 3562 218 3613 bus.
252 3562 394 3618 Vale.

671 3648 886 3703 EPIST.
910 3648 1092 3701 CXXI.

652 3754 1044 3792 εῑιωιιςηυεημ
1060 3778 1094 3790 ..

174 3833 471 3899 Promptum
496 3831 627 3884 milii
654 3841 813 3897 atque
838 3830 1039 3883 declive
1068 3832 1330 3898 negotium
1362 3832 1657 3897 credidisti,

103 3925 150 3975 in
177 3914 276 3991 quo
302 3926 508 3977 nullum
542 3924 719 3975 nisum
750 3922 841 3973 libi
865 3936 1039 3987 operte
1068 3936 1198 3975 mete
1221 3924 1662 3991 vendito.Quippe

107 4015 180 4066 ubi
211 4016 439 4083 primum
462 4014 812 4083 spectabilem
838 4013 1007 4064 virum
1033 4012 1281 4065 Faustum
1312 4025 1394 4065 tua
1417 4016 1657 4081 epistola,

101 4118 244 4156 meus
284 4118 466 4156 sermo
509 4101 786 4164 convenit,
817 4110 872 4154 ut
918 4102 1077 4169 Epiro
1107 4102 1421 4170 mancipium
1466 4105 1533 4155 de
1560 4118 1662 4170 quo

98 4194 382 4260 ambigitis,
412 4194 462 4245 in
504 4206 729 4244 examen
773 4202 1032 4257 accersat,
1062 4206 1392 4260 nequaquam
1418 4194 1659 4246 adversa-

90 4290 175 4333 tus
193 4293 274 4334 est
290 4282 593 4350 postulatis.
608 4281 782 4349 Spero
803 4281 959 4349 igitur
980 4284 1147 4335 accitu
1172 4284 1286 4349 ejus
1312 4284 1457 4337 brevi
1482 4283 1663 4337 adfore

95 4374 368 4426 hominem
410 4388 568 4438 quem
611 4383 845 4427 vestrum
875 4373 1025 4427 alteri
1053 4374 1364 4441 disceptatio
1391 4374 1660 4427 familiaris

90 4462 386 4527 adjudicet.
415 4463 521 4516 Sed
550 4463 618 4515 de
647 4462 747 4515 hoc
776 4464 903 4518 satis
930 4440 1210 4517 verborum
1231 4475 1331 4520 est.
1358 4466 1433 4519 Te
1457 4474 1660 4518 oratum
1694 4440 1743 4499 θ

88 4552 230 4616 voto,
265 4562 329 4604 ut
361 4566 460 4604 nos
486 4552 715 4607 subinde
758 4555 1071 4621 scriptorum
1104 4554 1305 4608 honore
1351 4555 1661 4620 locupletes,

82 4650 135 4693 et
161 4641 314 4709 quod
356 4658 501 4697 nunc
524 4657 686 4698 causa
713 4654 933 4713 cogente
964 4644 1136 4699 fecisti
1162 4685 1176 4710 ,
1208 4644 1259 4698 id
1285 4646 1513 4699 amicitia
1541 4646 1664 4700 hor-

82 4744 233 4787 tante
258 4749 375 4788 non
399 4736 639 4789 deseras.
673 4736 825 4790 Vale.

664 4826 877 4880 EPIST.
902 4825 1107 4890 CXXII.

692 4930 1106 4970 SVIIACHUS..."

148 5002 564 5061 Prasumebam
609 5004 829 5074 quidem
862 5004 1113 5073 justitiam
1157 5016 1297 5063 tuam
1342 5007 1515 5063 fratris
1559 5008 1661 5064 mei

79 5093 333 5162 stagnilli
384 5097 605 5151 sinceris
632 5096 837 5149 actibus
881 5097 1195 5155 adfuturam.
1224 5100 1328 5154 Sed
1362 5100 1463 5154 fide
1487 5101 1664 5169 cogni-

80 5182 252 5235 tionis
300 5186 514 5249 andita,
565 5199 726 5253 quam
779 5186 932 5239 nobis
978 5188 1220 5240 omnibus
1267 5190 1661 5244 adventantium

82 5286 270 5327 δετωο
303 5276 576 5342 patefecit,
604 5274 890 5330 admodum
929 5278 1218 5343 gratulatus
1245 5294 1381 5341 sum,
1417 5278 1555 5345 quod
1589 5278 1661 5331 illi

82 5378 302 5425 noquum
337 5365 572 5432 judicem
613 5367 826 5421 fortuna
863 5368 1189 5431 prtesititerit.
1224 5369 1335 5437 Ago
1360 5370 1517 5437 igitur
1543 5382 1663 5436 gra-

84 5452 190 5503 tias
222 5468 329 5521 pro
354 5459 508 5513 amici
537 5458 643 5514 mei
686 5460 996 5521 securitate,
1014 5460 1162 5527 cujus
1189 5461 1667 5516 innocentissimum

86 5546 250 5594 vitam
298 5550 579 5603 sententia
631 5548 944 5603 testimonio
990 5550 1361 5617 comprobasti.
1405 5553 1469 5606 Et
1514 5566 1669 5620 spero

84 5638 541 5702 ettutentptatione
572 5641 649 5698 tui
681 5642 833 5697 brevi
865 5649 1080 5695 exteras
1112 5642 1378 5697 infortunii
1408 5645 1522 5706 ejus
1546 5646 1668 5700 reli-

54 6330 81 6333 -έ
162 6330 219 6335 -Ῠ
270 6330 553 6340 ——f—-————-—
584 6330 641 6340 μέ-

1766 3194 2069 3246 constitisse
2098 3196 2373 3248 rationem.
2422 3198 2550 3250 Nam
2594 3207 2807 3265 cretera,
2838 3217 2954 3269 qua:
2998 3216 3114 3271 post
3145 3217 3322 3259 secuta

1762 3282 2044 3349 significas,
2082 3285 2193 3351 ipso
2224 3285 2387 3338 invito
2414 3288 2600 3353 Opinor
2630 3300 2855 3353 extorta,
2912 3300 2963 3343 ct
2993 3306 3207 3359 sperare
3234 3296 3325 3347 de-

1764 3373 1967 3437 bemus,
2002 3380 2156 3427 talem
2184 3375 2295 3429 fore
2326 3378 2375 3429 in
2408 3378 2623 3444 reliquis
2645 3380 3078 3448 disceptatorem,
3114 3392 3323 3453 qualem

1766 3465 1857 3518 tibi
1886 3466 2115 3519 ostendit
2147 3468 2314 3534 prima
2354 3469 2600 3537 cognitio.
2654 3470 2762 3538 Ego
2812 3484 2984 3526 tamen
3028 3477 3091 3527 ad
3139 3480 3323 3531 incita-

1762 3566 2000 3609 mentum
2028 3557 2265 3623 justitize,
2287 3573 2442 3625 quam
2468 3560 2667 3612 meritis
2699 3562 2799 3613 tuis
2830 3562 3059 3616 arbitror
3081 3566 3323 3619 deferen-

1763 3646 1907 3707 dam,
1960 3646 2240 3700 familiares
2294 3647 2495 3700 litteras
2546 3648 2682 3713 misi,
2715 3666 2865 3717 quas,
2907 3654 2951 3704 si
3002 3656 3132 3705 ratio
3163 3672 3328 3722 popo-

1763 3738 1945 3801 scerit,
1979 3736 2030 3788 in
2063 3752 2247 3790 manus
2288 3737 2401 3805 ejus
2439 3738 2597 3790 facies
2644 3742 2939 3806 pervenire.
2985 3744 3134 3795 Aliud
3184 3749 3324 3798 enim

1763 3826 2089 3879 salubritatis
2132 3841 2297 3893 genus
2333 3827 2568 3879 conditio
2606 3831 2867 3895 temporis
2916 3845 3017 3881 nou
3070 3834 3324 3898 permittit

1764 3917 2025 3970 adhiberi.
2073 3916 2205 3968 Volo
2243 3927 2417 3969 autem
2458 3918 2595 3969 scias
2635 3921 2708 3980 (et
2746 3932 2931 3986 sponte
2964 3937 3055 3985 pro
3095 3925 3322 3978 amicitia

1766 4019 1944 4062 nostra
1973 4007 2133 4060 debes
2164 4006 2463 4075 advertere)
2494 4018 2672 4059 coram
2701 4025 2796 4075 pro
2825 4020 2873 4061 te
2904 4026 3071 4063 meam
3101 4028 3203 4064 non
3233 4014 3327 4065 de-

1765 4101 1997 4153 siderare
2044 4102 2385 4162 monitorem,
2440 4100 2532 4152 sed
2580 4115 2682 4152 non
2728 4114 2880 4165 posse
2945 4103 3170 4167 amplius
3212 4105 3324 4156 fieri

1764 4206 1918 4259 quam
1942 4201 1997 4243 ut
2021 4191 2109 4242 tibi
2131 4190 2365 4242 animum
2389 4190 2757 4256 disceptatoris
2785 4193 2966 4258 petitio
2994 4204 3172 4246 nostra
3195 4209 3326 4249 cou-

1764 4282 1921 4335 ciliet.
1957 4280 2101 4334 Vale.

2328 4370 2535 4425 EPIST.
2556 4370 2761 4423 CXXV.

2317 4479 2692 4517 εϊιικΑίιιιυε...
2707 4504 2765 4517 ...

1837 4553 2011 4608 Ludos
2038 4554 2315 4622 prtetorios
2344 4569 2721 4621 praeparemus,
2750 4572 2969 4621 quorum
2995 4567 3211 4609 ornatus
3236 4573 3323 4625 pe-

1766 4646 1973 4712 regrina
2020 4643 2267 4696 animalia
2306 4643 2592 4707 desiderat,
2624 4655 2680 4696 ut
2723 4660 2860 4698 novo
2898 4648 3041 4699 cultu
3088 4648 3323 4702 Romana

1764 4734 2100 4801 splendescat
2133 4733 2315 4787 editio.
2364 4732 2606 4787 Addaces
2658 4737 2812 4802 igitur
2856 4746 2907 4789 et
2939 4750 3197 4805 pigargus
3236 4748 3326 4791 tuo

1767 4823 1943 4878 studio
1966 4823 2093 4876 milii
2115 4834 2240 4890 Opto
2261 4826 2517 4892 praestari,
2535 4840 2754 4891 quorum
2772 4827 2975 4891 copiam
3006 4827 3154 4878 limes
3180 4826 3324 4878 vobis

1774 4916 2027 4970 finitimus
2056 4918 2442 4968 subministrat.
2492 4915 2732 4980 Dignare,
2768 4931 2894 4981 rogo
2939 4927 3008 4975 te,
3040 4916 3324 4969 amicitiam

1770 5016 2004 5061 nostram
2040 5007 2215 5057 votivo
2257 5006 2473 5072 pignore
2500 5002 2775 5058 Imderare.
2803 5006 2914 5057 Non
2942 5020 3035 5057 ero
3065 5006 3235 5071 impar
3262 5006 3325 5059 ad

1772 5098 2181 5151 vicissitudinem
2211 5094 2622 5163 rependendam,
2647 5094 2692 5148 si
2720 5094 2845 5163 quid
2867 5096 3026 5148 etiam
3058 5105 3178 5150 tuus
3200 5111 3327 5149 usus

1726 5230 1734 5238 .
1771 5190 2023 5258 exegerit.
2067 5188 2209 5241 Vale.

2309 5277 2521 5331 EPIST.
2555 5276 2781 5330 CXXVI.

2322 5382 2761 5421 δγιιηοιιυε......

1838 5461 2000 5529 Spem
2030 5460 2157 5513 milii
2182 5459 2437 5511 adventus
2462 5460 2533 5509 tui
2567 5460 2719 5524 longo
2750 5466 2986 5521 tempore
3019 5453 3322 5519 pollicebar.

1772 5553 1847 5605 Tu
1888 5566 2010 5603 vero
2038 5551 2193 5603 etiam
2235 5562 2374 5602 nunc
2412 5548 2475 5601 de
2508 5563 2589 5599 me
2619 5548 2933 5613 scriptorum
2978 5546 3115 5595 vices
3156 5554 3322 5607 postu-

1774 5645 1869 5705 las,
1900 5654 1951 5698 et
1976 5644 2271 5697 diuturnam
2303 5641 2529 5704 quodam
2576 5639 2729 5693 modo
2762 5637 2979 5689 minaris
3008 5636 3318 5690 absentiam.
