3826 6370
567 233 696 286 Nam
723 231 846 300 quid
878 230 975 284 sibi
1006 228 1114 282 t'ult
1143 228 1305 281 mttttti
1336 228 1508 281 solatii
1539 228 1811 296 flagitatio,
1852 230 1894 280 si
1928 228 2127 282 redi:us
2154 227 2202 284 A

565 318 670 388 iam
717 319 961 389 paratur?
994 318 1044 370 Si
1084 317 1205 385 quid
1247 317 1405 384 igitur
1438 316 1577 384 apud
1617 325 1669 370 te
1706 317 1946 370 consiliis
1990 317 2121 370 meis

569 412 666 482 loci
688 419 790 476 est,
820 408 1012 463 suadeo
1051 408 1233 461 urbem
1283 407 1504 472 revisas,
1534 407 1596 460 ad
1628 421 1784 476 quam
1814 418 1865 462 te
1893 417 1945 460 et
1974 421 2123 460 amor

565 502 762 556 civicus
797 508 1002 567 evocat,
1043 509 1095 553 et
1129 513 1253 552 cura
1292 499 1572 567 qumstoria
1607 515 1619 550 :
1653 498 1805 566 cujus
1843 508 2124 567 apparatus

568 592 768 646 etiamsi
798 592 977 657 cepias
1016 589 1192 642 divitis
1223 589 1400 652 habet,
1440 598 1616 642 tamen
1646 588 1869 656 requirit
1905 588 2124 656 diligeno

569 686 689 736 tiam
721 682 1021 736 Candidati.
1060 681 1204 734 Vale.

901 756 903 760 ’
1165 768 1378 824 EPIST.
1412 767 1667 840 cxxvtt.

1135 873 1522 913 δῑκκλοευε....
1538 899 1550 911 .
1563 897 1599 912 η

638 973 883 1026 Animum
930 984 1085 1038 quem
1119 969 1268 1022 nobis
1296 969 1567 1037 rependis,
1598 969 1911 1038 agnovimus
1938 982 2122 1023 recen-

568 1065 695 1115 timn
740 1063 873 1116 serie
921 1062 1245 1123 litterarum;
1299 1060 1392 1113 sed
1441 1061 1664 1115 moleSIe
1714 1062 1927 1115 ferimus
1970 1063 2124 1129 hujus

568 1152 800 1205 muneris
826 1151 1119 1204 "raritatem.
1150 1150 1216 1203 Et
1245 1150 1363 1203 ideo
1392 1150 1759 1216 adhortamur,
1791 1160 1848 1204 ut
1878 1153 2122 1220 frequen-

566 1255 646 1297 ter
671 1243 894 1310 artipias
918 1243 1166 1297 iudicium
1198 1243 1470 1297 familiaris
1491 1245 1672 1299 ofﬁcii.
1705 1246 1897 1300 Petitio
1926 1256 2011 1300 tua
2033 1261 2124 1300 su-

569 1349 660 1398 per
692 1334 998 1388 haereditate
1042 1331 1102 1386 C.
1147 1333 1218 1387 bl.
1248 1334 1313 1388 V.
1355 1333 1513 1400 Aﬁrii,
1553 1351 1725 1404 neque
1765 1336 1913 1400 mihi,
1953 1351 2124 1404 neque

567 1427 705 1490 aliis,
729 1429 815 1495 qui
843 1428 916 1480 tui
945 1442 1125 1482 curam
1153 1437 1342 1497 gerunt
1363 1430 1472 1482 visa
1502 1430 1806 1497 probabilis.
1848 1432 1976 1484 Nam
2003 1445 2122 1499 qua:

567 1518 682 1583 iure
724 1534 786 1572 ac
827 1520 1029 1588 legibus
1068 1527 1193 1572 sunt
1235 1520 1441 1583 relicta,
1487 1522 1707 1575 alienari
1754 1523 2122 1590 impetratione

1702 117 1763 184 ρ.
1807 116 2143 173 AURELIUS
2183 116 2606 170 SYMMACIIUS.
3672 114 3746 164 52.6

2780 225 2991 280 EPIST.
3033 224 3242 279 CXXX.

2790 329 3211 370 SYMMACIIUS..."

2295 413 2543 466 Idoneum
2575 418 2778 475 tempus
2807 417 2888 461 est
2917 421 3019 472 quo
3062 405 3344 472 probemus
3388 403 3511 472 quid
3543 403 3752 457 anticite

2227 513 2420 556 nostra:
2451 497 2720 568 religionis
2749 497 3019 551 exhibeas.
3071 493 3409 548 Delatus'est
3441 492 3578 545 enim
3609 507 3635 542 a
3668 493 3753 545 cle-

2226 589 2572 645 mentissimis
2616 587 2940 655 principibus
2987 584 3286 638 ordinarius
3339 583 3660 637 consulatus.
3708 583 3755 633 Et

2227 684 2344 737 ideo
2386 696 2565 736 curam
2598 689 2737 732 tuam
2779 677 3012 746 efﬂagito
3055 676 3106 728 in
3152 673 3490 743 providendis
3519 672 3752 733 omnibus,

2227 789 2340 840 quae
2373 775 2540 839 poscit
2582 769 2762 824 editio.
2821 768 3072 822 Homines
3116 766 3219 820 mei
3275 765 3571 833 specierum
3619 764 3754 830 pretia

2229 866 2620 926 ministrabunt.
2653 864 2707 916 In
2753 864 2851 916 hoc
2883 873 3082 916 tantum
3115 861 3344 914 studium
3374 870 3543 921 tuum,
3574 873 3755 912 curam-

2225 973 2329 1022 que
2367 955 2629 1017 desidero,
2667 966 2723 1007 ut
2750 968 2907 1022 quam
2940 952 3166 1020 primum
3213 949 3446 1019 przevehi
3472 949 3626 1018 justis
3663 964 3757 1018 pre-

2227 1050 2314 1102 tiis
2342 1057 2641 1116 comparata
2662 1046 2965 1115 praecipias.
2999 1044 3146 1097 Vale.

2771 1136 2982 1190 EPIST.
3023 1133 3258 1188 CXXXI.

2807 1240 3226 1280 SYHHACIIUS..."

2298 1319 2450 1386 Apud
2480 1332 2573 1370 eos
2594 1318 2782 1385 quibus
2812 1330 2951 1367 curae
2979 1315 3134 1368 debet
3155 1329 3274 1367 esse
3304 1313 3440 1366 fama
3471 1324 3761 1382 temporum,

2221 1408 2357 1475 justa
2391 1423 2493 1460 non
2543 1407 2693 1470 sileo,
2737 1414 2913 1459 certus
2961 1415 3117 1471 atque
3165 1418 3406 1466 securus,
3457 1405 3649 1457 nullius
3675 1415 3763 1457 stu-

2225 1501 2366 1552 dium
2406 1500 2605 1563 legibus
2631 1498 2955 1552 obfuturum.
3002 1496 3081 1548 0b
3130 1496 3330 1563 reliqua
3381 1510 3520 1548 arcae
3551 1496 3762 1560 vinat’taa,

569 1625 671 1661 non
703 1617 942 1677 possunt.
973 1609 1121 1681 Quod
1155 1610 1224 1662 ita
1254 1623 1372 1663 esse
1402 1610 1802 1665 Valentinianus
1831 1612 2124 1666 communis

2235 1604 2344 1658 qua
2373 1590 2553 1642 multis
2583 1588 2844 1655 prmfectis
2874 1588 3173 1654 superiores
3225 1585 3492 1653 principes
3534 1585 3765 1653 exigenda

569 1701 770 1752 amicus
808 1709 1062 1767 expertus
1103 1708 1204 1765 est,
1245 1700 1334 1767 qui
1373 1715 1694 1769 magnopere
1740 1701 2018 1766 laboravit,
2069 1711 2129 1754 ut

567 1786 785 1857 aliquid.
815 1791 858 1842 si
886 1790 998 1843 ﬁeri
1025 1799 1224 1856 posset,
1249 1800 1538 1844 excuteret.
1555 1791 1658 1845 Sed
1683 1806 1802 1846 eum
1830 1792 2128 1860 refragante

567 1879 764 1948 iustitia
793 1880 1028 1934 deseruit
1052 1879 1247 1934 laboris
1269 1881 1508 1935 effectus.
1525 1882 1756 1938 Proinde
1777 1884 1820 1937 si
1851 1884 1975 1952 quid
2001 1884 2126 1938 mihi

569 1970 763 2032 credis,
796 1983 1011 2022 remove
1041 1983 1070 2021 a
1102 1979 1152 2022 te
1187 1971 1456 2037 petitionis
1482 1971 1755 2035 invidiam,
1784 1988 1941 2040 quam
1969 1975 2126 2026 etiam

568 2059 804 2112 consorti
841 2069 966 2128 opto
991 2059 1224 2115 suaderi.
1257 2059 1392 2114 Malo
1416 2061 1567 2115 vobis
1596 2062 1852 2131 integram
1896 2077 2017 2117 esse
2055 2063 2129 2114 fa-

571 2167 710 2204 mam
739 2167 893 2221 quam
919 2153 1162 2220 imputari
1194 2151 1492 2220 hujusmodi
1521 2154 1851 2221 petitionem.
1887 2153 2009 2208 Ηεεο
2045 2168 2130 2208 me

568 2243 740 2295 amice
767 2251 821 2296 et
849 2243 1072 2311 benigna
1100 2244 1239 2298 circa
1267 2252 1317 2297 te
1338 2244 1609 2298 voluntate
1631 2247 1875 2308 suadere,
1897 2260 1994 2313 pro
2015 2261 2130 2298 mu-

569 2341 656 2385 tua
685 2334 736 2385 in
759 2347 856 2386 nos
877 2333 1152 2401 diligentia
1171 2347 1539 2402 recognosces.
1565 2333 1818 2404 lntelligis
1839 2337 1979 2388 enim
1999 2334 2130 2388 nihil

570 2441 654 2476 me
682 2425 847 2492 magis
874 2440 1029 2492 quam
1061 2424 1504 2478 existimationem
1535 2425 1869 2479 familiarium
1920 2434 2129 2480 nostro-

570 2531 682 2566 rutu
713 2516 901 2569 debere
927 2531 1134 2568 curare.
1171 2515 1314 2568 Vale.

1071 2625 1285 2679 EPIST.
1325 2625 1604 2680 CXXVIII.

1124 2731 1567 2769 SYIIMACHUS......

640 2828 782 2881 More
809 2827 1151 2895 institutoque
1175 2828 1454 2895 majorum,
1479 2821 1736 2884 incestum
1768 2830 2128 2899 Primigeniae,

568 2919 764 2972 dudum
797 2920 931 2984 apud
961 2919 1145 2972 Albam
1173 2918 1390 2971 vestalis
1430 2922 1702 2984 antistitis,
1732 2922 1935 2990 collegii
1966 2923 2131 2975 nostri
2157 2925 2200 2985 C

569 3007 868 3077 tlisquisitio
903 3006 1253 3074 deprehendit
1280 3025 1290 3058 :
1316 3008 1456 3075 quod
1485 3019 1535 3061 et
1570 3011 1753 3076 ipsius,
1794 3019 1913 3078 qua!
1947 3020 2129 3064 conta-

572 3097 795 3151 minavit
841 3096 1144 3165 pudicitiam
1194 3110 1430 3160 sacram;
1480 3107 1533 3151 et
1581 3098 1815 3162 Maximi,
1863 3113 1982 3153 cum
2024 3115 2131 3170 quo

575 3189 856 3242 nefandum
906 3189 1108 3242 facinus
1138 3189 1374 3253 admisit,
1419 3191 1836 3248 confessionibus
1875 3194 2131 3249 claruisse

570 3289 717 3348 gesta
745 3288 1022 3334 testantur.
1047 3278 1231 3332 Restat
1257 3288 1311 3332 ut
1338 3280 1388 3332 in
1418 3295 1530 3344 eos,
1547 3281 1633 3348 qui
1665 3283 2008 3336 caeremonias
2031 3298 2129 3351 pu-

573 3373 738 3426 blicas
777 3370 1133 3425 abominando
1171 3371 1374 3425 scelere
1419 3372 1740 3439 polluerunt,
1781 3371 1954 3443 legum
1982 3387 2132 3428 seve-

571 3465 702 3516 ritas
742 3474 1007 3517 exeratur.
1049 3461 1177 3529 Qua:
1217 3462 1311 3515 tibi
1356 3464 1493 3516 actio
1533 3464 1600 3518 de
1631 3465 1852 3533 proximi
1878 3467 2130 3535 temporis

570 3553 814 3621 exemplo
840 3562 1046 3607 servata
1091 3563 1192 3605 est.
1224 3552 1292 3605 Et
1324 3552 1446 3606 ideo
1471 3553 1791 3622 dignaberis,
1821 3556 1954 3623 reip.
1988 3556 2131 3610 utili-

573 3652 732 3697 tatem
763 3643 1010 3712 legesque
1040 3642 1404 3708 considerans,
1435 3642 1639 3698 facinus
1659 3645 1862 3699 cunctis
1891 3646 1958 3698 ad
1991 3646 2133 3702 hunc

572 3749 738 3803 usque
763 3733 906 3788 diem
939 3733 1147 3787 sazculis
1175 3735 1516 3789 severissime
1541 3735 1881 3802 vindicatum,
1917 3748 2132 3806 compe-

573 3838 746 3882 tenter
772 3828 978 3888 ulcisci.
1011 3827 1155 3879 Vale.

1120 3907 1330 3970 EPIS'I‘.
1356 3913 1587 3973 CXXIX.

1121 4019 1469 4060 εγυιιλουῦε..
1481 4046 1589 4064 η...

639 4119 940 4176 Secundum
981 4119 1242 4189 proximae
1265 4121 1435 4172 aetatis
1461 4119 1726 4188 exempla,
1757 4120 2052 4177 clarissimo
2078 4135 2132 4178 et

571 4212 1018 4267 excellentissimo
1059 4211 1174 4265 viro
1209 4209 1357 4264 fratri
1392 4219 1574 4265 nostro
1614 4212 1864 4280 praefecto
1894 4212 2019 4267 Urbi
2047 4215 2130 4267 in-

2227 1679 2567 1740 mandarunt,
2590 1687 2645 1732 et
2672 1692 2789 1746 qua:
2820 1690 3005 1745 magna
3045 1690 3108 1728 ex
3136 1683 3283 1741 parte
3311 1675 3502 1727 collata
3532 1673 3765 1742 imperiali

2227 1779 2434 1826 constat
2480 1771 2699 1831 aerario,
2744 1768 2912 1821 soceri
2963 1765 3063 1819 mei
3103 1764 3252 1818 Orﬁti
3284 1764 3410 1816 olim
3456 1765 3701 1830 prmiecti,
3726 1773 3766 1817 et

2226 1872 2350 1917 ante
2394 1877 2561 1916 annos
2599 1859 3047 1929 quittdecim’sine
3074 1859 3178 1911 ulla
3208 1857 3341 1910 tituli
3376 1856 3531 1924 hujus
3557 1869 3767 1909 conven-

2231 1953 2373 2005 tione
2401 1952 2682 2010 demortui,
2716 1949 2954 2016 pulsatur
2984 1946 3294 2008 hmreditas;
3338 1945 3559 1998 obtentu
3587 1945 3769 2012 episto-

2230 2041 2317 2106 ιω,
2350 2057 2448 2107 qua
2479 2041 2631 2094 divus
2656 2038 3015 2098 Constantius,
3046 2037 3096 2089 id
3123 2035 3260 2104 quod
3289 2035 3540 2103 operibus
3569 2036 3770 2102 publicis

2229 2131 2502 2185 constabat
2533 2132 2852 2196 impensum,
2885 2127 3130 2196 integrari
3175 2140 3268 2193 per
3295 2139 3413 2178 eum
3446 2126 3654 2188 statuit;
3685 2125 3770 2176 mi-

2231 2231 2384 2276 natus
2426 2220 2526 2288 ipsi
2573 2229 2729 2285 atque
2757 2217 2950 2282 ofﬁcio,
2983 2227 3039 2270 ut
3071 2215 3180 2270 ﬁeri
3222 2215 3439 2280 assolet,
3482 2215 3582 2269 sub
3609 2215 3770 2268 condi-

2233 2312 2373 2365 tione
2398 2310 2753 2379 dispendium,
2775 2309 2819 2362 si
2836 2309 3098 2362 exactioni
3118 2322 3242 2362 cura
3269 2317 3577 2375 competens
3594 2305 3772 2360 defuis-

2231 2410 2330 2455 set.
2361 2400 2463 2455 Sed
2497 2413 2667 2468 neque
2696 2400 2808 2467 ipse
2850 2398 3153 2450 mandatum
3208 2396 3307 2449 sibi
3358 2411 3550 2448 munus
3588 2395 3770 2450 omisit.

2231 2499 2286 2545 et
2315 2497 2600 2558 sequentes
2630 2488 2919 2555 principes,
2944 2485 3082 2554 quod
3125 2485 3434 2553 praefectura
3465 2496 3772 2553 susceperat,

2232 2581 2297 2633 ad
2349 2581 2674 2648 posteriores
2718 2580 2924 2645 judices
2972 2577 3369 2637 transtulerunt.
3414 2576 3523 2630 Iloc
3565 2576 3774 2644 inclytus

2236 2670 2626 2724 Valanzinianus
2671 2671 2813 2723 omni
2862 2677 3015 2721 atate
3045 2667 3400 2721 memorabilis
3446 2667 3710 2734 princets,
3733 2676 3776 2719 et

2233 2761 2384 2813 divus
2427 2760 2705 2812 Gratianus
2755 2759 2921 2811 sacris
2953 2759 3139 2811 litteris
3179 2773 3456 2822 censuere,
3506 2773 3536 2810 a
3566 2772 3778 2824 quorum

2233 2849 2538 2902 deﬁnitione
2588 2865 2692 2901 non
2735 2849 2887 2902 decet
2931 2849 3169 2901 deviare.
3219 2846 3420 2900 Dehinc
3462 2861 3582 2900 cum
3637 2847 3778 2901 etiam

2233 2940 2452 2995 crimina
2476 2947 2643 2991 morte
2665 2939 2870 2992 soleant
2894 2937 3193 3000 terminari;
3220 2937 3270 2991 in
3294 2935 3390 2991 hac
3412 2946 3616 2990 tantum
3639 2949 3781 2991 causa

2233 3039 2413 3083 contra
2457 3030 2687 3096 optimos
2732 3028 2984 3096 principis
3015 3040 3214 3089 mores,
3241 3026 3306 3079 ad
3354 3035 3598 3094 posteros
3629 3028 3781 3093 inopi-

2233 3128 2352 3174 nata
2379 3119 2569 3172 damna
2597 3119 2972 3179 extenduntur,
3002 3127 3054 3170 ct
3086 3126 3330 3184 tanquam
3360 3118 3627 3185 integrum
3658 3119 3784 3172 desi-

2232 3219 2442 3277 gnatur,
2462 3209 2599 3274 quod
2625 3208 2814 3275 partim
2841 3208 3070 3260 solutum
3097 3215 3198 3270 est,
3231 3207 3420 3274 partim
3447 3221 3475 3258 a
3500 3209 3783 3262 rectoribus

2234 3297 2622 3364 provinciarum
2673 3297 2912 3350 censtitit
2958 3296 3272 3349 eruendum.
3319 3295 3494 3364 Super
3545 3297 3649 3351 hoc
3681 3313 3786 3351 cum

2231 3386 2405 3439 divina
2445 3385 2589 3455 jussa
2634 3385 2995 3454 sumpsissem,
3027 3385 3182 3438 ﬁdem
3213 3385 3322 3438 veri
3367 3386 3646 3440 occultare
3689 3401 3782 3439 nou

2232 3477 2411 3541 debui,
2453 3492 2571 3530 cum
2602 3477 2729 3545 legis
2766 3475 3084 3530 audientiam
3127 3475 3421 3529 tribuerent
3452 3475 3537 3530 bis
3572 3478 3667 3545 qui
3707 3491 3790 3529 ne-

2232 3585 2332 3639 que
2379 3569 2429 3622 in
2479 3568 2777 3637 cognitione
2820 3567 3190 3629 constiterant,
3242 3580 3414 3633 neque
3456 3576 3789 3634 sumpserant

2231 3658 2506 3713 relationis
2546 3659 2868 3725 exemplum.
2922 3657 3222 3711 Accedebat
3257 3657 3400 3710 enim
3431 3670 3596 3711 causa
3640 3658 3786 3711 robu-

2232 3749 2395 3813 stior,
2443 3749 2583 3816 quod
2624 3749 3020 3802 materfamilias
3064 3764 3180 3802 mea
3223 3748 3421 3802 dudum
3469 3753 3790 3820 etnancipata

2233 3846 2491 3898 bonorum
2523 3843 2911 3912 possessionem
2947 3851 3099 3913 patre
3128 3853 3337 3898 mortuo
3366 3861 3472 3900 non
3519 3851 3758 3915 peposcit
3777 3888 3789 3908 .

2233 3951 2388 4007 atque
2411 3939 2528 3993 ideo
2549 3939 2805 4006 rescripto
2831 3951 2889 3992 se
2911 3938 3134 3993 asseruit
3160 3952 3263 3992 non
3288 3939 3480 3992 teneri.
3504 3938 3620 3994 Misi
3644 3940 3793 4011 igitur

2233 4034 2329 4086 sub
2360 4031 2616 4085 relatione
2664 4040 2999 4084 monumenta
3040 4028 3331 4098 gestortim,
3379 4043 3609 4098 sperans
3645 4032 3793 4085 etiam

2235 4130 2337 4173 tua:
2365 4121 2633 4189 religionis
2660 4121 2860 4174 auxilio
2884 4135 3076 4174 novum
3104 4119 3409 4188 exemplum
3443 4135 3606 4188 posse
3629 4137 3799 4177 remo--

2237 4213 2369 4276 veri,
2402 4213 2455 4265 in
2494 4228 2554 4266 ea
2587 4211 2879 4280 praesertim
2908 4225 3090 4274 causa,
3130 4225 3249 4277 quae
3289 4224 3388 4264 nos
3415 4209 3537 4278 jure
3568 4227 3680 4266 non
3711 4213 3799 4264 itu-4

572 4312 789 4358 cestatae
821 4301 1153 4371 Primigenia:
1180 4303 1420 4372 virginis,
1462 4319 1581 4372 quae
1614 4275 1770 4358 sacra
1808 4306 2007 4359 Albana
2038 4323 2131 4361 cu-
2159 4275 2212 4334 Ῑ)
2237 4301 2412 4371 plicat.
2444 4275 2748 4354 Teneatttur
2773 4299 2882 4354 veri
2927 4299 3082 4367 hujus
3111 4275 3248 4352 tituli
3292 4275 3592 4353 debitores.
3623 4303 3799 4355 Exstat

576 4398 746 4462 rabat,
766 4412 795 4449 a
822 4397 1046 4465 collegio
1075 4403 1256 4448 nostro
1285 4394 1517 4448 vindicta
1543 4395 1717 4449 delata
1741 4407 1843 4450 est.
1879 4396 1984 4451 Sed
2008 4393 2128 4467 quia

576 4488 770 4542 litteris
797 4488 913 4556 ejus
939 4500 1114 4541 causa:
1134 4485 1437 4554 probabiles
1456 4485 1766 4550 aﬁeruntur,
1793 4487 1933 4554 quod
1962 4503 2132 4557 neque

577 4593 760 4633 muros
799 4578 956 4633 Urbis
991 4585 1204 4630 aeterna:
1234 4577 1366 4630 tanti
1393 4577 1631 4632 criminis
1662 4593 1806 4632 ream
1848 4580 1926 4633 fas
1955 4581 2021 4634 sit
2048 4581 2131 4635 in-

578 4681 718 4724 trare
736 4686 751 4733 ;
767 4684 937 4735 neque
955 4670 1066 4737 ipse
1085 4668 1150 4722 ad
1179 4667 1459 4736 longinqua
1481 4669 1648 4736 possit
1667 4683 1948 4725 occurrere
1972 4690 1983 4723 :
2009 4686 2130 4725 cum

547 4762 800 4842 \faciuus,
833 4761 920 4814 ubi
957 4761 1244 4814 admissum
1273 4768 1378 4826 est,
1409 4759 1599 4814 debeat
1635 4761 1836 4829 expiari
1871 4779 1884 4815 :
1915 4776 2132 4816 necesse

552 4843 943 4920 perspeximus
989 4858 1305 4917 potestatem
1353 4852 1629 4906 ﬁnitimam
1679 4855 1997 4917 convenire,
2043 4855 2127 4909 cui

579 4944 966 5010 provinciarum
988 4943 1105 5010 jura
1127 4942 1370 4996 mandata
1397 4952 1538 5008 sunt,
1569 4955 1626 4996 ut
1651 4943 1704 4996 in
1735 4943 2130 5013 Primigeniam,

578 5046 695 5098 quae
743 5031 1068 5100 publicarum
1113 5033 1549 5086 caeremoniarum
1587 5034 1872 5087 maculavit
1914 5049 2128 5102 arcana,

578 5130 1047 5190 corruptoremque
1067 5120 1182 5189 ejus
1211 5122 1612 5192 Maximum,qui
1641 5125 1853 5190 quidem
1881 5124 2133 5194 ﬂagitium

579 5230 684 5265 nou
709 5214 935 5281 negavit,
967 5214 1223 5267 severitas
1244 5229 1454 5281 semper
1481 5215 1565 5268 his
1594 5215 1828 5268 adhibita
1867 5226 2132 5271 exeratur.

583 5305 892 5372 Dignaberis
933 5305 1090 5374 igitur
1130 5306 1482 5360 consideratis
1521 5307 1968 5372 confessionibus,
2018 5324 2136 5376 qua:

583 5395 790 5447 nefandi
837 5398 1074 5449 criminis
1117 5398 1424 5466 tragmdiam
1468 5399 1850 5466 prodiderunt,
1891 5401 2134 5468 iniuriam

582 5488 861 5541 castissimi
889 5491 1063 5542 seaculi
1093 5505 1300 5543 reorum
1331 5490 1603 5557 suppliciis
1627 5493 1916 5548 vindicare.
1949 5493 2095 5548 Vale.

2238 4406 2391 4454 vetus
2440 4395 2697 4466 professio
2742 4394 2997 4463 Campani
3037 4392 3359 4457 consularis;
3406 4402 3628 4447 exstant
3679 4396 3799 4448 Acta

2235 4488 2372 4554 apud
2418 4487 2698 4540 Etruscum
2745 4496 3004 4540 rectorem
3050 4482 3311 4551 confecta,
3357 4483 3554 4552 quibus
3585 4485 3799 4538 docetur

2233 4578 2724 4646 exactiogpromissa
2752 4577 3096 4645 reliquorum.
3143 4576 3403 4631 Parcatur
3443 4578 3704 4642 innoxiis,
3747 4593 3799 4631 ne

2236 4669 2288 4720 in
2316 4681 2506 4722 omnes
2540 4669 2628 4736 qui
2659 4666 2921 4735 rempubl.
2951 4673 3158 4731 curant,
3187 4667 3439 4718 inusitata
3468 4665 3650 4719 forma
3690 4682 3799 4735 prn-

2232 4764 2406 4818 cedat.
2441 4761 2701 4817 Convenit
2721 4761 2919 4815 szeculo
2945 4770 3035 4813 tuo
3054 4759 3149 4811 ista
3177 4756 3404 4824 justitia,
3438 4758 3601 4826 cujus
3630 4760 3799 4813 exism

2234 4854 2395 4907 matio
2427 4855 2618 4907 vestris
2644 4852 2878 4916 consiliis
2905 4851 3063 4904 debet
3090 4847 3291 4905 ornari.
3319 4849 3464 4905 Vale.

2761 4939 2972 4993 EPIST.
3013 4935 3274 4991 CXXXII.

2796 5045 3218 5085 “uacuus...”
3295 5034 3299 5038 ’

2305 5128 2532 5182 bit-retur
2559 5126 2638 5178 de
2653 5126 2929 5193 ‘przeclaro
2960 5123 3138 5177 animo
3164 5130 3260 5177 tuo
3286 5121 3464 5176 votiva
3504 5137 3682 5179 causa
3712 5127 3799 5179 sui

2238 5219 2481 5286 fragium.
2533 5217 2767 5270 Przetura
2821 5216 3340 5278 domumnostram,
3398 5213 3510 5268 Deo
3566 5217 3799 5281 juvatur,

2239 5318 2535 5376 exspectat,
2568 5309 2618 5361 in
2650 5323 2750 5376 qua
2782 5321 2866 5358 me
2893 5303 3212 5367 crocodilos,
3256 5310 3312 5355 et
3355 5303 3628 5372 pleraque
3671 5322 3799 5375 ρετε.

2236 5399 2382 5466 grina
2414 5397 2613 5451 civibus
2641 5396 2911 5460 exhibere,
2940 5403 2995 5449 et
3029 5393 3251 5446 aliorum
3300 5393 3594 5452 hortantur
3636 5412 3799 5452 exemi

2219 5493 2346 5568 pla,
2389 5501 2442 5546 et
2485 5491 2692 5558 propria
2739 5490 2962 5561 impellit
2989 5486 3315 5544 animositas.
3344 5488 3527 5556 Quare
3585 5496 3799 5548 amicun
