  <div class='ocr_page' id='page_1' title='image "/cluster/home/n/w/nwhite01/storage/ocr_20150623/18-19/uva.x000826554/190.png"; bbox 0 0 3826 6378; ppageno 0'>
   <div class='ocr_carea' id='block_1_1' title="bbox 192 212 282 263">
    <p class='ocr_par' dir='ltr' id='par_1_1' title="bbox 192 212 282 263">
     <span class='ocr_line' id='line_1_1' title="bbox 192 212 282 263; baseline -0.011 0"><span class='ocrx_word' id='word_1_1' title='bbox 192 212 282 263; x_wconf 74' lang='lat'><strong>557</strong></span> 
     </span>
    </p>
   </div>
   <div class='ocr_carea' id='block_1_2' title="bbox 1395 207 2211 264">
    <p class='ocr_par' dir='ltr' id='par_1_2' title="bbox 1395 207 2211 264">
     <span class='ocr_line' id='line_1_2' title="bbox 1395 207 2211 264; baseline -0.001 -2"><span class='ocrx_word' id='word_1_2' title='bbox 1395 208 1762 264; x_wconf 64' lang='lat' dir='ltr'><strong>EPISTOIAII</strong></span> <span class='ocrx_word' id='word_1_3' title='bbox 1775 207 1864 263; x_wconf 75' lang='grc' dir='ltr'><strong>υιι</strong></span> <span class='ocrx_word' id='word_1_4' title='bbox 1909 209 1965 262; x_wconf 87' lang='lat' dir='ltr'><strong>LI</strong></span> <span class='ocrx_word' id='word_1_5' title='bbox 1978 211 2054 262; x_wconf 63' lang='lat' dir='ltr'><strong>lii&quot;.</strong></span> <span class='ocrx_word' id='word_1_6' title='bbox 2067 210 2105 262; x_wconf 72' lang='grc' dir='ltr'>Β</span> <span class='ocrx_word' id='word_1_7' title='bbox 2149 210 2211 263; x_wconf 78' lang='lat' dir='ltr'><strong>X.</strong></span> 
     </span>
    </p>
   </div>
   <div class='ocr_carea' id='block_1_3' title="bbox 3315 215 3416 265">
    <p class='ocr_par' dir='ltr' id='par_1_3' title="bbox 3315 215 3416 265">
     <span class='ocr_line' id='line_1_3' title="bbox 3315 215 3416 265; baseline -0.02 0"><span class='ocrx_word' id='word_1_8' title='bbox 3315 215 3416 265; x_wconf 66' lang='lat'><strong>358</strong></span> 
     </span>
    </p>
   </div>
   <div class='ocr_carea' id='block_1_4' title="bbox 194 321 3417 393">
    <p class='ocr_par' dir='ltr' id='par_1_4' title="bbox 194 321 3417 393">
     <span class='ocr_line' id='line_1_4' title="bbox 194 321 3417 393; baseline -0.001 -17"><span class='ocrx_word' id='word_1_9' title='bbox 194 337 349 376; x_wconf 90' lang='lat' dir='ltr'><strong>meum</strong></span> <span class='ocrx_word' id='word_1_10' title='bbox 376 321 648 390; x_wconf 71' lang='lat' dir='ltr'><strong>Cyriaeum</strong></span> <span class='ocrx_word' id='word_1_11' title='bbox 682 323 905 393; x_wconf 82' lang='lat' dir='ltr'><strong>benigne</strong></span> <span class='ocrx_word' id='word_1_12' title='bbox 937 338 985 376; x_wconf 92' lang='lat' dir='ltr'><strong>tn</strong></span> <span class='ocrx_word' id='word_1_13' title='bbox 1017 338 1197 376; x_wconf 86' lang='lat' dir='ltr'><strong>curam</strong></span> <span class='ocrx_word' id='word_1_14' title='bbox 1240 333 1378 375; x_wconf 87' lang='lat' dir='ltr'><strong>tuam</strong></span> <span class='ocrx_word' id='word_1_15' title='bbox 1410 323 1628 392; x_wconf 85' lang='lat' dir='ltr'><strong>dignare</strong></span> <span class='ocrx_word' id='word_1_16' title='bbox 1657 337 1746 373; x_wconf 60' lang='lat' dir='ltr'><strong>su-</strong></span> <span class='ocrx_word' id='word_1_17' title='bbox 1776 327 1824 382; x_wconf 76' lang='grc' dir='ltr'><strong>Α</strong></span> <span class='ocrx_word' id='word_1_18' title='bbox 1855 321 1971 374; x_wconf 90' lang='lat' dir='ltr'><strong>duci</strong></span> <span class='ocrx_word' id='word_1_19' title='bbox 2023 322 2075 372; x_wconf 90' lang='lat' dir='ltr'><strong>in</strong></span> <span class='ocrx_word' id='word_1_20' title='bbox 2109 321 2421 387; x_wconf 73' lang='lat' dir='ltr'><strong>obsequium</strong></span> <span class='ocrx_word' id='word_1_21' title='bbox 2457 330 2598 371; x_wconf 89' lang='lat' dir='ltr'><strong>tntnn</strong></span> <span class='ocrx_word' id='word_1_22' title='bbox 2632 322 2880 388; x_wconf 71' lang='lat' dir='ltr'><strong>prmcipe,</strong></span> <span class='ocrx_word' id='word_1_23' title='bbox 2915 331 2967 375; x_wconf 91' lang='lat' dir='ltr'><strong>et</strong></span> <span class='ocrx_word' id='word_1_24' title='bbox 3010 336 3125 388; x_wconf 72' lang='lat' dir='ltr'><strong>qua:</strong></span> <span class='ocrx_word' id='word_1_25' title='bbox 3157 322 3205 373; x_wconf 92' lang='lat' dir='ltr'><strong>in</strong></span> <span class='ocrx_word' id='word_1_26' title='bbox 3249 338 3417 375; x_wconf 74' lang='lat' dir='ltr'><strong>nte-ni</strong></span> 
     </span>
    </p>
   </div>
   <div class='ocr_carea' id='block_1_5' title="bbox 195 411 1739 483">
    <p class='ocr_par' dir='ltr' id='par_1_5' title="bbox 195 411 1739 483">
     <span class='ocr_line' id='line_1_5' title="bbox 195 411 1739 483; baseline -0.001 -19"><span class='ocrx_word' id='word_1_27' title='bbox 195 413 401 478; x_wconf 78' lang='lat' dir='ltr'><strong>scipcre,</strong></span> <span class='ocrx_word' id='word_1_28' title='bbox 431 422 484 464; x_wconf 92' lang='lat' dir='ltr'><strong>ut</strong></span> <span class='ocrx_word' id='word_1_29' title='bbox 511 411 742 466; x_wconf 88' lang='lat' dir='ltr'><strong>indicata</strong></span> <span class='ocrx_word' id='word_1_30' title='bbox 775 423 1101 483; x_wconf 88' lang='lat' dir='ltr'><strong>promoveat.</strong></span> <span class='ocrx_word' id='word_1_31' title='bbox 1126 413 1356 468; x_wconf 77' lang='lat' dir='ltr'><strong>Habebis</strong></span> <span class='ocrx_word' id='word_1_32' title='bbox 1390 415 1439 465; x_wconf 91' lang='lat' dir='ltr'><strong>in</strong></span> <span class='ocrx_word' id='word_1_33' title='bbox 1473 422 1739 479; x_wconf 87' lang='lat' dir='ltr'><strong>posterum</strong></span> 
     </span>
    </p>
   </div>
   <div class='ocr_carea' id='block_1_6' title="bbox 196 503 1600 571">
    <p class='ocr_par' dir='ltr' id='par_1_6' title="bbox 196 503 1600 571">
     <span class='ocr_line' id='line_1_6' title="bbox 196 503 1600 571; baseline 0.004 -16"><span class='ocrx_word' id='word_1_34' title='bbox 196 510 338 555; x_wconf 77' lang='lat' dir='ltr'><strong>tanta:</strong></span> <span class='ocrx_word' id='word_1_35' title='bbox 367 503 541 571; x_wconf 67' lang='lat' dir='ltr'><strong>gratim</strong></span> <span class='ocrx_word' id='word_1_36' title='bbox 572 519 676 556; x_wconf 90' lang='lat' dir='ltr'><strong>non</strong></span> <span class='ocrx_word' id='word_1_37' title='bbox 706 505 1073 558; x_wconf 74' lang='lat' dir='ltr'><strong>immemorem</strong></span> <span class='ocrx_word' id='word_1_38' title='bbox 1102 504 1422 559; x_wconf 90' lang='lat' dir='ltr'><strong>debitorem.</strong></span> <span class='ocrx_word' id='word_1_39' title='bbox 1453 505 1600 560; x_wconf 73' lang='lat' dir='ltr'><strong>Vale.</strong></span> 
     </span>
    </p>
   </div>
   <div class='ocr_carea' id='block_1_7' title="bbox 697 594 1228 649">
    <p class='ocr_par' dir='ltr' id='par_1_7' title="bbox 697 594 1228 649">
     <span class='ocr_line' id='line_1_7' title="bbox 697 594 1228 649; baseline -0.002 -2"><span class='ocrx_word' id='word_1_40' title='bbox 697 594 910 649; x_wconf 74' lang='lat' dir='ltr'><strong>EPIS’I‘.</strong></span> <span class='ocrx_word' id='word_1_41' title='bbox 949 594 1228 648; x_wconf 73' lang='lat' dir='ltr'><strong>CXXXIII.</strong></span> 
     </span>
    </p>
   </div>
   <div class='ocr_carea' id='block_1_8' title="bbox 765 698 1215 740">
    <p class='ocr_par' dir='ltr' id='par_1_8' title="bbox 765 698 1215 740">
     <span class='ocr_line' id='line_1_8' title="bbox 765 698 1215 740; baseline 0 -3"><span class='ocrx_word' id='word_1_42' title='bbox 765 698 1180 740; x_wconf 60' lang='lat' dir='ltr'><strong>SI&#39;IHACBL&#39;S...&quot;</strong></span> <span class='ocrx_word' id='word_1_43' title='bbox 1212 726 1215 728; x_wconf 83' lang='lat'><em>-</em></span> 
     </span>
    </p>
   </div>
   <div class='ocr_carea' id='block_1_9' title="bbox 269 774 1745 844">
    <p class='ocr_par' dir='ltr' id='par_1_9' title="bbox 269 774 1745 844">
     <span class='ocr_line' id='line_1_9' title="bbox 269 774 1745 844; baseline -0.001 -16"><span class='ocrx_word' id='word_1_44' title='bbox 269 775 403 843; x_wconf 83' lang='lat' dir='ltr'><strong>Quod</strong></span> <span class='ocrx_word' id='word_1_45' title='bbox 447 777 652 837; x_wconf 67' lang='lat' dir='ltr'><strong>scribis,</strong></span> <span class='ocrx_word' id='word_1_46' title='bbox 697 776 1014 830; x_wconf 69' lang='lat' dir='ltr'><strong>voluntariae</strong></span> <span class='ocrx_word' id='word_1_47' title='bbox 1057 776 1394 844; x_wconf 82' lang='lat' dir='ltr'><strong>benignitatis</strong></span> <span class='ocrx_word' id='word_1_48' title='bbox 1440 785 1522 828; x_wconf 90' lang='lat' dir='ltr'><strong>est</strong></span> <span class='ocrx_word' id='word_1_49' title='bbox 1560 791 1572 824; x_wconf 89' lang='lat'><strong>:</strong></span> <span class='ocrx_word' id='word_1_50' title='bbox 1606 774 1745 842; x_wconf 88' lang='lat' dir='ltr'><strong>qttod</strong></span> 
     </span>
    </p>
   </div>
   <div class='ocr_carea' id='block_1_10' title="bbox 194 864 1752 934">
    <p class='ocr_par' dir='ltr' id='par_1_10' title="bbox 194 864 1752 934">
     <span class='ocr_line' id='line_1_10' title="bbox 194 864 1752 934; baseline -0.001 -16"><span class='ocrx_word' id='word_1_51' title='bbox 194 882 330 932; x_wconf 85' lang='lat' dir='ltr'><strong>sero,</strong></span> <span class='ocrx_word' id='word_1_52' title='bbox 363 881 630 921; x_wconf 88' lang='lat' dir='ltr'><strong>curarum.</strong></span> <span class='ocrx_word' id='word_1_53' title='bbox 677 864 783 920; x_wconf 83' lang='lat' dir='ltr'><strong>Nos</strong></span> <span class='ocrx_word' id='word_1_54' title='bbox 831 877 1006 921; x_wconf 88' lang='lat' dir='ltr'><strong>autem</strong></span> <span class='ocrx_word' id='word_1_55' title='bbox 1058 867 1363 934; x_wconf 89' lang='lat' dir='ltr'><strong>religionem</strong></span> <span class='ocrx_word' id='word_1_56' title='bbox 1411 866 1614 918; x_wconf 90' lang='lat' dir='ltr'><strong>meritis</strong></span> <span class='ocrx_word' id='word_1_57' title='bbox 1646 865 1752 916; x_wconf 92' lang='lat' dir='ltr'><strong>tuis</strong></span> 
     </span>
    </p>
   </div>
   <div class='ocr_carea' id='block_1_11' title="bbox 195 957 1750 1027">
    <p class='ocr_par' dir='ltr' id='par_1_11' title="bbox 195 957 1750 1027">
     <span class='ocr_line' id='line_1_11' title="bbox 195 957 1750 1027; baseline -0.004 -15"><span class='ocrx_word' id='word_1_58' title='bbox 195 960 441 1024; x_wconf 85' lang='lat' dir='ltr'><strong>debitam,</strong></span> <span class='ocrx_word' id='word_1_59' title='bbox 487 969 538 1012; x_wconf 92' lang='lat' dir='ltr'><strong>et</strong></span> <span class='ocrx_word' id='word_1_60' title='bbox 584 959 749 1011; x_wconf 83' lang='lat' dir='ltr'><strong>otium</strong></span> <span class='ocrx_word' id='word_1_61' title='bbox 798 959 922 1027; x_wconf 84' lang='lat' dir='ltr'><strong>Styli</strong></span> <span class='ocrx_word' id='word_1_62' title='bbox 972 959 1281 1011; x_wconf 75' lang='lat' dir='ltr'><strong>aSsiduita&#39;e</strong></span> <span class='ocrx_word' id='word_1_63' title='bbox 1329 967 1606 1009; x_wconf 83' lang='lat' dir='ltr'><strong>testamur.</strong></span> <span class='ocrx_word' id='word_1_64' title='bbox 1646 957 1750 1006; x_wconf 62' lang='lat' dir='ltr'><strong>lfu-</strong></span> 
     </span>
    </p>
   </div>
   <div class='ocr_carea' id='block_1_12' title="bbox 197 1045 1757 1114">
    <p class='ocr_par' dir='ltr' id='par_1_12' title="bbox 197 1045 1757 1114">
     <span class='ocr_line' id='line_1_12' title="bbox 197 1045 1757 1114; baseline -0.003 -13"><span class='ocrx_word' id='word_1_65' title='bbox 197 1054 354 1103; x_wconf 85' lang='lat' dir='ltr'><strong>scium</strong></span> <span class='ocrx_word' id='word_1_66' title='bbox 382 1059 614 1102; x_wconf 81' lang='lat' dir='ltr'><strong>nostrum</strong></span> <span class='ocrx_word' id='word_1_67' title='bbox 647 1050 1056 1103; x_wconf 88' lang='lat' dir='ltr'><strong>circumsessum</strong></span> <span class='ocrx_word' id='word_1_68' title='bbox 1085 1049 1394 1101; x_wconf 78' lang='lat' dir='ltr'><strong>domesticis</strong></span> <span class='ocrx_word' id='word_1_69' title='bbox 1419 1045 1639 1114; x_wconf 80' lang='lat' dir='ltr'><strong>negotiis</strong></span> <span class='ocrx_word' id='word_1_70' title='bbox 1663 1045 1757 1097; x_wconf 83' lang='lat' dir='ltr'><strong>de-</strong></span> 
     </span>
    </p>
   </div>
   <div class='ocr_carea' id='block_1_13' title="bbox 1856 410 3418 477">
    <p class='ocr_par' dir='ltr' id='par_1_13' title="bbox 1856 410 3418 477">
     <span class='ocr_line' id='line_1_13' title="bbox 1856 410 3418 477; baseline 0.003 -18"><span class='ocrx_word' id='word_1_71' title='bbox 1856 411 2096 465; x_wconf 90' lang='lat' dir='ltr'><strong>notitiam</strong></span> <span class='ocrx_word' id='word_1_72' title='bbox 2133 410 2389 477; x_wconf 72' lang='lat' dir='ltr'><strong>pertulisti</strong></span> <span class='ocrx_word' id='word_1_73' title='bbox 2431 411 2497 462; x_wconf 88' lang='lat' dir='ltr'><strong>de</strong></span> <span class='ocrx_word' id='word_1_74' title='bbox 2539 410 2843 464; x_wconf 70' lang='lat' dir='ltr'><strong>instruenda</strong></span> <span class='ocrx_word' id='word_1_75' title='bbox 2886 411 3117 466; x_wconf 85' lang='lat' dir='ltr'><strong>editione</strong></span> <span class='ocrx_word' id='word_1_76' title='bbox 3156 414 3418 473; x_wconf 86' lang='lat' dir='ltr'><strong>ludorum,</strong></span> 
     </span>
    </p>
   </div>
   <div class='ocr_carea' id='block_1_14' title="bbox 1857 501 2894 570">
    <p class='ocr_par' dir='ltr' id='par_1_14' title="bbox 1857 501 2894 570">
     <span class='ocr_line' id='line_1_14' title="bbox 1857 501 2894 570; baseline -0.002 -15"><span class='ocrx_word' id='word_1_77' title='bbox 1857 502 1955 570; x_wconf 88' lang='lat' dir='ltr'><strong>ipsi</strong></span> <span class='ocrx_word' id='word_1_78' title='bbox 1989 502 2317 555; x_wconf 80' lang='lat' dir='ltr'><strong>familiariter</strong></span> <span class='ocrx_word' id='word_1_79' title='bbox 2343 501 2575 556; x_wconf 79' lang='lat' dir='ltr'><strong>Curanda</strong></span> <span class='ocrx_word' id='word_1_80' title='bbox 2601 501 2894 554; x_wconf 90' lang='lat' dir='ltr'><strong>committe.</strong></span> 
     </span>
    </p>
   </div>
   <div class='ocr_carea' id='block_1_15' title="bbox 2369 592 2902 646">
    <p class='ocr_par' dir='ltr' id='par_1_15' title="bbox 2369 592 2902 646">
     <span class='ocr_line' id='line_1_15' title="bbox 2369 592 2902 646; baseline -0.004 -1"><span class='ocrx_word' id='word_1_81' title='bbox 2369 592 2577 646; x_wconf 76' lang='lat' dir='ltr'><strong>EI’IST.</strong></span> <span class='ocrx_word' id='word_1_82' title='bbox 2617 592 2902 646; x_wconf 68' lang='lat' dir='ltr'><strong>CXXXIV.</strong></span> 
     </span>
    </p>
   </div>
   <div class='ocr_carea' id='block_1_16' title="bbox 2418 698 2840 736">
    <p class='ocr_par' dir='ltr' id='par_1_16' title="bbox 2418 698 2840 736">
     <span class='ocr_line' id='line_1_16' title="bbox 2418 698 2840 736; baseline -0.005 0"><span class='ocrx_word' id='word_1_83' title='bbox 2418 698 2789 736; x_wconf 67' lang='lat' dir='ltr'><strong>SYMIIACIIL&#39;S...</strong></span> <span class='ocrx_word' id='word_1_84' title='bbox 2804 719 2840 734; x_wconf 80' lang='grc' dir='ltr'><strong>ο.</strong></span> 
     </span>
    </p>
   </div>
   <div class='ocr_carea' id='block_1_17' title="bbox 1929 777 3425 842">
    <p class='ocr_par' dir='ltr' id='par_1_17' title="bbox 1929 777 3425 842">
     <span class='ocr_line' id='line_1_17' title="bbox 1929 777 3425 842; baseline 0.001 -12"><span class='ocrx_word' id='word_1_85' title='bbox 1929 777 2228 842; x_wconf 84' lang='lat' dir='ltr'><strong>Sportulam</strong></span> <span class='ocrx_word' id='word_1_86' title='bbox 2258 777 2564 828; x_wconf 89' lang='lat' dir='ltr'><strong>consulatus</strong></span> <span class='ocrx_word' id='word_1_87' title='bbox 2596 777 2722 837; x_wconf 85' lang='lat' dir='ltr'><strong>mei,</strong></span> <span class='ocrx_word' id='word_1_88' title='bbox 2767 787 2820 830; x_wconf 90' lang='lat' dir='ltr'><strong>et</strong></span> <span class='ocrx_word' id='word_1_89' title='bbox 2848 777 3091 830; x_wconf 68' lang='lat' dir='ltr'><strong>amicitim</strong></span> <span class='ocrx_word' id='word_1_90' title='bbox 3124 789 3335 842; x_wconf 70' lang='lat' dir='ltr'><strong>nostra),</strong></span> <span class='ocrx_word' id='word_1_91' title='bbox 3371 791 3425 831; x_wconf 74' lang='lat' dir='ltr'><strong>et</strong></span> 
     </span>
    </p>
   </div>
   <div class='ocr_carea' id='block_1_18' title="bbox 1857 867 3428 936">
    <p class='ocr_par' dir='ltr' id='par_1_18' title="bbox 1857 867 3428 936">
     <span class='ocr_line' id='line_1_18' title="bbox 1857 867 3428 936; baseline 0.004 -17"><span class='ocrx_word' id='word_1_92' title='bbox 1857 867 2043 920; x_wconf 80' lang='lat' dir='ltr'><strong>honori</strong></span> <span class='ocrx_word' id='word_1_93' title='bbox 2101 878 2187 920; x_wconf 87' lang='lat' dir='ltr'><strong>tuo</strong></span> <span class='ocrx_word' id='word_1_94' title='bbox 2235 868 2423 921; x_wconf 83' lang='lat' dir='ltr'><strong>debeo.</strong></span> <span class='ocrx_word' id='word_1_95' title='bbox 2461 867 2604 922; x_wconf 88' lang='lat' dir='ltr'><strong>IIanc</strong></span> <span class='ocrx_word' id='word_1_96' title='bbox 2648 871 2697 921; x_wconf 89' lang='lat' dir='ltr'><strong>itt</strong></span> <span class='ocrx_word' id='word_1_97' title='bbox 2749 869 2921 922; x_wconf 84' lang='lat' dir='ltr'><strong>snlido</strong></span> <span class='ocrx_word' id='word_1_98' title='bbox 2961 885 3065 922; x_wconf 89' lang='lat' dir='ltr'><strong>uno</strong></span> <span class='ocrx_word' id='word_1_99' title='bbox 3095 872 3158 923; x_wconf 90' lang='lat' dir='ltr'><strong>ad</strong></span> <span class='ocrx_word' id='word_1_100' title='bbox 3209 883 3256 925; x_wconf 93' lang='lat' dir='ltr'><strong>te</strong></span> <span class='ocrx_word' id='word_1_101' title='bbox 3287 876 3428 936; x_wconf 85' lang='lat' dir='ltr'><strong>misi,</strong></span> 
     </span>
    </p>
   </div>
   <div class='ocr_carea' id='block_1_19' title="bbox 1857 956 3429 1024">
    <p class='ocr_par' dir='ltr' id='par_1_19' title="bbox 1857 956 3429 1024">
     <span class='ocr_line' id='line_1_19' title="bbox 1857 956 3429 1024; baseline 0.003 -15"><span class='ocrx_word' id='word_1_102' title='bbox 1857 971 2034 1018; x_wconf 89' lang='lat' dir='ltr'><strong>orans,</strong></span> <span class='ocrx_word' id='word_1_103' title='bbox 2071 967 2124 1006; x_wconf 89' lang='lat' dir='ltr'><strong>ut</strong></span> <span class='ocrx_word' id='word_1_104' title='bbox 2176 956 2404 1024; x_wconf 82' lang='lat' dir='ltr'><strong>benigno</strong></span> <span class='ocrx_word' id='word_1_105' title='bbox 2453 956 2632 1010; x_wconf 92' lang='lat' dir='ltr'><strong>animo</strong></span> <span class='ocrx_word' id='word_1_106' title='bbox 2678 957 2935 1011; x_wconf 90' lang='lat' dir='ltr'><strong>solemnia</strong></span> <span class='ocrx_word' id='word_1_107' title='bbox 2964 958 3120 1010; x_wconf 81' lang='lat' dir='ltr'><strong>ofﬁcii</strong></span> <span class='ocrx_word' id='word_1_108' title='bbox 3167 960 3268 1013; x_wconf 91' lang='lat' dir='ltr'><strong>mei</strong></span> <span class='ocrx_word' id='word_1_109' title='bbox 3302 962 3429 1013; x_wconf 81' lang='lat' dir='ltr'><strong>liba-</strong></span> 
     </span>
    </p>
   </div>
   <div class='ocr_carea' id='block_1_20' title="bbox 1859 1045 2530 1111">
    <p class='ocr_par' dir='ltr' id='par_1_20' title="bbox 1859 1045 2530 1111">
     <span class='ocr_line' id='line_1_20' title="bbox 1859 1045 2530 1111; baseline 0 -14"><span class='ocrx_word' id='word_1_110' title='bbox 1859 1057 2033 1097; x_wconf 56' lang='lat' dir='ltr'><strong>menta</strong></span> <span class='ocrx_word' id='word_1_111' title='bbox 2069 1046 2346 1111; x_wconf 86' lang='lat' dir='ltr'><strong>suscipias.</strong></span> <span class='ocrx_word' id='word_1_112' title='bbox 2385 1045 2530 1097; x_wconf 73' lang='lat' dir='ltr'><strong>Vale.</strong></span> 
     </span>
    </p>
   </div>
   <div class='ocr_carea' id='block_1_21' title="bbox 1157 1237 2441 1351">
    <p class='ocr_par' dir='ltr' id='par_1_21' title="bbox 1157 1237 2441 1351">
     <span class='ocr_line' id='line_1_21' title="bbox 1157 1237 2441 1351; baseline -0.003 1"><span class='ocrx_word' id='word_1_113' title='bbox 1157 1244 1625 1351; x_wconf 84' lang='lat' dir='ltr'><strong>LIBER</strong></span> <span class='ocrx_word' id='word_1_114' title='bbox 1700 1237 2441 1350; x_wconf 79' lang='lat' dir='ltr'><strong>DECIMUS.</strong></span> 
     </span>
    </p>
   </div>
   <div class='ocr_carea' id='block_1_22' title="bbox 675 1407 1273 1464">
    <p class='ocr_par' dir='ltr' id='par_1_22' title="bbox 675 1407 1273 1464">
     <span class='ocr_line' id='line_1_22' title="bbox 675 1407 1273 1464; baseline -0.01 0"><span class='ocrx_word' id='word_1_115' title='bbox 675 1408 1003 1464; x_wconf 78' lang='lat' dir='ltr'><strong>EPISTOLA</strong></span> <span class='ocrx_word' id='word_1_116' title='bbox 1045 1407 1273 1461; x_wconf 77' lang='lat' dir='ltr'><strong>PRIMA.</strong></span> 
     </span>
    </p>
   </div>
   <div class='ocr_carea' id='block_1_23' title="bbox 523 1512 1423 1554">
    <p class='ocr_par' dir='ltr' id='par_1_23' title="bbox 523 1512 1423 1554">
     <span class='ocr_line' id='line_1_23' title="bbox 523 1512 1423 1554; baseline -0.006 0"><span class='ocrx_word' id='word_1_117' title='bbox 523 1516 834 1554; x_wconf 65' lang='grc' dir='ltr'>εγιιιιιιειιυς</span> <span class='ocrx_word' id='word_1_118' title='bbox 872 1513 1160 1552; x_wconf 75' lang='grc' dir='ltr'>τιιεοιιοειο</span> <span class='ocrx_word' id='word_1_119' title='bbox 1199 1512 1423 1550; x_wconf 68' lang='lat' dir='ltr'><strong>SENIORI.</strong></span> 
     </span>
    </p>
   </div>
   <div class='ocr_carea' id='block_1_24' title="bbox 272 1585 1756 1657">
    <p class='ocr_par' dir='ltr' id='par_1_24' title="bbox 272 1585 1756 1657">
     <span class='ocr_line' id='line_1_24' title="bbox 272 1585 1756 1657; baseline -0.005 -15"><span class='ocrx_word' id='word_1_120' title='bbox 272 1590 380 1643; x_wconf 77' lang='lat' dir='ltr'><strong>Etsi</strong></span> <span class='ocrx_word' id='word_1_121' title='bbox 415 1591 526 1643; x_wconf 91' lang='lat' dir='ltr'><strong>scio</strong></span> <span class='ocrx_word' id='word_1_122' title='bbox 567 1593 749 1643; x_wconf 73' lang='lat' dir='ltr'><strong>VlrlUII</strong></span> <span class='ocrx_word' id='word_1_123' title='bbox 795 1599 1075 1657; x_wconf 77' lang='lat' dir='ltr'><strong>cognatum</strong></span> <span class='ocrx_word' id='word_1_124' title='bbox 1121 1588 1370 1655; x_wconf 80' lang='lat' dir='ltr'><strong>pudetem</strong></span> <span class='ocrx_word' id='word_1_125' title='bbox 1399 1630 1413 1651; x_wconf 94' lang='lat'><strong>,</strong></span> <span class='ocrx_word' id='word_1_126' title='bbox 1463 1585 1756 1643; x_wconf 81' lang='lat' dir='ltr'><strong>desideravi</strong></span> 
     </span>
    </p>
   </div>
   <div class='ocr_carea' id='block_1_25' title="bbox 199 1679 1755 1746">
    <p class='ocr_par' dir='ltr' id='par_1_25' title="bbox 199 1679 1755 1746">
     <span class='ocr_line' id='line_1_25' title="bbox 199 1679 1755 1746; baseline -0.002 -16"><span class='ocrx_word' id='word_1_127' title='bbox 199 1693 365 1734; x_wconf 87' lang='lat' dir='ltr'><strong>tamen</strong></span> <span class='ocrx_word' id='word_1_128' title='bbox 393 1681 442 1733; x_wconf 90' lang='lat' dir='ltr'><strong>in</strong></span> <span class='ocrx_word' id='word_1_129' title='bbox 469 1684 662 1734; x_wconf 83' lang='lat' dir='ltr'><strong>litteris</strong></span> <span class='ocrx_word' id='word_1_130' title='bbox 684 1679 1010 1733; x_wconf 80' lang='lat' dir='ltr'><strong>celsitudinis</strong></span> <span class='ocrx_word' id='word_1_131' title='bbox 1034 1689 1134 1732; x_wconf 75' lang='lat' dir='ltr'><strong>ture</strong></span> <span class='ocrx_word' id='word_1_132' title='bbox 1163 1679 1755 1746; x_wconf 77' lang='lat' dir='ltr'><strong>copi.im,tnaxitnarutn</strong></span> 
     </span>
    </p>
   </div>
   <div class='ocr_carea' id='block_1_26' title="bbox 200 1769 1758 1840">
    <p class='ocr_par' dir='ltr' id='par_1_26' title="bbox 200 1769 1758 1840">
     <span class='ocr_line' id='line_1_26' title="bbox 200 1769 1758 1840; baseline -0.004 -19"><span class='ocrx_word' id='word_1_133' title='bbox 200 1786 365 1824; x_wconf 89' lang='lat' dir='ltr'><strong>rerum</strong></span> <span class='ocrx_word' id='word_1_134' title='bbox 395 1773 574 1840; x_wconf 59' lang='lat' dir='ltr'><strong>gloriae</strong></span> <span class='ocrx_word' id='word_1_135' title='bbox 601 1781 1001 1830; x_wconf 63' lang='lat' dir='ltr'><strong>congruentem.</strong></span> <span class='ocrx_word' id='word_1_136' title='bbox 1025 1771 1219 1830; x_wconf 79' lang='lat' dir='ltr'><strong>Primo,</strong></span> <span class='ocrx_word' id='word_1_137' title='bbox 1249 1770 1384 1836; x_wconf 87' lang='lat' dir='ltr'><strong>quod</strong></span> <span class='ocrx_word' id='word_1_138' title='bbox 1414 1769 1640 1819; x_wconf 75' lang='lat' dir='ltr'><strong>amicitia</strong></span> <span class='ocrx_word' id='word_1_139' title='bbox 1669 1782 1758 1832; x_wconf 89' lang='lat' dir='ltr'><strong>po-</strong></span> 
     </span>
    </p>
   </div>
   <div class='ocr_carea' id='block_1_27' title="bbox 201 1863 1756 1930">
    <p class='ocr_par' dir='ltr' id='par_1_27' title="bbox 201 1863 1756 1930">
     <span class='ocr_line' id='line_1_27' title="bbox 201 1863 1756 1930; baseline -0.004 -15"><span class='ocrx_word' id='word_1_140' title='bbox 201 1863 437 1925; x_wconf 72' lang='lat' dir='ltr'><strong>stulabat,</strong></span> <span class='ocrx_word' id='word_1_141' title='bbox 469 1874 526 1915; x_wconf 90' lang='lat' dir='ltr'><strong>ut</strong></span> <span class='ocrx_word' id='word_1_142' title='bbox 558 1865 695 1930; x_wconf 86' lang='lat' dir='ltr'><strong>apud</strong></span> <span class='ocrx_word' id='word_1_143' title='bbox 729 1877 992 1917; x_wconf 78' lang='lat' dir='ltr'><strong>aman&#39;etn</strong></span> <span class='ocrx_word' id='word_1_144' title='bbox 1023 1864 1092 1916; x_wconf 91' lang='lat' dir='ltr'><strong>lui</strong></span> <span class='ocrx_word' id='word_1_145' title='bbox 1128 1879 1332 1914; x_wconf 73' lang='lat' dir='ltr'><strong>nmvmn</strong></span> <span class='ocrx_word' id='word_1_146' title='bbox 1361 1864 1626 1927; x_wconf 66' lang='lat' dir='ltr'><strong>jactantim</strong></span> <span class='ocrx_word' id='word_1_147' title='bbox 1655 1877 1756 1910; x_wconf 90' lang='lat' dir='ltr'><strong>non</strong></span> 
     </span>
    </p>
   </div>
   <div class='ocr_carea' id='block_1_28' title="bbox 201 1946 1761 2020">
    <p class='ocr_par' dir='ltr' id='par_1_28' title="bbox 201 1946 1761 2020">
     <span class='ocr_line' id='line_1_28' title="bbox 201 1946 1761 2020; baseline -0.003 -18"><span class='ocrx_word' id='word_1_148' title='bbox 201 1956 403 2005; x_wconf 75' lang='lat' dir='ltr'><strong>timeres</strong></span> <span class='ocrx_word' id='word_1_149' title='bbox 459 1953 684 2017; x_wconf 67' lang='lat' dir='ltr'><strong>Di-ltinc,</strong></span> <span class='ocrx_word' id='word_1_150' title='bbox 715 1955 850 2020; x_wconf 88' lang='lat' dir='ltr'><strong>quod</strong></span> <span class='ocrx_word' id='word_1_151' title='bbox 885 1969 1034 2018; x_wconf 82' lang='lat' dir='ltr'><strong>:eque</strong></span> <span class='ocrx_word' id='word_1_152' title='bbox 1065 1965 1219 2004; x_wconf 86' lang='lat' dir='ltr'><strong>manu</strong></span> <span class='ocrx_word' id='word_1_153' title='bbox 1262 1964 1313 2003; x_wconf 78' lang='lat' dir='ltr'><strong>et</strong></span> <span class='ocrx_word' id='word_1_154' title='bbox 1341 1967 1432 2004; x_wconf 89' lang='lat' dir='ltr'><strong>ore</strong></span> <span class='ocrx_word' id='word_1_155' title='bbox 1464 1946 1761 2018; x_wconf 71' lang='lat' dir='ltr'><strong>promptus,</strong></span> 
     </span>
    </p>
   </div>
   <div class='ocr_carea' id='block_1_29' title="bbox 205 2035 1765 2110">
    <p class='ocr_par' dir='ltr' id='par_1_29' title="bbox 205 2035 1765 2110">
     <span class='ocr_line' id='line_1_29' title="bbox 205 2035 1765 2110; baseline -0.006 -16"><span class='ocrx_word' id='word_1_156' title='bbox 205 2043 347 2096; x_wconf 81' lang='lat' dir='ltr'><strong>fidem</strong></span> <span class='ocrx_word' id='word_1_157' title='bbox 377 2056 648 2110; x_wconf 72' lang='lat' dir='ltr'><strong>gestorum</strong></span> <span class='ocrx_word' id='word_1_158' title='bbox 682 2035 897 2094; x_wconf 81' lang='lat' dir='ltr'><strong>tuorum</strong></span> <span class='ocrx_word' id='word_1_159' title='bbox 919 2041 1180 2110; x_wconf 82' lang='lat' dir='ltr'><strong>debueras</strong></span> <span class='ocrx_word' id='word_1_160' title='bbox 1207 2040 1396 2102; x_wconf 63' lang='lat' dir='ltr'><strong>linguae</strong></span> <span class='ocrx_word' id='word_1_161' title='bbox 1445 2043 1646 2090; x_wconf 73' lang='lat' dir='ltr'><strong>lionore</strong></span> <span class='ocrx_word' id='word_1_162' title='bbox 1676 2041 1765 2086; x_wconf 81' lang='lat' dir='ltr'><strong>do-</strong></span> 
     </span>
    </p>
   </div>
   <div class='ocr_carea' id='block_1_30' title="bbox 214 2107 1768 2198">
    <p class='ocr_par' dir='ltr' id='par_1_30' title="bbox 214 2107 1768 2198">
     <span class='ocr_line' id='line_1_30' title="bbox 214 2107 1768 2198; baseline -0.004 -14"><span class='ocrx_word' id='word_1_163' title='bbox 214 2143 337 2186; x_wconf 89' lang='lat' dir='ltr'><strong>tare.</strong></span> <span class='ocrx_word' id='word_1_164' title='bbox 365 2133 514 2186; x_wconf 82' lang='lat' dir='ltr'><strong>Nune</strong></span> <span class='ocrx_word' id='word_1_165' title='bbox 541 2147 626 2185; x_wconf 84' lang='lat' dir='ltr'><strong>me</strong></span> <span class='ocrx_word' id='word_1_166' title='bbox 655 2134 718 2184; x_wconf 90' lang='lat' dir='ltr'><strong>ad</strong></span> <span class='ocrx_word' id='word_1_167' title='bbox 753 2132 940 2184; x_wconf 88' lang='lat' dir='ltr'><strong>famam</strong></span> <span class='ocrx_word' id='word_1_168' title='bbox 970 2107 1163 2198; x_wconf 74' lang='lat' dir='ltr'><strong>rejieis,</strong></span> <span class='ocrx_word' id='word_1_169' title='bbox 1194 2138 1248 2181; x_wconf 92' lang='lat' dir='ltr'><strong>et</strong></span> <span class='ocrx_word' id='word_1_170' title='bbox 1285 2129 1439 2196; x_wconf 86' lang='lat' dir='ltr'><strong>jubes</strong></span> <span class='ocrx_word' id='word_1_171' title='bbox 1469 2143 1650 2180; x_wconf 88' lang='lat' dir='ltr'><strong>aurem</strong></span> <span class='ocrx_word' id='word_1_172' title='bbox 1683 2143 1768 2178; x_wconf 89' lang='lat' dir='ltr'><strong>tu-</strong></span> 
     </span>
    </p>
   </div>
   <div class='ocr_carea' id='block_1_31' title="bbox 204 2218 1764 2289">
    <p class='ocr_par' dir='ltr' id='par_1_31' title="bbox 204 2218 1764 2289">
     <span class='ocr_line' id='line_1_31' title="bbox 204 2218 1764 2289; baseline -0.004 -14"><span class='ocrx_word' id='word_1_173' title='bbox 204 2225 430 2275; x_wconf 89' lang='lat' dir='ltr'><strong>moribus</strong></span> <span class='ocrx_word' id='word_1_174' title='bbox 464 2224 727 2289; x_wconf 68' lang='lat' dir='ltr'><strong>prwbere,</strong></span> <span class='ocrx_word' id='word_1_175' title='bbox 762 2237 881 2274; x_wconf 88' lang='lat' dir='ltr'><strong>cum</strong></span> <span class='ocrx_word' id='word_1_176' title='bbox 940 2220 1069 2274; x_wconf 88' lang='lat' dir='ltr'><strong>tanti</strong></span> <span class='ocrx_word' id='word_1_177' title='bbox 1100 2218 1294 2285; x_wconf 80' lang='lat' dir='ltr'><strong>negotii</strong></span> <span class='ocrx_word' id='word_1_178' title='bbox 1336 2218 1561 2285; x_wconf 79' lang='lat' dir='ltr'><strong>dignitas</strong></span> <span class='ocrx_word' id='word_1_179' title='bbox 1588 2231 1764 2284; x_wconf 84' lang='lat' dir='ltr'><strong>parem</strong></span> 
     </span>
    </p>
   </div>
   <div class='ocr_carea' id='block_1_32' title="bbox 203 2309 1769 2380">
    <p class='ocr_par' dir='ltr' id='par_1_32' title="bbox 203 2309 1769 2380">
     <span class='ocr_line' id='line_1_32' title="bbox 203 2309 1769 2380; baseline -0.005 -15"><span class='ocrx_word' id='word_1_180' title='bbox 203 2323 380 2365; x_wconf 72' lang='lat' dir='ltr'><strong>teatezn</strong></span> <span class='ocrx_word' id='word_1_181' title='bbox 409 2313 665 2380; x_wconf 83' lang='lat' dir='ltr'><strong>requirat.</strong></span> <span class='ocrx_word' id='word_1_182' title='bbox 705 2311 809 2364; x_wconf 86' lang='lat' dir='ltr'><strong>Sed</strong></span> <span class='ocrx_word' id='word_1_183' title='bbox 836 2313 920 2379; x_wconf 88' lang='lat' dir='ltr'><strong>qui</strong></span> <span class='ocrx_word' id='word_1_184' title='bbox 952 2310 1113 2364; x_wconf 90' lang='lat' dir='ltr'><strong>animi</strong></span> <span class='ocrx_word' id='word_1_185' title='bbox 1147 2309 1247 2361; x_wconf 90' lang='lat' dir='ltr'><strong>mei</strong></span> <span class='ocrx_word' id='word_1_186' title='bbox 1291 2320 1508 2361; x_wconf 89' lang='lat' dir='ltr'><strong>securus</strong></span> <span class='ocrx_word' id='word_1_187' title='bbox 1549 2321 1626 2367; x_wconf 85' lang='lat' dir='ltr'><strong>es.</strong></span> <span class='ocrx_word' id='word_1_188' title='bbox 1660 2319 1769 2357; x_wconf 85' lang='lat' dir='ltr'><strong>me-</strong></span> 
     </span>
    </p>
   </div>
   <div class='ocr_carea' id='block_1_33' title="bbox 202 2399 1766 2472">
    <p class='ocr_par' dir='ltr' id='par_1_33' title="bbox 202 2399 1766 2472">
     <span class='ocr_line' id='line_1_33' title="bbox 202 2399 1766 2472; baseline -0.004 -17"><span class='ocrx_word' id='word_1_189' title='bbox 202 2407 349 2456; x_wconf 84' lang='lat' dir='ltr'><strong>ritum</strong></span> <span class='ocrx_word' id='word_1_190' title='bbox 389 2414 538 2457; x_wconf 87' lang='lat' dir='ltr'><strong>tuum</strong></span> <span class='ocrx_word' id='word_1_191' title='bbox 569 2405 684 2458; x_wconf 89' lang='lat' dir='ltr'><strong>voci</strong></span> <span class='ocrx_word' id='word_1_192' title='bbox 717 2405 940 2472; x_wconf 63' lang='lat' dir='ltr'><strong>publica:</strong></span> <span class='ocrx_word' id='word_1_193' title='bbox 981 2400 1275 2461; x_wconf 89' lang='lat' dir='ltr'><strong>credidisti,</strong></span> <span class='ocrx_word' id='word_1_194' title='bbox 1310 2407 1592 2451; x_wconf 87' lang='lat' dir='ltr'><strong>contentus</strong></span> <span class='ocrx_word' id='word_1_195' title='bbox 1623 2399 1766 2462; x_wconf 79' lang='lat' dir='ltr'><strong>veri-</strong></span> 
     </span>
    </p>
   </div>
   <div class='ocr_carea' id='block_1_34' title="bbox 203 2487 1770 2562">
    <p class='ocr_par' dir='ltr' id='par_1_34' title="bbox 203 2487 1770 2562">
     <span class='ocr_line' id='line_1_34' title="bbox 203 2487 1770 2562; baseline -0.003 -20"><span class='ocrx_word' id='word_1_196' title='bbox 203 2503 302 2547; x_wconf 59' lang='lat' dir='ltr'><strong>tate</strong></span> <span class='ocrx_word' id='word_1_197' title='bbox 332 2508 427 2561; x_wconf 85' lang='lat' dir='ltr'><strong>pro</strong></span> <span class='ocrx_word' id='word_1_198' title='bbox 457 2494 632 2545; x_wconf 86' lang='lat' dir='ltr'><strong>laude.</strong></span> <span class='ocrx_word' id='word_1_199' title='bbox 669 2495 805 2562; x_wconf 82' lang='lat' dir='ltr'><strong>Ergo</strong></span> <span class='ocrx_word' id='word_1_200' title='bbox 855 2493 1027 2545; x_wconf 81' lang='lat' dir='ltr'><strong>Africa</strong></span> <span class='ocrx_word' id='word_1_201' title='bbox 1058 2491 1282 2544; x_wconf 77' lang='lat' dir='ltr'><strong>revaluit</strong></span> <span class='ocrx_word' id='word_1_202' title='bbox 1307 2505 1368 2540; x_wconf 71' lang='lat' dir='ltr'><strong>ex</strong></span> <span class='ocrx_word' id='word_1_203' title='bbox 1401 2487 1608 2549; x_wconf 84' lang='lat' dir='ltr'><strong>morbo,</strong></span> <span class='ocrx_word' id='word_1_204' title='bbox 1643 2501 1770 2539; x_wconf 86' lang='lat' dir='ltr'><strong>sane</strong></span> 
     </span>
    </p>
   </div>
   <div class='ocr_carea' id='block_1_35' title="bbox 205 2577 1770 2647">
    <p class='ocr_par' dir='ltr' id='par_1_35' title="bbox 205 2577 1770 2647">
     <span class='ocr_line' id='line_1_35' title="bbox 205 2577 1770 2647; baseline -0.003 -15"><span class='ocrx_word' id='word_1_205' title='bbox 205 2583 514 2634; x_wconf 73' lang='lat' dir='ltr'><strong>invictarum</strong></span> <span class='ocrx_word' id='word_1_206' title='bbox 549 2581 842 2647; x_wconf 77' lang='lat' dir='ltr'><strong>principum</strong></span> <span class='ocrx_word' id='word_1_207' title='bbox 878 2581 1120 2632; x_wconf 73' lang='lat' dir='ltr'><strong>medi-nte</strong></span> <span class='ocrx_word' id='word_1_208' title='bbox 1151 2577 1396 2639; x_wconf 85' lang='lat' dir='ltr'><strong>consilio,</strong></span> <span class='ocrx_word' id='word_1_209' title='bbox 1440 2592 1662 2642; x_wconf 83' lang='lat' dir='ltr'><strong>quorum</strong></span> <span class='ocrx_word' id='word_1_210' title='bbox 1691 2589 1770 2628; x_wconf 87' lang='lat' dir='ltr'><strong>ro-</strong></span> 
     </span>
    </p>
   </div>
   <div class='ocr_carea' id='block_1_36' title="bbox 205 2667 1772 2738">
    <p class='ocr_par' dir='ltr' id='par_1_36' title="bbox 205 2667 1772 2738">
     <span class='ocr_line' id='line_1_36' title="bbox 205 2667 1772 2738; baseline -0.006 -11"><span class='ocrx_word' id='word_1_211' title='bbox 205 2675 428 2727; x_wconf 89' lang='lat' dir='ltr'><strong>tuedimn</strong></span> <span class='ocrx_word' id='word_1_212' title='bbox 463 2684 516 2727; x_wconf 92' lang='lat' dir='ltr'><strong>ttt</strong></span> <span class='ocrx_word' id='word_1_213' title='bbox 568 2674 729 2726; x_wconf 85' lang='lat' dir='ltr'><strong>fuisti.</strong></span> <span class='ocrx_word' id='word_1_214' title='bbox 763 2673 950 2725; x_wconf 86' lang='lat' dir='ltr'><strong>Solent</strong></span> <span class='ocrx_word' id='word_1_215' title='bbox 997 2673 1135 2724; x_wconf 76' lang='lat' dir='ltr'><strong>enim</strong></span> <span class='ocrx_word' id='word_1_216' title='bbox 1189 2671 1275 2738; x_wconf 90' lang='lat' dir='ltr'><strong>qui</strong></span> <span class='ocrx_word' id='word_1_217' title='bbox 1307 2669 1618 2722; x_wconf 85' lang='lat' dir='ltr'><strong>medicinam</strong></span> <span class='ocrx_word' id='word_1_218' title='bbox 1658 2667 1772 2720; x_wconf 88' lang='lat' dir='ltr'><strong>cal-</strong></span> 
     </span>
    </p>
   </div>
   <div class='ocr_carea' id='block_1_37' title="bbox 206 2757 1771 2831">
    <p class='ocr_par' dir='ltr' id='par_1_37' title="bbox 206 2757 1771 2831">
     <span class='ocr_line' id='line_1_37' title="bbox 206 2757 1771 2831; baseline -0.006 -15"><span class='ocrx_word' id='word_1_219' title='bbox 206 2763 330 2826; x_wconf 87' lang='lat' dir='ltr'><strong>lent,</strong></span> <span class='ocrx_word' id='word_1_220' title='bbox 361 2779 482 2818; x_wconf 92' lang='lat' dir='ltr'><strong>cum</strong></span> <span class='ocrx_word' id='word_1_221' title='bbox 514 2764 620 2831; x_wconf 86' lang='lat' dir='ltr'><strong>jam</strong></span> <span class='ocrx_word' id='word_1_222' title='bbox 652 2762 770 2816; x_wconf 76' lang='lat' dir='ltr'><strong>forti</strong></span> <span class='ocrx_word' id='word_1_223' title='bbox 799 2778 893 2813; x_wconf 76' lang='lat' dir='ltr'><strong>usu</strong></span> <span class='ocrx_word' id='word_1_224' title='bbox 920 2762 970 2813; x_wconf 89' lang='lat' dir='ltr'><strong>in</strong></span> <span class='ocrx_word' id='word_1_225' title='bbox 1004 2762 1361 2827; x_wconf 55' lang='lat' dir='ltr'><strong>magisterium</strong></span> <span class='ocrx_word' id='word_1_226' title='bbox 1392 2757 1771 2825; x_wconf 76' lang='lat' dir='ltr'><strong>provebuntur,</strong></span> 
     </span>
    </p>
   </div>
   <div class='ocr_carea' id='block_1_38' title="bbox 203 2849 1773 2921">
    <p class='ocr_par' dir='ltr' id='par_1_38' title="bbox 203 2849 1773 2921">
     <span class='ocr_line' id='line_1_38' title="bbox 203 2849 1773 2921; baseline -0.005 -13"><span class='ocrx_word' id='word_1_227' title='bbox 203 2868 262 2908; x_wconf 87' lang='lat' dir='ltr'><strong>ac</strong></span> <span class='ocrx_word' id='word_1_228' title='bbox 293 2855 421 2908; x_wconf 82' lang='lat' dir='ltr'><strong>ﬁunt</strong></span> <span class='ocrx_word' id='word_1_229' title='bbox 466 2856 598 2909; x_wconf 85' lang='lat' dir='ltr'><strong>artis</strong></span> <span class='ocrx_word' id='word_1_230' title='bbox 625 2855 852 2914; x_wconf 85' lang='lat' dir='ltr'><strong>emeriti,</strong></span> <span class='ocrx_word' id='word_1_231' title='bbox 884 2854 1136 2921; x_wconf 80' lang='lat' dir='ltr'><strong>proximis</strong></span> <span class='ocrx_word' id='word_1_232' title='bbox 1178 2855 1460 2920; x_wconf 67' lang='lat' dir='ltr'><strong>imperare.</strong></span> <span class='ocrx_word' id='word_1_233' title='bbox 1494 2859 1544 2904; x_wconf 90' lang='lat' dir='ltr'><strong>et</strong></span> <span class='ocrx_word' id='word_1_234' title='bbox 1593 2849 1773 2902; x_wconf 85' lang='lat' dir='ltr'><strong>feriata</strong></span> 
     </span>
    </p>
   </div>
   <div class='ocr_carea' id='block_1_39' title="bbox 203 2943 1774 3013">
    <p class='ocr_par' dir='ltr' id='par_1_39' title="bbox 203 2943 1774 3013">
     <span class='ocr_line' id='line_1_39' title="bbox 203 2943 1774 3013; baseline -0.005 -16"><span class='ocrx_word' id='word_1_235' title='bbox 203 2962 359 2999; x_wconf 87' lang='lat' dir='ltr'><strong>manu</strong></span> <span class='ocrx_word' id='word_1_236' title='bbox 387 2949 718 3000; x_wconf 85' lang='lat' dir='ltr'><strong>curationem</strong></span> <span class='ocrx_word' id='word_1_237' title='bbox 739 2947 920 3013; x_wconf 81' lang='lat' dir='ltr'><strong>juvare</strong></span> <span class='ocrx_word' id='word_1_238' title='bbox 951 2963 1040 3011; x_wconf 72' lang='lat' dir='ltr'><strong>pra</strong></span> <span class='ocrx_word' id='word_1_239' title='bbox 1063 2946 1248 3007; x_wconf 74' lang='lat' dir='ltr'><strong>coptis.</strong></span> <span class='ocrx_word' id='word_1_240' title='bbox 1283 2944 1389 2993; x_wconf 76' lang='lat' dir='ltr'><strong>&#39;I&#39;na</strong></span> <span class='ocrx_word' id='word_1_241' title='bbox 1422 2943 1575 3008; x_wconf 65' lang='lat' dir='ltr'><strong>igitur</strong></span> <span class='ocrx_word' id='word_1_242' title='bbox 1605 2943 1774 3006; x_wconf 78' lang='lat' dir='ltr'><strong>palilia</strong></span> 
     </span>
    </p>
   </div>
   <div class='ocr_carea' id='block_1_40' title="bbox 207 3029 1772 3105">
    <p class='ocr_par' dir='ltr' id='par_1_40' title="bbox 207 3029 1772 3105">
     <span class='ocr_line' id='line_1_40' title="bbox 207 3029 1772 3105; baseline -0.007 -15"><span class='ocrx_word' id='word_1_243' title='bbox 207 3039 318 3092; x_wconf 80' lang='lat' dir='ltr'><strong>laus</strong></span> <span class='ocrx_word' id='word_1_244' title='bbox 359 3051 658 3105; x_wconf 83' lang='lat' dir='ltr'><strong>temporum</strong></span> <span class='ocrx_word' id='word_1_245' title='bbox 690 3049 790 3090; x_wconf 60' lang='lat' dir='ltr'><strong>esu</strong></span> <span class='ocrx_word' id='word_1_246' title='bbox 832 3037 903 3089; x_wconf 87' lang='lat' dir='ltr'><strong>De</strong></span> <span class='ocrx_word' id='word_1_247' title='bbox 953 3051 1051 3101; x_wconf 84' lang='lat' dir='ltr'><strong>qua</strong></span> <span class='ocrx_word' id='word_1_248' title='bbox 1093 3050 1190 3101; x_wconf 82' lang='lat' dir='ltr'><strong>ego</strong></span> <span class='ocrx_word' id='word_1_249' title='bbox 1224 3036 1374 3099; x_wconf 84' lang='lat' dir='ltr'><strong>plane</strong></span> <span class='ocrx_word' id='word_1_250' title='bbox 1401 3043 1452 3083; x_wconf 92' lang='lat' dir='ltr'><strong>et</strong></span> <span class='ocrx_word' id='word_1_251' title='bbox 1499 3029 1772 3093; x_wconf 76' lang='lat' dir='ltr'><strong>indulgen-</strong></span> 
     </span>
    </p>
   </div>
   <div class='ocr_carea' id='block_1_41' title="bbox 1867 1404 3434 1475">
    <p class='ocr_par' dir='ltr' id='par_1_41' title="bbox 1867 1404 3434 1475">
     <span class='ocr_line' id='line_1_41' title="bbox 1867 1404 3434 1475; baseline 0.008 -22"><span class='ocrx_word' id='word_1_252' title='bbox 1867 1418 1978 1454; x_wconf 71' lang='lat' dir='ltr'><strong>ma.</strong></span> <span class='ocrx_word' id='word_1_253' title='bbox 2013 1414 2297 1469; x_wconf 71' lang='lat' dir='ltr'><strong>potestates</strong></span> <span class='ocrx_word' id='word_1_254' title='bbox 2329 1404 2477 1457; x_wconf 84' lang='lat' dir='ltr'><strong>malis</strong></span> <span class='ocrx_word' id='word_1_255' title='bbox 2506 1407 2707 1458; x_wconf 86' lang='lat' dir='ltr'><strong>artibus</strong></span> <span class='ocrx_word' id='word_1_256' title='bbox 2752 1409 3110 1475; x_wconf 65' lang='lat' dir='ltr'><strong>pi-ssidebant.</strong></span> <span class='ocrx_word' id='word_1_257' title='bbox 3148 1409 3315 1464; x_wconf 76' lang='lat' dir='ltr'><strong>Ferox</strong></span> <span class='ocrx_word' id='word_1_258' title='bbox 3349 1413 3434 1467; x_wconf 83' lang='lat' dir='ltr'><strong>illc</strong></span> 
     </span>
    </p>
   </div>
   <div class='ocr_carea' id='block_1_42' title="bbox 1868 1493 3434 1566">
    <p class='ocr_par' dir='ltr' id='par_1_42' title="bbox 1868 1493 3434 1566">
     <span class='ocr_line' id='line_1_42' title="bbox 1868 1493 3434 1566; baseline 0.007 -22"><span class='ocrx_word' id='word_1_259' title='bbox 1868 1493 2181 1544; x_wconf 67' lang='lat' dir='ltr'><strong>Maximinus</strong></span> <span class='ocrx_word' id='word_1_260' title='bbox 2211 1496 2278 1545; x_wconf 91' lang='lat' dir='ltr'><strong>ob</strong></span> <span class='ocrx_word' id='word_1_261' title='bbox 2321 1511 2404 1547; x_wconf 79' lang='lat' dir='ltr'><strong>res</strong></span> <span class='ocrx_word' id='word_1_262' title='bbox 2449 1499 2733 1558; x_wconf 86' lang='lat' dir='ltr'><strong>secundas,</strong></span> <span class='ocrx_word' id='word_1_263' title='bbox 2778 1499 3053 1566; x_wconf 76' lang='lat' dir='ltr'><strong>incubator</strong></span> <span class='ocrx_word' id='word_1_264' title='bbox 3092 1501 3434 1566; x_wconf 78' lang='lat' dir='ltr'><strong>judicimum,</strong></span> 
     </span>
    </p>
   </div>
   <div class='ocr_carea' id='block_1_43' title="bbox 1865 1563 3436 1659">
    <p class='ocr_par' dir='ltr' id='par_1_43' title="bbox 1865 1563 3436 1659">
     <span class='ocr_line' id='line_1_43' title="bbox 1865 1563 3436 1659; baseline 0.006 -22"><span class='ocrx_word' id='word_1_265' title='bbox 1865 1587 2092 1639; x_wconf 74' lang='lat' dir='ltr'><strong>difficilis</strong></span> <span class='ocrx_word' id='word_1_266' title='bbox 2136 1587 2462 1648; x_wconf 68' lang='lat' dir='ltr'><strong>tlei-itlendis,</strong></span> <span class='ocrx_word' id='word_1_267' title='bbox 2514 1563 2877 1643; x_wconf 68' lang='lat' dir='ltr'><strong>simultatibus</strong></span> <span class='ocrx_word' id='word_1_268' title='bbox 2929 1603 3313 1659; x_wconf 88' lang='lat' dir='ltr'><strong>promptus.....</strong></span> <span class='ocrx_word' id='word_1_269' title='bbox 3355 1595 3436 1649; x_wconf 89' lang='lat' dir='ltr'><strong>Si-</strong></span> 
     </span>
    </p>
   </div>
   <div class='ocr_carea' id='block_1_44' title="bbox 1867 1675 3434 1746">
    <p class='ocr_par' dir='ltr' id='par_1_44' title="bbox 1867 1675 3434 1746">
     <span class='ocr_line' id='line_1_44' title="bbox 1867 1675 3434 1746; baseline 0.004 -19"><span class='ocrx_word' id='word_1_270' title='bbox 1867 1675 2080 1742; x_wconf 78' lang='lat' dir='ltr'><strong>mulque</strong></span> <span class='ocrx_word' id='word_1_271' title='bbox 2123 1692 2204 1726; x_wconf 71' lang='lat' dir='ltr'><strong>ros</strong></span> <span class='ocrx_word' id='word_1_272' title='bbox 2248 1687 2346 1728; x_wconf 77' lang='lat' dir='ltr'><strong>tua:</strong></span> <span class='ocrx_word' id='word_1_273' title='bbox 2393 1678 2442 1728; x_wconf 91' lang='lat' dir='ltr'><strong>in</strong></span> <span class='ocrx_word' id='word_1_274' title='bbox 2493 1679 2828 1741; x_wconf 55' lang='lat' dir='ltr'><strong>tranquillum</strong></span> <span class='ocrx_word' id='word_1_275' title='bbox 2863 1680 3085 1733; x_wconf 82' lang='lat' dir='ltr'><strong>rediere.</strong></span> <span class='ocrx_word' id='word_1_276' title='bbox 3119 1682 3247 1746; x_wconf 83' lang='lat' dir='ltr'><strong>Qme</strong></span> <span class='ocrx_word' id='word_1_277' title='bbox 3278 1683 3434 1742; x_wconf 85' lang='lat' dir='ltr'><strong>bona.</strong></span> 
     </span>
    </p>
   </div>
   <div class='ocr_carea' id='block_1_45' title="bbox 1867 1766 3438 1836">
    <p class='ocr_par' dir='ltr' id='par_1_45' title="bbox 1867 1766 3438 1836">
     <span class='ocr_line' id='line_1_45' title="bbox 1867 1766 3438 1836; baseline 0.008 -22"><span class='ocrx_word' id='word_1_278' title='bbox 1867 1766 1964 1814; x_wconf 72' lang='lat' dir='ltr'><strong>et~i</strong></span> <span class='ocrx_word' id='word_1_279' title='bbox 1999 1766 2042 1813; x_wconf 91' lang='lat' dir='ltr'><strong>b-</strong></span> <span class='ocrx_word' id='word_1_280' title='bbox 2070 1766 2213 1816; x_wconf 78' lang='lat' dir='ltr'><strong>noris</strong></span> <span class='ocrx_word' id='word_1_281' title='bbox 2246 1767 2313 1815; x_wconf 90' lang='lat' dir='ltr'><strong>tui</strong></span> <span class='ocrx_word' id='word_1_282' title='bbox 2340 1769 2628 1819; x_wconf 65' lang='lat' dir='ltr'><strong>llOCCSaIlaS</strong></span> <span class='ocrx_word' id='word_1_283' title='bbox 2655 1769 2906 1836; x_wconf 82' lang='lat' dir='ltr'><strong>contigit,</strong></span> <span class='ocrx_word' id='word_1_284' title='bbox 2931 1786 3104 1822; x_wconf 89' lang='lat' dir='ltr'><strong>meum</strong></span> <span class='ocrx_word' id='word_1_285' title='bbox 3133 1783 3304 1826; x_wconf 85' lang='lat' dir='ltr'><strong>tamen</strong></span> <span class='ocrx_word' id='word_1_286' title='bbox 3328 1775 3438 1826; x_wconf 82' lang='lat' dir='ltr'><strong>ani-</strong></span> 
     </span>
    </p>
   </div>
   <div class='ocr_carea' id='block_1_46' title="bbox 1867 1856 3440 1923">
    <p class='ocr_par' dir='ltr' id='par_1_46' title="bbox 1867 1856 3440 1923">
     <span class='ocr_line' id='line_1_46' title="bbox 1867 1856 3440 1923; baseline 0.01 -22"><span class='ocrx_word' id='word_1_287' title='bbox 1867 1867 2006 1902; x_wconf 89' lang='lat' dir='ltr'><strong>llllllll</strong></span> <span class='ocrx_word' id='word_1_288' title='bbox 2059 1863 2308 1921; x_wconf 81' lang='lat' dir='ltr'><strong>tanquam</strong></span> <span class='ocrx_word' id='word_1_289' title='bbox 2355 1856 2618 1922; x_wconf 74' lang='lat' dir='ltr'><strong>implicata</strong></span> <span class='ocrx_word' id='word_1_290' title='bbox 2647 1858 2913 1923; x_wconf 83' lang='lat' dir='ltr'><strong>juverunt.</strong></span> <span class='ocrx_word' id='word_1_291' title='bbox 2962 1858 3064 1913; x_wconf 87' lang='lat' dir='ltr'><strong>Sed</strong></span> <span class='ocrx_word' id='word_1_292' title='bbox 3098 1862 3280 1915; x_wconf 82' lang='lat' dir='ltr'><strong>altiora</strong></span> <span class='ocrx_word' id='word_1_293' title='bbox 3332 1878 3440 1917; x_wconf 76' lang='lat' dir='ltr'><strong>nte-</strong></span> 
     </span>
    </p>
   </div>
   <div class='ocr_carea' id='block_1_47' title="bbox 1871 1947 3440 2019">
    <p class='ocr_par' dir='ltr' id='par_1_47' title="bbox 1871 1947 3440 2019">
     <span class='ocr_line' id='line_1_47' title="bbox 1871 1947 3440 2019; baseline 0.007 -22"><span class='ocrx_word' id='word_1_294' title='bbox 1871 1949 2077 1997; x_wconf 63' lang='lat' dir='ltr'><strong>tuentes</strong></span> <span class='ocrx_word' id='word_1_295' title='bbox 2109 1947 2339 2000; x_wconf 91' lang='lat' dir='ltr'><strong>nondum</strong></span> <span class='ocrx_word' id='word_1_296' title='bbox 2368 1949 2544 2015; x_wconf 76' lang='lat' dir='ltr'><strong>explet</strong></span> <span class='ocrx_word' id='word_1_297' title='bbox 2573 1948 2656 2001; x_wconf 85' lang='lat' dir='ltr'><strong>Itic</strong></span> <span class='ocrx_word' id='word_1_298' title='bbox 2689 1953 2903 2005; x_wconf 90' lang='lat' dir='ltr'><strong>nuntius</strong></span> <span class='ocrx_word' id='word_1_299' title='bbox 2924 1993 2937 2014; x_wconf 85' lang='lat'><strong>,</strong></span> <span class='ocrx_word' id='word_1_300' title='bbox 2963 1954 3193 2019; x_wconf 79' lang='lat' dir='ltr'><strong>qumdiu</strong></span> <span class='ocrx_word' id='word_1_301' title='bbox 3234 1954 3286 2007; x_wconf 92' lang='lat' dir='ltr'><strong>in</strong></span> <span class='ocrx_word' id='word_1_302' title='bbox 3316 1954 3440 2008; x_wconf 88' lang='lat' dir='ltr'><strong>alte-</strong></span> 
     </span>
    </p>
   </div>
   <div class='ocr_carea' id='block_1_48' title="bbox 1869 2038 3442 2102">
    <p class='ocr_par' dir='ltr' id='par_1_48' title="bbox 1869 2038 3442 2102">
     <span class='ocr_line' id='line_1_48' title="bbox 1869 2038 3442 2102; baseline 0.006 -15"><span class='ocrx_word' id='word_1_303' title='bbox 1869 2051 1978 2087; x_wconf 81' lang='lat' dir='ltr'><strong>t&#39;atn</strong></span> <span class='ocrx_word' id='word_1_304' title='bbox 2036 2051 2261 2088; x_wconf 47' lang='lat' dir='ltr'><strong>meisetn</strong></span> <span class='ocrx_word' id='word_1_305' title='bbox 2326 2038 2578 2102; x_wconf 82' lang='lat' dir='ltr'><strong>procedat</strong></span> <span class='ocrx_word' id='word_1_306' title='bbox 2651 2039 2788 2090; x_wconf 87' lang='lat' dir='ltr'><strong>ratio</strong></span> <span class='ocrx_word' id='word_1_307' title='bbox 2844 2040 3202 2093; x_wconf 84' lang='lat' dir='ltr'><strong>conditorum.</strong></span> <span class='ocrx_word' id='word_1_308' title='bbox 3263 2041 3442 2096; x_wconf 82' lang='lat' dir='ltr'><strong>Facito</strong></span> 
     </span>
    </p>
   </div>
   <div class='ocr_carea' id='block_1_49' title="bbox 1871 2131 3442 2200">
    <p class='ocr_par' dir='ltr' id='par_1_49' title="bbox 1871 2131 3442 2200">
     <span class='ocr_line' id='line_1_49' title="bbox 1871 2131 3442 2200; baseline 0.004 -19"><span class='ocrx_word' id='word_1_309' title='bbox 1871 2131 2025 2197; x_wconf 79' lang='lat' dir='ltr'><strong>igitur</strong></span> <span class='ocrx_word' id='word_1_310' title='bbox 2061 2145 2244 2188; x_wconf 85' lang='lat' dir='ltr'><strong>sciam,</strong></span> <span class='ocrx_word' id='word_1_311' title='bbox 2279 2131 2401 2196; x_wconf 92' lang='lat' dir='ltr'><strong>quid</strong></span> <span class='ocrx_word' id='word_1_312' title='bbox 2449 2131 2700 2182; x_wconf 85' lang='lat' dir='ltr'><strong>invebant</strong></span> <span class='ocrx_word' id='word_1_313' title='bbox 2746 2131 2954 2184; x_wconf 86' lang='lat' dir='ltr'><strong>horreis</strong></span> <span class='ocrx_word' id='word_1_314' title='bbox 2986 2133 3096 2185; x_wconf 89' lang='lat' dir='ltr'><strong>dies</strong></span> <span class='ocrx_word' id='word_1_315' title='bbox 3135 2133 3350 2200; x_wconf 77' lang='lat' dir='ltr'><strong>singuli,</strong></span> <span class='ocrx_word' id='word_1_316' title='bbox 3384 2147 3442 2188; x_wconf 91' lang='lat' dir='ltr'><strong>ut</strong></span> 
     </span>
    </p>
   </div>
   <div class='ocr_carea' id='block_1_50' title="bbox 1871 2225 3438 2292">
    <p class='ocr_par' dir='ltr' id='par_1_50' title="bbox 1871 2225 3438 2292">
     <span class='ocr_line' id='line_1_50' title="bbox 1871 2225 3438 2292; baseline -0.001 -18"><span class='ocrx_word' id='word_1_317' title='bbox 1871 2225 2110 2291; x_wconf 77' lang='lat' dir='ltr'><strong>voluptas</strong></span> <span class='ocrx_word' id='word_1_318' title='bbox 2140 2225 2232 2276; x_wconf 85' lang='lat' dir='ltr'><strong>otii</strong></span> <span class='ocrx_word' id='word_1_319' title='bbox 2268 2225 2368 2276; x_wconf 86' lang='lat' dir='ltr'><strong>mei</strong></span> <span class='ocrx_word' id='word_1_320' title='bbox 2399 2240 2515 2274; x_wconf 87' lang='lat' dir='ltr'><strong>(IIIII</strong></span> <span class='ocrx_word' id='word_1_321' title='bbox 2559 2229 2739 2288; x_wconf 73' lang='lat' dir='ltr'><strong>pati-im</strong></span> <span class='ocrx_word' id='word_1_322' title='bbox 2777 2225 2943 2292; x_wconf 84' lang='lat' dir='ltr'><strong>copis</strong></span> <span class='ocrx_word' id='word_1_323' title='bbox 2986 2240 3257 2292; x_wconf 74' lang='lat' dir='ltr'><strong>augeatur.</strong></span> <span class='ocrx_word' id='word_1_324' title='bbox 3295 2226 3438 2280; x_wconf 78' lang='lat' dir='ltr'><strong>Vale.</strong></span> 
     </span>
    </p>
   </div>
   <div class='ocr_carea' id='block_1_51' title="bbox 2211 2301 2834 2371">
    <p class='ocr_par' dir='ltr' id='par_1_51' title="bbox 2211 2301 2834 2371">
     <span class='ocr_line' id='line_1_51' title="bbox 2211 2301 2834 2371; baseline 0.002 -3"><span class='ocrx_word' id='word_1_325' title='bbox 2211 2301 2217 2308; x_wconf 84' lang='grc'><strong>’</strong></span> <span class='ocrx_word' id='word_1_326' title='bbox 2493 2319 2706 2370; x_wconf 80' lang='lat' dir='ltr'><strong>EI&#39;IST.</strong></span> <span class='ocrx_word' id='word_1_327' title='bbox 2750 2319 2834 2371; x_wconf 90' lang='lat' dir='ltr'><strong>ttt.</strong></span> 
     </span>
    </p>
   </div>
   <div class='ocr_carea' id='block_1_52' title="bbox 2448 2422 2868 2460">
    <p class='ocr_par' dir='ltr' id='par_1_52' title="bbox 2448 2422 2868 2460">
     <span class='ocr_line' id='line_1_52' title="bbox 2448 2422 2868 2460; baseline 0 -1"><span class='ocrx_word' id='word_1_328' title='bbox 2448 2422 2868 2460; x_wconf 61' lang='lat' dir='ltr'><strong>SYM‘IACIIIJS...&quot;</strong></span> 
     </span>
    </p>
   </div>
   <div class='ocr_carea' id='block_1_53' title="bbox 1945 2496 3442 2563">
    <p class='ocr_par' dir='ltr' id='par_1_53' title="bbox 1945 2496 3442 2563">
     <span class='ocr_line' id='line_1_53' title="bbox 1945 2496 3442 2563; baseline 0.001 -15"><span class='ocrx_word' id='word_1_329' title='bbox 1945 2498 2021 2548; x_wconf 82' lang='lat' dir='ltr'><strong>Ad</strong></span> <span class='ocrx_word' id='word_1_330' title='bbox 2050 2507 2252 2548; x_wconf 69' lang='lat' dir='ltr'><strong>~extum</strong></span> <span class='ocrx_word' id='word_1_331' title='bbox 2285 2498 2385 2550; x_wconf 90' lang='lat' dir='ltr'><strong>cal.</strong></span> <span class='ocrx_word' id='word_1_332' title='bbox 2417 2497 2672 2550; x_wconf 75' lang='lat' dir='ltr'><strong>Novemb.</strong></span> <span class='ocrx_word' id='word_1_333' title='bbox 2702 2496 2983 2563; x_wconf 70' lang='lat' dir='ltr'><strong>questorite</strong></span> <span class='ocrx_word' id='word_1_334' title='bbox 3012 2496 3258 2549; x_wconf 79' lang='lat' dir='ltr'><strong>edi1ionis</strong></span> <span class='ocrx_word' id='word_1_335' title='bbox 3287 2512 3442 2550; x_wconf 67' lang='grc' dir='ltr'><strong>εισι-ο</strong></span> 
     </span>
    </p>
   </div>
   <div class='ocr_carea' id='block_1_54' title="bbox 1874 2584 3443 2651">
    <p class='ocr_par' dir='ltr' id='par_1_54' title="bbox 1874 2584 3443 2651">
     <span class='ocr_line' id='line_1_54' title="bbox 1874 2584 3443 2651; baseline 0.001 -14"><span class='ocrx_word' id='word_1_336' title='bbox 1874 2586 1976 2639; x_wconf 86' lang='lat' dir='ltr'><strong>diis</strong></span> <span class='ocrx_word' id='word_1_337' title='bbox 2009 2589 2266 2639; x_wconf 71' lang='lat' dir='ltr'><strong>interesse</strong></span> <span class='ocrx_word' id='word_1_338' title='bbox 2288 2601 2370 2638; x_wconf 92' lang='lat' dir='ltr'><strong>me</strong></span> <span class='ocrx_word' id='word_1_339' title='bbox 2400 2585 2660 2651; x_wconf 71' lang='lat' dir='ltr'><strong>prmcipis.</strong></span> <span class='ocrx_word' id='word_1_340' title='bbox 2693 2584 2859 2650; x_wconf 82' lang='lat' dir='ltr'><strong>Hujus</strong></span> <span class='ocrx_word' id='word_1_341' title='bbox 2884 2585 3210 2637; x_wconf 82' lang='lat' dir='ltr'><strong>evocationis</strong></span> <span class='ocrx_word' id='word_1_342' title='bbox 3239 2586 3443 2638; x_wconf 85' lang='lat' dir='ltr'><strong>litteras</strong></span> 
     </span>
    </p>
   </div>
   <div class='ocr_carea' id='block_1_55' title="bbox 1880 2677 3444 2747">
    <p class='ocr_par' dir='ltr' id='par_1_55' title="bbox 1880 2677 3444 2747">
     <span class='ocr_line' id='line_1_55' title="bbox 1880 2677 3444 2747; baseline -0.002 -12"><span class='ocrx_word' id='word_1_343' title='bbox 1880 2695 2002 2735; x_wconf 85' lang='lat' dir='ltr'><strong>ante</strong></span> <span class='ocrx_word' id='word_1_344' title='bbox 2066 2683 2280 2734; x_wconf 85' lang='lat' dir='ltr'><strong>biduum</strong></span> <span class='ocrx_word' id='word_1_345' title='bbox 2355 2692 2606 2744; x_wconf 83' lang='lat' dir='ltr'><strong>tempor.s</strong></span> <span class='ocrx_word' id='word_1_346' title='bbox 2655 2677 2935 2747; x_wconf 69' lang='lat' dir='ltr'><strong>prmstituti</strong></span> <span class='ocrx_word' id='word_1_347' title='bbox 2983 2679 3118 2730; x_wconf 89' lang='lat' dir='ltr'><strong>circa</strong></span> <span class='ocrx_word' id='word_1_348' title='bbox 3176 2679 3444 2747; x_wconf 83' lang='lat' dir='ltr'><strong>Neapolim</strong></span> 
     </span>
    </p>
   </div>
   <div class='ocr_carea' id='block_1_56' title="bbox 1879 2768 3446 2838">
    <p class='ocr_par' dir='ltr' id='par_1_56' title="bbox 1879 2768 3446 2838">
     <span class='ocr_line' id='line_1_56' title="bbox 1879 2768 3446 2838; baseline 0.001 -16"><span class='ocrx_word' id='word_1_349' title='bbox 1879 2774 2097 2836; x_wconf 71' lang='lat' dir='ltr'><strong>sumpsi.</strong></span> <span class='ocrx_word' id='word_1_350' title='bbox 2135 2772 2345 2838; x_wconf 77' lang='lat' dir='ltr'><strong>I‘urgat,</strong></span> <span class='ocrx_word' id='word_1_351' title='bbox 2379 2780 2435 2822; x_wconf 92' lang='lat' dir='ltr'><strong>nt</strong></span> <span class='ocrx_word' id='word_1_352' title='bbox 2487 2769 2655 2832; x_wconf 71' lang='lat' dir='ltr'><strong>vides,</strong></span> <span class='ocrx_word' id='word_1_353' title='bbox 2688 2768 2985 2822; x_wconf 86' lang='lat' dir='ltr'><strong>absentiam</strong></span> <span class='ocrx_word' id='word_1_354' title='bbox 3035 2786 3202 2822; x_wconf 82' lang='lat' dir='ltr'><strong>meam</strong></span> <span class='ocrx_word' id='word_1_355' title='bbox 3259 2771 3446 2838; x_wconf 73' lang='lat' dir='ltr'><strong>longus</strong></span> 
     </span>
    </p>
   </div>
   <div class='ocr_carea' id='block_1_57' title="bbox 1880 2861 3445 2927">
    <p class='ocr_par' dir='ltr' id='par_1_57' title="bbox 1880 2861 3445 2927">
     <span class='ocr_line' id='line_1_57' title="bbox 1880 2861 3445 2927; baseline -0.001 -9"><span class='ocrx_word' id='word_1_356' title='bbox 1880 2867 2082 2918; x_wconf 70' lang='lat' dir='ltr'><strong>itini-ris</strong></span> <span class='ocrx_word' id='word_1_357' title='bbox 2111 2875 2328 2927; x_wconf 78' lang='lat' dir='ltr'><strong>tractus,</strong></span> <span class='ocrx_word' id='word_1_358' title='bbox 2359 2873 2411 2916; x_wconf 92' lang='lat' dir='ltr'><strong>et</strong></span> <span class='ocrx_word' id='word_1_359' title='bbox 2439 2861 2723 2914; x_wconf 85' lang='lat' dir='ltr'><strong>functionis</strong></span> <span class='ocrx_word' id='word_1_360' title='bbox 2745 2861 2859 2913; x_wconf 73' lang='lat' dir='ltr'><strong>dies</strong></span> <span class='ocrx_word' id='word_1_361' title='bbox 2891 2861 3182 2927; x_wconf 78' lang='lat' dir='ltr'><strong>proximus.</strong></span> <span class='ocrx_word' id='word_1_362' title='bbox 3214 2863 3318 2916; x_wconf 83' lang='lat' dir='ltr'><strong>Sed</strong></span> <span class='ocrx_word' id='word_1_363' title='bbox 3341 2864 3445 2916; x_wconf 91' lang='lat' dir='ltr'><strong>diis</strong></span> 
     </span>
    </p>
   </div>
   <div class='ocr_carea' id='block_1_58' title="bbox 1876 2950 3449 3024">
    <p class='ocr_par' dir='ltr' id='par_1_58' title="bbox 1876 2950 3449 3024">
     <span class='ocr_line' id='line_1_58' title="bbox 1876 2950 3449 3024; baseline -0.002 -18"><span class='ocrx_word' id='word_1_364' title='bbox 1876 2954 2178 3024; x_wconf 76' lang='lat' dir='ltr'><strong>juvanlibus</strong></span> <span class='ocrx_word' id='word_1_365' title='bbox 2207 2953 2384 3005; x_wconf 91' lang='lat' dir='ltr'><strong>multis</strong></span> <span class='ocrx_word' id='word_1_366' title='bbox 2409 2950 2728 3019; x_wconf 81' lang='lat' dir='ltr'><strong>spectaculis</strong></span> <span class='ocrx_word' id='word_1_367' title='bbox 2759 2950 2949 3003; x_wconf 84' lang='lat' dir='ltr'><strong>vestris</strong></span> <span class='ocrx_word' id='word_1_368' title='bbox 2974 2951 3326 3014; x_wconf 70' lang='lat' dir='ltr'><strong>compensatio</strong></span> <span class='ocrx_word' id='word_1_369' title='bbox 3354 2953 3449 3005; x_wconf 81' lang='lat' dir='ltr'><strong>ob-</strong></span> 
     </span>
    </p>
   </div>
   <div class='ocr_carea' id='block_1_59' title="bbox 1881 3038 3448 3110">
    <p class='ocr_par' dir='ltr' id='par_1_59' title="bbox 1881 3038 3448 3110">
     <span class='ocr_line' id='line_1_59' title="bbox 1881 3038 3448 3110; baseline -0.002 -13"><span class='ocrx_word' id='word_1_370' title='bbox 1881 3048 2046 3110; x_wconf 64' lang='lat' dir='ltr'><strong>qunii</strong></span> <span class='ocrx_word' id='word_1_371' title='bbox 2101 3046 2202 3098; x_wconf 91' lang='lat' dir='ltr'><strong>mei</strong></span> <span class='ocrx_word' id='word_1_372' title='bbox 2257 3044 2511 3096; x_wconf 89' lang='lat' dir='ltr'><strong>debitum.</strong></span> <span class='ocrx_word' id='word_1_373' title='bbox 2578 3040 2728 3094; x_wconf 75' lang='lat' dir='ltr'><strong>Nunc</strong></span> <span class='ocrx_word' id='word_1_374' title='bbox 2780 3041 2946 3092; x_wconf 65' lang='lat' dir='ltr'><strong>veniae</strong></span> <span class='ocrx_word' id='word_1_375' title='bbox 3001 3039 3188 3091; x_wconf 58' lang='lat' dir='ltr'><strong>danda:</strong></span> <span class='ocrx_word' id='word_1_376' title='bbox 3243 3038 3448 3094; x_wconf 88' lang='lat' dir='ltr'><strong>facilem</strong></span> 
     </span>
    </p>
   </div>
   <div class='ocr_carea' id='block_1_60' title="bbox 207 3118 3449 3226">
    <p class='ocr_par' dir='ltr' id='par_1_60' title="bbox 207 3118 3449 3226">
     <span class='ocr_line' id='line_1_60' title="bbox 207 3118 3449 3226; baseline 0.003 -50"><span class='ocrx_word' id='word_1_377' title='bbox 207 3127 308 3180; x_wconf 88' lang='lat' dir='ltr'><strong>tius</strong></span> <span class='ocrx_word' id='word_1_378' title='bbox 334 3128 603 3194; x_wconf 86' lang='lat' dir='ltr'><strong>loquerer,</strong></span> <span class='ocrx_word' id='word_1_379' title='bbox 637 3125 737 3176; x_wconf 77' lang='lat' dir='ltr'><strong>nisi</strong></span> <span class='ocrx_word' id='word_1_380' title='bbox 780 3124 1104 3190; x_wconf 68' lang='lat' dir='ltr'><strong>obsequurer</strong></span> <span class='ocrx_word' id='word_1_381' title='bbox 1142 3122 1396 3188; x_wconf 83' lang='lat' dir='ltr'><strong>singnIaii</strong></span> <span class='ocrx_word' id='word_1_382' title='bbox 1445 3118 1776 3171; x_wconf 68' lang='lat' dir='ltr'><strong>verei-uadise</strong></span> <span class='ocrx_word' id='word_1_383' title='bbox 1805 3166 1848 3226; x_wconf 78' lang='lat' dir='ltr'>C</span> <span class='ocrx_word' id='word_1_384' title='bbox 1881 3149 2062 3200; x_wconf 68' lang='grc' dir='ltr'>(μκιιςο</span> <span class='ocrx_word' id='word_1_385' title='bbox 2092 3143 2141 3184; x_wconf 74' lang='grc' dir='ltr'>ιο</span> <span class='ocrx_word' id='word_1_386' title='bbox 2170 3132 2425 3198; x_wconf 62' lang='grc' dir='ltr'><strong>ριωδρθε,</strong></span> <span class='ocrx_word' id='word_1_387' title='bbox 2477 3131 2655 3198; x_wconf 81' lang='lat' dir='ltr'><strong>Neque</strong></span> <span class='ocrx_word' id='word_1_388' title='bbox 2683 3132 2826 3183; x_wconf 83' lang='lat' dir='ltr'><strong>enim</strong></span> <span class='ocrx_word' id='word_1_389' title='bbox 2859 3132 2937 3182; x_wconf 81' lang='lat' dir='ltr'><strong>fas</strong></span> <span class='ocrx_word' id='word_1_390' title='bbox 2965 3142 3067 3190; x_wconf 86' lang='lat' dir='ltr'><strong>est,</strong></span> <span class='ocrx_word' id='word_1_391' title='bbox 3102 3139 3160 3183; x_wconf 94' lang='lat' dir='ltr'><strong>ut</strong></span> <span class='ocrx_word' id='word_1_392' title='bbox 3200 3139 3346 3185; x_wconf 87' lang='lat' dir='ltr'><strong>tanto</strong></span> <span class='ocrx_word' id='word_1_393' title='bbox 3370 3132 3449 3185; x_wconf 86' lang='lat' dir='ltr'><strong>di-</strong></span> 
     </span>
    </p>
   </div>
   <div class='ocr_carea' id='block_1_61' title="bbox 207 3210 1774 3280">
    <p class='ocr_par' dir='ltr' id='par_1_61' title="bbox 207 3210 1774 3280">
     <span class='ocr_line' id='line_1_61' title="bbox 207 3210 1774 3280; baseline -0.004 -16"><span class='ocrx_word' id='word_1_394' title='bbox 207 3227 327 3274; x_wconf 73' lang='lat' dir='ltr'><strong>tua),</strong></span> <span class='ocrx_word' id='word_1_395' title='bbox 361 3224 414 3266; x_wconf 90' lang='lat' dir='ltr'><strong>et</strong></span> <span class='ocrx_word' id='word_1_396' title='bbox 446 3215 572 3266; x_wconf 88' lang='lat' dir='ltr'><strong>mihi</strong></span> <span class='ocrx_word' id='word_1_397' title='bbox 611 3213 806 3280; x_wconf 80' lang='lat' dir='ltr'><strong>Oppido</strong></span> <span class='ocrx_word' id='word_1_398' title='bbox 838 3226 1216 3280; x_wconf 84' lang='lat' dir='ltr'><strong>pra-caverem,</strong></span> <span class='ocrx_word' id='word_1_399' title='bbox 1252 3227 1315 3262; x_wconf 87' lang='lat' dir='ltr'><strong>ne</strong></span> <span class='ocrx_word' id='word_1_400' title='bbox 1357 3210 1600 3261; x_wconf 84' lang='lat' dir='ltr'><strong>laudatus</strong></span> <span class='ocrx_word' id='word_1_401' title='bbox 1648 3223 1774 3275; x_wconf 82' lang='lat' dir='ltr'><strong>pro-</strong></span> 
     </span>
    </p>
   </div>
   <div class='ocr_carea' id='block_1_62' title="bbox 204 3298 1779 3369">
    <p class='ocr_par' dir='ltr' id='par_1_62' title="bbox 204 3298 1779 3369">
     <span class='ocr_line' id='line_1_62' title="bbox 204 3298 1779 3369; baseline -0.006 -10"><span class='ocrx_word' id='word_1_402' title='bbox 204 3309 348 3361; x_wconf 65' lang='lat' dir='ltr'><strong>xime</strong></span> <span class='ocrx_word' id='word_1_403' title='bbox 379 3307 447 3360; x_wconf 91' lang='lat' dir='ltr'><strong>ab</strong></span> <span class='ocrx_word' id='word_1_404' title='bbox 486 3306 800 3360; x_wconf 77' lang='lat' dir='ltr'><strong>excellentia</strong></span> <span class='ocrx_word' id='word_1_405' title='bbox 842 3315 929 3358; x_wconf 87' lang='lat' dir='ltr'><strong>tua</strong></span> <span class='ocrx_word' id='word_1_406' title='bbox 980 3305 1263 3357; x_wconf 66' lang='lat' dir='ltr'><strong>funeratam</strong></span> <span class='ocrx_word' id='word_1_407' title='bbox 1315 3301 1536 3369; x_wconf 81' lang='lat' dir='ltr'><strong>gratiam</strong></span> <span class='ocrx_word' id='word_1_408' title='bbox 1570 3298 1779 3352; x_wconf 82' lang='lat' dir='ltr'><strong>viderer</strong></span> 
     </span>
    </p>
   </div>
   <div class='ocr_carea' id='block_1_63' title="bbox 213 3390 1778 3464">
    <p class='ocr_par' dir='ltr' id='par_1_63' title="bbox 213 3390 1778 3464">
     <span class='ocr_line' id='line_1_63' title="bbox 213 3390 1778 3464; baseline -0.007 -14"><span class='ocrx_word' id='word_1_409' title='bbox 213 3401 483 3460; x_wconf 82' lang='lat' dir='ltr'><strong>retubse,</strong></span> <span class='ocrx_word' id='word_1_410' title='bbox 515 3396 614 3449; x_wconf 84' lang='lat' dir='ltr'><strong>huc</strong></span> <span class='ocrx_word' id='word_1_411' title='bbox 643 3409 744 3460; x_wconf 70' lang='lat' dir='ltr'><strong>est,</strong></span> <span class='ocrx_word' id='word_1_412' title='bbox 775 3397 913 3464; x_wconf 91' lang='lat' dir='ltr'><strong>quod</strong></span> <span class='ocrx_word' id='word_1_413' title='bbox 953 3399 1099 3448; x_wconf 53' lang='lat' dir='ltr'><strong>aiunt</strong></span> <span class='ocrx_word' id='word_1_414' title='bbox 1127 3411 1137 3445; x_wconf 91' lang='lat'><strong>:</strong></span> <span class='ocrx_word' id='word_1_415' title='bbox 1173 3392 1403 3444; x_wconf 81' lang='lat' dir='ltr'><strong>Mutuum</strong></span> <span class='ocrx_word' id='word_1_416' title='bbox 1434 3390 1631 3442; x_wconf 76' lang='lat' dir='ltr'><strong>scabere</strong></span> <span class='ocrx_word' id='word_1_417' title='bbox 1669 3406 1778 3440; x_wconf 83' lang='lat' dir='ltr'><strong>mu-</strong></span> 
     </span>
    </p>
   </div>
   <div class='ocr_carea' id='block_1_64' title="bbox 205 3478 1777 3553">
    <p class='ocr_par' dir='ltr' id='par_1_64' title="bbox 205 3478 1777 3553">
     <span class='ocr_line' id='line_1_64' title="bbox 205 3478 1777 3553; baseline -0.006 -15"><span class='ocrx_word' id='word_1_418' title='bbox 205 3490 303 3540; x_wconf 77' lang='lat' dir='ltr'><strong>los.</strong></span> <span class='ocrx_word' id='word_1_419' title='bbox 334 3489 429 3540; x_wconf 80' lang='lat' dir='ltr'><strong>Cui</strong></span> <span class='ocrx_word' id='word_1_420' title='bbox 455 3489 736 3553; x_wconf 81' lang='lat' dir='ltr'><strong>proverbio</strong></span> <span class='ocrx_word' id='word_1_421' title='bbox 764 3502 829 3538; x_wconf 85' lang='lat' dir='ltr'><strong>ne</strong></span> <span class='ocrx_word' id='word_1_422' title='bbox 861 3486 1044 3536; x_wconf 88' lang='lat' dir='ltr'><strong>videar</strong></span> <span class='ocrx_word' id='word_1_423' title='bbox 1084 3497 1200 3536; x_wconf 89' lang='lat' dir='ltr'><strong>esse</strong></span> <span class='ocrx_word' id='word_1_424' title='bbox 1230 3481 1477 3544; x_wconf 80' lang='lat' dir='ltr'><strong>conﬁnis,</strong></span> <span class='ocrx_word' id='word_1_425' title='bbox 1512 3478 1777 3548; x_wconf 57' lang='lat' dir='ltr'><strong>praeconia</strong></span> 
     </span>
    </p>
   </div>
   <div class='ocr_carea' id='block_1_65' title="bbox 205 3573 1778 3647">
    <p class='ocr_par' dir='ltr' id='par_1_65' title="bbox 205 3573 1778 3647">
     <span class='ocr_line' id='line_1_65' title="bbox 205 3573 1778 3647; baseline -0.008 -13"><span class='ocrx_word' id='word_1_426' title='bbox 205 3584 460 3636; x_wconf 72' lang='lat' dir='ltr'><strong>virtutum</strong></span> <span class='ocrx_word' id='word_1_427' title='bbox 494 3591 704 3634; x_wconf 90' lang='lat' dir='ltr'><strong>tuarum</strong></span> <span class='ocrx_word' id='word_1_428' title='bbox 735 3593 917 3647; x_wconf 78' lang='lat' dir='ltr'><strong>presso</strong></span> <span class='ocrx_word' id='word_1_429' title='bbox 946 3577 1102 3628; x_wconf 79' lang='lat' dir='ltr'><strong>dente</strong></span> <span class='ocrx_word' id='word_1_430' title='bbox 1133 3574 1428 3642; x_wconf 82' lang='lat' dir='ltr'><strong>perstringo</strong></span> <span class='ocrx_word' id='word_1_431' title='bbox 1456 3589 1470 3636; x_wconf 92' lang='lat'><strong>;</strong></span> <span class='ocrx_word' id='word_1_432' title='bbox 1505 3573 1778 3639; x_wconf 70' lang='lat' dir='ltr'><strong>prmclartn</strong></span> 
     </span>
    </p>
   </div>
   <div class='ocr_carea' id='block_1_66' title="bbox 205 3663 1779 3737">
    <p class='ocr_par' dir='ltr' id='par_1_66' title="bbox 205 3663 1779 3737">
     <span class='ocr_line' id='line_1_66' title="bbox 205 3663 1779 3737; baseline -0.006 -11"><span class='ocrx_word' id='word_1_433' title='bbox 205 3672 546 3726; x_wconf 69' lang='lat' dir='ltr'><strong>conscientiae</strong></span> <span class='ocrx_word' id='word_1_434' title='bbox 576 3681 676 3723; x_wconf 66' lang='lat' dir='ltr'><strong>tua:</strong></span> <span class='ocrx_word' id='word_1_435' title='bbox 696 3668 1027 3737; x_wconf 88' lang='lat' dir='ltr'><strong>pendendum</strong></span> <span class='ocrx_word' id='word_1_436' title='bbox 1056 3667 1374 3734; x_wconf 84' lang='lat' dir='ltr'><strong>relinquens,</strong></span> <span class='ocrx_word' id='word_1_437' title='bbox 1400 3664 1525 3733; x_wconf 90' lang='lat' dir='ltr'><strong>quid</strong></span> <span class='ocrx_word' id='word_1_438' title='bbox 1557 3663 1637 3716; x_wconf 76' lang='lat' dir='ltr'><strong>vel</strong></span> <span class='ocrx_word' id='word_1_439' title='bbox 1668 3663 1779 3731; x_wconf 87' lang='lat' dir='ltr'><strong>ipse</strong></span> 
     </span>
    </p>
   </div>
   <div class='ocr_carea' id='block_1_67' title="bbox 206 3758 1777 3830">
    <p class='ocr_par' dir='ltr' id='par_1_67' title="bbox 206 3758 1777 3830">
     <span class='ocr_line' id='line_1_67' title="bbox 206 3758 1777 3830; baseline -0.005 -12"><span class='ocrx_word' id='word_1_440' title='bbox 206 3767 492 3826; x_wconf 81' lang='lat' dir='ltr'><strong>mercaris,</strong></span> <span class='ocrx_word' id='word_1_441' title='bbox 514 3765 662 3830; x_wconf 87' lang='lat' dir='ltr'><strong>cujus</strong></span> <span class='ocrx_word' id='word_1_442' title='bbox 690 3764 848 3814; x_wconf 90' lang='lat' dir='ltr'><strong>ductu</strong></span> <span class='ocrx_word' id='word_1_443' title='bbox 878 3761 1146 3828; x_wconf 66' lang='lat' dir='ltr'><strong>previneia</strong></span> <span class='ocrx_word' id='word_1_444' title='bbox 1174 3759 1298 3812; x_wconf 89' lang='lat' dir='ltr'><strong>mibi</strong></span> <span class='ocrx_word' id='word_1_445' title='bbox 1323 3760 1492 3812; x_wconf 89' lang='lat' dir='ltr'><strong>amica</strong></span> <span class='ocrx_word' id='word_1_446' title='bbox 1524 3758 1777 3827; x_wconf 85' lang='lat' dir='ltr'><strong>respirat;</strong></span> 
     </span>
    </p>
   </div>
   <div class='ocr_carea' id='block_1_68' title="bbox 207 3848 1783 3923">
    <p class='ocr_par' dir='ltr' id='par_1_68' title="bbox 207 3848 1783 3923">
     <span class='ocr_line' id='line_1_68' title="bbox 207 3848 1783 3923; baseline -0.004 -15"><span class='ocrx_word' id='word_1_447' title='bbox 207 3857 296 3908; x_wconf 75' lang='lat' dir='ltr'><strong>vel</strong></span> <span class='ocrx_word' id='word_1_448' title='bbox 328 3855 450 3923; x_wconf 88' lang='lat' dir='ltr'><strong>quid</strong></span> <span class='ocrx_word' id='word_1_449' title='bbox 479 3869 576 3921; x_wconf 77' lang='lat' dir='ltr'><strong>ego</strong></span> <span class='ocrx_word' id='word_1_450' title='bbox 622 3853 716 3905; x_wconf 73' lang='lat' dir='ltr'><strong>tibi</strong></span> <span class='ocrx_word' id='word_1_451' title='bbox 761 3853 1005 3914; x_wconf 84' lang='lat' dir='ltr'><strong>debeam,</strong></span> <span class='ocrx_word' id='word_1_452' title='bbox 1039 3850 1186 3916; x_wconf 85' lang='lat' dir='ltr'><strong>cujus</strong></span> <span class='ocrx_word' id='word_1_453' title='bbox 1225 3850 1360 3902; x_wconf 85' lang='lat' dir='ltr'><strong>fama</strong></span> <span class='ocrx_word' id='word_1_454' title='bbox 1401 3848 1502 3901; x_wconf 90' lang='lat' dir='ltr'><strong>sub</strong></span> <span class='ocrx_word' id='word_1_455' title='bbox 1535 3848 1622 3900; x_wconf 88' lang='lat' dir='ltr'><strong>tali</strong></span> <span class='ocrx_word' id='word_1_456' title='bbox 1650 3857 1783 3901; x_wconf 60' lang='lat' dir='ltr'><strong>teste</strong></span> 
     </span>
    </p>
   </div>
   <div class='ocr_carea' id='block_1_69' title="bbox 208 3938 1262 4012">
    <p class='ocr_par' dir='ltr' id='par_1_69' title="bbox 208 3938 1262 4012">
     <span class='ocr_line' id='line_1_69' title="bbox 208 3938 1262 4012; baseline -0.006 -16"><span class='ocrx_word' id='word_1_457' title='bbox 208 3959 484 4012; x_wconf 87' lang='lat' dir='ltr'><strong>nunquam</strong></span> <span class='ocrx_word' id='word_1_458' title='bbox 514 3943 822 3996; x_wconf 86' lang='lat' dir='ltr'><strong>succumbet</strong></span> <span class='ocrx_word' id='word_1_459' title='bbox 853 3942 1082 3993; x_wconf 67' lang='lat' dir='ltr'><strong>invidiae.</strong></span> <span class='ocrx_word' id='word_1_460' title='bbox 1117 3938 1262 3992; x_wconf 82' lang='lat' dir='ltr'><strong>Vale.</strong></span> 
     </span>
    </p>
   </div>
   <div class='ocr_carea' id='block_1_70' title="bbox 845 4028 1161 4082">
    <p class='ocr_par' dir='ltr' id='par_1_70' title="bbox 845 4028 1161 4082">
     <span class='ocr_line' id='line_1_70' title="bbox 845 4028 1161 4082; baseline -0.006 -1"><span class='ocrx_word' id='word_1_461' title='bbox 845 4029 1058 4082; x_wconf 44' lang='lat' dir='ltr'><strong>EPIS&#39;I&#39;.</strong></span> <span class='ocrx_word' id='word_1_462' title='bbox 1100 4028 1161 4081; x_wconf 92' lang='lat' dir='ltr'><strong>II.</strong></span> 
     </span>
    </p>
   </div>
   <div class='ocr_carea' id='block_1_71' title="bbox 726 4137 1281 4177">
    <p class='ocr_par' dir='ltr' id='par_1_71' title="bbox 726 4137 1281 4177">
     <span class='ocr_line' id='line_1_71' title="bbox 726 4137 1281 4177; baseline -0.005 0"><span class='ocrx_word' id='word_1_463' title='bbox 726 4137 987 4177; x_wconf 73' lang='lat' dir='ltr'><strong>GBATMM)</strong></span> <span class='ocrx_word' id='word_1_464' title='bbox 1027 4138 1281 4175; x_wconf 72' lang='lat' dir='ltr'><strong>AUGUSTO.</strong></span> 
     </span>
    </p>
   </div>
   <div class='ocr_carea' id='block_1_72' title="bbox 288 4215 1786 4284">
    <p class='ocr_par' dir='ltr' id='par_1_72' title="bbox 288 4215 1786 4284">
     <span class='ocr_line' id='line_1_72' title="bbox 288 4215 1786 4284; baseline 0.003 -19"><span class='ocrx_word' id='word_1_465' title='bbox 288 4216 418 4267; x_wconf 76' lang='lat' dir='ltr'><strong>Scio</strong></span> <span class='ocrx_word' id='word_1_466' title='bbox 444 4229 624 4268; x_wconf 90' lang='lat' dir='ltr'><strong>amore</strong></span> <span class='ocrx_word' id='word_1_467' title='bbox 643 4215 857 4275; x_wconf 86' lang='lat' dir='ltr'><strong>factum,</strong></span> <span class='ocrx_word' id='word_1_468' title='bbox 881 4229 985 4282; x_wconf 84' lang='lat' dir='ltr'><strong>quo</strong></span> <span class='ocrx_word' id='word_1_469' title='bbox 1009 4224 1297 4267; x_wconf 87' lang='lat' dir='ltr'><strong>summates</strong></span> <span class='ocrx_word' id='word_1_470' title='bbox 1315 4215 1455 4267; x_wconf 86' lang='lat' dir='ltr'><strong>viros</strong></span> <span class='ocrx_word' id='word_1_471' title='bbox 1477 4216 1786 4284; x_wconf 90' lang='lat' dir='ltr'><strong>plerumque</strong></span> 
     </span>
    </p>
   </div>
   <div class='ocr_carea' id='block_1_73' title="bbox 209 4304 1784 4372">
    <p class='ocr_par' dir='ltr' id='par_1_73' title="bbox 209 4304 1784 4372">
     <span class='ocr_line' id='line_1_73' title="bbox 209 4304 1784 4372; baseline 0.002 -16"><span class='ocrx_word' id='word_1_472' title='bbox 209 4304 526 4372; x_wconf 76' lang='lat' dir='ltr'><strong>dignamini,</strong></span> <span class='ocrx_word' id='word_1_473' title='bbox 553 4313 610 4357; x_wconf 93' lang='lat' dir='ltr'><strong>ut</strong></span> <span class='ocrx_word' id='word_1_474' title='bbox 631 4318 798 4357; x_wconf 70' lang='lat' dir='ltr'><strong>saera:</strong></span> <span class='ocrx_word' id='word_1_475' title='bbox 823 4305 1045 4356; x_wconf 88' lang='lat' dir='ltr'><strong>orationi</strong></span> <span class='ocrx_word' id='word_1_476' title='bbox 1073 4318 1262 4358; x_wconf 80' lang='lat' dir='ltr'><strong>vesme</strong></span> <span class='ocrx_word' id='word_1_477' title='bbox 1289 4306 1452 4359; x_wconf 91' lang='lat' dir='ltr'><strong>lector</strong></span> <span class='ocrx_word' id='word_1_478' title='bbox 1479 4307 1784 4362; x_wconf 79' lang='lat' dir='ltr'><strong>adltiberer.</strong></span> 
     </span>
    </p>
   </div>
   <div class='ocr_carea' id='block_1_74' title="bbox 209 4395 1790 4468">
    <p class='ocr_par' dir='ltr' id='par_1_74' title="bbox 209 4395 1790 4468">
     <span class='ocr_line' id='line_1_74' title="bbox 209 4395 1790 4468; baseline 0.004 -18"><span class='ocrx_word' id='word_1_479' title='bbox 209 4395 318 4450; x_wconf 81' lang='lat' dir='ltr'><strong>Sed</strong></span> <span class='ocrx_word' id='word_1_480' title='bbox 351 4413 472 4449; x_wconf 89' lang='lat' dir='ltr'><strong>cum</strong></span> <span class='ocrx_word' id='word_1_481' title='bbox 503 4397 742 4466; x_wconf 83' lang='lat' dir='ltr'><strong>intelligo</strong></span> <span class='ocrx_word' id='word_1_482' title='bbox 770 4411 1069 4452; x_wconf 85' lang='lat' dir='ltr'><strong>sermonem</strong></span> <span class='ocrx_word' id='word_1_483' title='bbox 1096 4398 1242 4452; x_wconf 91' lang='lat' dir='ltr'><strong>illum</strong></span> <span class='ocrx_word' id='word_1_484' title='bbox 1273 4402 1590 4468; x_wconf 69' lang='lat' dir='ltr'><strong>prmtiiinere</strong></span> <span class='ocrx_word' id='word_1_485' title='bbox 1617 4405 1790 4456; x_wconf 87' lang='lat' dir='ltr'><strong>omni-</strong></span> 
     </span>
    </p>
   </div>
   <div class='ocr_carea' id='block_1_75' title="bbox 1883 3218 3092 3294">
    <p class='ocr_par' dir='ltr' id='par_1_75' title="bbox 1883 3218 3092 3294">
     <span class='ocr_line' id='line_1_75' title="bbox 1883 3218 3092 3294; baseline -0.006 -14"><span class='ocrx_word' id='word_1_486' title='bbox 1883 3225 2102 3294; x_wconf 77' lang='lat' dir='ltr'><strong>Spendio</strong></span> <span class='ocrx_word' id='word_1_487' title='bbox 2132 3240 2250 3278; x_wconf 89' lang='lat' dir='ltr'><strong>meo</strong></span> <span class='ocrx_word' id='word_1_488' title='bbox 2279 3226 2437 3277; x_wconf 83' lang='lat' dir='ltr'><strong>etiam</strong></span> <span class='ocrx_word' id='word_1_489' title='bbox 2467 3223 2617 3286; x_wconf 87' lang='lat' dir='ltr'><strong>cnlpa</strong></span> <span class='ocrx_word' id='word_1_490' title='bbox 2644 3223 2912 3288; x_wconf 78' lang='lat' dir='ltr'><strong>jungatur.</strong></span> <span class='ocrx_word' id='word_1_491' title='bbox 2944 3218 3092 3273; x_wconf 74' lang='lat' dir='ltr'><strong>Vale.</strong></span> 
     </span>
    </p>
   </div>
   <div class='ocr_carea' id='block_1_76' title="bbox 2494 3310 2837 3365">
    <p class='ocr_par' dir='ltr' id='par_1_76' title="bbox 2494 3310 2837 3365">
     <span class='ocr_line' id='line_1_76' title="bbox 2494 3310 2837 3365; baseline -0.006 0"><span class='ocrx_word' id='word_1_492' title='bbox 2494 3310 2710 3365; x_wconf 72' lang='lat' dir='ltr'><strong>EI‘IST.</strong></span> <span class='ocrx_word' id='word_1_493' title='bbox 2752 3310 2837 3363; x_wconf 88' lang='lat' dir='ltr'><strong>IV.</strong></span> 
     </span>
    </p>
   </div>
   <div class='ocr_carea' id='block_1_77' title="bbox 2453 3413 2869 3453">
    <p class='ocr_par' dir='ltr' id='par_1_77' title="bbox 2453 3413 2869 3453">
     <span class='ocr_line' id='line_1_77' title="bbox 2453 3413 2869 3453; baseline -0.014 0"><span class='ocrx_word' id='word_1_494' title='bbox 2453 3413 2800 3453; x_wconf 68' lang='lat' dir='ltr'><strong>SYIMACIIUS..</strong></span> <span class='ocrx_word' id='word_1_495' title='bbox 2813 3436 2846 3449; x_wconf 88' lang='lat'><strong>..</strong></span> <span class='ocrx_word' id='word_1_496' title='bbox 2859 3436 2869 3447; x_wconf 91' lang='lat'><strong>.</strong></span> 
     </span>
    </p>
   </div>
   <div class='ocr_carea' id='block_1_78' title="bbox 1953 3486 3452 3561">
    <p class='ocr_par' dir='ltr' id='par_1_78' title="bbox 1953 3486 3452 3561">
     <span class='ocr_line' id='line_1_78' title="bbox 1953 3486 3452 3561; baseline -0.003 -15"><span class='ocrx_word' id='word_1_497' title='bbox 1953 3493 2216 3561; x_wconf 81' lang='lat' dir='ltr'><strong>PrOpositi</strong></span> <span class='ocrx_word' id='word_1_498' title='bbox 2245 3502 2402 3559; x_wconf 88' lang='lat' dir='ltr'><strong>atque</strong></span> <span class='ocrx_word' id='word_1_499' title='bbox 2433 3490 2625 3558; x_wconf 72' lang='lat' dir='ltr'><strong>ingenii</strong></span> <span class='ocrx_word' id='word_1_500' title='bbox 2658 3489 2759 3542; x_wconf 90' lang='lat' dir='ltr'><strong>mei</strong></span> <span class='ocrx_word' id='word_1_501' title='bbox 2799 3498 2879 3541; x_wconf 90' lang='lat' dir='ltr'><strong>est</strong></span> <span class='ocrx_word' id='word_1_502' title='bbox 2909 3500 3092 3541; x_wconf 88' lang='lat' dir='ltr'><strong>eorum</strong></span> <span class='ocrx_word' id='word_1_503' title='bbox 3124 3486 3314 3539; x_wconf 86' lang='lat' dir='ltr'><strong>famam</strong></span> <span class='ocrx_word' id='word_1_504' title='bbox 3360 3503 3452 3541; x_wconf 83' lang='lat' dir='ltr'><strong>ett--</strong></span> 
     </span>
    </p>
   </div>
   <div class='ocr_carea' id='block_1_79' title="bbox 1881 3577 3452 3650">
    <p class='ocr_par' dir='ltr' id='par_1_79' title="bbox 1881 3577 3452 3650">
     <span class='ocr_line' id='line_1_79' title="bbox 1881 3577 3452 3650; baseline -0.003 -15"><span class='ocrx_word' id='word_1_505' title='bbox 1881 3597 2000 3635; x_wconf 91' lang='lat' dir='ltr'><strong>rare</strong></span> <span class='ocrx_word' id='word_1_506' title='bbox 2027 3597 2159 3648; x_wconf 86' lang='lat' dir='ltr'><strong>quos</strong></span> <span class='ocrx_word' id='word_1_507' title='bbox 2190 3581 2372 3650; x_wconf 78' lang='lat' dir='ltr'><strong>diligo.</strong></span> <span class='ocrx_word' id='word_1_508' title='bbox 2420 3579 2533 3633; x_wconf 86' lang='lat' dir='ltr'><strong>Tibi</strong></span> <span class='ocrx_word' id='word_1_509' title='bbox 2563 3587 2738 3631; x_wconf 73' lang='lat' dir='ltr'><strong>autum</strong></span> <span class='ocrx_word' id='word_1_510' title='bbox 2765 3578 2880 3645; x_wconf 84' lang='lat' dir='ltr'><strong>plus</strong></span> <span class='ocrx_word' id='word_1_511' title='bbox 2906 3591 2991 3630; x_wconf 88' lang='lat' dir='ltr'><strong>me</strong></span> <span class='ocrx_word' id='word_1_512' title='bbox 3031 3577 3224 3630; x_wconf 81' lang='lat' dir='ltr'><strong>favoris</strong></span> <span class='ocrx_word' id='word_1_513' title='bbox 3250 3578 3452 3644; x_wconf 87' lang='lat' dir='ltr'><strong>impen-</strong></span> 
     </span>
    </p>
   </div>
   <div class='ocr_carea' id='block_1_80' title="bbox 1881 3668 3453 3736">
    <p class='ocr_par' dir='ltr' id='par_1_80' title="bbox 1881 3668 3453 3736">
     <span class='ocr_line' id='line_1_80' title="bbox 1881 3668 3453 3736; baseline -0.004 -6"><span class='ocrx_word' id='word_1_514' title='bbox 1881 3677 2008 3731; x_wconf 85' lang='lat' dir='ltr'><strong>dere</strong></span> <span class='ocrx_word' id='word_1_515' title='bbox 2048 3678 2288 3730; x_wconf 82' lang='lat' dir='ltr'><strong>hortatur</strong></span> <span class='ocrx_word' id='word_1_516' title='bbox 2318 3673 2563 3726; x_wconf 82' lang='lat' dir='ltr'><strong>aftinitas.</strong></span> <span class='ocrx_word' id='word_1_517' title='bbox 2603 3673 2719 3736; x_wconf 81' lang='lat' dir='ltr'><strong>Quo</strong></span> <span class='ocrx_word' id='word_1_518' title='bbox 2768 3670 2910 3724; x_wconf 87' lang='lat' dir='ltr'><strong>circa</strong></span> <span class='ocrx_word' id='word_1_519' title='bbox 2962 3668 3298 3736; x_wconf 85' lang='lat' dir='ltr'><strong>impatienter</strong></span> <span class='ocrx_word' id='word_1_520' title='bbox 3342 3669 3453 3723; x_wconf 91' lang='lat' dir='ltr'><strong>fero</strong></span> 
     </span>
    </p>
   </div>
   <div class='ocr_carea' id='block_1_81' title="bbox 1882 3756 3451 3835">
    <p class='ocr_par' dir='ltr' id='par_1_81' title="bbox 1882 3756 3451 3835">
     <span class='ocr_line' id='line_1_81' title="bbox 1882 3756 3451 3835; baseline -0.007 -15"><span class='ocrx_word' id='word_1_521' title='bbox 1882 3772 2240 3835; x_wconf 82' lang='lat' dir='ltr'><strong>apparitorum</strong></span> <span class='ocrx_word' id='word_1_522' title='bbox 2270 3763 2494 3817; x_wconf 89' lang='lat' dir='ltr'><strong>notariis</strong></span> <span class='ocrx_word' id='word_1_523' title='bbox 2527 3761 2732 3814; x_wconf 86' lang='lat' dir='ltr'><strong>senatui</strong></span> <span class='ocrx_word' id='word_1_524' title='bbox 2765 3756 3018 3820; x_wconf 90' lang='lat' dir='ltr'><strong>nuntiari,</strong></span> <span class='ocrx_word' id='word_1_525' title='bbox 3049 3756 3189 3825; x_wconf 88' lang='lat' dir='ltr'><strong>quod</strong></span> <span class='ocrx_word' id='word_1_526' title='bbox 3230 3757 3451 3810; x_wconf 79' lang='lat' dir='ltr'><strong>Romani</strong></span> 
     </span>
    </p>
   </div>
   <div class='ocr_carea' id='block_1_82' title="bbox 1886 3846 3454 3925">
    <p class='ocr_par' dir='ltr' id='par_1_82' title="bbox 1886 3846 3454 3925">
     <span class='ocr_line' id='line_1_82' title="bbox 1886 3846 3454 3925; baseline -0.008 -12"><span class='ocrx_word' id='word_1_527' title='bbox 1886 3859 2059 3925; x_wconf 65' lang='lat' dir='ltr'><strong>potiuli</strong></span> <span class='ocrx_word' id='word_1_528' title='bbox 2090 3857 2428 3923; x_wconf 68' lang='lat' dir='ltr'><strong>magistratus</strong></span> <span class='ocrx_word' id='word_1_529' title='bbox 2449 3853 2636 3904; x_wconf 88' lang='lat' dir='ltr'><strong>abesse</strong></span> <span class='ocrx_word' id='word_1_530' title='bbox 2667 3849 2905 3917; x_wconf 82' lang='lat' dir='ltr'><strong>patiaris,</strong></span> <span class='ocrx_word' id='word_1_531' title='bbox 2948 3857 3002 3899; x_wconf 90' lang='lat' dir='ltr'><strong>et</strong></span> <span class='ocrx_word' id='word_1_532' title='bbox 3029 3848 3078 3899; x_wconf 91' lang='lat' dir='ltr'><strong>in</strong></span> <span class='ocrx_word' id='word_1_533' title='bbox 3104 3854 3245 3898; x_wconf 89' lang='lat' dir='ltr'><strong>tuam</strong></span> <span class='ocrx_word' id='word_1_534' title='bbox 3269 3846 3454 3900; x_wconf 89' lang='lat' dir='ltr'><strong>referri</strong></span> 
     </span>
    </p>
   </div>
   <div class='ocr_carea' id='block_1_83' title="bbox 1887 3934 3456 4014">
    <p class='ocr_par' dir='ltr' id='par_1_83' title="bbox 1887 3934 3456 4014">
     <span class='ocr_line' id='line_1_83' title="bbox 1887 3934 3456 4014; baseline -0.01 -11"><span class='ocrx_word' id='word_1_535' title='bbox 1887 3951 2128 4014; x_wconf 70' lang='grc' dir='ltr'>ιιιζιιιὶειηι</span> <span class='ocrx_word' id='word_1_536' title='bbox 2159 3946 2298 4013; x_wconf 89' lang='lat' dir='ltr'><strong>quod</strong></span> <span class='ocrx_word' id='word_1_537' title='bbox 2345 3943 2529 4011; x_wconf 69' lang='lat' dir='ltr'><strong>patria:</strong></span> <span class='ocrx_word' id='word_1_538' title='bbox 2568 3939 2862 3993; x_wconf 81' lang='lat' dir='ltr'><strong>functiones</strong></span> <span class='ocrx_word' id='word_1_539' title='bbox 2906 3937 2972 3988; x_wconf 87' lang='lat' dir='ltr'><strong>ab</strong></span> <span class='ocrx_word' id='word_1_540' title='bbox 3009 3934 3250 3989; x_wconf 81' lang='lat' dir='ltr'><strong>obnoxiis</strong></span> <span class='ocrx_word' id='word_1_541' title='bbox 3303 3934 3456 3988; x_wconf 80' lang='lat' dir='ltr'><strong>dese-</strong></span> 
     </span>
    </p>
   </div>
   <div class='ocr_carea' id='block_1_84' title="bbox 1887 4029 3456 4097">
    <p class='ocr_par' dir='ltr' id='par_1_84' title="bbox 1887 4029 3456 4097">
     <span class='ocr_line' id='line_1_84' title="bbox 1887 4029 3456 4097; baseline -0.009 -4"><span class='ocrx_word' id='word_1_542' title='bbox 1887 4049 2089 4093; x_wconf 90' lang='lat' dir='ltr'><strong>runtur.</strong></span> <span class='ocrx_word' id='word_1_543' title='bbox 2121 4038 2172 4090; x_wconf 91' lang='lat' dir='ltr'><strong>Id</strong></span> <span class='ocrx_word' id='word_1_544' title='bbox 2201 4037 2296 4090; x_wconf 79' lang='lat' dir='ltr'><strong>etsi</strong></span> <span class='ocrx_word' id='word_1_545' title='bbox 2332 4035 2463 4088; x_wconf 86' lang='lat' dir='ltr'><strong>falso</strong></span> <span class='ocrx_word' id='word_1_546' title='bbox 2495 4035 2544 4086; x_wconf 94' lang='lat' dir='ltr'><strong>in</strong></span> <span class='ocrx_word' id='word_1_547' title='bbox 2587 4046 2742 4085; x_wconf 87' lang='lat' dir='ltr'><strong>aures</strong></span> <span class='ocrx_word' id='word_1_548' title='bbox 2777 4029 3014 4097; x_wconf 89' lang='lat' dir='ltr'><strong>publicas</strong></span> <span class='ocrx_word' id='word_1_549' title='bbox 3043 4043 3307 4096; x_wconf 67' lang='lat' dir='ltr'><strong>przsttmo</strong></span> <span class='ocrx_word' id='word_1_550' title='bbox 3340 4042 3456 4095; x_wconf 86' lang='lat' dir='ltr'><strong>per-</strong></span> 
     </span>
    </p>
   </div>
   <div class='ocr_carea' id='block_1_85' title="bbox 1887 4115 3457 4194">
    <p class='ocr_par' dir='ltr' id='par_1_85' title="bbox 1887 4115 3457 4194">
     <span class='ocr_line' id='line_1_85' title="bbox 1887 4115 3457 4194; baseline -0.008 -12"><span class='ocrx_word' id='word_1_551' title='bbox 1887 4131 2073 4192; x_wconf 88' lang='lat' dir='ltr'><strong>latum,</strong></span> <span class='ocrx_word' id='word_1_552' title='bbox 2110 4129 2298 4194; x_wconf 86' lang='lat' dir='ltr'><strong>fungor</strong></span> <span class='ocrx_word' id='word_1_553' title='bbox 2329 4137 2502 4179; x_wconf 88' lang='lat' dir='ltr'><strong>tamen</strong></span> <span class='ocrx_word' id='word_1_554' title='bbox 2542 4121 2876 4175; x_wconf 89' lang='lat' dir='ltr'><strong>admonendo</strong></span> <span class='ocrx_word' id='word_1_555' title='bbox 2907 4119 3144 4187; x_wconf 84' lang='lat' dir='ltr'><strong>parentis</strong></span> <span class='ocrx_word' id='word_1_556' title='bbox 3174 4115 3371 4180; x_wconf 87' lang='lat' dir='ltr'><strong>ofticio,</strong></span> <span class='ocrx_word' id='word_1_557' title='bbox 3404 4128 3457 4170; x_wconf 87' lang='lat' dir='ltr'><strong>et</strong></span> 
     </span>
    </p>
   </div>
   <div class='ocr_carea' id='block_1_86' title="bbox 1887 4204 3457 4290">
    <p class='ocr_par' dir='ltr' id='par_1_86' title="bbox 1887 4204 3457 4290">
     <span class='ocr_line' id='line_1_86' title="bbox 1887 4204 3457 4290; baseline -0.011 -14"><span class='ocrx_word' id='word_1_558' title='bbox 1887 4222 2148 4290; x_wconf 89' lang='lat' dir='ltr'><strong>deprecor</strong></span> <span class='ocrx_word' id='word_1_559' title='bbox 2185 4227 2244 4270; x_wconf 88' lang='lat' dir='ltr'><strong>ut</strong></span> <span class='ocrx_word' id='word_1_560' title='bbox 2297 4215 2507 4270; x_wconf 59' lang='lat' dir='ltr'><strong>exteris</strong></span> <span class='ocrx_word' id='word_1_561' title='bbox 2552 4209 3025 4264; x_wconf 85' lang='lat' dir='ltr'><strong>administrationis</strong></span> <span class='ocrx_word' id='word_1_562' title='bbox 3066 4214 3167 4257; x_wconf 75' lang='lat' dir='ltr'><strong>tua:</strong></span> <span class='ocrx_word' id='word_1_563' title='bbox 3214 4204 3457 4259; x_wconf 88' lang='lat' dir='ltr'><strong>laudibus</strong></span> 
     </span>
    </p>
   </div>
   <div class='ocr_carea' id='block_1_87' title="bbox 1891 4295 3454 4380">
    <p class='ocr_par' dir='ltr' id='par_1_87' title="bbox 1891 4295 3454 4380">
     <span class='ocr_line' id='line_1_87' title="bbox 1891 4295 3454 4380; baseline -0.013 -12"><span class='ocrx_word' id='word_1_564' title='bbox 1891 4316 2028 4368; x_wconf 93' lang='lat' dir='ltr'><strong>bunc</strong></span> <span class='ocrx_word' id='word_1_565' title='bbox 2074 4326 2282 4380; x_wconf 86' lang='lat' dir='ltr'><strong>quoque</strong></span> <span class='ocrx_word' id='word_1_566' title='bbox 2328 4309 2537 4363; x_wconf 90' lang='lat' dir='ltr'><strong>titulum</strong></span> <span class='ocrx_word' id='word_1_567' title='bbox 2593 4304 2658 4357; x_wconf 92' lang='lat' dir='ltr'><strong>de</strong></span> <span class='ocrx_word' id='word_1_568' title='bbox 2701 4317 2805 4370; x_wconf 91' lang='lat' dir='ltr'><strong>quo</strong></span> <span class='ocrx_word' id='word_1_569' title='bbox 2853 4300 3153 4353; x_wconf 82' lang='lat' dir='ltr'><strong>labatamus</strong></span> <span class='ocrx_word' id='word_1_570' title='bbox 3220 4295 3454 4364; x_wconf 70' lang='lat' dir='ltr'><strong>adjicias.</strong></span> 
     </span>
    </p>
   </div>
   <div class='ocr_carea' id='block_1_88' title="bbox 1893 4392 3460 4472">
    <p class='ocr_par' dir='ltr' id='par_1_88' title="bbox 1893 4392 3460 4472">
     <span class='ocr_line' id='line_1_88' title="bbox 1893 4392 3460 4472; baseline -0.01 -12"><span class='ocrx_word' id='word_1_571' title='bbox 1893 4407 2065 4460; x_wconf 88' lang='lat' dir='ltr'><strong>Grave</strong></span> <span class='ocrx_word' id='word_1_572' title='bbox 2099 4405 2290 4472; x_wconf 89' lang='lat' dir='ltr'><strong>quippe</strong></span> <span class='ocrx_word' id='word_1_573' title='bbox 2327 4409 2409 4455; x_wconf 90' lang='lat' dir='ltr'><strong>est</strong></span> <span class='ocrx_word' id='word_1_574' title='bbox 2438 4408 2492 4451; x_wconf 93' lang='lat' dir='ltr'><strong>ut</strong></span> <span class='ocrx_word' id='word_1_575' title='bbox 2519 4411 2795 4466; x_wconf 78' lang='lat' dir='ltr'><strong>generosa:</strong></span> <span class='ocrx_word' id='word_1_576' title='bbox 2835 4393 3042 4447; x_wconf 68' lang='lat' dir='ltr'><strong>familia:</strong></span> <span class='ocrx_word' id='word_1_577' title='bbox 3075 4393 3208 4453; x_wconf 88' lang='lat' dir='ltr'><strong>viro,</strong></span> <span class='ocrx_word' id='word_1_578' title='bbox 3238 4392 3460 4444; x_wconf 81' lang='lat' dir='ltr'><strong>summis</strong></span> 
     </span>
    </p>
   </div>
   <div class='ocr_carea' id='block_1_89' title="bbox 214 4485 3459 4575">
    <p class='ocr_par' dir='ltr' id='par_1_89' title="bbox 214 4485 3459 4575">
     <span class='ocr_line' id='line_1_89' title="bbox 214 4485 3459 4575; baseline -0.001 -37"><span class='ocrx_word' id='word_1_579' title='bbox 214 4487 382 4539; x_wconf 86' lang='lat' dir='ltr'><strong>modo</strong></span> <span class='ocrx_word' id='word_1_580' title='bbox 413 4487 620 4555; x_wconf 81' lang='lat' dir='ltr'><strong>scriptis</strong></span> <span class='ocrx_word' id='word_1_581' title='bbox 644 4489 782 4552; x_wconf 89' lang='lat' dir='ltr'><strong>aliis,</strong></span> <span class='ocrx_word' id='word_1_582' title='bbox 809 4505 1131 4559; x_wconf 67' lang='lat' dir='ltr'><strong>quaaeunque</strong></span> <span class='ocrx_word' id='word_1_583' title='bbox 1153 4492 1217 4545; x_wconf 88' lang='lat' dir='ltr'><strong>ad</strong></span> <span class='ocrx_word' id='word_1_584' title='bbox 1249 4493 1346 4548; x_wconf 87' lang='lat' dir='ltr'><strong>hoc</strong></span> <span class='ocrx_word' id='word_1_585' title='bbox 1371 4494 1606 4548; x_wconf 90' lang='lat' dir='ltr'><strong>locorum</strong></span> <span class='ocrx_word' id='word_1_586' title='bbox 1635 4514 1786 4551; x_wconf 79' lang='lat' dir='ltr'><strong>sem-</strong></span> <span class='ocrx_word' id='word_1_587' title='bbox 1819 4516 1871 4575; x_wconf 77' lang='grc' dir='ltr'>ι)</span> <span class='ocrx_word' id='word_1_588' title='bbox 1896 4513 1988 4568; x_wconf 86' lang='lat' dir='ltr'><strong>per</strong></span> <span class='ocrx_word' id='word_1_589' title='bbox 2030 4492 2260 4550; x_wconf 68' lang='lat' dir='ltr'><strong>Africam</strong></span> <span class='ocrx_word' id='word_1_590' title='bbox 2309 4490 2658 4545; x_wconf 83' lang='lat' dir='ltr'><strong>tribunalibus</strong></span> <span class='ocrx_word' id='word_1_591' title='bbox 2694 4485 2939 4553; x_wconf 63' lang='lat' dir='ltr'><strong>prarside,</strong></span> <span class='ocrx_word' id='word_1_592' title='bbox 2969 4485 3289 4551; x_wconf 69' lang='lat' dir='ltr'><strong>colli-garum</strong></span> <span class='ocrx_word' id='word_1_593' title='bbox 3327 4499 3459 4536; x_wconf 87' lang='lat' dir='ltr'><strong>non-</strong></span> 
     </span>
    </p>
   </div>
   <div class='ocr_carea' id='block_1_90' title="bbox 212 4577 1791 4654">
    <p class='ocr_par' dir='ltr' id='par_1_90' title="bbox 212 4577 1791 4654">
     <span class='ocr_line' id='line_1_90' title="bbox 212 4577 1791 4654; baseline 0.011 -25"><span class='ocrx_word' id='word_1_594' title='bbox 212 4586 302 4629; x_wconf 87' lang='lat' dir='ltr'><strong>tus</strong></span> <span class='ocrx_word' id='word_1_595' title='bbox 333 4577 574 4640; x_wconf 84' lang='lat' dir='ltr'><strong>audivit,</strong></span> <span class='ocrx_word' id='word_1_596' title='bbox 609 4591 694 4631; x_wconf 90' lang='lat' dir='ltr'><strong>me</strong></span> <span class='ocrx_word' id='word_1_597' title='bbox 723 4594 933 4646; x_wconf 86' lang='lat' dir='ltr'><strong>quoque</strong></span> <span class='ocrx_word' id='word_1_598' title='bbox 954 4582 1183 4637; x_wconf 88' lang='lat' dir='ltr'><strong>arbitror</strong></span> <span class='ocrx_word' id='word_1_599' title='bbox 1225 4586 1387 4654; x_wconf 78' lang='lat' dir='ltr'><strong>pluris</strong></span> <span class='ocrx_word' id='word_1_600' title='bbox 1419 4587 1650 4642; x_wconf 85' lang='lat' dir='ltr'><strong>habitum</strong></span> <span class='ocrx_word' id='word_1_601' title='bbox 1673 4607 1791 4646; x_wconf 88' lang='lat' dir='ltr'><strong>esse</strong></span> 
     </span>
    </p>
   </div>
   <div class='ocr_carea' id='block_1_91' title="bbox 220 4668 1790 4741">
    <p class='ocr_par' dir='ltr' id='par_1_91' title="bbox 220 4668 1790 4741">
     <span class='ocr_line' id='line_1_91' title="bbox 220 4668 1790 4741; baseline 0.009 -20"><span class='ocrx_word' id='word_1_602' title='bbox 220 4684 379 4736; x_wconf 75' lang='lat' dir='ltr'><strong>quam</strong></span> <span class='ocrx_word' id='word_1_603' title='bbox 412 4678 656 4722; x_wconf 63' lang='lat' dir='ltr'><strong>caeteros.</strong></span> <span class='ocrx_word' id='word_1_604' title='bbox 688 4668 885 4738; x_wconf 77' lang='lat' dir='ltr'><strong>Magnis</strong></span> <span class='ocrx_word' id='word_1_605' title='bbox 931 4673 1072 4723; x_wconf 91' lang='lat' dir='ltr'><strong>enim</strong></span> <span class='ocrx_word' id='word_1_606' title='bbox 1110 4674 1330 4741; x_wconf 80' lang='lat' dir='ltr'><strong>negotiis</strong></span> <span class='ocrx_word' id='word_1_607' title='bbox 1368 4677 1546 4731; x_wconf 90' lang='lat' dir='ltr'><strong>itidem</strong></span> <span class='ocrx_word' id='word_1_608' title='bbox 1580 4688 1635 4732; x_wconf 93' lang='lat' dir='ltr'><strong>ut</strong></span> <span class='ocrx_word' id='word_1_609' title='bbox 1676 4697 1790 4735; x_wconf 90' lang='lat' dir='ltr'><strong>ma-</strong></span> 
     </span>
    </p>
   </div>
   <div class='ocr_carea' id='block_1_92' title="bbox 213 4763 1792 4833">
    <p class='ocr_par' dir='ltr' id='par_1_92' title="bbox 213 4763 1792 4833">
     <span class='ocr_line' id='line_1_92' title="bbox 213 4763 1792 4833; baseline 0.009 -17"><span class='ocrx_word' id='word_1_610' title='bbox 213 4765 337 4833; x_wconf 70' lang='lat' dir='ltr'><strong>gnis</strong></span> <span class='ocrx_word' id='word_1_611' title='bbox 393 4764 674 4818; x_wconf 82' lang='lat' dir='ltr'><strong>comtediis</strong></span> <span class='ocrx_word' id='word_1_612' title='bbox 713 4763 992 4820; x_wconf 83' lang='lat' dir='ltr'><strong>edecimati</strong></span> <span class='ocrx_word' id='word_1_613' title='bbox 1022 4776 1359 4833; x_wconf 84' lang='lat' dir='ltr'><strong>apponuntur</strong></span> <span class='ocrx_word' id='word_1_614' title='bbox 1401 4780 1628 4826; x_wconf 87' lang='lat' dir='ltr'><strong>actores.</strong></span> <span class='ocrx_word' id='word_1_615' title='bbox 1677 4773 1792 4829; x_wconf 83' lang='lat' dir='ltr'><strong>Non</strong></span> 
     </span>
    </p>
   </div>
   <div class='ocr_carea' id='block_1_93' title="bbox 218 4854 1794 4928">
    <p class='ocr_par' dir='ltr' id='par_1_93' title="bbox 218 4854 1794 4928">
     <span class='ocr_line' id='line_1_93' title="bbox 218 4854 1794 4928; baseline 0.003 -20"><span class='ocrx_word' id='word_1_616' title='bbox 218 4857 364 4909; x_wconf 87' lang='lat' dir='ltr'><strong>idem</strong></span> <span class='ocrx_word' id='word_1_617' title='bbox 398 4854 568 4909; x_wconf 83' lang='lat' dir='ltr'><strong>honor</strong></span> <span class='ocrx_word' id='word_1_618' title='bbox 600 4854 652 4906; x_wconf 93' lang='lat' dir='ltr'><strong>in</strong></span> <span class='ocrx_word' id='word_1_619' title='bbox 683 4855 1086 4921; x_wconf 83' lang='lat' dir='ltr'><strong>pronuntiandis</strong></span> <span class='ocrx_word' id='word_1_620' title='bbox 1115 4854 1304 4911; x_wconf 89' lang='lat' dir='ltr'><strong>fabulis</strong></span> <span class='ocrx_word' id='word_1_621' title='bbox 1332 4857 1517 4912; x_wconf 88' lang='lat' dir='ltr'><strong>Publio</strong></span> <span class='ocrx_word' id='word_1_622' title='bbox 1548 4861 1794 4928; x_wconf 86' lang='lat' dir='ltr'><strong>Pollioni,</strong></span> 
     </span>
    </p>
   </div>
   <div class='ocr_carea' id='block_1_94' title="bbox 215 4941 1795 5014">
    <p class='ocr_par' dir='ltr' id='par_1_94' title="bbox 215 4941 1795 5014">
     <span class='ocr_line' id='line_1_94' title="bbox 215 4941 1795 5014; baseline 0.008 -19"><span class='ocrx_word' id='word_1_623' title='bbox 215 4945 307 5010; x_wconf 79' lang='lat' dir='ltr'><strong>qui</strong></span> <span class='ocrx_word' id='word_1_624' title='bbox 341 4943 594 4998; x_wconf 82' lang='lat' dir='ltr'><strong>Ambivio</strong></span> <span class='ocrx_word' id='word_1_625' title='bbox 633 4941 748 5007; x_wconf 88' lang='lat' dir='ltr'><strong>fuit,</strong></span> <span class='ocrx_word' id='word_1_626' title='bbox 781 4958 951 5011; x_wconf 90' lang='lat' dir='ltr'><strong>neque</strong></span> <span class='ocrx_word' id='word_1_627' title='bbox 999 4960 1095 5012; x_wconf 89' lang='lat' dir='ltr'><strong>par</strong></span> <span class='ocrx_word' id='word_1_628' title='bbox 1119 4944 1318 5014; x_wconf 64' lang='grc' dir='ltr'><strong>Αἰδουο</strong></span> <span class='ocrx_word' id='word_1_629' title='bbox 1347 4957 1401 5002; x_wconf 90' lang='lat' dir='ltr'><strong>et</strong></span> <span class='ocrx_word' id='word_1_630' title='bbox 1445 4949 1635 5005; x_wconf 76' lang='lat' dir='ltr'><strong>Roscio</strong></span> <span class='ocrx_word' id='word_1_631' title='bbox 1659 4950 1795 5007; x_wconf 88' lang='lat' dir='ltr'><strong>fama</strong></span> 
     </span>
    </p>
   </div>
   <div class='ocr_carea' id='block_1_95' title="bbox 218 5037 1798 5110">
    <p class='ocr_par' dir='ltr' id='par_1_95' title="bbox 218 5037 1798 5110">
     <span class='ocr_line' id='line_1_95' title="bbox 218 5037 1798 5110; baseline 0.004 -18"><span class='ocrx_word' id='word_1_632' title='bbox 218 5039 508 5104; x_wconf 76' lang='lat' dir='ltr'><strong>processit.</strong></span> <span class='ocrx_word' id='word_1_633' title='bbox 560 5037 735 5103; x_wconf 87' lang='lat' dir='ltr'><strong>Quare</strong></span> <span class='ocrx_word' id='word_1_634' title='bbox 777 5038 958 5103; x_wconf 90' lang='lat' dir='ltr'><strong>optimi</strong></span> <span class='ocrx_word' id='word_1_635' title='bbox 1005 5039 1287 5108; x_wconf 86' lang='lat' dir='ltr'><strong>principes,</strong></span> <span class='ocrx_word' id='word_1_636' title='bbox 1317 5057 1432 5110; x_wconf 70' lang='lat' dir='ltr'><strong>qua:</strong></span> <span class='ocrx_word' id='word_1_637' title='bbox 1464 5042 1513 5096; x_wconf 91' lang='lat' dir='ltr'><strong>in</strong></span> <span class='ocrx_word' id='word_1_638' title='bbox 1546 5059 1630 5099; x_wconf 90' lang='lat' dir='ltr'><strong>me</strong></span> <span class='ocrx_word' id='word_1_639' title='bbox 1664 5045 1798 5099; x_wconf 85' lang='lat' dir='ltr'><strong>bene</strong></span> 
     </span>
    </p>
   </div>
   <div class='ocr_carea' id='block_1_96' title="bbox 215 5126 1795 5204">
    <p class='ocr_par' dir='ltr' id='par_1_96' title="bbox 215 5126 1795 5204">
     <span class='ocr_line' id='line_1_96' title="bbox 215 5126 1795 5204; baseline 0.006 -24"><span class='ocrx_word' id='word_1_640' title='bbox 215 5129 560 5189; x_wconf 83' lang='lat' dir='ltr'><strong>enusultatis,</strong></span> <span class='ocrx_word' id='word_1_641' title='bbox 590 5138 643 5179; x_wconf 94' lang='lat' dir='ltr'><strong>ut</strong></span> <span class='ocrx_word' id='word_1_642' title='bbox 667 5126 918 5181; x_wconf 88' lang='lat' dir='ltr'><strong>divinitus</strong></span> <span class='ocrx_word' id='word_1_643' title='bbox 947 5129 1119 5182; x_wconf 87' lang='lat' dir='ltr'><strong>oblata</strong></span> <span class='ocrx_word' id='word_1_644' title='bbox 1147 5133 1490 5199; x_wconf 89' lang='lat' dir='ltr'><strong>complector.</strong></span> <span class='ocrx_word' id='word_1_645' title='bbox 1523 5136 1656 5191; x_wconf 86' lang='lat' dir='ltr'><strong>Laus</strong></span> <span class='ocrx_word' id='word_1_646' title='bbox 1687 5149 1795 5204; x_wconf 88' lang='lat' dir='ltr'><strong>tua,</strong></span> 
     </span>
    </p>
   </div>
   <div class='ocr_carea' id='block_1_97' title="bbox 215 5215 1797 5292">
    <p class='ocr_par' dir='ltr' id='par_1_97' title="bbox 215 5215 1797 5292">
     <span class='ocr_line' id='line_1_97' title="bbox 215 5215 1797 5292; baseline 0.004 -20"><span class='ocrx_word' id='word_1_647' title='bbox 215 5218 443 5272; x_wconf 83' lang='lat' dir='ltr'><strong>domine</strong></span> <span class='ocrx_word' id='word_1_648' title='bbox 493 5216 772 5278; x_wconf 83' lang='lat' dir='ltr'><strong>Gratiane.</strong></span> <span class='ocrx_word' id='word_1_649' title='bbox 820 5215 1050 5270; x_wconf 85' lang='lat' dir='ltr'><strong>officium</strong></span> <span class='ocrx_word' id='word_1_650' title='bbox 1095 5230 1176 5273; x_wconf 89' lang='lat' dir='ltr'><strong>est</strong></span> <span class='ocrx_word' id='word_1_651' title='bbox 1213 5237 1420 5286; x_wconf 89' lang='lat' dir='ltr'><strong>meum;</strong></span> <span class='ocrx_word' id='word_1_652' title='bbox 1466 5227 1676 5292; x_wconf 86' lang='lat' dir='ltr'><strong>quando</strong></span> <span class='ocrx_word' id='word_1_653' title='bbox 1729 5229 1797 5278; x_wconf 89' lang='lat' dir='ltr'><strong>ita</strong></span> 
     </span>
    </p>
   </div>
   <div class='ocr_carea' id='block_1_98' title="bbox 216 5308 1800 5386">
    <p class='ocr_par' dir='ltr' id='par_1_98' title="bbox 216 5308 1800 5386">
     <span class='ocr_line' id='line_1_98' title="bbox 216 5308 1800 5386; baseline 0.008 -26"><span class='ocrx_word' id='word_1_654' title='bbox 216 5309 497 5361; x_wconf 82' lang='lat' dir='ltr'><strong>animatus</strong></span> <span class='ocrx_word' id='word_1_655' title='bbox 527 5322 606 5368; x_wconf 82' lang='lat' dir='ltr'><strong>es,</strong></span> <span class='ocrx_word' id='word_1_656' title='bbox 643 5317 699 5358; x_wconf 91' lang='lat' dir='ltr'><strong>ut</strong></span> <span class='ocrx_word' id='word_1_657' title='bbox 739 5321 860 5360; x_wconf 91' lang='lat' dir='ltr'><strong>cum</strong></span> <span class='ocrx_word' id='word_1_658' title='bbox 899 5308 1033 5375; x_wconf 89' lang='lat' dir='ltr'><strong>reip.</strong></span> <span class='ocrx_word' id='word_1_659' title='bbox 1060 5311 1370 5366; x_wconf 86' lang='lat' dir='ltr'><strong>medicinam</strong></span> <span class='ocrx_word' id='word_1_660' title='bbox 1404 5313 1553 5379; x_wconf 82' lang='lat' dir='ltr'><strong>facis,</strong></span> <span class='ocrx_word' id='word_1_661' title='bbox 1584 5332 1800 5386; x_wconf 84' lang='lat' dir='ltr'><strong>operam</strong></span> 
     </span>
    </p>
   </div>
   <div class='ocr_carea' id='block_1_99' title="bbox 217 5396 1804 5465">
    <p class='ocr_par' dir='ltr' id='par_1_99' title="bbox 217 5396 1804 5465">
     <span class='ocr_line' id='line_1_99' title="bbox 217 5396 1804 5465; baseline 0.005 -13"><span class='ocrx_word' id='word_1_662' title='bbox 217 5415 356 5452; x_wconf 71' lang='lat' dir='ltr'><strong>mea:</strong></span> <span class='ocrx_word' id='word_1_663' title='bbox 383 5397 532 5451; x_wconf 71' lang='lat' dir='ltr'><strong>vocis</strong></span> <span class='ocrx_word' id='word_1_664' title='bbox 557 5410 824 5449; x_wconf 86' lang='lat' dir='ltr'><strong>accersas.</strong></span> <span class='ocrx_word' id='word_1_665' title='bbox 849 5396 927 5449; x_wconf 83' lang='lat' dir='ltr'><strong>Tu</strong></span> <span class='ocrx_word' id='word_1_666' title='bbox 950 5396 1098 5451; x_wconf 85' lang='lat' dir='ltr'><strong>nobis</strong></span> <span class='ocrx_word' id='word_1_667' title='bbox 1122 5399 1356 5465; x_wconf 83' lang='lat' dir='ltr'><strong>publicas</strong></span> <span class='ocrx_word' id='word_1_668' title='bbox 1379 5403 1557 5458; x_wconf 88' lang='lat' dir='ltr'><strong>turbas</strong></span> <span class='ocrx_word' id='word_1_669' title='bbox 1585 5407 1635 5460; x_wconf 89' lang='lat' dir='ltr'><strong>in</strong></span> <span class='ocrx_word' id='word_1_670' title='bbox 1661 5415 1804 5461; x_wconf 83' lang='lat' dir='ltr'><strong>tran-</strong></span> 
     </span>
    </p>
   </div>
   <div class='ocr_carea' id='block_1_100' title="bbox 219 5485 1805 5558">
    <p class='ocr_par' dir='ltr' id='par_1_100' title="bbox 219 5485 1805 5558">
     <span class='ocr_line' id='line_1_100' title="bbox 219 5485 1805 5558; baseline 0.006 -19"><span class='ocrx_word' id='word_1_671' title='bbox 219 5489 454 5558; x_wconf 84' lang='lat' dir='ltr'><strong>quillum</strong></span> <span class='ocrx_word' id='word_1_672' title='bbox 486 5485 763 5553; x_wconf 75' lang='lat' dir='ltr'><strong>redegisti.</strong></span> <span class='ocrx_word' id='word_1_673' title='bbox 797 5485 1011 5539; x_wconf 76' lang='lat' dir='ltr'><strong>Minimo</strong></span> <span class='ocrx_word' id='word_1_674' title='bbox 1035 5488 1200 5554; x_wconf 87' lang='lat' dir='ltr'><strong>stetit,</strong></span> <span class='ocrx_word' id='word_1_675' title='bbox 1231 5492 1355 5557; x_wconf 90' lang='lat' dir='ltr'><strong>quin</strong></span> <span class='ocrx_word' id='word_1_676' title='bbox 1384 5507 1564 5546; x_wconf 89' lang='lat' dir='ltr'><strong>omnes</strong></span> <span class='ocrx_word' id='word_1_677' title='bbox 1595 5509 1805 5549; x_wconf 83' lang='lat' dir='ltr'><strong>occum-</strong></span> 
     </span>
    </p>
   </div>
   <div class='ocr_carea' id='block_1_101' title="bbox 217 5569 1843 5655">
    <p class='ocr_par' dir='ltr' id='par_1_101' title="bbox 217 5569 1843 5655">
     <span class='ocr_line' id='line_1_101' title="bbox 217 5569 1843 5655; baseline -0.041 -17"><span class='ocrx_word' id='word_1_678' title='bbox 217 5585 506 5641; x_wconf 76' lang='lat' dir='ltr'><strong>bcretuus,</strong></span> <span class='ocrx_word' id='word_1_679' title='bbox 530 5588 736 5632; x_wconf 87' lang='lat' dir='ltr'><strong>tantum</strong></span> <span class='ocrx_word' id='word_1_680' title='bbox 768 5577 946 5647; x_wconf 64' lang='lat' dir='ltr'><strong>ﬂagitii</strong></span> <span class='ocrx_word' id='word_1_681' title='bbox 976 5580 1394 5652; x_wconf 70' lang='lat' dir='ltr'><strong>design‘tverant,</strong></span> <span class='ocrx_word' id='word_1_682' title='bbox 1423 5587 1508 5652; x_wconf 59' lang='lat' dir='ltr'><strong>qui</strong></span> <span class='ocrx_word' id='word_1_683' title='bbox 1539 5591 1803 5655; x_wconf 46' lang='lat' dir='ltr'><strong>amlmssi.</strong></span> <span class='ocrx_word' id='word_1_684' title='bbox 1841 5569 1843 5571; x_wconf 81' lang='grc'><strong><em>,</em></strong></span> 
     </span>
    </p>
   </div>
   <div class='ocr_carea' id='block_1_102' title="bbox 1895 4572 3459 4641">
    <p class='ocr_par' dir='ltr' id='par_1_102' title="bbox 1895 4572 3459 4641">
     <span class='ocr_line' id='line_1_102' title="bbox 1895 4572 3459 4641; baseline -0.011 0"><span class='ocrx_word' id='word_1_685' title='bbox 1895 4587 2023 4641; x_wconf 88' lang='lat' dir='ltr'><strong>nulli</strong></span> <span class='ocrx_word' id='word_1_686' title='bbox 2053 4586 2228 4640; x_wconf 88' lang='lat' dir='ltr'><strong>munia</strong></span> <span class='ocrx_word' id='word_1_687' title='bbox 2255 4583 2488 4634; x_wconf 80' lang='lat' dir='ltr'><strong>Romana</strong></span> <span class='ocrx_word' id='word_1_688' title='bbox 2510 4579 2828 4640; x_wconf 85' lang='lat' dir='ltr'><strong>detrectent,</strong></span> <span class='ocrx_word' id='word_1_689' title='bbox 2865 4585 2918 4626; x_wconf 92' lang='lat' dir='ltr'><strong>et</strong></span> <span class='ocrx_word' id='word_1_690' title='bbox 2945 4586 3114 4625; x_wconf 88' lang='lat' dir='ltr'><strong>annus</strong></span> <span class='ocrx_word' id='word_1_691' title='bbox 3146 4585 3277 4640; x_wconf 74' lang='lat' dir='ltr'><strong>pene</strong></span> <span class='ocrx_word' id='word_1_692' title='bbox 3300 4572 3459 4625; x_wconf 88' lang='lat' dir='ltr'><strong>edito-</strong></span> 
     </span>
    </p>
   </div>
   <div class='ocr_carea' id='block_1_103' title="bbox 1896 4665 3457 4739">
    <p class='ocr_par' dir='ltr' id='par_1_103' title="bbox 1896 4665 3457 4739">
     <span class='ocr_line' id='line_1_103' title="bbox 1896 4665 3457 4739; baseline -0.01 -9"><span class='ocrx_word' id='word_1_693' title='bbox 1896 4677 2043 4730; x_wconf 91' lang='lat' dir='ltr'><strong>ribus</strong></span> <span class='ocrx_word' id='word_1_694' title='bbox 2069 4686 2286 4735; x_wconf 86' lang='lat' dir='ltr'><strong>vaeuus,</strong></span> <span class='ocrx_word' id='word_1_695' title='bbox 2315 4686 2411 4739; x_wconf 91' lang='lat' dir='ltr'><strong>pro</strong></span> <span class='ocrx_word' id='word_1_696' title='bbox 2433 4668 2700 4722; x_wconf 90' lang='lat' dir='ltr'><strong>consulari</strong></span> <span class='ocrx_word' id='word_1_697' title='bbox 2734 4665 2942 4734; x_wconf 82' lang='lat' dir='ltr'><strong>fastigio</strong></span> <span class='ocrx_word' id='word_1_698' title='bbox 2969 4665 3149 4733; x_wconf 79' lang='lat' dir='ltr'><strong>gignat</strong></span> <span class='ocrx_word' id='word_1_699' title='bbox 3190 4665 3457 4717; x_wconf 79' lang='lat' dir='ltr'><strong>invidiam.</strong></span> 
     </span>
    </p>
   </div>
   <div class='ocr_carea' id='block_1_104' title="bbox 1897 4754 3460 4828">
    <p class='ocr_par' dir='ltr' id='par_1_104' title="bbox 1897 4754 3460 4828">
     <span class='ocr_line' id='line_1_104' title="bbox 1897 4754 3460 4828; baseline -0.012 -8"><span class='ocrx_word' id='word_1_700' title='bbox 1897 4765 2128 4820; x_wconf 86' lang='lat' dir='ltr'><strong>Audiant</strong></span> <span class='ocrx_word' id='word_1_701' title='bbox 2155 4769 2300 4817; x_wconf 88' lang='lat' dir='ltr'><strong>certe</strong></span> <span class='ocrx_word' id='word_1_702' title='bbox 2345 4760 2431 4828; x_wconf 87' lang='lat' dir='ltr'><strong>qui</strong></span> <span class='ocrx_word' id='word_1_703' title='bbox 2477 4758 2727 4812; x_wconf 86' lang='lat' dir='ltr'><strong>deserunt</strong></span> <span class='ocrx_word' id='word_1_704' title='bbox 2778 4755 3091 4815; x_wconf 82' lang='lat' dir='ltr'><strong>functiones,</strong></span> <span class='ocrx_word' id='word_1_705' title='bbox 3130 4763 3318 4818; x_wconf 83' lang='lat' dir='ltr'><strong>quanta</strong></span> <span class='ocrx_word' id='word_1_706' title='bbox 3365 4754 3460 4803; x_wconf 83' lang='lat' dir='ltr'><strong>itii-</strong></span> 
     </span>
    </p>
   </div>
   <div class='ocr_carea' id='block_1_105' title="bbox 1899 4842 3461 4924">
    <p class='ocr_par' dir='ltr' id='par_1_105' title="bbox 1899 4842 3461 4924">
     <span class='ocr_line' id='line_1_105' title="bbox 1899 4842 3461 4924; baseline -0.009 -15"><span class='ocrx_word' id='word_1_707' title='bbox 1899 4854 2074 4924; x_wconf 90' lang='lat' dir='ltr'><strong>pendii</strong></span> <span class='ocrx_word' id='word_1_708' title='bbox 2105 4842 2469 4907; x_wconf 81' lang='lat' dir='ltr'><strong>mediocritate</strong></span> <span class='ocrx_word' id='word_1_709' title='bbox 2496 4848 2619 4901; x_wconf 91' lang='lat' dir='ltr'><strong>anni</strong></span> <span class='ocrx_word' id='word_1_710' title='bbox 2650 4845 2941 4913; x_wconf 85' lang='lat' dir='ltr'><strong>superioris</strong></span> <span class='ocrx_word' id='word_1_711' title='bbox 2983 4858 3177 4912; x_wconf 65' lang='lat' dir='ltr'><strong>praetor</strong></span> <span class='ocrx_word' id='word_1_712' title='bbox 3213 4843 3461 4897; x_wconf 60' lang='lat' dir='ltr'><strong>Eilcsius</strong></span> 
     </span>
    </p>
   </div>
   <div class='ocr_carea' id='block_1_106' title="bbox 1898 4935 3460 5004">
    <p class='ocr_par' dir='ltr' id='par_1_106' title="bbox 1898 4935 3460 5004">
     <span class='ocr_line' id='line_1_106' title="bbox 1898 4935 3460 5004; baseline -0.006 -6"><span class='ocrx_word' id='word_1_713' title='bbox 1898 4947 2131 4998; x_wconf 89' lang='lat' dir='ltr'><strong>urbanos</strong></span> <span class='ocrx_word' id='word_1_714' title='bbox 2161 4942 2345 4995; x_wconf 88' lang='lat' dir='ltr'><strong>fecerit</strong></span> <span class='ocrx_word' id='word_1_715' title='bbox 2376 4939 2549 5002; x_wconf 88' lang='lat' dir='ltr'><strong>ludos,</strong></span> <span class='ocrx_word' id='word_1_716' title='bbox 2601 4949 2654 4992; x_wconf 88' lang='lat' dir='ltr'><strong>et</strong></span> <span class='ocrx_word' id='word_1_717' title='bbox 2681 4938 2745 4990; x_wconf 91' lang='lat' dir='ltr'><strong>de</strong></span> <span class='ocrx_word' id='word_1_718' title='bbox 2767 4937 3010 5004; x_wconf 82' lang='lat' dir='ltr'><strong>exemplo</strong></span> <span class='ocrx_word' id='word_1_719' title='bbox 3037 4935 3289 5002; x_wconf 79' lang='lat' dir='ltr'><strong>colligant</strong></span> <span class='ocrx_word' id='word_1_720' title='bbox 3336 4936 3460 5002; x_wconf 83' lang='lat' dir='ltr'><strong>quid</strong></span> 
     </span>
    </p>
   </div>
   <div class='ocr_carea' id='block_1_107' title="bbox 1901 5028 3465 5103">
    <p class='ocr_par' dir='ltr' id='par_1_107' title="bbox 1901 5028 3465 5103">
     <span class='ocr_line' id='line_1_107' title="bbox 1901 5028 3465 5103; baseline -0.003 -14"><span class='ocrx_word' id='word_1_721' title='bbox 1901 5035 2252 5103; x_wconf 66' lang='lat' dir='ltr'><strong>praesentibus</strong></span> <span class='ocrx_word' id='word_1_722' title='bbox 2279 5030 2674 5102; x_wconf 76' lang='lat' dir='ltr'><strong>magistratibus</strong></span> <span class='ocrx_word' id='word_1_723' title='bbox 2702 5029 2917 5083; x_wconf 78' lang='lat' dir='ltr'><strong>honoris</strong></span> <span class='ocrx_word' id='word_1_724' title='bbox 2946 5036 3001 5083; x_wconf 89' lang='lat' dir='ltr'><strong>et</strong></span> <span class='ocrx_word' id='word_1_725' title='bbox 3026 5028 3300 5083; x_wconf 88' lang='lat' dir='ltr'><strong>levaminis</strong></span> <span class='ocrx_word' id='word_1_726' title='bbox 3328 5029 3465 5084; x_wconf 81' lang='lat' dir='ltr'><strong>defe-</strong></span> 
     </span>
    </p>
   </div>
   <div class='ocr_carea' id='block_1_108' title="bbox 1902 5138 2066 5183">
    <p class='ocr_par' dir='ltr' id='par_1_108' title="bbox 1902 5138 2066 5183">
     <span class='ocr_line' id='line_1_108' title="bbox 1902 5138 2066 5183; baseline -0.006 -2"><span class='ocrx_word' id='word_1_727' title='bbox 1902 5138 2066 5183; x_wconf 87' lang='lat' dir='ltr'><strong>ratur.</strong></span> 
     </span>
    </p>
   </div>
   <div class='ocr_carea' id='block_1_109' title="bbox 2536 5216 2836 5272">
    <p class='ocr_par' dir='ltr' id='par_1_109' title="bbox 2536 5216 2836 5272">
     <span class='ocr_line' id='line_1_109' title="bbox 2536 5216 2836 5272; baseline -0.01 -2"><span class='ocrx_word' id='word_1_728' title='bbox 2536 5216 2748 5272; x_wconf 83' lang='lat' dir='ltr'><strong>EPIST.</strong></span> <span class='ocrx_word' id='word_1_729' title='bbox 2774 5216 2836 5270; x_wconf 73' lang='grc' dir='ltr'><strong>Υ.</strong></span> 
     </span>
    </p>
   </div>
   <div class='ocr_carea' id='block_1_110' title="bbox 2482 5309 2933 5365">
    <p class='ocr_par' dir='ltr' id='par_1_110' title="bbox 2482 5309 2933 5365">
     <span class='ocr_line' id='line_1_110' title="bbox 2482 5309 2933 5365; baseline -0.011 0"><span class='ocrx_word' id='word_1_730' title='bbox 2482 5309 2933 5365; x_wconf 59' lang='grc' dir='ltr'><strong>εγυμλοηυεη.η’</strong></span> 
     </span>
    </p>
   </div>
   <div class='ocr_carea' id='block_1_111' title="bbox 1978 5397 3466 5465">
    <p class='ocr_par' dir='ltr' id='par_1_111' title="bbox 1978 5397 3466 5465">
     <span class='ocr_line' id='line_1_111' title="bbox 1978 5397 3466 5465; baseline -0.005 -8"><span class='ocrx_word' id='word_1_731' title='bbox 1978 5404 2239 5458; x_wconf 84' lang='lat' dir='ltr'><strong>Interesse</strong></span> <span class='ocrx_word' id='word_1_732' title='bbox 2278 5403 2412 5455; x_wconf 91' lang='lat' dir='ltr'><strong>votis</strong></span> <span class='ocrx_word' id='word_1_733' title='bbox 2447 5404 2547 5454; x_wconf 92' lang='lat' dir='ltr'><strong>tuis</strong></span> <span class='ocrx_word' id='word_1_734' title='bbox 2574 5401 2782 5453; x_wconf 88' lang='lat' dir='ltr'><strong>animus</strong></span> <span class='ocrx_word' id='word_1_735' title='bbox 2823 5397 3051 5465; x_wconf 83' lang='lat' dir='ltr'><strong>affectat,</strong></span> <span class='ocrx_word' id='word_1_736' title='bbox 3093 5397 3182 5452; x_wconf 88' lang='lat' dir='ltr'><strong>sed</strong></span> <span class='ocrx_word' id='word_1_737' title='bbox 3222 5400 3466 5452; x_wconf 84' lang='lat' dir='ltr'><strong>valetudo</strong></span> 
     </span>
    </p>
   </div>
   <div class='ocr_carea' id='block_1_112' title="bbox 1909 5495 3467 5565">
    <p class='ocr_par' dir='ltr' id='par_1_112' title="bbox 1909 5495 3467 5565">
     <span class='ocr_line' id='line_1_112' title="bbox 1909 5495 3467 5565; baseline -0.002 -15"><span class='ocrx_word' id='word_1_738' title='bbox 1909 5500 2145 5564; x_wconf 89' lang='lat' dir='ltr'><strong>corporis</strong></span> <span class='ocrx_word' id='word_1_739' title='bbox 2191 5499 2402 5565; x_wconf 84' lang='lat' dir='ltr'><strong>loognm</strong></span> <span class='ocrx_word' id='word_1_740' title='bbox 2453 5505 2662 5550; x_wconf 89' lang='lat' dir='ltr'><strong>recusat</strong></span> <span class='ocrx_word' id='word_1_741' title='bbox 2707 5510 3006 5550; x_wconf 82' lang='lat' dir='ltr'><strong>excursum.</strong></span> <span class='ocrx_word' id='word_1_742' title='bbox 3069 5495 3231 5552; x_wconf 70' lang='lat' dir='ltr'><strong>Nam.</strong></span> <span class='ocrx_word' id='word_1_743' title='bbox 3292 5509 3341 5548; x_wconf 92' lang='lat' dir='ltr'><strong>nt</strong></span> <span class='ocrx_word' id='word_1_744' title='bbox 3389 5509 3467 5547; x_wconf 58' lang='grc' dir='ltr'>ειμι</span> 
     </span>
    </p>
   </div>
   <div class='ocr_carea' id='block_1_113' title="bbox 1913 5591 3465 5659">
    <p class='ocr_par' dir='ltr' id='par_1_113' title="bbox 1913 5591 3465 5659">
     <span class='ocr_line' id='line_1_113' title="bbox 1913 5591 3465 5659; baseline -0.001 -15"><span class='ocrx_word' id='word_1_745' title='bbox 1913 5593 2211 5646; x_wconf 77' lang='lat' dir='ltr'><strong>tttot&#39;borunt</strong></span> <span class='ocrx_word' id='word_1_746' title='bbox 2242 5592 2384 5646; x_wconf 70' lang='lat' dir='ltr'><strong>ferat</strong></span> <span class='ocrx_word' id='word_1_747' title='bbox 2423 5593 2612 5659; x_wconf 86' lang='lat' dir='ltr'><strong>otium,</strong></span> <span class='ocrx_word' id='word_1_748' title='bbox 2642 5592 2814 5644; x_wconf 86' lang='lat' dir='ltr'><strong>denuo</strong></span> <span class='ocrx_word' id='word_1_749' title='bbox 2853 5605 2935 5644; x_wconf 88' lang='lat' dir='ltr'><strong>me</strong></span> <span class='ocrx_word' id='word_1_750' title='bbox 2968 5592 3155 5657; x_wconf 86' lang='lat' dir='ltr'><strong>pedum</strong></span> <span class='ocrx_word' id='word_1_751' title='bbox 3187 5592 3302 5644; x_wconf 78' lang='lat' dir='ltr'><strong>vinx</strong></span> <span class='ocrx_word' id='word_1_752' title='bbox 3372 5591 3465 5642; x_wconf 78' lang='lat' dir='ltr'><strong>do-</strong></span> 
     </span>
    </p>
   </div>
  </div>
