3826 6388
516 425 625 480 339

1708 424 1768 491 ρ.
1810 396 2151 480 AURELIUS
2189 422 2621 479 svnnacuus.
3642 434 3727 485 sta

528 536 631 598 lor,
659 534 784 588 dum
830 533 994 604 quieti
1038 535 1174 589 ruris
1205 534 1467 605 indulgeo.
1505 536 1580 589 Da
1610 535 1784 603 igitur,
1807 546 1986 603 quaeso
2014 540 2084 596 te,
2114 535 2165 592 Α
2193 530 2394 583 Interea
2423 532 2510 584 tibi
2542 546 2639 599 ago
2678 540 2834 600 atque
2876 532 3044 585 habeo
3089 534 3304 601 gratias,
3327 542 3380 588 et
3410 548 3725 603 provocatum

521 626 700 680 officio
728 641 846 680 meo
871 627 1064 695 justam
1096 628 1462 683 remissionem
1481 672 1495 694 ,
1530 638 1581 682 et
1609 628 1817 683 interim
1854 629 1969 682 sine
1992 643 2087 681 nu-

526 717 772 781 ptialibus
813 716 1001 772 domus
1028 727 1218 773 vestra:
1261 719 1447 774 abesse
1481 717 1809 786 pignoribus,
1846 726 1902 771 ut
1932 717 2086 786 paulo

527 823 644 878 pOal
665 820 880 867 sanatus
905 813 1193 868 fmderibus
1214 813 1529 867 admiseear.
1552 812 1699 865 Vale.

1130 901 1350 956 EPIST.
1391 900 1478 955 Vl.

1087 1004 1503 1043 SYIIIACIIUS..."

596 1079 708 1131 Non
748 1079 884 1131 solet
930 1078 996 1130 ab
1036 1079 1220 1133 amicis
1264 1079 1421 1132 anxie
1452 1078 1598 1131 venia
1645 1074 1918 1144 postulari.
1948 1076 2087 1137 Qua-

529 1178 743 1234 propter
772 1182 934 1235 pauca
961 1182 1094 1235 cogo
1119 1183 1362 1220 sermone
1393 1168 1573 1219 otiauti
1607 1167 1729 1219 mihi
1762 1167 1811 1219 in
1842 1179 1968 1230 agro
1993 1176 2078 1215 so—

522 1259 643 1310 litus
684 1260 839 1312 unius
877 1259 1025 1325 pedis
1056 1259 1271 1312 morbus
1318 1259 1572 1325 obrepsit.
1608 1258 1784 1324 Itaque
1826 1255 2086 1309 obeundis

520 1347 707 1399 officiis
737 1349 1063 1401 vacationem
1099 1348 1381 1401 desiderati
1422 1350 1655 1401 muneris
1694 1358 1830 1413 peto.
1873 1347 2079 1398 Dabunt

519 1437 589 1488 dii
624 1439 865 1505 auSpices
904 1438 1205 1492 facultatem
1231 1448 1287 1491 ttt
1320 1439 1639 1506 nuptialibus
1662 1438 1871 1491 familia:
1898 1446 2085 1491 vestra:

522 1529 659 1581 votis
690 1542 907 1596 compos
935 1529 1174 1582 sanitatis
1204 1531 1462 1583 intersim.
1490 1530 1639 1583 Vale.

1128 1620 1339 1672 EPIST.
1388 1620 1490 1672 VII.

1100 1720 1414 1759 SYLMIACIIIIS.
1428 1744 1464 1758 ..
1477 1744 1511 1759 ,α

589 1796 774 1851 Frater
804 1814 950 1851 meus
989 1797 1324 1863 Ilabiliauus,
1354 1815 1547 1867 genere
1575 1808 1627 1851 et
1667 1815 1845 1853 amore
1871 1800 2082 1867 conspi-

2192 634 2276 672 me
2305 620 2368 671 ad
2402 622 2646 673 amiciti:e
2694 622 3017 675 incrementa
3054 633 3351 689 protestor,
3387 624 3514 677 Iieet‘
3559 640 3725 690 Sponte

2191 713 2420 780 digneris
2448 715 2723 767 advertere
2773 713 2991 767 honesta
3034 714 3287 768 beneﬁcia
3316 716 3453 784 apud
3485 732 3721 773 memores

2192 819 2294 856 non
2326 810 2516 872 perire.
2550 804 2697 858 Vale.
2844 792 2845 795 ¹

2785 895 2996 950 ΡΣΡίΞΤ.
3050 895 3136 948 XI.

2738 996 3158 1039 S\'\I.\IACHUS.....

2260 1071 2361 1125 Per
2408 1075 2629 1124 amicum
2679 1089 3015 1125 communem
3067 1075 3418 1130 Gaudentium
3470 1079 3725 1147 propinqui

2189 1163 2290 1214 mei
2319 1163 2590 1215 Valentini
2612 1165 2904 1230 prea‘ieulas
2937 1166 3073 1224 tnisi,
3109 1181 3237 1220 sane
3261 1170 3326 1220 ad
3373 1168 3522 1221 Iidem
3557 1186 3725 1231 meatu,

2186 1259 2239 1302 et
2269 1253 2644 1304 conscientiam
2678 1253 3017 1318 pertinentes.
3052 1253 3177 1306 Nam
3215 1256 3375 1310 frater
3404 1258 3517 1324 ejus
3564 1258 3728 1313 Prose~

2186 1340 2295 1394 rius
2317 1357 2434 1394 cum
2469 1353 2791 1429 premereturJ
2833 1346 3084 1396 extremis
3120 1355 3174 1397 et
3203 1358 3514 1413 prrescntem
3556 1365 3655 1411 me,
3684 1360 3726 1404 et

2188 1447 2280 1499 per
2308 1434 2580 1499 epistolam
2614 1435 2833 1486 summis
2862 1435 3103 1499 precibus
3124 1436 3439 1500 obsecravit,
3485 1448 3540 1490 ut
3580 1441 3725 1507 impe-

2188 1534 2321 1576 trata
2356 1524 2490 1576 facili
2521 1525 2833 1579 auctoritate
2861 1527 3124 1593 rescripti,
3170 1528 3273 1580 ﬁlia
3307 1530 3422 1597 ejus
3463 1530 3635 1584 fratris
3660 1532 3726 1585 sui

2188 1612 2295 1664 ﬁlio
2321 1612 2620 1679 copuletur,
2650 1614 2785 1681 quod
2818 1615 2995 1666 multis
3024 1630 3145 1668 esse
3168 1630 3482 1671 Concessum
3526 1620 3726 1673 manife-

2187 1709 2267 1751 sta
2296 1708 2556 1753 testantur
2581 1703 2843 1768 exempla.
2897 1702 3070 1769 Quare
3126 1708 3222 1771 pia:
3254 1707 3621 1774 supplicationi
3649 1710 3726 1761 ad-

2182 1790 2476 1854 jumentum
2506 1806 2677 1843 meum
2706 1806 2895 1858 negare
2925 1809 3030 1844 non
3057 1808 3291 1861 possum,
3320 1798 3565 1862 quoniam
3589 1797 3725 1852 ﬁdem

516 1902 673 1949 enus,
705 1887 907 1955 injuria;
937 1903 1045 1943 sua;
1075 1886 1414 1940 acerbitatem
1449 1890 1647 1955 privam
1678 1889 1814 1955 apud
1844 1905 1933 1971 me.
1951 1903 2077 1939 con-
2112 1876 2153 1930 Β
2187 1893 2356 1931 meam
2386 1896 2545 1947 super
2573 1881 2651 1934 his
2680 1883 2875 1949 nuptiis
2899 1884 3137 1936 voluntas
3160 1887 3440 1955 propinqui
3474 1889 3725 1940 morientis

517 1978 792 2041 questione
820 1976 1053 2028 deflevit.
1086 1977 1288 2040 Asserit
1325 1979 1467 2029 enim
1504 1988 1897 2043 procuratorem
1926 1993 2076 2031 suum

519 2064 636 2118 sine
675 2065 985 2133 enjusquam
1029 2067 1458 2121 denmninatione
1488 2079 1790 2136 correptum
1823 2088 1836 2122 :
1867 2079 1922 2123 et
1958 2086 2075 2123 cum

517 2155 800 2208 vindictam
823 2155 889 2207 de
911 2166 962 2209 te
988 2157 1270 2225 impetrare
1292 2158 1553 2224 debuerit,
1580 2174 1735 2227 quam
1758 2175 1874 2212 cum
1898 2160 2078 2213 Romae

515 2244 759 2312 degeres,
794 2246 1109 2311 postulavit;
1144 2258 1345 2299 auctam
1377 2250 1564 2303 domus
1592 2263 1700 2322 sua:
1727 2252 1973 2319 cognovit
2003 2252 2078 2303 in-

515 2334 726 2399 iuriam.
760 2334 812 2387 Id
835 2350 935 2404 ego
963 2337 1228 2391 oblivione
1254 2338 1482 2392 arbitror
1506 2340 1779 2394 accidisse.
1804 2341 2077 2407 Quomizdo

515 2428 655 2479 enim
687 2432 1004 2497 prmeiperes
1024 2471 1038 2495 ,
1072 2430 1208 2495 quod
1241 2433 1471 2485 incoram
1508 2434 1704 2497 positus
1736 2432 2077 2499 improbasti?

518 2517 723 2581 Quare,
758 2526 818 2569 ut
846 2532 1039 2585 parens
1072 2534 1294 2585 moneo,
1346 2534 1410 2573 ne
1449 2536 1669 2589 augere,
1715 2537 1830 2589 qua:
1876 2521 2074 2583 doluit,

515 2620 684 2673 genus
714 2615 861 2673 putes
892 2621 1011 2660 esse
1038 2610 1397 2662 conscientize.
1429 2611 1582 2665 Certe
1608 2613 1650 2664 si
1683 2612 1830 2665 abest
1859 2612 2077 2679 aequitas

514 2694 759 2762 judicatis
779 2735 795 2759 ,
823 2696 1155 2750 familiariter
1180 2698 1306 2750 mihi
1348 2699 1446 2753 ede
1478 2703 1730 2754 rationem
1753 2742 1767 2768 ,
1797 2702 1865 2754 ita
1898 2710 1954 2754 ut
1979 2717 2076 2753 tto-

514 2785 656 2838 veris
686 2800 781 2854 pro
809 2787 1116 2839 absentibus
1146 2787 1375 2843 dominis
1402 2804 1661 2847 rectorem
1686 2794 1951 2863 suscipere
1980 2794 2074 2849 de-

515 2875 642 2929 bere
673 2885 848 2944 partes
878 2876 1221 2931 defensionis.
1256 2882 1397 2933 Vale.

1097 2968 1307 3037 EPIST.
1356 2972 1483 3026 Vlll.

1125 3072 1448 3111 SYMIIACIILS.

582 3147 817 3201 .Iucundzt
852 3149 977 3201 mihi
1012 3151 1164 3203 fuerit
1207 3153 1472 3218 petceptio
1508 3154 1818 3219 scriptorum
1843 3164 2069 3208 tuorum.

516 3240 755 3292 Amicitia
785 3242 926 3293 enim
959 3242 1155 3293 mutuis
1179 3245 1369 3309 gaudet
1391 3244 1597 3295 o'liciis.
1628 3243 1730 3297 Sed
1756 3245 1950 3297 utinam
1979 3246 2070 3299 lto-

516 3328 708 3381 minum
758 3344 995 3382 meorum
1043 3330 1311 3397 diligentia
1344 3331 1496 3383 ﬁdem
1537 3341 1637 3383 tute
1682 3333 2069 3398 pollicitationis

515 3418 804 3487 implesset.
838 3419 965 3473 Nam
1007 3436 1126 3474 cum
1169 3421 1477 3488 scripseris,
1520 3437 1612 3475 eos
1654 3423 1718 3475 ad
1763 3407 2069 3477 solvendam

516 3508 819 3573 pensionem
850 3510 1133 3577 profectos,
1165 3511 1405 3579 exiguam
1442 3522 1639 3579 partem
1670 3514 1929 3566 redituutn
1954 3530 2065 3582 pen

513 3596 760 3649 dideruut
792 3614 802 3648 :
835 3613 931 3652 nec
963 3599 1061 3653 illis
1094 3601 1276 3667 pudori
1317 3601 1443 3663 fuit,
1476 3604 1743 3656 cumulum
1775 3606 2069 3657 debitorum

514 3688 612 3740 sub
641 3696 781 3740 tanta
805 3688 926 3741 anni
957 3688 1269 3744 fecunditate
1299 3694 1632 3746 contrahere.
1665 3694 1889 3762 Dignare
1915 3695 2071 3760 igitur

514 3792 692 3831 curam
736 3788 929 3832 nostrte
965 3781 1205 3833 utilitatis
1251 3782 1519 3849 arripere,
1565 3794 1616 3837 et
1659 3785 1723 3837 ad
1754 3784 2067 3837 solutionem

513 3881 704 3935 cogere
728 3868 1018 3921 debitores.
1052 3869 1188 3934 Quid
1221 3869 1361 3922 enim
1401 3870 1581 3938 juvat,
1614 3872 1748 3939 quod
1781 3872 1954 3941 studio
1982 3882 2072 3925 tuo

489 3964 564 4009 ‘et
595 3959 866 4013 beneﬁciis
896 3961 1233 4027 adjuvantur,
1256 3978 1376 4015 eum
1402 3964 1501 4017 hoc
1521 3963 1868 4017 commoditas
1891 3970 2069 4017 nostra

516 4064 618 4103 non
647 4050 879 4104 sentiat?
908 4050 1051 4103 Vale.

1120 4142 1327 4197 EPIST.
1375 4142 1461 4195 IX.

1070 4248 1485 4288 SHBIACIII'S....:

584 4322 763 4377 Salute
817 4323 1054 4390 praefata,
1101 4339 1256 4390 quam
1312 4324 1496 4378 litteris
1524 4324 1786 4379 anteferre
1831 4327 2069 4383 solemne

513 4422 615 4477 est,
652 4424 706 4466 ut
730 4414 919 4467 seriem
968 4415 1299 4467 familiarium
1346 4418 1661 4485 scriptorum
1712 4430 1827 4471 Vota
1866 4436 2069 4485 praeve-

514 4506 678 4565 niant,
712 4506 868 4557 silere
892 4505 1029 4572 apud
1060 4515 1111 4557 te
1142 4520 1366 4571 nequeo,
1408 4505 1671 4573 Cajetanze
1714 4500 1919 4560 Forma:
1950 4517 2068 4562 ten-

516 4601 743 4646 lamenta
774 4592 995 4661 frigere;
1026 4604 1076 4646 et
1105 4596 1205 4644 nisi
1237 4597 1511 4661 praesentia
1557 4606 1640 4648 tua
1685 4599 1868 4665 emptis
1900 4602 2072 4653 calcar

512 4686 831 4744 admoverit,
864 4700 1054 4739 vereor
1087 4700 1155 4739 ne
1180 4688 1325 4753 operi
1348 4690 1645 4743 emoliendo
1668 4694 1844 4743 aestiva
1879 4709 2073 4762 oppor-

514 4776 706 4829 tunitat
730 4776 1092 4829 subtrahatur.
1118 4776 1251 4841 Quid
1286 4779 1442 4845 igitur
1486 4794 1646 4846 super
1678 4779 1777 4833 hoc
1812 4784 2069 4850 agendum

513 4872 581 4922 sit
603 4872 656 4922 in
684 4870 910 4938 tuojure
950 4869 1235 4923 Constituti.
1277 4872 1401 4923 Mihi
1434 4873 1563 4925 satis
1591 4881 1693 4935 est,
1730 4872 1781 4924 in
1827 4873 1908 4925 Itis
1954 4889 2071 4942 qua:

513 4959 577 5010 ad
606 4960 811 5012 laudem
836 4968 999 5011 tuam
1040 4959 1329 5027 pertinent,
1366 4970 1541 5028 partes
1592 4960 1747 5015 amici
1795 4963 2068 5018 monitoris

512 5051 777 5118 implesse.
809 5048 957 5103 Vale.

1147 5137 1354 5193 EPIST.
1382 5138 1446 5195 Χ.

1085 5247 1501 5286 εῑιυιλοιιυε.....

582 5323 1043 5377 Δὺυιιᾶειη.ἰεείωε
1069 5323 1269 5391 gaudeo
1300 5324 1387 5376 tibi
1414 5337 1532 5377 esse
1566 5337 1727 5389 curat,
1753 5334 1811 5397 ut
1841 5325 1931 5378 filii
1964 5326 2066 5380 mei

512 5413 675 5464 editio
730 5413 864 5465 ursis
919 5411 1157 5481 pluribus
1198 5413 1515 5474 instruatur,
1568 5413 1849 5481 statimque
1897 5417 2061 5483 pretia

514 5502 906 5555 annunteranda
953 5503 1232 5560 misissem,
1267 5498 1367 5551 nisi
1404 5500 1640 5553 hiemalis
1674 5505 1930 5569 asperitas
1964 5504 2061 5556 im-

516 5594 715 5659 pediret
736 5592 1106 5648 invectionem.
1133 5591 1234 5644 Sed
1259 5592 1409 5657 paulo
1432 5602 1566 5657 post,
1592 5592 1674 5644 ubi
1700 5594 2060 5659 opportunitas

516 5687 654 5737 veris
682 5684 959 5737 tnolliverit
990 5680 1649 5755 itinerum‘difﬁcultatem,
1683 5682 1948 5735 curabitur
1988 5683 2060 5737 fe-

516 5790 689 5827 -arutu
719 5776 935 5841 emptio,
965 5773 1048 5828 cui
1070 5772 1389 5827 deﬁnitionis
1419 5770 1671 5838 justitiam
1706 5771 2054 5838 spopondisti.

2182 1967 2481 2029 adstrinxit,
2516 1979 2569 2020 ut
2620 1972 2839 2036 epistola
2904 1974 3146 2037 precibus
3205 1989 3441 2028 connexa
3491 1976 3722 2033 declarat.

2182 2054 2408 2123 Dignare
2434 2060 2585 2125 igitur
2605 2059 2790 2125 juvare
2821 2061 3063 2113 eﬂectutu
3099 2064 3167 2131 pii
3200 2064 3475 2132 desiderii,
3505 2079 3723 2131 eatenus,

2179 2155 2235 2199 ut
2260 2148 2303 2197 si
2327 2146 2443 2212 quis
2465 2150 2777 2200 conturbare
2805 2153 3086 2217 tt-utaverit
3109 2152 3411 2205 mandatum
3444 2165 3722 2221 paternum,

2177 2237 2586 2291 comminatione
2647 2239 2876 2291 infamia:
2929 2249 3206 2293 terreatur.
3255 2242 3514 2313 Rescripti
3568 2255 3723 2299 autem

2178 2325 2491 2379 beneficium
2542 2342 2663 2380 cum
2711 2329 2868 2381 fuerit
2920 2331 3281 2398 impetratum,
3333 2344 3584 2401 spectata:
3622 2334 3722 2387 fidei

2181 2417 2413 2484 perlator
2442 2426 2705 2484 apportet.
2740 2417 2882 2471 Vale.

2781 2510 2990 2563 EPIST.
3026 2511 3136 2565 XII.

2750 2614 3169 2657 S\I\IACII[S.....

2251 2688 2474 2742 Meretur
2492 2691 2742 2744 auxilium
2764 2698 2904 2742 tuunt
2929 2707 3084 2744 causa
3102 2696 3412 2747 communis.
3438 2696 3567 2749 Nam
3589 2698 3721 2764 quitl-

2177 2779 2301 2845 quid
2334 2781 2398 2832 ad
2446 2771 2740 2834 Senatorias
2790 2785 3017 2847 pertinet
3066 2784 3381 2848 functiones,
3435 2788 3718 2855 participat:

2176 2885 2278 2938 ope
2302 2882 2356 2925 et
2383 2873 2660 2938 conjuncta
2694 2873 3026 2925 animositate
3066 2877 3421 2943 peragendum
3452 2889 3555 2932 est.
3606 2880 3719 2933 Iura

2176 2963 2336 3033 igitur
2356 2968 2692 3028 auctoritate,
2724 2982 2823 3034 qua
2855 2968 3066 3032 dignum
3099 2980 3201 3029 est,
3246 2982 3419 3036 partes
3451 2983 3606 3040 atque
3646 2988 3717 3025 ra-

2176 3058 2345 3111 tiones
2373 3056 2436 3110 ad
2467 3058 2843 3123 amplis~intam
2876 3060 3070 3111 curiam
3105 3066 3429 3126 pertinentes
3465 3081 3474 3113 :
3508 3065 3715 3119 multum

2175 3161 2239 3198 cx
2287 3146 2386 3199 hoc
2423 3149 2632 3215 negotio
2667 3148 2835 3200 laudis
2892 3149 3182 3213 habiturus,
3222 3152 3265 3203 si
3318 3154 3492 3205 munia
3538 3154 3718 3208 ordinis

2178 3236 2497 3303 nostri,qu:e
2520 3220 2626 3301 jam
2653 3238 2846 3289 dudum
2872 3237 3125 3292 ﬂuctuare
3152 3240 3487 3295 manifestum
3518 3254 3620 3311 est,
3644 3261 3718 3299 ξο-

2172 3326 2301 3379 Iutio
2322 3326 2387 3377 ab
2420 3327 2663 3379 obnoxiis
2694 3328 2973 3394 elllagitata
3003 3332 3347 3397 reptraverit.
3383 3334 3530 3391 Vale,

2786 3419 2997 3473 EPIST.
3034 3421 3166 3474 XIII.

2760 3524 3175 3567 SYlﬂACHCS...“

2243 3594 2469 3648 Editioni
2502 3607 2695 3649 nostra:
2727 3598 2932 3652 fortuna
2964 3602 3213 3669 consulit,
3243 3620 3362 3672 qua:
3408 3616 3458 3662 te
3489 3609 3715 3677 regenda

2174 3686 2377 3754 Apuliae
2403 3689 2565 3741 voluit
2592 3690 2894 3744 admovere.
2916 3691 3075 3745 Utere
3102 3694 3260 3761 igitur
3294 3700 3569 3752 occasione
3592 3715 3714 3766 prm-

2173 3779 2329 3838 senti,
2354 3789 2406 3831 et
2435 3781 2572 3845 apud
2608 3792 2884 3846 prmturam
2914 3784 3101 3837 domus
3129 3796 3342 3849 noatrte,
3375 3787 3438 3840 ad
3468 3805 3617 3857 quam
3646 3789 3715 3841 fe-

2173 3868 2340 3921 liciter
2380 3868 2446 3921 de
2490 3872 2859 3924 transmarinis
2914 3875 3017 3923 ursi
3071 3875 3311 3939 proxime
3366 3878 3711 3943 perferentur,

2171 3958 2537 4009 convenientia
2580 3959 2805 4012 decerne
2847 3964 3105 4027 prtesidia,
3144 3973 3220 4015 ‘ut
3250 3965 3510 4031 prioribus
3540 3966 3712 4018 ofﬁciis

2174 4044 2327 4112 hujus
2346 4060 2551 4113 quoque
2581 4048 3162 4114 cumulusapplieetur.
3194 4052 3344 4106 Vale.

2773 4137 2982 4191 EPIST.
3026 4140 3162 4193 XIV.

2757 4242 3143 4284 εῖωιλεηυε....
3159 4271 3170 4282 .

2243 4318 2520 4387 Diligentia
2547 4330 2631 4371 tua
2661 4330 2712 4372 et
2737 4320 2973 4387 judiciati
3005 4322 3183 4388 vigore
3204 4321 3456 4377 delector.
3486 4325 3584 4380 Sed
3614 4326 3712 4379 inoo

2173 4410 2255 4475 pia
2284 4413 2364 4461 vel
2398 4410 2569 4476 potius
2593 4419 2797 4476 egestas
2820 4411 3020 4463 ordinis
3054 4410 3395 4477 Formiuiani,
3439 4416 3590 4469 etiam
3623 4431 3711 4469 cu-

2173 4497 2391 4548 rationis
2416 4498 2695 4562 impatiens
2749 4508 2848 4551 est.
2905 4498 3035 4551 Nam
3082 4501 3217 4552 sicut
3266 4501 3451 4555 affecta
3481 4504 3712 4559 diuturno

2176 4585 2359 4637 morbo
2386 4600 2629 4649 corpora,
2661 4587 2933 4639 suaviorem
2973 4589 3284 4642 medicinam
3310 4592 3448 4645 ferre
3478 4609 3578 4646 non
3601 4610 3709 4661 pos-

2171 4684 2329 4738 Sunt,
2384 4678 2451 4731 ita
2481 4678 2623 4731 curia
2662 4693 2882 4730 nurnero
2913 4690 2965 4732 et
3018 4693 3323 4748 paupertate
3360 4694 3584 4749 tenuata,
3626 4688 3711 4740 du-

2173 4771 2289 4821 ritia
2337 4771 2633 4823 immodica:
2678 4771 3061 4825 emendationis
3111 4775 3482 4843 exstinguitur.
3533 4778 3711 4831 Libens

2174 4861 2330 4927 igitur
2359 4863 2591 4929 parentis
2630 4876 2779 4913 sume
2808 4866 3103 4925 consilium,
3139 4865 3224 4933 qui
3254 4882 3360 4919 non
3385 4867 3610 4921 defendit
3632 4884 3711 4921 or-

2173 4952 2309 5004 dinis
2364 4954 2603 5019 culpam,
2654 4942 2744 5005 sed
2814 4956 3160 5007 correctionis
3210 4956 3426 5010 modum
3470 4959 3707 5027 postulat.

2172 5041 2423 5094 Habenda
2452 5054 2531 5095 est
2560 5044 2690 5095 ratio
2720 5043 3048 5111 vectigalium
3078 5044 3429 5112 publicorum,
3452 5056 3507 5100 et
3528 5048 3709 5102 lavacri

2170 5133 2335 5185 aestivi
2364 5134 2673 5185 instauratio
2703 5148 2820 5186 cum
2859 5134 2989 5200 reip.
3034 5135 3236 5189 viribus
3264 5134 3576 5192 conferenda
3602 5178 3617 5201 ,
3662 5146 3708 5188 ttt

2170 5223 2212 5277 si
2236 5224 2358 5288 quid
2386 5223 2637 5277 redundat
2663 5222 2913 5290 expensis
2935 5226 3161 5288 caeteris,
3185 5226 3237 5278 in
3264 5235 3529 5292 sumptum
3546 5227 3707 5293 operis

2170 5315 2489 5367 conferatur.
2526 5313 2761 5365 Dandum
2791 5328 2999 5380 quoque
3024 5324 3103 5367 est
3131 5314 3495 5367 instaurationi
3526 5314 3706 5383 largius

2174 5417 2401 5476 tempus,
2433 5406 2642 5474 nequid
2670 5405 2887 5473 deroget
2932 5404 3164 5459 ﬁrmitati
3208 5406 3531 5475 przccipitata
3569 5422 3683 5474 repa

2172 5504 2324 5555 ratio.
2352 5501 2487 5554 Nihil
2513 5516 2578 5554 ex
2623 5500 2719 5551 hac
2740 5509 2881 5551 mora
2914 5508 3013 5552 tua:
3048 5501 3229 5568 gloria:
3270 5501 3580 5555 detrahitur.
3634 5498 3703 5551 Ad

2169 5599 2479 5657 prmsentem
2513 5589 2650 5640 enim
2693 5586 2926 5655 judicem
2977 5589 3169 5642 veteris
3214 5591 3374 5643 curia!
3422 5592 3568 5658 culpa
3609 5603 3704 5642 non

2171 5682 2421 5747 pervenit.
2459 5679 2668 5731 Possem
2710 5678 2853 5743 plura
2882 5690 3220 5745 connectere,
3265 5679 3354 5734 sed
3392 5694 3506 5733 cum
3540 5692 3703 5731 rerum

2168 5773 2398 5823 omnium
2426 5769 2775 5821 consideratio
2804 5767 2937 5835 apud
2987 5768 3297 5836 sapientiam
3342 5781 3479 5823 tuam
3521 5769 3682 5830 viget
