3826 6370
474 499 576 555 30'!

1636 497 1696 561 ρ.
1740 496 2075 551 AILRI-IIJUS
2116 453 2547 553 SYRISIAfIIIUS.
3605 503 3693 557 7.63

478 616 605 667 rint.
632 612 744 665 Non
775 618 895 664 sunt
918 624 1071 663 avara
1102 617 1245 673 vota,
1282 624 1396 678 qua:
1424 608 1601 662 smculi
1648 607 1897 660 excitavit
1938 607 2031 659 lnt-
2062 612 2107 667 Α
2138 609 2356 663 Romani
2382 612 2686 664 inusitatum
2709 613 2966 676 dolorem,
2991 614 3149 667 ctiam
3181 623 3393 669 senatus
3418 614 3690 683 impatiens

478 704 722 758 inanitas.
754 702 827 756 De
857 701 1113 770 exemplis
1141 701 1286 755 venit
1329 703 1429 755 ista
1474 699 1685 755 fiducia.
1724 698 1906 768 Magna
1940 714 2030 751 su-

480 796 674 851 mendo
699 795 897 863 majora
936 793 1328 862 praesumimus.
1363 791 1511 845 Nunc
1544 790 1703 859 legite
1733 798 1945 843 senatus
1974 805 2033 840 ac.

481 886 655 955 populi
691 886 856 939 fausta
888 884 1134 953 suffragia
1163 900 1177 936 :
1211 885 1332 937 licet
1370 884 1533 937 sciam
1567 884 1682 951 plus
1717 882 1890 936 inesse
1921 882 2034 933 aui-

480 982 577 1031 niis
603 994 760 1046 quam
789 975 1006 1030 vocibus
1035 976 1283 1044 explicari
1331 992 1343 1026 :
1399 983 1453 1028 et
1501 974 1744 1042 quaedam
1780 972 2030 1026 libamina

480 1069 673 1136 publici
704 1068 754 1120 in
778 1081 869 1141 vos
898 1066 1093 1122 amoris
1112 1064 1353 1134 accipite.
1400 1065 1454 1120 Si
1491 1078 1650 1134 parva
1698 1061 1871 1116 adhuc
1913 1070 2037 1114 sunt

477 1165 641 1226 dicta,
672 1173 944 1214 munerum
974 1158 1555 1223 vestrorunkimpntate
1587 1153 1877 1208 miraculis.
1902 1152 2030 1205 Nam

479 1250 784 1319 magnitudo
818 1249 1044 1317 Stuporis
1080 1247 1251 1301 locum
1284 1247 1464 1299 multis
1508 1244 1779 1313 plausibus
1811 1258 1913 1297 non
1947 1258 2031 1297 rc—

486 1343 590 1408 ιίιμι
617 1350 661 1393 ι.-

1041 1427 1249 1482 I'LPIST.
1293 1426 1456 1480 ΧΧΧ.

477 1540 558 1576 ιιι.
603 1534 888 1575 1⁸11Εο30810
934 1535 997 1571 ΕΤ
1045 1532 1178 1571 Αιιοιι
1218 1533 1266 1571 10
1312 1532 1515 1570 εειιρειι
1563 1530 1684 1569 ABG.
1733 1528 2037 1567 εγιιιιιαιιυε

991 1604 1042 1641 ν.
1084 1602 1133 1640 C.
1174 1602 1343 1640 PBEI’.
1388 1602 1506 1639 ιιω.

550 1708 810 1758 La-tarum
846 1716 1020 1755 rerum
1056 1699 1210 1753 iudex
1242 1714 1359 1753 esse
1390 1699 1697 1760 malueram,
1727 1696 1834 1748 D0.
1866 1695 2032 1755 impe-

479 1806 718 1859 rato-es;
759 1794 850 1847 scd
898 1794 1031 1845 ratio
1073 1790 1231 1843 officii
1266 1789 1456 1856 publici
1508 1789 1872 1842 necessitatem
1908 1786 2033 1838 tnilti

478 1887 645 1940 nuntii
679 1887 841 1939 tristis
871 1881 1141 1951 imposuit.
1176 1882 1522 1933 Prattextatus
1571 1891 1766 1941 vester,
1814 1888 2032 1944 praitcx-

2136 702 2395 771 dispendii
2432 704 2513 756 sui
2552 705 2796 758 solatimn
2831 706 2957 771 petit
2996 708 3063 760 tle
3106 707 3305 761 honore
3335 707 3582 771 virtutis,
3615 724 3694 759 ve-

2135 803 2408 864 Strumque
2460 811 2653 849 numen
2703 805 2978 865 precatur,
3026 808 3080 853 ιιι
3127 799 3294 852 νίτιιιιι
3330 810 3509 853 nostra
3550 814 3693 853 fﬁialﬂ

2138 885 2435 939 mirabilem
2481 896 2773 941 statuarum
2800 887 3119 944 diuturnitas
3140 892 3311 945 tradat
3337 892 3507 945 oculis
3530 903 3693 961 postc-

2137 991 2315 1030 rorum
2347 995 2360 1030 :
2391 992 2492 1031 non
2522 978 2661 1046 quod
2692 979 2775 1032 ille
2801 980 3015 1047 praemia
3049 988 3258 1034 terrena
3288 981 3581 1046 desideret,
3611 984 3689 1049 qni

2136 1070 2323 1138 gaudia
2337 1071 2600 1137 corporis,
2616 1070 2770 1124 etiam
2785 1086 2902 1124 cum
2924 1071 3189 1126 hominem
3212 1081 3413 1141 ageret,
3440 1072 3692 1125 utcaduca

2136 1161 2390 1222 calcavit;
2415 1160 2506 1213 sed
2532 1160 2651 1228 quia
2671 1161 2998 1215 ornamentis
3029 1160 3287 1215 bonorum
3318 1162 3564 1215 incitatur
3586 1161 3693 1214 imi-

2138 1251 2285 1311 tatio,
2311 1259 2361 1304 et
2387 1251 2553 1303 virtus
2584 1249 2770 1301 :t-mnla
2803 1251 2963 1303 alitur
2991 1251 3240 1319 exemplo
3274 1251 3494 1303 honoris
3519 1248 3691 1303 alieni.

2138 1339 2270 1392 llinc
2326 1342 2514 1392 factum
2560 1350 2638 1393 est
2689 1350 2742 1392 ut
2795 1340 3004 1393 rtt-ticis
3048 1340 3221 1394 adhuc
3266 1341 3476 1394 saiculis
3514 1339 3692 1406 Optimi

2138 1430 2326 1498 quique
2357 1430 2545 1483 civium
2588 1407 2746 1482 nimio
2783 1436 2838 1483 et
2858 1439 2971 1481 arte
3001 1429 3207 1483 formati
3251 1431 3302 1482 in
3345 1431 3559 1499 longant
3590 1445 3693 1483 tuc-

2140 1522 2358 1572 ntoriam
2390 1520 2743 1575 mitterentur.
2782 1523 2951 1588 Atque
2982 1522 3179 1573 utinam
3210 1521 3337 1573 nihil
3370 1520 3493 1574 ltuic
3515 1521 3688 1573 decori

2141 1611 2358 1676 facilitas
2378 1609 2701 1663 adulantium
2728 1622 2903 1678 vatea
2927 1610 3261 1679 derogasset!
3287 1612 3533 1679 quamvis
3557 1614 3691 1678 paria

2139 1716 2241 1754 non
2278 1702 2418 1764 sint,
2460 1716 2577 1768 qum
2614 1700 2811 1768 diSpari
2843 1709 2956 1753 arte
2988 1709 3313 1768 quaeruntur.
3354 1701 3575 1769 Dignum
3621 1710 3693 1751 est

2139 1793 2295 1861 igitur
2326 1804 2377 1845 ut
2403 1792 2491 1860 qui
2516 1792 2565 1843 in
2596 1790 2898 1859 pectoribus
2924 1791 3160 1844 omnium
3191 1797 3389 1855 manet,
3432 1789 3503 1842 sit
3528 1789 3580 1840 in
3608 1803 3694 1841 ore

2139 1884 2507 1951 pluriiuoriuu.
2526 1883 2615 1936 llle
2630 1897 2841 1952 semper
2862 1883 3250 1950 magistratibus
3272 1881 3382 1933 suis
3412 1880 3628 1942 celsior,
3647 1879 3690 1931 iu

478 1989 614 2031 tatus
662 1979 917 2035 bonorum
941 1980 955 2038 ,
990 1973 1217 2052 antiqua:
1243 1970 1517 2039 probitatis
1546 1978 1810 2030 assertor,
1860 1966 2034 2019 invida
2069 1955 2109 2010 Π
2138 1973 2272 2025 alios
2301 1982 2655 2037 temperatus,
2684 1973 2735 2025 iu
2759 1986 2817 2024 se
2847 1986 3083 2035 severus,
3109 1973 3221 2025 s'ne
3250 1978 3555 2037 contemptu
3581 1969 3694 2021 faci-

479 2079 649 2125 tuorte
674 2069 973 2120 subtractus
1000 2074 1099 2126 est,
1137 2064 1213 2117 vir
1232 2062 1468 2115 omnium
1494 2059 1638 2114 domi
1670 2060 1898 2125 forique
1932 2060 2033 2109 vir-

473 2171 669 2213 totum.
712 2160 767 2211 In
804 2157 953 2224 cujus
993 2156 1162 2209 locant
1185 2193 1201 2217 ,
1248 2164 1435 2208 vestra:
1470 2167 1678 2221 quoque
1714 2151 2031 2212 :eternitati,

475 2266 596 2321 quae
619 2250 847 2317 optimos
877 2248 1021 2300 novit
1047 2246 1262 2313 eligere,
1288 2246 1443 2298 nimis
1465 2245 1685 2298 arduum
1711 2254 1792 2296 est
1812 2242 2034 2295 similem

479 2342 783 2407 subrogare.
800 2337 978 2405 Itaque
995 2351 1254 2388 sumntum
1274 2334 1354 2386 sui
1382 2350 1431 2385 «ιι
1449 2333 1672 2400 Republ.
1688 2329 2034 2387 desiderium,

479 2444 831 2501 magnumque
855 2426 1056 2483 civ.bus
1078 2427 1240 2495 gratis
1273 2425 1483 2493 reliquit
1506 2423 1765 2477 dolorem.
1790 2421 1919 2474 Nam
1948 2421 2035 2473 tibi

478 2540 540 2592 pr
563 2538 705 2577 mum
738 2522 918 2573 Roma:
948 2533 1160 2571 amarus
1187 2518 1251 2569 de
1275 2533 1340 2569 eo
1366 2531 1544 2569 tumor
1565 2513 1858 2577 increbuit,
1886 2526 2037 2566 rcCu-

474 2616 617 2670 savit
656 2614 879 2683 populus
905 2612 1172 2666 solemnes
1208 2609 1395 2663 theatri
1434 2608 1731 2670 voluptates
1772 2621 1787 2657 :
1832 2619 2035 2657 memo-

478 2704 853 2774 riamque-ejus
883 2704 1141 2756 illustrem
1172 2688 1333 2753 mula
1372 2698 1750 2753 acclamatione
1786 2705 2033 2758 testatus,

478 2794 706 2863 graviter
723 2793 828 2861 egit
852 2807 971 2845 cum
992 2791 1155 2843 livore
1173 2789 1414 2851 fortunae,
1437 2787 1572 2855 quod
1597 2786 1697 2839 sibi
1722 2785 2034 2855 inclytorutn

481 2884 771 2951 piiucipum
832 2879 1142 2947 beneficium
1194 2878 1509 2931 sustulisset.
1563 2876 1627 2928 Et
1682 2873 1773 2927 ille
1824 2873 2035 2939 quidem

475 2978 686 3026 functus
716 2980 797 3024 est
832 2971 948 3037 lege
978 2978 1180 3021 natura:
1208 2985 1226 3018 ;
1263 2980 1358 3019 nos
1392 2981 1519 3019 vero
1547 2964 1719 3017 socios
1747 2962 1907 3015 animi
1955 2963 2035 3015 sui

480 3081 492 3105 ι
512 3062 743 3129 estrique
766 3059 952 3128 judicii
988 3068 1131 3110 tanto
1161 3056 1343 3110 dolore
1374 3054 1635 3121 confudit,
1668 3062 1723 3106 ttt
1748 3055 1836 3107 otii
1867 3069 2036 3108 reme—

474 3151 617 3203 tlioat
650 3150 995 3216 postulemus.
1027 3146 1171 3201 Silco
1196 3155 1383 3198 cauti-ra
1427 3160 1543 3213 qua:
1590 3159 1673 3199 me
1712 3158 1813 3196 non
1858 3145 2036 3195 sinunt

479 3239 839 3309 praefecturam
875 3237 1014 3291 ferre
1056 3236 1334 3304 patienter.
1364 3235 1458 3308 \fcl
1491 3234 1603 3287 ιιωο
1633 3248 1733 3286 una
1773 3232 2035 3285 consortis

2142 2065 2226 2127 lis,
2252 2063 2366 2118 sine
2388 2073 2609 2117 terrore
2638 2061 2979 2116 reverendus.
3002 2060 3097 2114 Cui
3125 2062 3167 2115 si
3197 2062 3333 2129 quod
3364 2059 3692 2114 commodum

2139 2155 2489 2209 succes-ionis
2518 2154 2711 2221 evenit,
2746 2152 2809 2207 ad
2839 2160 3116 2207 tcsmtores
3145 2152 3413 2221 proximos
3452 2167 3572 2205 ιιιυς
3619 2165 3694 2204 re-

2144 2244 2326 2296 vertit.
2357 2242 2456 2308 Qui
2485 2243 2644 2296 nullis
2675 2242 2941 2309 prosperis
2972 2241 3164 2294 fractus
3208 2250 3285 2294 est
3307 2282 3320 2305 ,
3364 2240 3560 2301 nullius
3589 2239 3695 2293 risit

2139 2332 2384 2395 adversa,
2416 2332 2677 2387 indecora)
2708 2316 2913 2385 nescius
2937 2332 3228 2400 largitatis:
3264 2331 3353 2385 ille
3381 2332 3539 2401 quem
3562 2346 3692 2384 scut-

2143 2437 2232 2489 pcr
2250 2421 2467 2474 invitum
2483 2430 2695 2475 secutus
2707 2431 2787 2474 est
2801 2420 2984 2483 honor,
3005 2421 3154 2488 cujus
3166 2435 3281 2489 aequ
3294 2444 3296 2448 ι
3307 2421 3398 2473 tati
3418 2421 3693 2474 contermi-

2141 2527 2238 2565 nus
2264 2513 2484 2579 quisque
2507 2512 2699 2565 limites
2722 2524 2847 2563 suos
2876 2510 3119 2564 credidit.
3138 2509 3246 2563 Plui
3263 2523 3289 2561 a
3314 2508 3379 2562 (le
3399 2524 3465 2562 eo
3490 2509 3690 2567 vellem,

2142 2604 2289 2669 plura
2313 2603 2378 2656 de
2404 2618 2467 2657 eo
2490 2602 2737 2657 deberem
2762 2601 2851 2656 sed
2877 2600 3172 2656 clementia:
3192 2610 3332 2653 vestr
3352 2616 3378 2647 ι·
3406 2598 3699 2653 testimoni--

2141 2704 2325 2747 cuncta
2344 2693 2601 2747 servanda
2625 2701 2764 2746 sunt.
2801 2692 3057 2746 lllustrior
3082 2692 3222 2744 enim
3254 2690 3366 2743 laus
3383 2700 3487 2752 est,
3511 2690 3576 2743 de
3600 2704 3696 2742 coe—

2141 2786 2255 2840 lesti
2277 2787 2505 2852 profecta
2526 2784 2747 2852 judicio.
2772 2782 2913 2852 Ergo
2940 2791 2994 2836 ut
3015 2782 3290 2852 probitatis
3316 2783 3545 2848 patroni,
3567 2780 3693 2835 bona

2143 2884 2438 2948 temporum
2463 2884 2757 2927 vestrorum
2801 2871 2991 2925 furoris
3018 2886 3228 2939 quoque
3263 2870 3481 2924 visenda
3512 2885 3641 2939 prop
3663 2894 3695 2913 μ

2142 2967 2267 3020 nite.
2299 2966 2454 3020 Certe
2484 2965 2573 3018 ille
2602 2975 2681 3019 est
2712 2964 3082 3023 Praetextatus,
3115 2977 3270 3031 quem
3294 2965 3415 3029 jure
3432 2961 3693 3013 consulem

2139 3056 2415 3120 feceratis,
2448 3064 2503 3107 ut
2533 3054 2647 3107 fasti
2680 3068 2940 3108 memores
2966 3052 3177 3106 celebre
3202 3046 3410 3106 nomen
3448 3051 3696 3121 extende-

2139 3153 2277 3200 rent.
2303 3145 2433 3197 Aliis
2455 3146 2635 3209 utiles,
2661 3143 2833 3197 fatalia
2855 3142 3044 3197 damna
3071 3151 3331 3209 reparate.
3351 3141 3559 3197 Abierit
3581 3157 3694 3193 runt

2141 3235 2352 3288 homine
2386 3235 2655 3300 praemium
2678 3272 2696 3300 ,
2728 3234 2819 3287 sed
2847 3233 3101 3301 judicium
3136 3246 3247 3301 post
3283 3234 3548 3287 hominem
3584 3248 3692 3300 per-

477 3328 846 3396 amissiojusta
876 3335 959 3380 e~t
980 3326 1042 3399 ad
1068 3306 1447 3392 impetrandam
1473 3326 1818 3378 vacationem.
1847 3322 2038 3376 Ament
2065 3306 2106 3363 (ἶ
2141 3332 2372 3377 scvcret.
2405 3323 2631 3377 Prolzatc
2667 3323 2876 3378 casibus
2904 3324 3154 3381 adversus
3192 3324 3416 3392 gloriam
3459 3324 3586 3376 nihil
3654 3326 3695 3375 i-

476 3418 564 3469 alii
608 3425 887 3483 perpetuas
918 3423 1206 3482 potc~tates
1238 3432 1249 3466 :
1290 3415 1412 3465 mihi
1455 3427 1698 3465 sutnmus
1724 3421 1804 3464 est
1841 3414 2037 3465 fructus

479 3506 743 3559 felicitatis
764 3543 778 3566 ,
811 3514 867 3556 ut
907 3519 1085 3556 coram
1129 3512 1359 3556 vestrum
1388 3518 1582 3556 numen
1604 3502 1916 3566 advenerer,
1961 3501 2038 3555 itt-

482 3604 632 3647 tuear
662 3592 999 3661 benignitatis
1024 3601 1210 3645 vestra:
1229 3592 1425 3645 sidera.
1456 3590 1565 3644 IIoc
1587 3606 1769 3655 unum,
1796 3606 1902 3657 pra:
1926 3605 2037 3643 om-

479 3685 656 3748 nibus,
678 3699 794 3752 qua:
826 3682 1142 3751 przEStitistis
1170 3691 1382 3750 exopto.
1433 3682 1664 3749 Simplex
1704 3681 1885 3748 petitio
1926 3690 2035 3741 est,

478 3790 575 3831 nec
601 3777 737 3828 viam
765 3773 1080 3842 capessendi
1104 3758 1317 3825 honoris
1342 3764 1570 3825 alfccfat.
1594 3770 1734 3824 Satis
1758 3773 1901 3823 enim
1932 3770 2037 3822 cla—

471 3867 604 3932 ruit,
635 3865 762 3920 nihil
793 3864 933 3918 aliud
967 3877 1085 3918 essc
1111 3862 1249 3931 quod
1281 3862 1514 3930 cupiam,
1560 3876 1678 3914 cum
1707 3860 1921 3927 supplex
1955 3874 2037 3913 re-

452 3960 695 4029 fugerim
718 3955 1099 4026 magistratum.

1032 4039 1247 4101 EPIST.
1290 4038 1476 4094 XXXI.

572 4152 625 4189 ι).
662 4147 1043 4187 νηεκτιιιιλιιιο
1072 4146 1118 4185 S.
1145 4146 1268 4183 AUC.
1297 4142 1598 4183 εῑιιιιιςιιυδ
1626 4142 1789 4180 Ρῐῖιεῖ.
1822 4142 1938 4179 (RB.

549 4226 697 4280 Licet
736 4224 965 4278 arbitrer
1013 4235 1159 4275 meas
1206 4221 1408 4274 litteras
1452 4220 1649 4272 nuntiis
1691 4229 1780 4271 aut
1828 4232 2039 4271 rumore

481 4325 825 4384 prmventas:
870 4311 991 4379 quid
1041 4311 1181 4364 enim
1211 4308 1347 4362 fama
1387 4316 1559 4377 potest
1599 4322 1717 4360 esse
1764 4308 2036 4369 velocius,

466 4408 533 4477 ,Β
580 4403 899 4473 imperator?
942 4416 1039 4469 ego
1079 4411 1250 4452 tamen
1295 4398 1452 4451 ofticii
1493 4398 1683 4465 publici
1722 4399 2039 4453 necessitate

479 4505 700 4565 cogente
741 4507 1015 4549 excessum
1046 4490 1143 4543 viri
1193 4489 1410 4541 illustris
1438 4487 1606 4541 crudo
1647 4487 1817 4541 adhuc
1856 4488 2037 4541 dolore

480 4575 585 4643 non
619 4586 774 4640 sileo.
814 4583 1041 4637 Vettium
1087 4582 1463 4635 Prtetextatum
1514 4579 1779 4634 veteribus
1821 4593 2031 4647 parem,

2138 3431 2280 3469 cere.
2310 3415 2435 3468 Nam
2460 3404 2597 3484 qtmd
2626 3398 2821 3470 meruit
2845 3430 2873 3469 a
2898 3417 3099 3469 civibus
3130 3417 3395 3483 singulare
3420 3426 3502 3471 est
3536 3434 3548 3468 :
3577 3417 3697 3469 il‘ml

2139 3506 2317 3578 multis
2346 3520 2626 3559 commune
2652 3504 2791 3572 quod
2823 3504 3069 3572 perdidit.

2669 3593 2883 3649 EPIST.
2922 3594 3164 3650 XXXIII.

2211 3705 2256 3739 ι’.
2292 3700 2580 3739 τηεοιποειο
2604 3698 2806 3738 ΒΕΜΡΕΒ
2834 3700 2956 3739 AIIG.
2980 3698 3284 3739 SYMNAOHUS
3311 3700 3480 3740 PREP.
3512 3702 3629 3740 ιιιε.

2210 3779 2264 3830 Si
2292 3778 2484 3829 divinae
2514 3776 2807 3830 clementiae
2837 3786 2939 3829 ture
2971 3776 3156 3829 merita
3188 3776 3506 3843 cogitantur,
3539 3770 3696 3828 nullm.

2138 3881 2287 3936 opes,
2317 3880 2451 3934 quas
2470 3874 2559 3919 aut
2580 3874 2763 3919 natura
2789 3864 3001 3931 sufficit,
3027 3876 3117 3918 aut
3144 3866 3350 3919 fortuna
3373 3866 3693 3928 circumfert,

2138 3956 2361 4025 gratiam
2395 3957 2559 4011 nostri
2590 3970 2710 4023 erga
2741 3965 2792 4010 te
2821 3957 3015 4011 amoris
3036 3957 3343 4023 tequabuut,
3378 3957 3440 4010 D.
3475 3958 3699 4025 impera-

2140 4054 2243 4099 tor.
2270 4044 2396 4109 Sed,
2428 4054 2486 4098 ιιι
2510 4061 2623 4097 mea
2652 4044 2751 4097 fert
2778 4046 2978 4113 opinio,
2996 4045 3264 4113 publicum
3292 4046 3358 4100 de
3379 4045 3577 4112 optimo
3604 4045 3699 4096 im-

2141 4144 2386 4201 peratore
2409 4134 2663 4202 judicium
2695 4149 2798 4186 non
2835 4143 2916 4187 est
2942 4134 3246 4187 muneribus
3283 4133 3652 4187 :cstimandum
3681 4148 3695 4184 :

2141 4234 2353 4279 senatus
2383 4233 2555 4278 tamen
2591 4233 2862 4292 promptus
2899 4224 3147 4289 obsequi,
3190 4238 3375 4276 comes
3403 4222 3697 4277 officiorum

2142 4321 2317 4383 partes
2348 4313 2486 4367 ultro
2514 4314 2717 4382 arripit,
2752 4314 2944 4380 quibus
2973 4310 3232 4364 iudicatur
3260 4310 3505 4376 affectio,
3532 4320 3591 4365 et
3616 4324 3701 4363 sa-

2140 4407 2305 4459 lutare
2334 4420 2526 4459 numen
2551 4413 2697 4458 tztum
2724 4413 2985 4473 precatur,
3012 4411 3071 4456 ut
3092 4404 3141 4457 in
3161 4403 3553 4466 bactnblatione,
3579 4417 3699 4472 qua

2139 4495 2377 4549 nonnihil
2436 4494 2797 4562 superioribus
2838 4494 3075 4555 addidit,
3122 4492 3389 4563 intelligas
3440 4494 3537 4546 hoc
3576 4506 3699 4546 esse

2138 4594 2379 4638 curatum
2406 4599 2474 4639 nc
2495 4584 2593 4636 sub
2617 4593 2668 4636 te
2694 4585 2867 4636 minus
2895 4599 3052 4653 posse
3076 4584 3367 4638 videamur.
3408 4584 3535 4637 Nam
3563 4582 3700 4635 divis

482 4682 734 4733 virtutum
763 4675 996 4727 omnium
1029 4676 1129 4725 fata
1161 4681 1468 4740 rapuerunt.
1500 4686 1707 4725 summo
1733 4670 1911 4739 patria:
1940 4685 2033 4739 ge-
2062 4646 2114 4705 D
2141 4675 2445 4749 parentibus
2469 4675 2591 4736 tuis,
2620 4673 2687 4726 ob
2714 4673 3026 4727 decennium
3051 4673 3271 4741 singulis
3294 4674 3468 4726 minor
3492 4688 3698 4726 summa

482 4774 643 4829 m‘tu,
670 4765 754 4820 cui
783 4765 943 4817 decus
972 4763 1173 4827 insigne
1206 4761 1506 4829 praestabat.
1536 4757 1699 4825 Cujus
1728 4773 1824 4825 ego
1858 4759 2035 4811 laudes

484 4869 535 4909 ιι
584 4857 724 4925 justo
779 4853 1039 4922 praeconia
1082 4850 1244 4903 animi
1282 4851 1706 4905 consternatione
1752 4855 2031 4914 praetereo.

486 4948 663 5015 Neque
706 4945 847 4997 enim
888 4943 1033 4996 locus
1078 4950 1159 4994 est
1195 4943 1503 5007 cujusquam
1539 4941 1875 5001 testimonio,
1914 4954 2034 4991 cum

487 5041 603 5091 titan
630 5037 745 5103 ejus
774 5024 1006 5101 gloriam
1048 5030 1343 5085 clementia:
1385 5027 1581 5083 vestra!
1608 5031 1799 5097 judicia
1842 5039 2037 5083 testen—

490 5138 589 5190 tur,
612 5133 836 5179 mortem
861 5106 1121 5177 celeb‘em
1143 5121 1293 5174 dolor
1320 5118 1551 5173 omnium
1575 5117 1777 5174 fecerit.

1024 5233 1237 5288 EPIST.
1280 5230 1488 5285 XXXII.

487 5350 573 5388 DD.
621 5341 908 5384 TBEODOCIO
946 5342 1013 5381 ΒΤ
1050 5337 1271 5379 Αιιαιιιιο
1308 5337 1510 5375 εειρειι
1559 5338 1680 5378 AUG-
1732 5336 2031 5376 SIIIIACIIUS
2112 5374 2119 5379 ,

1094 5408 1261 5448 Ριιιῖ.
1303 5407 1419 5446 UBB.

552 5484 696 5539 Licet
716 5484 919 5537 Vettius
942 5482 1282 5537 Praetextatus
1304 5490 1505 5534 natura;
1527 5480 1642 5549 lege
1662 5482 1920 5535 resolutus
1940 5481 2031 5545 sit,

483 5575 609 5628 vivit
638 5584 808 5628 tamen
839 5575 890 5626 in
922 5573 1172 5639 memoria
1204 5580 1258 5626 et
1283 5586 1465 5625 amore
1490 5580 1796 5625 cunctorum
1829 5586 1842 5622 :
1871 5581 2031 5639 atque

468 5667 587 5719 hoc
635 5682 739 5719 uno
779 5664 921 5733 punit
946 5662 1233 5727 invidiam,
1266 5663 1402 5733 quod
1447 5672 1645 5716 tantum
1690 5665 1735 5715 ei
1774 5678 1915 5716 mors
1963 5663 2027 5715 ad

483 5756 700 5824 gloriam
723 5753 966 5816 contulit,
990 5762 1048 5806 ut
1071 5752 1191 5807 huic
1212 5768 1420 5821 quoque
1437 5752 1660 5805 fortuna:
1685 5753 1817 5804 livor
1838 5754 2028 5807 debeat

485 5843 741 5910 invidere,
770 5845 878 5899 DD.
908 5844 1271 5913 imperatores.
1298 5842 1426 5896 Nam
1460 5851 1650 5912 praeter
1680 5842 1822 5896 illum
1848 5843 2027 5911 populi

2140 4769 2348 4820 dccrcta
2376 4774 2457 4818 est
2498 4764 2667 4817 Etiam
2690 4763 2843 4817 divus
2866 4763 3023 4817 frater
3045 4762 3465 4817 mansuetudinis
3481 4761 3696 4828 vestrm,

2138 4870 2257 4908 cum
2276 4855 2489 4907 tertium
2510 4854 2733 4905 lustrum
2758 4855 2854 4907 τενί
2876 4852 3165 4920 imperialis
3184 4852 3439 4920 exigeret,
3459 4851 3701 4919 parciore

2141 4941 2494 4995 munificentia
2527 4941 2816 4995 ItonOratus
2846 4943 3119 4996 asseritur.
3162 4940 3312 4994 Nunc
3359 4940 3410 4993 in
3459 4954 3699 4994 amorem

2142 5041 2284 5084 tuum
2311 5030 2483 5083 studia
2532 5042 2709 5083 nostra
2738 5038 3041 5086 creverunt.
3073 5029 3200 5082 Nam
3242 5029 3388 5082 mille
3416 5039 3701 5083 sexcentas

2142 5122 2257 5175 auri
2311 5121 2473 5176 libras
2500 5120 2875 5175 decennalibus
2907 5120 3115 5188 imperii
3165 5118 3243 5172 tui
3282 5119 3430 5173 fastis
3474 5119 3701 5172 devotus

2143 5212 2275 5267 ordo
2320 5212 2591 5278 promisit,
2637 5210 2848 5265 urbanis
2872 5210 3193 5278 ponderibus
3222 5208 3607 5282 conferendas,
3650 5208 3699 5261 id

2143 5310 2244 5365 est,
2287 5302 2497 5354 trutinae
2528 5301 2767 5369 largioris
2796 5300 3059 5355 examine.
3082 5299 3230 5367 Quod
3262 5300 3306 5354 si
3336 5315 3490 5368 pares
3516 5301 3700 5353 animo

2142 5389 2281 5444 vires
2309 5401 2522 5459 senatus
2548 5389 3039 5466 habuisset,.scires
3070 5392 3122 5443 in
3151 5388 3360 5457 publico
3387 5403 3571 5444 amore
3602 5404 3698 5459 pe-

2112 5474 2417 5535 'renuitatis
2460 5475 2561 5533 tua:
2586 5494 2703 5535 esse
2752 5479 2979 5533 divitias.
3035 5478 3140 5534 Sed
3183 5481 3366 5535 maluit
3398 5481 3699 5536 clementia

2145 5582 2249 5626 tua:
2264 5570 2541 5624 solutionis
2565 5570 2665 5624 fide
2689 5571 2911 5638 placere,
2932 5582 3089 5636 quam
3106 5566 3461 5639 magnitudine
3477 5567 3697 5634 perfida

2136 5661 2457 5727 sponsionis.
2508 5661 2702 5715 Dehinc
2740 5660 2842 5714 sub
2883 5659 3204 5728 imperatore
3242 5664 3492 5727 primaevo
3527 5673 3697 5713 sanus

2137 5752 2371 5805 muneris
2403 5749 2625 5812 modus,
2658 5756 2837 5801 votum
2876 5755 2955 5800 est
2990 5762 3132 5816 sa‘pe
3172 5748 3417 5802 faciendi.
3448 5746 3605 5801 Absit
3646 5758 3700 5799 ut

2138 5844 2274 5897 bono
2291 5841 2506 5911 principi
2533 5840 2649 5910 plus
2667 5854 2819 5908 quam
2841 5846 3119 5908 possumus
3142 5838 3459 5907 ingeramus.
3486 5836 3665 5892 Aman
3691 5868 3697 5877 -

3448 6366 3495 6370 __
3558 6352 3804 6370 ἈΔ¹υι⁵ιῖ-ιι
