3886 6328
185 360 254 412 Elii
1303 349 1641 403 ειιδῐυωιι

1751 350 1764 399 1
1810 350 2002 405 LIIII-{Ii
2049 355 2110 407 Χ.

186 482 278 518 nn."
311 469 466 534 qu'ppe
508 470 702 537 largitio
752 484 856 521 non
887 467 1073 521 deterit
1109 468 1244 517 vires
1291 463 1644 517 offerentium.
1679 465 1998 526 .-\_lemniter
2035 485 2165 520 auro
2195 468 2348 521 ducta
2405 469 2710 519 nimiusmla
2747 486 2755 516 ;

185 564 283 625 irgo
302 571 481 609 eluunt:
507 558 569 608 lib
590 573 664 610 -ns
697 574 852 611 sume
882 571 1031 610 sacro
1063 557 1250 609 :crario
1276 555 1494 608 decreta
1524 553 1652 605 sub-

182 651 296 702 sidia.
320 661 360 699 et
389 648 552 698 futuris
582 648 922 712 processibus
944 647 1145 713 imperii
1174 646 1242 697 tui
1273 645 1647 711 obsequiorum

175 742 362 795 simiIuin
387 758 516 805 Spem
547 755 688 792 res‘er
700 757 761 790 vn
773 778 787 791 .

625 827 838 880 EPiST.
880 825 1111 880 XXXIV.

221 940 256 975 ο.
293 935 630 973 ιίεεκτιδιικο
669 935 872 972 εειιηιι
919 933 1035 972 Al'G.
1077 931 1374 970 ενιιιιειιυε
1423 931 1473 968 ν.
1528 931 1576 969 C.

704 1005 867 1042 Phil".
910 1004 1026 1042 υιιυ.

218 1104 383 1157 Habent
420 1103 506 1154 hoc
533 1102 758 1170 publica:
782 1101 1123 1155 necessitates
1147 1139 1162 1161 ,
1208 1108 1262 1150 ut
1305 1096 1647 1164 impossibilia

165 1200 409 1262 plerumque
455 1194 836 1261 persuadeant,
890 1192 951 1244 Β.
1001 1191 1305 1256 imperator.
1341 1187 1444 1241 Sed
1493 1196 1649 1240 cauto

159 1301 258 1347 o,us
298 1294 393 1345 est,
435 1299 496 1336 ne
529 1286 791 1352 asperitas
839 1281 1033 1348 negotii
1079 1279 1268 1334 effectu
1311 1279 1462 1344 irrito
1504 1278 1648 1332 solas

158 1387 337 1428 arcessat
367 1375 612 1436 offensas,
653 1389 769 1436 qua!
809 1371 934 1422 nulli
968 1369 1135 1437 magis
1177 1368 1439 1423 evitandae
1487 1377 1606 1420 sunt
1631 1409 1647 1432 ,

155 1483 205 1531 qu
235 1481 272 1514 m
289 1464 443 1529 juveni
470 1474 517 1515 et
549 1463 796 1530 princip‘,
823 1461 971 1527 cujus
993 1458 1163 1528 gratia
1182 1473 1300 1512 cum
1320 1467 1475 1512 :etate
1497 1459 1652 1511 debet

151 1556 412 1607 adolescere.
445 1552 580 1622 Ergo
603 1552 830 1605 numinis
864 1550 1023 1603 vestri
1057 1549 1245 1602 famam
1277 1550 1538 1616 simulque
1565 1563 1651 1600 ar-

151 1648 270 1696 riuum
295 1631 568 1712 recogitans
589 1685 601 1705 ,
643 1650 955 1710 corporatos
987 1641 1347 1708 negotiatores
1367 1679 1381 1703 ,
1411 1643 1649 1693 membra

146 1747 311 1788 :rtrrnae
338 1734 508 1796 Urbis,
542 1734 610 1787 ad
629 1748 899 1797 equorum
926 1732 1257 1784 collationem
1282 1746 1436 1799 quam
1459 1729 1650 1783 litteris

3207 349 3308 400 5ῖο

2813 481 2916 518 non
2979 464 2993 471 ’
3132 467 3309 516 divitis

1757 563 1947 614 metalli
1981 562 2179 614 honore
2202 563 2468 629 gaudetis,
2500 561 2592 613 sed
2627 570 2678 612 ut
2701 572 2879 612 nosrra
2902 560 3111 613 devo'io
3141 558 3308 609 It‘Ilt'IS

1753 652 1929 704 saeculi
1979 662 2197 704 te5tetur
2234 652 2577 718 opulentiam.
2624 651 2777 702 Bonis
2810 649 3132 717 principibus
3175 651 3307 700 bene

1752 751 1897 809 parta
1929 743 2169 794 libamus.
2204 741 2466 807 Suciplte
2493 757 2520 794 a
2542 741 2804 807 judicibus
2831 752 3009 808 aperta
3033 739 3305 805 obsequia.

1751 836 1836 900 qui
1878 833 2043 901 pretia
2078 835 2279 886 occulta
2311 833 2591 884 damnatis.
2639 832 2821 886 Merito
2852 833 2998 883 Vobis
3039 832 3310 883 solemnes

1754 932 1984 988 pateras,
2013 939 2128 974 cum
2154 922 2326 990 quinis
2351 922 2552 986 solidis,
2580 931 2634 974 ut
2666 923 2962 973 numinibus
2994 921 3305 987 integritatis

1752 1014 2023 1067 offerimus
2051 1033 2060 1063 :
2092 1015 2282 1081 quibus
2313 1027 2406 1066 nec
2438 1024 2612 1065 vester
2639 1014 2824 1077 pudor,
2859 1027 2953 1064 nec
2983 1022 3159 1064 noster
3181 1025 3310 1063 ceu-

1753 1119 1842 1155 sus
1864 1112 2136 1155 oneratur.
2172 1104 2380 1156 Maneat
2409 1117 2578 1155 avum
2613 1102 2681 1152 tal
2708 1116 2732 1154 s
2760 1102 2896 1153 circa
2935 1116 3030 1153 nos
3071 1115 3194 1152 usus
3224 1102 3307 1152 of-

1754 1195 1855 1246 lii-ii
1884 1211 1894 1246 :
1927 1203 1982 1246 et
2011 1193 2264 1247 honorem
2308 1194 2602 1247 clementice
2639 1206 2826 1245 vesme
2873 1193 3186 1246 interminus
3217 1208 3306 1244 an.

1753 1299 1939 1336 norum
1961 1297 2202 1336 recursus
2217 1285 2488 1336 instauret.
2511 1284 2761 1337 Libenter
2774 1283 2967 1336 strenis
2980 1284 3308 1337 solemnibus

1754 1372 2061 1437 praefectura
2095 1371 2359 1442 fungetur,
2391 1375 2622 1426 strenuis
2649 1373 2965 1446 deferendis.

2279 1463 2484 1518 EPIST.
2525 1463 2762 1517 XXXVI.

1825 1574 1873 1610 D.
1908 1571 2192 1610 TIIEODOHO
2218 1571 2416 1608 εειιιιειι
2446 1571 2561 1610 AL'G.
2586 1570 2889 1608 εῖιιιιιειιιάς
2916 1571 3080 1607 PILEY‘.
3118 1571 3235 1607 l'Bfl.

1823 1647 2082 1700 Profiteor
2142 1645 2281 1700 ultro
2329 1647 2466 1713 quod
2521 1648 2634 1699 scio
2695 1646 3026 1698 clementiam
3079 1657 3303 1698 vestram

1757 1753 1910 1806 posse
1958 1739 2268 1792 rescribere.
2305 1738 2612 1792 Verecunde
2659 1738 2833 1805 potius
2873 1753 3026 1802 quam
3061 1741 3178 1805 jure
3220 1754 3306 1791 su-

146 1829 417 1905 iuiperastis,
448 1841 638 1879 vocare
684 1825 916 1879 dubitavi
961 1841 976 1878 :
1008 1840 1074 1878 ne
1132 1823 1496 1877 liberationem
1541 1822 1640 1875 cle-
1673 1808 1726 1866 υ
1754 1831 1893 1894 scepi
1946 1830 2377 1896 provocationem
2412 1871 2425 1890 ,
2477 1845 2580 1882 non
2608 1839 2852 1882 exstante
2891 1831 3150 1881 sententia
3195 1846 3206 1880 :
3243 1846 3308 1880 ne

139 1921 305 1972 ruentis
332 1929 507 1971 vestrm
553 1917 768 1986 querela
809 1915 1011 1982 publica
1060 1916 1390 1982 praeveniret.
1438 1915 1643 1984 Integra

140 2025 201 2063 res
238 2019 306 2062 est
350 2025 361 2060 :
405 2008 577 2061 adhuc
626 2007 991 2062 salubritatem
1039 2020 1136 2057 con
1173 2007 1244 2058 ilii
1301 2005 1646 2081 diligentioris

134 2109 371 2166 eispectat.
393 2099 617 2152 Iustitia:
660 2107 906 2165 pra‘state
937 2095 1075 2162 quod
1115 2095 1384 2149 remittitis
1414 2093 1643 2146 invidia».

136 2194 189 2245 De
214 2193 429 2263 exemplo
465 2191 684 2244 veniunt
727 2205 842 2256 qua:
881 2203 1127 2242 cavemus
1166 2203 1180 2241 :
1223 2186 1484 2255 siquidem
1527 2185 1645 2240 cmli

133 2287 344 2352 particeps
370 2299 564 2353 parens
602 2283 897 2336 clementiae
929 2292 1117 2333 vestrae
1139 2321 1151 2340 ,
1173 2293 1291 2331 cum
1317 2293 1505 2330 munus
1538 2278 1648 2330 exi-

129 2393 251 2442 gnum
272 2376 376 2428 huic
403 2377 680 2427 hominum
707 2369 1155 2441 generitnandare
1180 2377 1452 2430 tentasset,
1474 2377 1646 2418 motus

128 2468 326 2519 Ιώειιιιε
351 2465 519 2534 plebis
548 2463 826 2517 abstinuit.
863 2461 923 2514 Et
960 2470 1102 2514 certe
1136 2473 1423 2528 pauciirum
1465 2471 1645 2509 cuiam

125 2572 188 2608 res
226 2557 297 2608 illa
325 2557 610 2622 poscebat,
662 2553 931 2620 magisque
967 2551 1200 2604 officium
1246 2548 1648 2602 desiderabatur

127 2647 368 2698 tractanda!
399 2643 911 2713 pecuniaepublica‘,
929 2657 1086 2710 quam
1113 2641 1444 2707 diSpendium
1467 2639 1649 2692 confe-

123 2737 284 2788 reniL'e.
304 2733 519 2789 Consnll
545 2743 721 2788 tamen
753 2733 934 2801 glorize
958 2747 1087 2795 suae,
1109 2731 1311 2799 nequid
1332 2730 1540 2798 juberet
1577 2729 1648 2781 in-

121 2826 216 2876 vitis
228 2867 241 2887 ,
257 2836 303 2878 et
322 2825 762 2894 diligentissimus
778 2839 839 2878 ac
855 2823 1026 2876 serius
1046 2823 1352 2888 imperator,
1376 2829 1645 2890 speratum

118 2920 488 2970 emolumentum
542 2925 794 2979 tauquam
829 2912 1097 2981 popularis
1124 2911 1341 2980 ignovit.
1375 2911 1477 2964 Nec
1504 2918 1648 2976 putet

121 3009 349 3061 a-tevnitas
379 3021 558 3060 vestra
611 3007 679 3058 ab
726 3008 953 3070 inctcpto
988 3014 1189 3056 tenere
1231 3001 1497 3055 destitisse
1540 3001 1647 3054 Deo

118 3102 382 3165 proximum
411 3101 601 3150 virum.
629 3098 852 3148 Noverit
887 3098 1075 3147 horum
1100 3109 1379 3158 corporum
1403 3092 1644 3144 ministe-

1749 1919 2088 1973 existimarer
2114 1918 2347 1973 offensos
2393 1919 2570 1972 liberae
2614 1920 2856 1986 quidem,
2890 1921 2980 1973 sed
3016 1921 3307 1972 immatura!

1753 2012 1896 2065 vocis
1920 2011 2151 2078 obiectu,
2181 2011 2241 2063 D.
2261 2013 2568 2078 imperator.
2592 2011 2720 2063 Nam
2739 2027 2858 2064 cum
2885 2011 3020 2064 inter
3047 2051 3053 2070 ,
3077 2013 3307 2064 ruxitnos

1753 2103 2021 2168 Emphasii
2073 2103 2134 2156 C.
2169 2103 2234 2165 Μ.
2259 2101 2324 2154 ν.
2387 2103 2615 2173 itemque
2646 2102 2887 2156 b:rredes
2913 2105 3167 2168 scriptos,
3218 2106 3303 2165 qui

1750 2193 1876 2246 olim
1906 2193 2164 2246 beneﬂcio
2186 2191 2428 2261 praetoris
2457 2193 2768 2260 corporibus
2795 2193 3124 2251 defluuntnr.
3149 2208 3308 2261 super

1752 2284 2052 2338 testamenti
2098 2283 2218 2353 jure
2249 2284 2388 2336 actio
2428 2294 2750 2347 verteretur,
2783 2293 2837 2337 et
2885 2285 3198 2337 sententiam
3241 2283 3308 2336 de

1751 2375 2084 2440 possessione
2115 2373 2453 2440 impatienter
2500 2375 2805 2438 exigerent,
2846 2374 3034 2441 quibus
3063 2373 3129 2424 ab
3178 2372 3308 2425 inte-

1751 2471 1887 2517 stato
1921 2464 2178 2515 bonorum
2225 2461 2490 2529 possessio
2521 2463 2736 2517 minime
2762 2464 3093 2530 competebzit
3113 2504 3127 2525 ,
3169 2464 3307 2532 quod
3329 2527 3343 2545 Ι

1753 2555 2051 2608 heredibus
2094 2555 2306 2622 scriptis
2351 2554 2639 2608 Secundum
2674 2555 2876 2608 tabulas
2907 2555 3194 2608 docebatur
3223 2557 3304 2607 io-

1750 2646 1889 2699 dulta
1922 2662 1933 2696 :
1965 2644 2261 2698 Priscianus
2298 2656 2350 2699 et
2396 2645 2800 2699 Polemmiianus
2843 2645 2905 2696 ad
2950 2645 3307 2698 denunxiatit.-

1753 2752 1870 2788 nem
1892 2734 2054 2787 dilato
2078 2737 2287 2803 negotio
2319 2745 2690 2802 provocarunt.
2722 2735 2788 2788 Et
2815 2750 2931 2788 cum
2955 2738 3020 2786 ah
3051 2735 3130 2788 his
3176 2736 3309 2787 ratio

1751 2835 2096 2896 quaereretur,
2129 2826 2261 2879 alios
2289 2825 2430 2880 vocis
2462 2840 2571 2879 suae
2600 2827 2900 2878 incentores
2935 2823 3096 2878 fuisse
3129 2826 3300 2878 testati

1751 2926 1892 2982 sunt,
1927 2928 1982 2969 ut
2012 2927 2157 2985 gesta
2186 2917 2378 2969 litteris
2405 2929 2642 2969 connexa
2670 2915 3053 2968 monstrabunt.
3087 2915 3190 2967 Nee
3227 2915 3304 2966 of-

1753 3009 1928 3063 ficium
1963 3009 2195 3076 partibus
2226 3007 2412 3074 defuit,
2444 3007 2508 3059 ad
2534 3007 2783 3059 mulctam
2809 3006 3096 3074 praeiudico
3121 3020 3300 3073 sugge-

1753 3100 1989 3152 rendain.
2038 3099 2138 3151 Sed
2166 3097 2394 3166 judiccm
2423 3097 2584 3150 vestri
2633 3096 2808 3149 saeculi
2838 3097 3015 3148 dei-uit
3045 3096 3148 3146 vim
3180 3111 3309 3147 con-

118 3193 179 3240 rin
221 3200 363 3244 tanta:
409 3191 555 3242 urbis
584 3204 746 3240 onera
775 3188 1048 3240 sustineri.
1093 3186 1189 3238 Hic
1232 3186 1388 3238 lanati
1437 3184 1641 3249 PECOI'IS
1670 3169 1715 3231 C
1746 3191 2031 3242 siiiunonis
2060 3205 2210 3242 sacro
2238 3179 2454 3242 oracqu
2495 3201 2793 3251 reservare,
2821 3201 2940 3240 cum
2968 3186 3307 3251 allegaverint

116 3297 318 3336 invector
342 3293 420 3336 est
455 3301 466 3333 :
503 3283 592 3334 illc
622 3282 684 3331 ad
714 3282 902 3330 vit-tuin
930 3280 1103 3345 populi
1133 3279 1270 3334 cogit
1301 3286 1593 3329 armentum
1625 3292 1638 3328 :

117 3374 192 3423 bus
220 3374 376 3426 suillae
396 3372 576 3425 carnis
597 3380 741 3424 tenet
771 3370 877 3422 funi
899 3371 969 3421 tio
1001 3386 1013 3420 :
1048 3385 1167 3436 pars
1198 3369 1392 3421 urenda
1419 3368 1642 3420 lavacris

111 3463 227 3532 ligna
260 3472 571 3537 cmuportat.
617 3462 753 3515 Sunt
792 3461 878 3528 qui
921 3459 1131 3512 fabriles
1178 3474 1363 3512 manus
1407 3459 1643 3526 angustis

109 3551 330 3618 operibus
359 3552 768 3606 accommodant
807 3570 816 3602 :
854 3566 946 3619 per
971 3552 1102 3602 alio:
1151 3551 1362 3602 fortuita
1393 3559 1642 3603 arcentur

108 3645 343 3697 iracndia.
376 3644 489 3696 Jam
521 3657 793 3708 cauponas
819 3651 870 3694 t-t
895 3641 1138 3708 obsequii
1183 3641 1396 3706 pistoria
1419 3681 1432 3702 ,
1477 3638 1640 3705 frugis

107 3743 149 3782 rt
168 3734 257 3786 olei
282 3734 501 3800 baiulos,
530 3732 834 3799 multosque
858 3730 906 3784 id
929 3745 1091 3799 genus
1121 3729 1299 3795 patria:
1326 3728 1638 3794 servientes,

107 3836 393 3875 enumerare
426 3823 694 3875 fastidium
730 3830 832 3876 est.
864 3821 939 3874 Ad
963 3833 1254 3881 summam,
1290 3821 1452 3887 liquet
1485 3821 1642 3886 privi-

105 3915 276 3979 legium
324 3926 477 3968 vetus
517 3931 709 3983 magno
755 3913 1020 3981 impendio
1069 3925 1314 3965 constare
1366 3912 1637 3966 Romanis.

103 4003 198 4069 Iugi
223 4007 472 4071 obsequio
515 4006 861 4058 immunitatis
889 4018 1078 4057 nomen
1108 4011 1372 4056 emerunt.
1407 4001 1556 4068 Quod
1596 4003 1641 4053 si

99 4093 391 4156 adjiciantur
447 4096 696 4164 insolita,
770 4093 982 4148 forsitan
1033 4103 1284 4148 consueta
1335 4094 1636 4147 cessabunt.

99 4183 254 4242 Quare
298 4195 574 4247 paternum
618 4185 913 4238 clementia;
962 4195 1063 4238 tua:
1120 4183 1410 4252 ingerimus
1452 4200 1639 4236 exem-

99 4272 248 4333 plum.
291 4273 503 4327 Praetnli
537 4276 831 4336 oraculum,
859 4273 995 4340 quod
1029 4273 1144 4340 pius
1165 4289 1440 4327 successor
1465 4274 1640 4327 imite-

95 4362 177 4413 ris.
211 4363 310 4416 Oro
349 4374 508 4433 atque
547 4364 771 4417 obsecro
806 4379 870 4417 ne
927 4364 1176 4433 populum
1202 4405 1217 4428 ,
1253 4379 1409 4432 quem
1453 4365 1638 4416 trium-

95 4454 296 4514 phantes
319 4469 462 4522 sazpe
492 4455 838 4519 veneramini,
867 4457 1071 4508 caeteris
1090 4454 1306 4507 urbibus
1325 4456 1632 4507 conferatis.

1747 3284 2016 3347 petitores,
2035 3281 2170 3346 quod
2196 3294 2252 3332 sc
2275 3281 2336 3331 ad
2364 3280 2622 3332 incautam
2650 3278 3075 3347 provocationem
3100 3277 3304 3331 alienus

1719 3371 1982 3442 hortatus
2016 3369 2302 3434 impulerit.

2263 3457 2476 3514 EPIST.
2520 3457 2780 3514 XXXVII.

1744 3570 1792 3605 υ.
1827 3567 2110 3606 THEODOSIO
2137 3567 2334 3604 SEMPEB
2368 3567 2483 3604 AUC.
2513 3567 2814 3605 εῐιιιιιςιιυε
2835 3567 2884 3604 ν.
2909 3566 2958 3605 C.
2987 3567 3150 3604 PILBF.
3181 3567 3298 3605 URI.

1815 3643 1993 3696 Fidem
2027 3658 2197 3696 meam
2220 3643 2466 3696 convenit
2493 3657 2642 3694 amor
2667 3641 2844 3694 sazruli
2878 3644 3061 3707 vestri,
3094 3655 3144 3694 et
3179 3657 3302 3694 cura

1743 3732 1875 3800 reip.
1915 3748 1979 3785 ne
2005 3731 2319 3799 corrigenda
2348 3731 2695 3794 dissimulem,
2735 3731 2792 3783 ι).
2829 3733 3134 3799 imperator.
3172 3731 3300 3784 Cum

1741 3823 1804 3874 ad
1829 3824 2191 3890 praefecturam
2220 3823 2472 3874 urbanam
2497 3821 2726 3874 civilium
2751 3836 2926 3874 rerum
2951 3835 3152 3873 summa
3187 3836 3304 3888 per—

1745 3913 1922 3974 tineat,
1958 3911 2250 3964 minoribus
2277 3909 2462 3963 officiis
2483 3919 2628 3963 certa
2651 3909 2889 3976 quzedam
2924 3912 3157 3962 membra
3181 3925 3300 3963 cre-

1741 4003 1956 4065 duntur,
1983 4001 2173 4068 quibus
2196 4000 2438 4067 regendis
2458 3998 2742 4052 industrios
2764 4007 2817 4051 et
2839 3998 3070 4066 privatos
3093 4008 3306 4066 oportet

1742 4094 2003 4159 adhiberi,
2029 4105 2085 4148 ut
2111 4108 2261 4146 suum
2285 4095 2507 4162 quisque
2531 4108 2723 4146 munus
2753 4094 3015 4162 inculpata
3047 4095 3302 4149 facilitate

1743 4197 2066 4256 promoveat.
2115 4187 2270 4241 Tales
2322 4203 2459 4240 nunc
2501 4188 2567 4241 de
2631 4187 2825 4254 judicio
2869 4188 3098 4240 numinis
3143 4190 3304 4241 vestri

1744 4278 1981 4345 publicus
2005 4293 2128 4330 usus
2151 4287 2440 4344 exspectat.
2469 4277 2572 4331 Sed
2595 4278 2717 4329 nolo
2738 4277 2953 4344 culpare
2981 4286 3271 4345 prmsentes
3287 4317 3300 4339 ,

1739 4385 1857 4422 cum
1889 4369 2015 4422 satis
2056 4369 2126 4421 sit
2154 4367 2494 4421 sollicitudini
2539 4382 2692 4433 meae,
2738 4367 2784 4419 si
2831 4369 3134 4421 melioribus
3177 4370 3304 4422 viris

1741 4461 1915 4514 officia
1955 4461 2312 4514 intramurana
2356 4460 2633 4514 mandetis.
2669 4459 2796 4513 Meis
2835 4462 3028 4527 quippe
3068 4461 3302 4513 humeris

93 4539 227 4594 Dabit
268 4543 481 4598 fortuna
513 4546 734 4611 melior,
775 4546 1027 4614 quidquid
1071 4547 1356 4600 castrensis
1393 4561 1517 4599 usus
1562 4521 1715 4600 (ετ-’θ
1745 4569 1922 4606 rerum
1962 4553 2194 4606 omnium
2227 4550 2459 4617 pondera
2489 4536 2835 4613 sustinentur,
2875 4552 3190 4605 cedentibus
3219 4567 3304 4604 re-

89 4632 292 4699 ﬂagitat.
325 4638 681 4692 Humanitatis
712 4639 903 4693 merito
933 4642 1220 4692 necessitas
1269 4649 1439 4690 vvstra
1484 4639 1639 4692 seda-

85 4723 227 4784 bitur.

619 4819 830 4875 EPIST.
875 4819 1084 4875 XXXV.

80 4922 156 4959 lib.
187 4925 594 4974 VALERTINIANO,
635 4899 927 4964 τηιὸυοειο
952 4927 1014 4964 ΕΤ
1037 4927 1168 4965 Λιιοι
1206 4927 1258 4964 ιο
1283 4929 1484 4966 SEIPER
1512 4901 1634 4968 auc.

429 4996 739 5036 διιιιιειιυδ
773 4997 818 5034 ν.
860 4997 908 5036 C.
953 4997 1116 5034 μῆτερ.
1151 4997 1271 5035 UBB.

142 5090 218 5142 Ab
245 5103 437 5147 exortu
464 5109 599 5160 pene
629 5095 774 5148 urbis
801 5095 1003 5148 Martia:
1033 5104 1329 5148 strenarum
1362 5109 1488 5147 usus
1509 5095 1635 5146 ado-

79 5178 224 5242 ὶςένίι,
280 5193 596 5239 auctoritate
637 5184 772 5238 Tatii
819 5187 991 5255 regis,
1037 5186 1124 5254 qui
1167 5188 1423 5239 verbenas
1466 5185 1635 5238 felicis

76 5271 276 5326 arboris
296 5289 357 5328 ex
382 5279 498 5330 luco
518 5277 762 5330 Strenuaa
786 5281 909 5328 anni
930 5278 1049 5331 novi
1065 5278 1309 5346 auspices
1335 5278 1530 5342 primus
1547 5290 1634 5328 ac-

75 5362 237 5425 (Ὅιιίι,
293 5363 403 5419 DD.
455 5369 830 5436 imperatores.
879 5367 1077 5421 Nomen
1127 5370 1321 5422 indicio
1373 5377 1454 5422 est
1503 5368 1630 5420 viris

75 5457 301 5506 strenuis
344 5454 457 5511 haec
507 5460 800 5514 convenire
831 5459 921 5512 .ob
951 5459 1191 5514 virtutem
1235 5480 1246 5512 :
1299 5472 1459 5528 atque
1513 5461 1630 5512 ideo

73 5539 222 5590 vobis
247 5541 540 5610 huiusmodi
570 5551 781 5619 insigne
802 5547 1011 5612 deberi;
1039 5565 1258 5619 quorum
1283 5551 1490 5604 divinus
1518 5555 1630 5603 ani-

75 5645 192 5681 mus
229 5638 392 5704 magis
431 5640 792 5696 testimonium
823 5631 1102 5710 vigilantiae
1143 5659 1300 5712 quam
1339 5658 1492 5696 omen
1532 5659 1627 5696 ex-

76 5733 291 5778 ιρυιιιι.
325 5728 518 5788 Sumite
555 5735 710 5800 ig‘tur
742 5732 1052 5788 defensores
1084 5735 1304 5802 publica:
1329 5734 1512 5790 salutis
1541 5748 1627 5788 εον

1744 4643 1922 4712 liquis,
1968 4655 2098 4710 quos
2136 4640 2428 4694 clementia:
2459 4650 2649 4694 vestra:
2694 4641 2968 4705 multiplex
3017 4645 3297 4707 occupatio

1743 4735 1965 4803 probare
1989 4750 2088 4786 non
2113 4735 2298 4800 potuit.
2331 4733 2499 4786 Habet
2521 4742 2814 4800 temporum
2847 4732 3063 4784 felicitas
3091 4732 3304 4799 dignio-

1743 4840 1847 4879 res.
1873 4826 2132 4878 Bonorum
2161 4824 2390 4876 virorum
2418 4839 2545 4876 vena
2580 4822 2801 4876 fecunda
2831 4833 2928 4875 est.
2964 4822 3149 4876 Melius
3183 4826 3299 4876 urbi

1744 4926 1932 4969 nostrae
1964 4915 2012 4968 in
2047 4923 2309 4982 posterum
2337 4914 2643 4970 consoleris.
2669 4923 2722 4967 et
2750 4914 2954 4983 eligatis
2977 4916 3187 4967 invitos.

2250 5004 2460 5058 EPIST.
2507 5004 2788 5057 XXXVIII.

1742 5117 1790 5152 Β.
1816 5111 2104 5151 τηεοοοδιο
2130 5111 2326 5148 εειινειι
2354 5110 2474 5148 AL'G.
2507 5110 2806 5149 ετιιιιιιοιιυε
2831 5114 2876 5148 ν.
2903 5114 2951 5149 C.
2979 5113 3145 5150 [διιεῖ.
3176 5114 3299 5151 υιιι.

1811 5193 2052 5245 Felicitas
2083 5190 2293 5258 quidem
2325 5204 2494 5243 veStra
2528 5200 2743 5243 :nternre
2775 5189 2897 5243 Urbi
2922 5193 3173 5243 solemnis
3197 5193 3300 5244 ali-

1740 5284 1927 5335 monia:
1958 5284 2158 5348 copiam
2189 5281 2486 5346 pollicetur,
2525 5281 2581 5330 Ι).
2617 5281 2921 5347 imperator.
2955 5279 3059 5332 Sed
3091 5296 3148 5334 re
3179 5298 3294 5332 ma-

1738 5374 1817 5440 gis
1855 5388 2007 5438 quam
2040 5387 2131 5436 spe
2171 5374 2264 5423 tuti
2297 5386 2413 5424 esse
2449 5368 2704 5423 debemus
2741 5387 2753 5422 :
2786 5372 2924 5439 quod
2967 5369 3119 5426 facile
3161 5372 3298 5424 factu

1733 5474 1845 5522 est,
1887 5464 1927 5514 si
1963 5462 2096 5514 hanc
2125 5476 2330 5528 quoque
2363 5469 2563 5528 partem
2609 5460 2905 5514 clementia:
2948 5474 3138 5515 vestrre
3167 5476 3322 5528 cura.

1734 5552 2041 5615 respexerit.
2089 5550 2216 5600 Nam
2257 5556 2440 5601 aestate
2486 5561 2728 5616 provecta
2773 5564 2891 5601 cum
2921 5566 2980 5601 ex
3037 5549 3295 5601 Africanis

1733 5646 1965 5712 partibus
1996 5644 2266 5704 minimum
2314 5642 2638 5704 devehatur,
2690 5659 2792 5695 non
2843 5643 2983 5696 inani
3031 5641 3297 5708 iungimur

1735 5744 1876 5788 metu
1907 5749 1970 5787 ne
2001 5749 2086 5788 res
2118 5734 2404 5788 annonaria
2446 5736 2494 5787 in
2532 5747 2720 5802 graves
2753 5742 2966 5801 cogatur
2995 5734 3285 5799 angustias.
