3826 6398
171 521 259 574 573

1356 510 1779 567 Εῐιιδί“υι,Αιιυ
1792 510 1831 561 .Il
1878 510 2079 563 LIBER
2123 510 2185 563 Χ.
3286 513 3387 569 574

170 637 415 700 sulnjaccrc
449 635 615 685 livori.
650 632 756 685 Sed
789 632 949 681 miror
977 643 1039 681 eo
1062 641 1372 694 progressas
1402 626 1621 679 insidias
1642 638 1711 677 ω·
1743 622 1790 681 Α
1826 624 1999 675 denuo
2032 624 2441 677 obtrertaalinm
2475 643 2716 681 murmur
2748 629 3053 696 ingesserit,
3096 640 3219 696 opto
3254 632 3391 695 judi~

169 728 426 784 nidorum,
447 726 679 778 nter-udo
704 723 979 775 meminero
1003 726 1225 772 insumus
1254 720 1386 769 fama
1414 726 1703 784 peteretur,

170 817 259 869 lli).
288 819 641 883 imperatores.
668 817 802 881 Quid
830 817 969 868 enim
998 828 1100 864 non
1127 811 1378 872 audeant,
1404 810 1597 877 quidve
1626 808 1708 860 iit-

167 920 394 963 tentatum
426 912 743 977 relinquant,
771 907 859 976 qni
890 909 940 959 in
970 920 1092 959 arce
1124 916 1387 957 terrarum
1409 945 1421 961 .
1452 903 1708 956 (Iliristia-

167 1018 237 1054 n.e
278 1005 397 1069 legis
439 1004 641 1069 injuriis
678 1002 939 1054 vindicata
989 1000 1106 1052 lana
1165 998 1467 1051 linvernnt?
1515 996 1707 1060 Flevit,

164 1093 324 1153 cred»,
350 1108 520 1146 scenae
551 1093 703 1145 istius
737 1091 1042 1151 fabricator,
1076 1104 1195 1142 cum
1238 1088 1303 1141 de
1336 1087 1584 1141 Ecclesia:
1618 1102 1709 1153 μου

166 1182 429 1236 nenalilms
453 1192 629 1249 raptos
652 1180 715 1235 ad
742 1190 999 1233 tormenta
1032 1178 1329 1240 simularet,
1356 1192 1476 1231 cum
1502 1176 1566 1229 de
1590 1177 1704 1229 lon—

164 1273 349 1339 cinquis
369 1288 427 1326 ac
455 1274 518 1325 de
541 1272 779 1324 finitimis
810 1270 1029 1323 urbibus
1058 1268 1179 1321 duci
1212 1267 1489 1320 ami~tites
1509 1266 1560 1319 in
1587 1266 1704 1318 vin-

165 1365 265 1413 cula
306 1362 637 1416 describeret.
692 1360 872 1429 Neque
915 1358 1058 1413 enim
1102 1373 1352 1412 Serenum
1404 1357 1577 1410 clenzc
1620 1357 1707 1409 tiae

165 1465 331 1505 vestrae
364 1454 588 1505 animum
620 1455 737 1507 sine
780 1453 859 1505 Itis
903 1452 1125 1521 argutiis
1162 1450 1511 1517 compulisset
1553 1463 1707 1502 sacro

164 1543 314 1595 elicto
350 1543 588 1611 pupulum
635 1543 959 1605 convenire,
1009 1553 1075 1605 ut_
1107 1540 1497 1608 asperioribus,
1546 1555 1704 1608 quam

166 1633 319 1699 pietati
343 1645 522 1688 vestra;
552 1648 665 1687 mos
687 1645 789 1699 est,
816 1632 1030 1695 litteris,
1056 1630 1387 1700 praefectum,
1406 1644 1564 1699 quem
1590 1630 1706 1684 sine

165 1724 337 1775 ambitu
364 1724 573 1791 legistis,
604 1732 871 1791 argueret.
906 1722 1113 1775 Reddat
1143 1734 1302 1784 nunc,
1333 1719 1575 1789 quisquis
1614 1720 1705 1775 ille

165 1826 250 1875 εει.
276 1830 449 1869 causas
477 1813 697 1868 fallaciae
727 1828 836 1866 sua:
860 1856 876 1881 ,
902 1812 988 1881 qui
1012 1811 1112 1866 sub
1134 1810 1417 1864 occasione
1442 1809 1599 1877 justze
1623 1808 1705 1862 in-

165 1904 451 1968 quisitionis,
478 1919 576 1972 qua
610 1918 697 1958 me
715 1903 919 1957 cultum
959 1900 1305 1970 spoliatornm
1335 1900 1591 1954 moenium
1617 1901 1701 1954 in-

1808 716 1965 767 Cium.
2023 715 2377 781 EXperientnr
2430 732 2515 770 me
2559 719 2657 771 sub
2705 720 2963 787 imperiali
3011 720 3392 788 disceptatione
3440 728 3443 731 ’

1808 815 2137 859 eonstmtem
2164 807 2251 874 qui
2278 817 2557 861 nocentem
2588 809 2813 876 probare
2844 825 2946 862 non
2980 822 3219 879 possunt.

2392 918 2604 973 EPIST.
2649 918 2805 972 XLII.

1811 1024 1892 1062 DD.
1937 1024 2228 1063 τιιιῖοῡοςιο
2278 1027 2343 1065 ΕΤ
2394 1026 2616 1066 Αιιοαυιο
2662 1027 2860 1067 εειιῐτειι
2916 1029 3037 1068 AUC.
3080 1028 3389 1070 ειωηειιις

2440 1097 2604 1135 ΙΠᾸΞΓ.
2648 1097 2766 1136 UIlB.

1881 1168 1956 1222 De
2003 1171 2271 1224 tribunatu
2318 1170 2504 1224 vinarii
2569 1172 2667 1225 fori
2721 1188 2891 1239 nuper
2956 1184 3070 1227 orta
3118 1177 3388 1231 contentio

1808 1274 2019 1313 caiisam
2047 1263 2173 1313 mihi
2196 1264 2372 1314 attult
2400 1264 2572 1329 legum
2596 1264 2829 1320 arbitros
2850 1268 3183 1331 consulendi,
3209 1269 3269 1322 l).
3295 1270 3384 1322 im-

1811 1360 2041 1415 perator.
2090 1352 2379 1407 Prwl’ectns
2422 1354 2652 1407 instabat
2692 1364 2748 1407 ut
2776 1354 3011 1409 delatum
3042 1357 3140 1410 sibi
3169 1359 3390 1413 sortire-

1811 1453 1895 1496 tur
1922 1443 2174 1497 ofﬁcium.
2222 1443 2383 1498 \‘etus
2411 1460 2442 1498 e
2472 1445 2610 1513 lege,
2650 1462 2771 1512 qua:
2809 1455 3049 1515 tempora
3089 1449 3388 1504 istiusmodi

1808 1538 2012 1591 actibus
2041 1548 2185 1591 certa
2226 1538 2492 1603 decrevit,
2531 1540 2818 1593 excu~abat
2859 1540 3063 1597 honore
3106 1541 3386 1597 decedere.

1809 1628 2034 1683 Secutus
2067 1643 2272 1681 morem
2302 1629 2457 1697 longa
2488 1638 2644 1683 :etate
2692 1641 2994 1693 servatum,
3033 1648 3155 1687 cum
3185 1633 3271 1701 qui
3305 1648 3389 1687 re-

1808 1734 1933 1772 reus
1955 1720 2246 1788 majestatis
2269 1731 2457 1774 vestra:
2480 1720 2796 1775 beneﬁcium
2822 1722 3158 1790 pra-ferebat,
3177 1726 3386 1780 admisi.

1808 1809 1913 1865 Sed
1948 1821 2002 1863 ut
2030 1811 2310 1878 deinceps,
2354 1812 2398 1865 si
2431 1814 2565 1866 forte
2592 1827 2719 1866 usus
2751 1815 2964 1881 tulerit,
2997 1816 3386 1870 cunctationem

1802 1898 1983 1967 judicii
2012 1901 2255 1955 absoluta
2288 1902 2453 1955 forma
2483 1903 2817 1980 submoveat,
2866 1907 3025 1959 Statoi
3055 1922 3263 1960 sacrum
3295 1923 3390 1960 nn-

167 1994 393 2060 vestigare
417 1992 673 2061 jussisds,
707 1995 932 2061 tragicas
975 1991 1301 2061 qumstiones
1349 1990 1415 2044 de
1447 1990 1704 2043 ministris
1738 1975 1784 2035 Β
1811 1993 1968 2047 minis
1994 1994 2156 2049 vestri
2187 1995 2458 2048 oraculum
2489 1975 2773 2059 st-iseitari,
2805 2006 2981 2049 utrum
3017 1996 3093 2050 fas
3125 1998 3193 2051 sit
3225 2014 3390 2053 novos

167 2086 407 2138 catltoltcx
444 2084 710 2153 religionis
751 2083 917 2152 jactat
950 2085 1193 2152 agitatas.
1236 2081 1577 2151 Respondeat
1622 2082 1707 2135 lit-

166 2178 273 2228 teris
299 2177 514 2245 episcopi
558 2176 801 2239 Damasi,
844 2175 1036 2244 quibus
1076 2183 1432 2230 assectatores
1461 2174 1704 2243 ejusdem

167 2268 419 2333 religionis,
444 2268 648 2336 negavit
670 2267 827 2320 ullam
855 2265 1230 2320 contumeliam
1257 2265 1563 2333 pertulisse.
1590 2264 1704 2319 Non

168 2374 448 2427 magnopere
475 2358 635 2413 ofﬁcii
659 2357 761 2412 mei
789 2357 1063 2423 praetende
1090 2369 1341 2424 responsa
1366 2373 1376 2405 :
1402 2369 1432 2407 a
1453 2369 1558 2424 quo
1584 2354 1705 2409 ideo
1772 2389 1776 2394 -

167 2450 355 2513 quesita
380 2460 457 2502 est
480 2465 655 2503 rerum
689 2449 841 2513 ﬁdes,
877 2463 943 2501 ne
973 2449 1164 2500 factum
1196 2445 1407 2512 aliquod
1452 2445 1705 2499 recorda-

168 2541 336 2591 tionem
368 2536 655 2607 quaasitoris
686 2537 961 2605 effugeret.
996 2536 1253 2590 Credatui-
1282 2536 1397 2601 ejus
1435 2536 1566 2605 legis
1603 2552 1703 2591 an-

168 2628 322 2691 tistiti,
357 2644 466 2697 qua:
496 2630 619 2682 laesa
663 2629 967 2682 simulatur.
998 2626 1256 2682 Credatur
1288 2626 1569 2695 praefecto,
1615 2629 1704 2697 qui

168 2722 472 2785 pr-rennitatis
484 2732 674 2776 vestra:
700 2721 1004 2776 admonitus
1028 2719 1225 2785 edicto,
1250 2721 1475 2773 miratur
1505 2721 1555 2773 in
1583 2736 1705 2789 pro-

169 2812 320 2862 cinctu
338 2812 586 2866 creditum
610 2811 749 2880 quod
782 2811 947 2865 Roma
971 2809 1141 2865 nescit
1164 2810 1479 2865 admissum.
1502 2810 1705 2865 Omitto

170 2902 383 2967 injuriam
423 2901 749 2971 prmfecturze
788 2912 841 2957 et
890 2900 1232 2956 conscientia)
1275 2915 1410 2956 meze
1442 2918 1456 2953 :
1490 2900 1705 2969 quando

168 3005 222 3044 eo
245 2995 481 3061 processit
509 2993 833 3047 insimulatio
864 3003 919 3046 ut
946 3007 1042 3047 vos
1062 3008 1274 3062 quoque
1302 2992 1469 3059 ipsos,
1515 3003 1705 3047 aucto-

170 3096 240 3135 res
264 3085 461 3138 honoris
494 3083 622 3148 mei,
649 3082 880 3152 quadam
910 3083 1329 3152 reprehensione
1359 3083 1699 3151 perstringat.

170 3171 278 3226 Nam
303 3176 379 3243 qui
404 3175 590 3229 summi
625 3176 723 3228 loci
761 3173 971 3243 judices
1000 3173 1347 3239 decolorant,
1377 3171 1516 3226 sacri
1548 3172 1701 3227 testi-

170 3265 305 3318 monii
332 3266 622 3322 facilitatem
654 3266 898 3320 videntur
926 3268 1216 3321 incessere.
1249 3266 1365 3320 Jam
1390 3265 1587 3320 dudum
1616 3282 1702 3322 me

168 3354 299 3409 divus
320 3358 512 3424 genitor
542 3358 773 3411 numinis
802 3357 873 3410 tui
906 3357 1171 3426 prmeipuo
1213 3356 1421 3413 honore
1453 3357 1701 3427 dignatus

169 3456 270 3497 est:
296 3447 373 3500 ille
399 3450 705 3502 meritorum
752 3448 951 3501 arbiter
994 3447 1300 3516 singularis,
1344 3448 1495 3514 cujus
1527 3449 1699 3516 impe-

170 3535 284 3587 rium
302 3549 407 3588 rum
427 3538 660 3591 moribus
682 3537 950 3604 recepisti.
976 3537 1255 3591 Paternum
1279 3551 1526 3604 sequere,
1551 3548 1698 3590 tuum

170 3635 296 3680 tuere
314 3628 570 3695 judicium.
599 3632 697 3695 Qui
730 3629 1097 3699 praefecturam
1123 3632 1240 3684 sine
1266 3630 1465 3683 ambitu
1499 3628 1701 3683 merui-

170 3730 295 3781 mus,
322 3720 425 3773 sine
450 3720 746 3774 oﬂensiorne
791 3735 1066 3788 ponamus.
1115 3720 1557 3790 Sat-gestientibus
1599 3721 1697 3774 viri

170 3809 437 3863 excellentis
471 3820 524 3865 et
565 3811 633 3865 de
668 3826 781 3879 rep.
821 3810 956 3864 bene
994 3811 1167 3863 meriti
1210 3810 1511 3863 Prrctcxtati
1559 3825 1696 3879 pra:-

171 3898 274 3951 lecti
311 3903 567 3967 praetorio,
597 3901 794 3953 abusus
834 3900 1127 3953 existimor.
1162 3900 1307 3965 Quid
1325 3899 1369 3952 si
1392 3915 1456 3955 ex
1482 3900 1573 3955 illo
1600 3900 1696 3955 de~

171 4000 311 4055 creto,
325 3992 450 4060 quod
468 3991 813 4061 probabiliter
829 3991 1151 4060 impetravit,
1172 3990 1396 4043 necdum
1418 4005 1444 4043 a
1460 4005 1543 4043 me
1555 4006 1700 4059 qum-

172 4081 257 4134 stio
292 4081 383 4136 ulla
419 4093 613 4137 tentata
658 4083 778 4138 est?
831 4081 1052 4135 Praevidi
1099 4086 1239 4134 enim
1289 4082 1412 4147 quid
1480 4089 1699 4149 possent

172 4171 315 4225 amuli
339 4175 604 4243 suspicari,
649 4183 808 4241 atque
836 4172 954 4226 ideo
993 4172 1271 4240 obsignata
1302 4171 1479 4223 ollieio
1509 4171 1696 4239 prsefe-

172 4269 307 4315 rturae
342 4278 479 4319 sacra
514 4266 664 4333 jussa
707 4264 1101 4318 eummiseram.
1141 4262 1246 4317 Nec
1280 4277 1363 4315 me
1392 4260 1693 4330 lmjusmodi

171 4352 429 4419 wtujectura
468 4358 680 4425 decepit
710 4372 721 4407 :
748 4354 1005 4422 siquidem
1034 4370 1221 4408 severe
1249 4365 1531 4408 exsecutus
1561 4353 1692 4407 insi-

170 4440 328 4504 mutor,
343 4446 473 4510 quod
496 4461 597 4498 non
623 4445 912 4497 ccnvincor
932 4459 1225 4512 aggressus.
1250 4445 1370 4496 llaec
1392 4444 1566 4495 omnia
1594 4443 1695 4497 ﬁde

169 4541 366 4587 actorum
391 4540 772 4603 comprehensa
799 4535 998 4604 subjeci
1026 4553 1039 4588 :
1067 4552 1228 4587 unum
1256 4535 1385 4587 illud
1410 4535 1688 4600 adjicit-ns,

169 4631 213 4674 ut
233 4639 305 4678 me
327 4631 619 4694 perennius
650 4635 821 4682 vestra
851 4634 1171 4683 necessuate
1199 4629 1555 4696 inquisitionis
1573 4630 1689 4696 ejus

1812 2084 2053 2137 tribunos
2078 2096 2287 2138 servata
2318 2085 2433 2171 lege
2463 2083 2687 2150 differri,
2714 2099 2781 2137 an
2812 2086 2981 2153 magis
3007 2086 3214 2142 veteres
3240 2102 3393 2157 opor-

1810 2183 1917 2229 teat
1941 2173 2227 2230 devotione
2256 2176 2541 2230 removeri.

2386 2265 2603 2321 EI‘IST.
2644 2265 2826 2321 XLIII.

1878 2373 1930 2410 D.
1955 2370 2247 2432 TilEODOSIO
2276 2371 2479 2411 SEHPER
2514 2372 2632 2413 AC6.
2660 2372 2969 2413 εγιιδιλειιυς
3000 2373 3169 2414 NLEI".
3195 2377 3311 2414 UIIB.

1881 2448 2053 2503 Unum
2096 2449 2340 2503 levamen
2375 2450 2587 2517 injuriis
2633 2450 2766 2503 meis
2810 2450 2998 2504 tribuit
3026 2462 3275 2516 eventus,
3326 2454 3385 2506 [ι.

1807 2537 2121 2605 imperator,
2156 2547 2211 2591 ut
2241 2538 2463 2591 Romam
2507 2539 2734 2604 publicre
2774 2539 3021 2594 utilitatis
3051 2542 3215 2609 gratia
3242 2542 3301 2596 V.
3326 2541 3386 2596 Ο.

1806 2639 1859 2683 et
1912 2629 2161 2689 illustris,
2210 2628 2617 2697 clementithuc
2664 2637 2853 2683 vestra:
2903 2643 3117 2697 semper
3161 2630 3385 2697 dicatus,

1806 2734 1991 2774 cernes
2040 2719 2329 2786 Hesperius
2378 2719 2701 2774 mitteretur.
2751 2718 2881 2772 Nam
2930 2720 2974 2773 si
3025 2736 3148 2774 eum
3200 2730 3385 2776 testem

1806 2810 2284 2875 contumeliarum,
2338 2826 2472 2879 quas
2518 2813 2743 2881 pertuli,
2790 2827 2895 2866 non
2942 2813 3225 2881 haberem,
3269 2814 3385 2882 quis

1804 2902 2075 2968 dubitaret
2120 2917 2239 2958 eam
2291 2902 2695 2971 pt'azl‘ectu'am,
2750 2920 2866 2969 qua:
2918 2905 3099 2959 Roma:
3148 2905 3386 2973 superior

1806 3003 1885 3048 est
1921 2994 2153 3057 creteris,
2193 2993 2462 3047 turbidum
2500 2994 2698 3062 aliquid
2730 3008 2829 3062 pro
2864 3004 3127 3062 potestate
3159 2995 3386 3050 lecissel

1807 3083 1885 3150 Is,
1928 3084 2181 3151 quoniam
2223 3099 2439 3152 semper
2469 3084 2672 3138 amicus
2698 3092 2782 3139 est
2812 3085 3055 3151 veritati,
3096 3096 3150 3140 et
3193 3085 3385 3139 famam

1805 3173 2067 3229 bonorum
2098 3183 2396 3241 temporum
2428 3175 2574 3239 colit,
2604 3175 2650 3229 si
2677 3175 2887 3231 dederit
2914 3176 3183 3232 aeternitas
3210 3186 3384 3230 vestra

1804 3265 2045 3332 copiam,
2094 3256 2459 3335 contemptum
2509 3265 2681 3335 legum
2732 3275 2785 3320 et
2828 3268 3009 3320 szecnli
3051 3282 3154 3321 non
3185 3256 3381 3321 silebi’t.

1728 3326 1775 3393 ο
1808 3354 1945 3423 Ego,
1991 3364 2047 3407 ut
2079 3352 2287 3423 potero,
2330 3354 2396 3407 de
2425 3334 2605 3409 multis
2637 3370 2797 3423 pauci
2846 3356 3105 3417 narrabo,
3149 3356 3385 3425 repetitis

1806 3444 2073 3510 paululum
2106 3446 2281 3497 causis
2312 3459 2431 3512 qua!
2460 3445 2621 3508 mihi,
2669 3456 2725 3498 ut
2763 3445 3011 3509 arbitror,
3047 3446 3140 3501 bas
3171 3448 3386 3501 insidias

1803 3533 2119 3587 CXCIlal‘ttM.
2166 3534 2301 3588 Cum
2334 3550 2429 3602 pro
2458 3534 2764 3603 diligentia,
2804 3552 2921 3605 qua:
2950 3537 3109 3591 debet
3136 3538 3384 3592 omnibus

1804 3626 1978 3681 inesse
2002 3626 2295 3695 judicibus,
2340 3627 2553 3695 argenti
2600 3626 2797 3697 publici
2847 3627 2987 3681 ratio
3032 3638 3379 3698 qua-reretnr,

1802 3720 1942 3784 quod
1989 3719 2331 3773 censnaIibns
2379 3720 2614 3772 editores
2669 3735 2947 3773 munerum
2995 3722 3380 3786 contulerunt;

1806 3810 1949 3863 inter
1978 3820 2199 3866 catteras
2242 3810 2457 3863 fraudes
2501 3824 2771 3878 repertum
2805 3821 2919 3875 est,
2965 3813 3221 3880 quosdam
3265 3814 3375 3867 fun-

1802 3901 2070 3957 CIionibns
2119 3903 2427 3963 absolutos,
2476 3913 2745 3969 siunptuu
2789 3899 3027 3956 debitum
3078 3905 3211 3973 reip.
3274 3921 3379 3958 non

1802 3992 2033 4047 dedisse.
2069 3994 2134 4045 Et
2156 4002 2212 4047 ut
2238 3993 2440 4045 fallacia
2468 3994 2535 4045 ita
2564 4003 2849 4060 tegi-retur,
2877 4009 2940 4046 ex
2967 3995 3142 4048 alieno
3164 4005 3380 4063 argento

1802 4085 2131 4140 tantonulein
2193 4084 2573 4149 eensnalibus,
2633 4084 2779 4136 falsis
2840 4085 3008 4136 titulis
3069 4086 3377 4153 iutputatis,

1800 4184 2051 4245 quantum
2080 4175 2189 4227 duo
2212 4174 2460 4227 conferre
2491 4173 2821 4230 debuerant,
2862 4173 3221 4227 contulerunt.
3272 4174 3375 4227 llnc

1800 4282 1919 4320 cum
1951 4266 2233 4320 clarissimi
2266 4266 2361 4317 viri
2394 4274 2584 4332 sponte
2630 4266 2744 4316 sine
2785 4263 3086 4331 adjectione
3114 4265 3378 4334 dispendii

1800 4354 2183 4420 reddidisreut,
2215 4363 2457 4408 senatum
2490 4356 2665 4421 prisco
2697 4368 2843 4406 more
2872 4355 3135 4415 consului,
3168 4357 3290 4423 quid
3325 4358 3373 4407 in

1796 4448 2066 4502 communi
2116 4462 2274 4501 causa
2326 4457 2532 4515 patrum
2576 4449 2821 4499 innueret
2850 4447 3161 4501 auctoritas.
3216 4450 3377 4502 Dii-tis

1798 4528 1998 4607 aliquot
2046 4540 2347 4598 sententis,
2397 4538 2591 4589 laetum
2644 4552 2817 4588 fllt'lllll
2854 4538 3132 4590 reverendi
3177 4539 3377 4591 ordinis

1798 4629 2041 4698 probavit
2085 4628 2347 4680 assensio.
2404 4627 2699 4693 Interjr-ctis
2748 4626 2937 4679 diebus
2984 4642 3105 4680 cum
3155 4627 3372 4682 llurnam

164 4715 393 4783 absolvat,
417 4722 565 4789 cujus
592 4721 967 4775 auctoritatem
1012 4722 1197 4775 referri
1229 4722 1293 4773 ad
1326 4723 1516 4774 scrinia
1549 4723 1685 4789 pala-
1721 4692 1773 4752 Β
1803 4720 1861 4775 ν.
1894 4722 1951 4773 (ἶ.
1985 4732 2035 4775 et
2070 4719 2374 4785 Speetaliilis
2401 4718 2627 4771 vicarius
2654 4727 3036 4784 connncasset,
3071 4719 3131 4772 ι’.
3162 4718 3221 4774 C.
3250 4708 3380 4772 can:

165 4806 253 4859 tina
270 4808 503 4876 jussistis.
533 4812 666 4866 Nam
697 4812 740 4865 si
770 4821 973 4866 tantum
1005 4813 1071 4866 de
1109 4828 1191 4865 me
1224 4812 1478 4878 improbis
1507 4812 1687 4876 licuit,

163 4907 364 4955 exstante
392 4914 655 4970 γνώσει)ιο
678 4918 694 4955 :
717 4902 843 4970 quid
870 4904 1173 4956 retractatis
1206 4903 1395 4955 litteris
1424 4917 1526 4953 non
1557 4903 1686 4954 lice-

166 4986 254 5041 bit?
277 4990 403 5048 Sane
448 4992 698 5047 laudabili
746 4993 858 5045 viro
894 4992 1147 5062 episc0p0
1186 4995 1481 5063 denegante
1520 4992 1685 5045 ullum

161 5094 186 5131 ε
209 5083 397 5137 suisaut
419 5100 633 5141 carcere
661 5094 755 5139 aut
784 5084 1008 5139 vinculis
1037 5084 1274 5146 attineri,
1304 5096 1357 5139 et
1386 5084 1561 5135 ollieio
1591 5098 1685 5136 ea-

159 5168 257 5224 dem
286 5185 582 5243 suggerente
602 5215 618 5239 ,
654 5177 842 5244 ignoro
886 5189 1019 5245 quos
1056 5176 1388 5243 potissimum
1421 5188 1690 5241 prazcepe-

163 5260 256 5314 ritis
270 5264 474 5322 absolvi.
494 5268 706 5322 Tenent
725 5268 936 5335 quidem
957 5270 1098 5336 leges
1114 5267 1382 5320 variorum
1405 5266 1685 5319 criminum

161 5359 413 5425 κακίω,
444 5369 497 5414 ut
533 5360 804 5427 comperi,
835 5374 862 5412 a
906 5361 1164 5431 mysrerio
1207 5357 1524 5413 Christiana:
1555 5358 1686 5428 legis

161 5448 345 5508 alienos.
366 5454 493 5521 Quid
530 5458 691 5526 igitur
729 5457 1004 5530 aeternitas
1034 5466 1207 5509 vestra
1239 5456 1494 5509 decernat
1520 5455 1684 5509 devo-

164 5545 229 5593 tus
247 5548 487 5614 opperior,
530 5560 582 5604 et
612 5561 798 5617 quaeso
824 5556 883 5599 at
912 5547 1168 5601 fallaciam
1206 5546 1518 5609 rotundatis,
1561 5563 1680 5614 qua:

160 5626 287 5685 diVilli
304 5640 515 5701 pectoris
535 5640 698 5695 vestri
718 5637 1021 5694 sollicitavit
1038 5640 1295 5708 quietem,
1324 5653 1441 5706 quae
1466 5639 1531 5691 ad
1563 5638 1676 5692 edi-

162 5721 561 5786 dineoersitatem
584 5733 875 5788 venerandi
903 5732 1153 5801 principis
1175 5747 1356 5785 curam
1378 5732 1571 5800 coegit.
1596 5732 1679 5785 Me

162 5821 339 5879 mairit
368 5824 557 5880 invidia
587 5842 601 5879 :
627 5824 770 5895 apud
802 5839 958 5879 aures
994 5824 1137 5877 enim
1170 5836 1350 5876 sacras
1378 5822 1550 5877 locum
1582 5836 1674 5891 po-

160 5919 359 5975 “canon
392 5915 600 5976 habebit
634 5917 877 5973 convicta
915 5914 1196 5971 mendacii.
1239 5912 1294 5967 Si
1331 5913 1456 5980 quid
1500 5922 1675 5967 tatnen

194 6166 211 6181 τι

328 6188 353 6207 ζΙ

388 6212 417 6225 ’ἡ

194 6166 211 6181 r-r

328 6188 353 6207 νΙ

388 6212 417 6225 ’ἡ

68 6164 555 6299 Δ..
598 6290 623 6299 -

1797 4811 1997 4864 sidiens
2043 4810 2140 4861 fori
2196 4808 2296 4861 mei
2326 4808 2541 4872 Cessus,
2589 4810 2765 4861 socius
2810 4808 2947 4874 ejus,
2999 4810 3089 4876 qui
3138 4809 3370 4864 debitum

1798 4902 1991 4955 refudit
2022 4902 2374 4969 impendium,
2408 4900 2685 4952 tuitionem
2718 4910 2904 4952 contra
2936 4914 3042 4968 me,
3070 4910 3125 4953 et
3149 4916 3373 4955 annona}

1799 4996 2103 5061 pra'fectum
2147 4994 2500 5045 clarissimum
2544 4992 2713 5043 virum
2758 4991 2825 5045 de
2868 4993 2995 5045 sede
3039 4993 3228 5047 vicaria
3278 5010 3372 5062 po-

1796 5087 2006 5139 snilavit
2031 5129 2045 5151 ,
2096 5100 2217 5139 eum
2248 5098 2347 5153 ego
2390 5084 2566 5151 aditus
2598 5084 2648 5135 in
2678 5097 2836 5135 causa
2873 5083 3112 5151 publica,
3162 5087 3369 5138 civilem

1764 5167 2198 5234 ‘co‘ln-entionem
2244 5176 2398 5230 matri
2429 5176 2544 5242 ejus
2574 5188 2737 5243 super
2769 5177 2977 5241 nepotis
3022 5179 3104 5229 sui
3151 5192 3378 5232 munere

1794 5270 2132 5333 detulissem,
2170 5268 2517 5337 responsione
2548 5277 2759 5320 servata
2779 5309 2793 5333 ,
2824 5283 2925 5335 qua
2957 5270 3190 5322 retinere
3220 5285 3367 5323 asse-

1792 5365 1922 5416 ritnr
1954 5363 2331 5431 patrimonith
2348 5360 2657 5423 Candidati;
2689 5359 2971 5428 praefectus
2995 5378 3119 5414 vero
3145 5378 3367 5416 annona:

1797 5454 1855 5505 V.
1887 5456 1947 5504 (ἰ.
1984 5453 2237 5520 pisznrem
2268 5452 2495 5520 publica:
2524 5464 2751 5503 annonae
2786 5449 2947 5502 verbo
2979 5460 3179 5504 tantum
3216 5468 3365 5520 repno

1790 5560 1943 5599 scere
1988 5546 2279 5609 diceretur,
2326 5556 2484 5609 quem
2536 5538 2781 5591 inanibus
2829 5538 3139 5594 ofticialimn
3182 5540 3365 5595 Celsus

1787 5654 1913 5692 erue
1947 5650 2020 5693 at.
2076 5638 2168 5691 llic
2196 5638 2303 5706 jam
2346 5645 2537 5686 ve~trae
2579 5633 2930 5702 perennitatis
2974 5643 3057 5685 est
3102 5634 3366 5684 a'stiuiare

1785 5729 2160 5783 contumeliam
2220 5726 2554 5793 profectura:
2601 5741 2615 5776 :
2676 5726 2825 5790 cujus
2879 5725 3180 5776 causidicus
3234 5725 3361 5775 nihil

1787 5835 1995 5889 passus,
2022 5821 2271 5872 auxilium
2306 5818 2525 5871 secundi
2553 5814 2735 5885 jndieii
2767 5815 3088 5884 impetravit.
3128 5815 3222 5867 l‘er
3253 5816 3363 5870 ltasc

1785 5911 2031 5978 quoniam
2066 5910 2371 5977 patientiam
2408 5924 2578 5963 meam
2625 5907 2841 5959 minimc
2874 5910 3235 5975 perculerint,
3268 5909 3355 5962 ad
