3826 6380
365 381 467 436 375
538 356 542 360 ’

1532 378 1593 443 ρ.
1639 374 1976 431 AURELIUS
2015 376 2453 434 SYMMACIIUS.

3506 376 3613 434 576

360 494 559 559 jt'CiUlll
588 502 684 555 est,
712 492 850 559 quod
882 491 1220 546 dissimulare
1252 506 1354 543 non
1387 503 1621 558 possum.
1656 488 1785 543 Nam
1814 502 1936 542 cum
1968 492 2011 547 Α
2042 487 2159 556 ejus
2188 491 2331 545 aedes
2367 491 2531 546 semel
2562 504 2716 561 aujue
2759 504 2949 546 iterum
2991 492 3233 560 princeps
3271 492 3429 546 officii
3462 505 3615 545 com-

366 584 429 635 ad
458 598 518 634 ex
542 582 833 634 minandos
873 592 1022 635 actus
1058 581 1203 633 Bassi
1234 579 1465 647 prmfccti
1510 578 1666 633 Urbis
1700 587 1935 645 potestas
1983 618 1987 622 .

364 675 559 727 vicaria
588 672 651 725 ad
689 673 979 726 secretariu
1005 689 1033 722 ιι
1067 685 1348 723 commune
1386 669 1708 736 prodiisset;
1754 669 1935 721 nescio

363 766 503 833 quis,
535 764 725 817 vicario
758 764 932 815 libello
960 763 1105 824 dato,
1137 762 1203 814 de
1234 760 1391 813 officii
1427 760 1530 813 mei
1564 758 1820 821 colludio,
1850 758 1934 811 vel

368 856 639 923 iniquitate
668 864 990 920 conquestus
1019 861 1127 907 est:
1173 852 1313 920 quod
1356 849 1644 903 Mcmorius
1676 848 1934 916 litigator.

360 950 537 1013 jussus
565 960 593 998 a
624 945 784 997 Basso
813 941 1051 996 solvendi
1083 941 1244 995 debiti
1275 942 1440 1006 gratia
1470 939 1533 993 ad
1563 938 1759 1006 judicia
1796 937 1934 990 Afri-

362 1054 491 1091 cana
521 1037 737 1098 dciuei,
788 1051 907 1089 cum
952 1047 1006 1087 et
1049 1050 1075 1085 a
1114 1034 1228 1086 viro
1266 1033 1455 1084 illustri
1486 1031 1772 1083 decessore
1817 1044 1937 1081 meo

364 1131 609 1194 Aventio,
642 1140 693 1183 et
720 1144 748 1181 a
779 1143 863 1183 me
892 1143 985 1197 per
1013 1127 1243 1192 libellos,
1275 1141 1339 1179 ne
1381 1139 1448 1178 eo
1478 1133 1724 1192 pergeret
1757 1132 1936 1188 postu-

364 1222 551 1285 lasset,
602 1222 718 1271 navi
759 1229 898 1273 esset
942 1217 1219 1270 abductus.
1280 1215 1429 1268 llunc
1477 1214 1618 1266 illico
1663 1212 1725 1266 V.
1772 1212 1833 1262 (Σ.
1883 1220 1937 1263 et

361 1313 662 1379 spectabilis
691 1312 950 1385 vicarius,
1006 1318 1060 1362 ut
1104 1307 1428 1374 subscriptio
1480 1304 1645 1359 libelli
1698 1304 1930 1368 indicat,

360 1407 547 1459 adesse
578 1384 844 1473 prmeeju'.
893 1403 989 1456 [1ιί
1033 1401 1232 1469 pariter
1262 1400 1418 1452 :unbo
1462 1396 1838 1466 consedimus,
1882 1403 1937 1447 et

361 1499 549 1551 seriem
604 1498 936 1563 querelarum
994 1491 1305 1545 recitatione
1355 1487 1624 1555 cognovi,
1678 1484 1934 1538 admonui

362 1598 415 1640 ut
444 1588 485 1640 is
517 1587 603 1655 qui
634 1587 814 1639 aderat
842 1582 1090 1636 vicariam
1119 1579 1301 1634 sedem
1336 1578 1658 1646 probaturus
1692 1576 1932 1628 intraret.

360 1679 507 1732 'l'une
534 1675 764 1730 ofﬁcium
807 1675 924 1742 ejus
963 1672 1232 1725 hominem
1275 1669 1463 1723 deesse
1493 1665 1801 1733 respondit,
1847 1664 1935 1731 qui

365 1776 627 1833 l-rzceepto
651 1763 843 1833 judicis
866 1762 947 1815 sui
979 1762 1029 1815 in
1054 1774 1277 1814 examen
1303 1757 1463 1812 acciri
1488 1757 1764 1809 debuerat.
1799 1752 1935 1819 Quid

2040 592 2288 646 meassct,
2333 594 2387 638 et
2429 584 2748 638 obstinatam
2797 585 3024 638 hominis
3068 584 3451 639 contumaciam
3499 598 3612 635 non

2040 686 2212 742 posset
2239 672 2530 735 inflectere.
2556 675 2638 726 ina
2681 689 2762 727 em
2791 674 3142 743 syngrapham
3168 674 3475 742 reportavit,
3503 685 3611 739 qua

2038 762 2450 818 redhibitionem
2500 763 2688 818 Felicis
2744 764 2795 816 in
2850 765 3075 818 alterum
3124 763 3263 816 diem
3314 762 3613 832 sponsione

2039 855 2337 909 distulerat.
2381 854 2547 907 Tenet
2577 854 2720 908 domi
2753 863 2941 907 testem
2964 896 2977 918 ,
3015 869 3171 922 quem
3200 853 3267 908 de
3297 869 3353 904 se
3384 859 3613 906 noverat

2039 949 2382 1001 audiendum.
2414 947 2581 1001 Etiam
2613 947 2768 1015 hujus
2798 947 3003 1013 injuria:
3031 959 3244 998 assmno
3270 942 3610 1011 patientiam.

2036 1039 2255 1107 Culpde
2301 1039 2372 1092 uti
2420 1038 2596 1102 vultis,
2645 1047 2703 1091 ut
2740 1036 2955 1106 dignum
2999 1045 3101 1091 est.
3155 1035 3292 1090 Scivi
3326 1033 3612 1088 meliorem

2037 1147 2155 1185 esse
2177 1133 2411 1197 judieum
2429 1145 2639 1184 causam
2671 1145 2789 1198 qua:
2821 1145 2995 1182 rerum
3025 1128 3253 1197 dominis
3275 1136 3609 1182 reservatur.

2041 1222 2427 1303 l-Ixspectamus
2462 1230 2519 1272 ut
2555 1219 2726 1274 altero
2756 1220 2842 1273 die
2883 1220 3172 1272 instructus
3200 1217 3378 1272 officio
3408 1215 3606 1271 redde-

2040 1320 2201 1364 retur.
2257 1313 2323 1363 At
2352 1310 2440 1363 ille
2467 1310 2695 1364 crastina
2728 1310 2873 1372 luce,
2914 1319 2972 1363 ut
3014 1318 3159 1378 gesta
3190 1308 3606 1370 monstrabunt,

2038 1403 2319 1455 adversum
2344 1402 2605 1456 cautionis
2629 1400 2783 1454 fidem
2809 1401 3022 1454 vicaria.-
3047 1399 3293 1467 potestati
3318 1397 3615 1454 tradendus

2040 1492 2338 1545 abducitur.
2392 1491 2501 1544 lloe
2531 1489 2618 1543 ubi
2648 1490 2894 1558 princeps
2918 1486 3078 1541 officii
3109 1488 3391 1557 comperit,
3422 1487 3613 1557 paucis

2040 1582 2324 1636 comitatus
2362 1581 2639 1638 excurrit:
2690 1580 2883 1635 retinet
2929 1579 3162 1634 Felicem
3207 1576 3405 1632 celebri
3449 1577 3616 1632 Urbis

2044 1674 2179 1734 loco,
2224 1687 2323 1726 nec
2360 1680 2532 1725 tamen
2574 1671 2755 1739 eripit.
2810 1672 2988 1739 Itaque
3026 1669 3364 1740 Fulgentius,
3413 1667 3506 1737 qui
3553 1682 3616 1721 se

2042 1766 2256 1819 simulat
2283 1764 2645 1831 verberatum,
2698 1777 2858 1817 manu
2902 1761 3159 1815 validiore
3204 1760 3410 1829 legibus
3455 1773 3617 1829 repu-

364 1858 448 1911 l.Ee
473 1853 839 1909 cestimandum
867 1852 958 1917 sit,
991 1850 1234 1919 relinquo
1266 1846 1614 1915 sapientibus.
1650 1844 1828 1898 Semel
1862 1855 1941 1894 at-
1974 1846 2018 1904 Β
2044 1858 2242 1922 «ὅππη,
2295 1853 2498 1907 ιηιρτεε
2527 1852 2673 1907 Felix
2716 1867 2744 1904 a
2788 1852 3043 1905 munibus
3083 1852 3293 1905 (eam
3334 1850 3618 1918 ponamus

365 1966 466 2020 quo
498 1951 687 2003 iterum
721 1946 982 2017 praacouis
1013 1944 1231 1997 vocibus
1263 1942 1555 1995 advocatur
1580 1980 1593 1994 .
1630 1952 1729 1991 nec
1764 1947 1940 1989 tamen

366 2041 677 2095 iuclamatus
702 2038 951 2091 accurrit.
984 2036 1131 2089 Tunt'
1162 2034 1308 2087 nullo
1338 2032 1646 2090 assistente,
1679 2027 1942 2096 apparitio

367 2131 564 2185 urbana
603 2131 763 2199 carpit
800 2144 1017 2199 urgere,
1068 2127 1205 2196 quod
1240 2124 1305 2178 ad
1338 2125 1572 2178 Africam
1605 2131 1943 2174 transwctus

368 2234 535 2282 esset,
578 2236 680 2289 quo
710 2221 927 2279 Bassum
958 2218 1317 2272 clarissimum
1346 2214 1521 2269 virum
1550 2212 1789 2266 criminis
1820 2225 1941 2279 pos-

370 2323 451 2368 set
480 2326 718 2381 arguere.
752 2310 1064 2380 Suggestum
1094 2317 1178 2361 est
1225 2307 1451 2374 paritum
1480 2318 1600 2357 esse
1625 2302 1906 2356 sententias
1930 2319 1939 2351 :

368 2420 523 2473 quam
548 2418 666 2455 eum
693 2403 887 2455 ltassns
912 2410 1028 2469 post
1058 2402 1322 2453 luctamen
1353 2394 1584 2464 partimn
1613 2393 1943 2463 protulisset,

373 2495 674 2562 provocatio
714 2511 817 2546 non
859 2492 1105 2547 removit.
1158 2489 1237 2543 ,ιιι
1283 2489 1399 2542 haec
1445 2486 1757 2555 Fulgentius
1783 2485 1849 2537 ν.
1881 2481 1943 2535 C.

372 2588 610 2639 tribunus
653 2594 705 2639 et
751 2585 1009 2645 notarius,
1061 2592 1355 2635 conventos
1404 2578 1678 2647 adjutores
1728 2576 1948 2628 urbanas

371 2680 512 2733 sedis
540 2677 766 2730 asseruit
808 2692 873 2728 ne
917 2674 1203 2727 Memorius
1234 2672 1538 2740 navigaret,
1592 2684 1620 2720 a
1665 2682 1774 2737 quo
1823 2680 1945 2719 cum

372 2768 730 2835 requirerctur
767 2783 834 2819 an
886 2766 950 2817 ad
992 2780 1113 2819 cum
1156 2762 1353 2831 aliquid
1394 2776 1554 2827 super
1583 2759 1728 2813 hisee
1767 2755 1950 2810 crimi-

373 2862 531 2917 nibus
562 2861 845 2914 Memmius
873 2858 1149 2912 detulisset
1175 2896 1188 2919 ,
1237 2857 1312 2907 ait
1348 2852 1595 2922 querelas
1635 2851 1750 2918 ejus
1785 2848 1949 2925 libel-

374 2956 541 3009 lorum
575 2952 777 3020 paginis
813 2949 1114 3002 contiueri:
1161 2946 1321 3001 credo
1352 2943 1612 2999 simulare
1643 2957 1745 2996 non
1787 2956 1950 2994 ausus

376 3046 511 3117 quod
536 3052 809 3099 aceu5ator
831 3056 950 3097 esse
977 3040 1247 3094 voluisset.
1276 3036 1354 3091 Ad
1382 3036 1499 3091 htee
1527 3035 1713 3089 urbani
1740 3033 1952 3101 adjntnr

379 3137 534 3192 ofﬁcii
580 3149 672 3203 per
704 3132 931 3187 Felicem
963 3132 1062 3184 sibi
1102 3145 1133 3183 a
1180 3128 1478 3185 clarissimo
1520 3127 1631 3178 viro
1668 3122 1950 3189 Fulgentio

2042 1946 2341 2000 abducitur.
2374 1944 2437 1998 Et
2462 1960 2581 1999 cum
2612 1945 2858 2014 princeps
2879 1942 3038 1995 officii
3070 1942 3170 1995 mei
3202 1942 3300 1995 sub
3322 1949 3618 2007 conspectu

2048 2037 2302 2090 Ruinam:
2340 2037 2507 2104 plebis
2547 2035 2779 2102 auditur,
2829 2034 2982 2087 video
3022 2032 3146 2097 quid
3195 2031 3261 2085 de
3311 2033 3413 2084 hoc
3472 2029 3620 2083 facto

2047 2130 2353 2199 pereunitas
2382 2138 2555 2183 vestra
2584 2126 2770 2181 debuit
2800 2125 3060 2194 judicare.
3114 2125 3222 2192 ltigo
3256 2122 3499 2176 ordinem
3540 2129 3622 2173 te-

2047 2227 2186 2279 nebo
2214 2233 2505 2293 gestorum.
2557 2220 2775 2275 Fatetur
2799 2206 2901 2272 sub“
2927 2218 3145 2272 alterius
3175 2215 3461 2283 eognitoris
3490 2227 3622 2267 exa-

2048 2319 2191 2372 mine
2232 2316 2486 2396 litigator,
2530 2311 2659 2367 nihil
2689 2310 2789 2365 sibi
2821 2310 2887 2363 ab
2916 2307 3304 2377 apparitoribus
3346 2304 3480 2358 meis
3524 2303 3625 2358 ad-

2048 2420 2263 2461 versum
2298 2393 2632 2473 Fulgentium
2664 2413 2784 2454 esse
2814 2397 3136 2452 mandatum.
3187 2394 3283 2449 Hic
3312 2407 3464 2462 jussu
3502 2393 3626 2460 ejus

2049 2496 2114 2551 ad
2144 2507 2482 2552 communem
2512 2490 2896 2563 secretarium”
2919 2481 3026 2556 quo
3053 2484 3310 2541 faciendae
3337 2483 3626 2544 oblationis

2049 2587 2217 2655 gratia
2242 2593 2534 2639 summates
2556 2593 2797 2650 quosque
2820 2576 3204 2641 eouduxeram,
3235 2588 3265 2627 a
3291 2572 3628 2643 principibus

2050 2674 2212 2729 officii
2264 2674 2539 2739 utriusque
2586 2668 2913 2739 perducitur.
2967 2665 3105 2720 Nihil
3155 2664 3297 2719 enim
3347 2671 3626 2730 repertum

2053 2768 2227 2823 fuerat
2290 2761 2431 2834 quod
2485 2759 2853 2830 praefecturam
2911 2764 3088 2828 posset
3130 2755 3419 2809 involvere.
3472 2753 3629 2807 Tune

2055 2856 2367 2918 Ful,.~entius
2406 2852 2527 2907 facti
2567 2851 2648 2904 sui
2686 2848 3009 2903 conscientia
3041 2845 3274 2916 percitus
3310 2856 3511 2896 czesum
3559 2855 3623 2895 se

2053 2963 2171 3003 esse
2195 2945 2557 3015 conqueritur.
2593 2941 2697 2997 Sed
2728 2955 2849 2995 mox
2877 2938 3113 3006 ejusdem
3142 2933 3334 2989 Felicis
3360 2947 3425 2986 ac
3454 2932 3629 2985 devo-

2056 3039 2249 3095 tissimi
2275 3037 2374 3090 viri
2414 3033 2669 3104 principis
2707 3029 3061 3097 responsione
3099 3039 3224 3096 pars
3264 3024 3365 3078 ista
3405 3032 3634 3093 purgata

2055 3132 2155 3183 est.
2207 3128 2271 3181 Et
2308 3134 2488 3179 tamen
2516 3121 2747 3190 querela
2774 3119 2889 3189 ejus
2921 3117 3244 3171 audientiam
3274 3129 3379 3168 non
3411 3112 3627 3182 negavi.

380 3228 680 3281 mandatum
711 3239 835 3280 esse
866 3220 1174 3290 respondit,
1221 3229 1275 3272 ut
1307 3215 1597 3272 secundum
1629 3214 1949 3269 sententiam
1980 3191 2026 3254 (ἶ
2056 3218 2354 3274 clarissimo
2398 3224 2452 3269 ει
2496 3210 2771 3281 spectabili
2810 3209 2928 3262 viro
2969 3207 3168 3261 vicario
3215 3207 3265 3258 in
3313 3205 3633 3257 societatem

381 3317 665 3375 Memorius
690 3316 758 3369 ad
792 3313 1026 3369 Africam
1055 3312 1364 3366 duceretur.
1414 3306 1795 3362 Mox-Felicem
1827 3321 1953 3359 cen-

379 3412 580 3466 suimus
618 3407 950 3462 altinendutn
980 3445 994 3468 ,
1045 3419 1150 3472 quo
1198 3409 1374 3469 posset
1419 3401 1624 3469 liquere
1682 3415 1746 3450 an
1799 3398 1955 3464 hujus

381 3501 611 3557 mandati
653 3497 1014 3553 internuntius
1051 3494 1335 3548 estitisset.
1389 3492 1595 3544 Interea
1627 3490 1708 3542 vir
1743 3498 1952 3556 speeta-

381 3596 499 3651 bilis
529 3594 779 3661 vicarius,
803 3607 923 3646 cum
954 3589 1205 3643 adessent
1230 3586 1341 3653 alii,
1365 3600 1499 3656 quos
1531 3586 1581 3639 in
1608 3584 1753 3637 Bassi
1780 3598 1876 3636 cau
1912 3581 1956 3634 is

383 3702 655 3756 possemus
682 3686 886 3747 audire,
916 3684 984 3736 ob
1010 3681 1126 3750 ejus
1152 3679 1470 3741 absentiam,
1501 3692 1660 3746 quam
1693 3674 1848 3728 facile
1875 3682 1959 3728 est

385 3796 450 3834 ex
476 3778 737 3833 Africanis
768 3787 1021 3829 revocare
1051 3770 1355 3837 provinciis,
1385 3767 1640 3838 judicium
1672 3779 1830 3819 omne
1858 3762 1953 3816 de—

383 3873 550 3927 seruit
583 3888 594 3922 :
632 3869 810 3923 llCSL‘iu
832 3882 898 3920 an
922 3880 985 3919 ex
1011 3864 1157 3931 jussu
1185 3876 1372 3917 eorum
1399 3861 1507 3928 qui,
1539 3868 1595 3910 ut
1623 3856 1954 3914 audirentur,

383 3964 634 4020 affluxera
679 3971 717 4012 t.
768 3956 1032 4011 Promissa
1065 3955 1322 4029 relatione
1351 3950 1590 4006 discedo.
1640 3945 1823 4011 Felix,
1868 3944 1955 4011 qui

386 4068 438 4107 tn
477 4049 745 4106 communi
785 4048 967 4117 jussus
997 4057 1076 4100 est
1110 4042 1356 4106 attineri,
1403 4039 1565 4095 officii
1609 4039 1960 4090 exsecutione

384 4143 685 4211 corripitur.
738 4139 785 4194 ls
805 4178 820 4203 ,
853 4152 973 4191 cum
1005 4152 1036 4189 a
1079 4151 1167 4189 me
1206 4131 1505 4201 insequenti
1536 4128 1776 4182 tnitinnis
1808 4126 1961 4179 auxi-

386 4238 513 4290 lium
547 4232 897 4303 poposcisset,
921 4237 977 4282 et
1004 4228 1160 4280 unius
1186 4220 1618 4280 nomenclatoris,
1648 4226 1704 4272 ut
1742 4219 1793 4270 in
1834 4215 1963 4266 u'be

386 4337 566 4398 pacata
606 4322 927 4379 adminicula
958 4322 1126 4372 fretus
1160 4315 1461 4376 incederet,
1509 4320 1628 4380 post
1658 4307 1959 4362 vehiculum

388 4396 736 4492 praefectum,
765 4417 917 4482 jussu
948 4407 1241 4479 Fulgentii,
1280 4420 1373 4474 per
1402 4402 1758 4458 Gaudentium
1789 4406 1844 4450 et
1876 4396 1964 4447 Vi-

386 4490 587 4567 ctorem
618 4518 836 4579 agentes
868 4508 919 4558 in
949 4504 1128 4566 rebus,
1176 4512 1230 4555 et
1274 4495 1603 4551 Bouifacium
1644 4490 1961 4563 palatinum,

384 4608 473 4677 qui
525 4608 777 4658 hactenus
828 4602 877 4652 in
926 4596 1103 4650 officio
1146 4596 1352 4646 urbano
1394 4587 1671 4653 militavit,
1702 4586 1967 4639 violenter

390 4676 632 4767 arreptus
660 4693 940 4749 deducitur
978 4690 1030 4743 in
1082 4689 1200 4752 ejus
1228 4686 1392 4748 a-des,
1428 4684 1493 4735 de
1522 4681 1675 4749 cujus
1705 4676 1969 4731 mandatis

385 4764 561 4843 fuerat
600 4784 915 4839 audiendus.
967 4778 1119 4847 Quod
1160 4793 1281 4830 eum
1324 4774 1423 4827 sibi
1470 4769 1779 4839 Fulgentius
1810 4765 1871 4819 ι’.
1903 4764 1966 4819 C.

388 4890 571 4934 auctor
602 4872 939 4929 contumelia:
972 4884 1106 4922 mea:
1134 4865 1453 4919 invidiosum
1483 4867 1714 4930 putaret,
1746 4858 1813 4912 ad
1839 4855 1970 4911 circi

391 4969 734 5024 secretarium
761 4959 1103 5024 convolavit,
1139 4956 1260 5010 facti
1304 4954 1470 5007 illiciti
1503 4951 1690 5006 volens
1720 4960 1972 5020 praastare

391 5062 675 5121 rationem,
702 5053 840 5122 quod
872 5052 970 5105 sibi
1006 5059 1203 5103 metum
1249 5047 1412 5100 fuisse
1438 5044 1671 5110 dicebat,
1717 5058 1783 5097 ne
1812 5040 1972 5094 officii

387 5150 767 5203 subornaretur
794 5142 1053 5210 impulsu.
1092 5138 1444 5207 Exspectatis,
1476 5138 1665 5201 credo,
1706 5133 1973 5201 augustis—

390 5242 509 5295 simi
540 5237 828 5306 principes,
855 5243 911 5286 ut
937 5230 1219 5301 pricfeetus
1250 5237 1304 5282 et
1330 5225 1517 5295 judicii
1541 5225 1703 5279 vestri
1729 5236 1970 5285 securus,

390 5344 442 5384 ιιι
475 5333 787 5383 innocentiae
809 5340 921 5378 sure
946 5322 1141 5391 aliquid
1165 5335 1409 5375 severum
1441 5322 1717 5373 censuisse
1743 5317 1969 5370 dicatur.

393 5426 599 5487 Fateor,
652 5435 825 5490 neque
878 5418 1125 5485 j‘imtiitet,
1176 5416 1412 5467 animum
1463 5410 1793 5479 temperavi,
1845 5408 1970 5463 dum

390 5526 586 5568 tertam
637 5512 704 5565 de
751 5509 905 5563 vobis
947 5521 1107 5576 spero
1137 5504 1446 5558 vindictam.
1500 5503 1674 5557 Statui
1718 5512 1777 5556 ut
1819 5499 1966 5554 Felix

391 5606 628 5668 vtdibus,
670 5604 759 5672 qui
790 5600 1069 5667 Fulgentio
1101 5612 1208 5653 non
1239 5608 1419 5652 essent
1447 5596 1683 5663 cogniti,
1730 5593 1972 5648 tradere-

394 5710 494 5749 ιι.ι·.
548 5696 682 5760 Quid
733 5694 914 5747 mitius
960 5690 1198 5755 decerni,
1247 5688 1371 5759 quid
1422 5688 1699 5753 remissius
1755 5684 1972 5752 potuit?

394 5791 422 5841 Ἰ
444 5802 538 5841 uae
569 5792 676 5847 die.
715 5797 960 5851 tauquam
992 5797 1239 5837 casurus
1270 5780 1555 5846 egrelitur.
1614 5779 1716 5836 Sed
1748 5793 1864 5833 cum
1932 5777 1961 5831 d

2056 3307 2379 3379 cognitionis
2407 3304 2604 3368 ascito,
2644 3301 2690 3356 si
2720 3301 2883 3356 vellet
2905 3310 3113 3354 struere
3152 3297 3364 3350 nomina
3409 3293 3634 3349 testium

2060 3402 2389 3472 plebeiorum
2431 3397 2623 3450 danda.
2674 3391 2922 3448 Promisit
2949 3408 2961 3442 :
2986 3388 3172 3452 credo,
3199 3394 3253 3440 ut
3293 3400 3389 3454 per
3425 3397 3637 3438 moram

2061 3471 2210 3548 meus
2239 3491 2411 3553 dolor,
2447 3486 2531 3540 vel
2578 3498 2673 3554 per
2710 3480 3127 3547 satisfactionem
3171 3477 3509 3539 mitesceret,
3548 3471 3637 3527 vel

2062 3587 2175 3655 ipse
2204 3595 2389 3638 rursus
2418 3579 2550 3631 alias
2579 3574 2856 3628 moliretur
2886 3568 3124 3623 insidias.
3163 3568 3262 3632 Qui
3292 3574 3349 3618 ut
3379 3579 3468 3618 res
3495 3560 3641 3616 indi-

2060 3653 2175 3738 eat,
2222 3670 2547 3727 conscientia
2580 3664 2811 3720 hominis
2839 3658 3145 3723 subornati,
3190 3672 3217 3707 a
3263 3670 3371 3725 quo
3417 3653 3643 3707 vicaria

2062 3763 2310 3835 potestati
2355 3760 2563 3813 libellus
2606 3756 2815 3811 oblatus
2858 3761 2968 3819 est,
3019 3746 3315 3803 domestice
3351 3742 3645 3797 confessus

2061 3856 2200 3926 apud
2233 3851 2461 3908 eundem
2494 3850 2686 3903 factum
2715 3859 2877 3899 ausus
2908 3850 2991 3897 est
3019 3839 3309 3909 postulare,
3358 3850 3425 3889 ne
3469 3847 3644 3902 appa-

2064 3924 2255 4003 ritores
2292 3945 2439 4013 ejus,
2483 3955 2614 4010 quos
2644 3940 2712 3992 ob
2740 3937 3035 3991 discessum
3085 3928 3361 3999 litigatoris
3387 3924 3645 3979 custodia

2063 4038 2295 4092 careeris
2327 4036 2558 4103 jussl-rat
2585 4028 2830 4092 attineri,
2866 4024 3072 4093 injuria!
3098 4022 3456 4091 subjacerent.
3505 4016 3643 4071 Post

2065 4130 2181 4183 haec
2222 4134 2475 4191 usurpato
2519 4135 2726 4177 rursum
2771 4117 2982 4186 publico
3024 4114 3367 4184 neglectoque
3409 4104 3645 4177 judicio,

2065 4220 2283 4276 audacis
2311 4217 2429 4270 faeti
2464 4214 2709 4270 conscius
2737 4209 2965 4266 evolavit
3000 4215 3058 4260 ut
3108 4202 3437 4275 pnefecturte
3461 4200 3647 4269 justas

2065 4310 2430 4383 querimonias
2470 4306 2823 4376 praeveniret,
2878 4300 3123 4370 ign‘arus,
3168 4307 3224 4350 ut
3265 4310 3350 4350 res
3388 4302 3503 4355 est,
3546 4306 3650 4360 pa-

2068 4382 2249 4457 rentes
2276 4400 2490 4469 generis
2531 4396 2746 4449 humani
2784 4395 2951 4460 magis
2986 4387 3187 4458 justitia
3237 4401 3397 4454 quam
3440 4382 3651 4437 invidia

2070 4492 2417 4548 commoveri.
2465 4490 2587 4541 Ilaec
2618 4487 2688 4539 ita
2715 4498 2835 4537 esse
2861 4491 3037 4551 gesta,
3077 4494 3174 4531 nec
3209 4478 3311 4530 ulla
3339 4486 3456 4528 arte
3484 4477 3617 4543 fingi
3636 4513 3653 4537 ,

1998 4554 2045 4614 ι)
2073 4585 2354 4642 instructio
2382 4582 2618 4649 subjecta
2647 4574 2944 4630 testabitur.
2999 4571 3052 4623 in
3091 4584 3191 4639 qua
3223 4567 3455 4632 reperiet
3486 4581 3515 4614 τι
3536 4574 3657 4617 ter-

2076 4682 2213 4733 n‘tas
2244 4684 2415 4727 vestra
2460 4672 3043 4740 parcetur-annuum]
3080 4661 3132 4713 in
3173 4674 3257 4712 me
3284 4672 3415 4726 puro
3440 4654 3658 4724 judicio

2075 4770 2403 4830 contulistis,
2450 4762 2581 4817 nihil
2612 4759 2784 4814 saltim
2815 4756 2879 4808 ad
2912 4753 3195 4809 vindicmm
3230 4749 3453 4817 publica:
3483 4746 3658 4799 disci-

2080 4863 2235 4930 plina:
2255 4872 2372 4911 esse
2395 4854 2631 4909 molitam
2654 4868 2667 4903 :
2696 4864 2815 4903 cum
2844 4845 3090 4900 onmibus
3116 4840 3321 4908 injuriis
3342 4837 3654 4898 cederetur,

2078 4927 2210 5021 quas
2242 4948 2363 5003 boni
2394 4947 2587 5014 quique
2619 4945 2945 5009 praisumunt
2982 4948 3079 5002 pro
3105 4933 3284 5000 vigore
3315 4927 3499 4995 saeculi
3530 4927 3663 4977 vin-

2080 5015 2353 5096 dicandas.
2386 5036 2510 5090 Haze
2536 5034 2675 5087 enim
2705 5043 2829 5097 spes
2857 5035 2910 5081 et
2938 5024 3125 5078 fiducia
3154 5022 3241 5090 jus
3268 5018 3485 5074 credita:
3516 5015 3655 5069 mihi

2077 5132 2357 5203 potestatis
2395 5124 2638 5194 infregit,
2685 5128 2742 5173 ut
2768 5126 3013 5169 auctores
3043 5113 3261 5167 honoris
3288 5107 3421 5169 mei,
3463 5106 3523 5159 et
3548 5122 3655 5172 pu—

2078 5202 2229 5281 bliea:
2275 5220 2573 5292 dignitatis,
2624 5226 2675 5269 et
2722 5212 2907 5282 judicii
2957 5212 3037 5264 sui
3082 5204 3453 5263 contumeliam
3504 5202 3659 5270 jusa

2079 5314 2364 5371 severitate
2393 5308 2699 5365 defendant.

2648 5392 2858 5449 EI'IST.
2901 5390 3079 5446 XLIV.

2081 5514 2272 5555 DOMISO
2301 5506 2586 5549 THEODOSIO
2614 5503 2815 5544 εειιιιειι
2846 5499 2963 5539 AUC.
2990 5494 3297 5538 εῑιιιιιιειιυς
3326 5494 3491 5532 Ριιιιτ.
3528 5492 3660 5530 ειη.

2158 5590 2256 5643 Ρρι·
2304 5590 2449 5639 vices
2502 5584 2759 5635 mensium
2809 5576 3136 5646 singulorum
3183 5575 3247 5626 ad
3294 5569 3663 5641 perennitates

2082 5692 2285 5735 vestras
2342 5678 2539 5745 seri-pta
2578 5682 2792 5727 senatus
2845 5676 2900 5722 et
2941 5666 3119 5735 populi
3170 5673 3283 5718 aeta
3325 5660 3661 5720 mittuntur,

2086 5790 2199 5843 qut‘
2226 5778 2467 5843 poterunt
2499 5764 2730 5819 indicare
2760 5758 2884 5829 quid
2912 5758 2989 5811 vir
3020 5754 3288 5826 prmcelsm
3318 5746 3665 5816 illustrisque
