3886 6346
68 313 132 364 ἓῗῖ
307 320 310 321 ⁷
1258 312 1605 367 ΕΡ15Το1.Δ1

1711 314 1727 366 l
1771 311 1966 365 LIBER
2012 311 2073 364 Χ.

3160 304 3260 358 3⁸13

72 427 262 478 i.;einori.i-
285 426 708 493 Przctextatus,
738 430 820 483 vel
844 428 906 482 ad
927 425 1305 495 amplissimum
1331 424 1589 486 ordinem,
1629 429 1668 482 Α
1699 430 1856 487 atque
1885 421 2108 474 obsecro
2139 429 2191 472 ut
2224 421 2480 473 incertum
2523 419 2685 472 animi
2725 433 2774 472 tu
2799 419 2828 472 -i
2859 416 3127 485 responsis
3161 415 3257 470 liii-

75 519 128 570 τρὶ
161 515 208 568 ad
243 515 495 570 devotum
535 520 712 572 vobis
757 519 1034 586 populum,
1080 530 1175 582 pro
1218 513 1397 566 steculi
1439 513 1600 564 γεδειιί

75 606 466 661 commendatione
514 610 846 675 pertulerit.
891 605 950 659 Ι).
991 607 1294 673 imperator.
1347 602 1449 655 Sed
1481 604 1599 668 quia

75 697 280 765 speciatim
305 698 483 750 storis
515 698 728 750 litteris
755 695 1081 761 itnperastis,
1119 703 1174 745 ut
1213 693 1254 744 si
1296 707 1395 758 qua
1434 691 1500 742 ab
1538 705 1602 740 eo

79 790 212 842 Roma:
237 789 278 842 in
305 789 385 840 his
432 790 688 842 coetibus
736 796 881 855 gesta
922 796 1073 848 suut,
1122 782 1296 852 agenti
1347 783 1395 833 iu
1445 781 1601 832 rebus

73 888 266 948 excerpta
304 878 638 931 tradantur:
693 878 814 930 misi
862 875 1034 928 omnia
1079 874 1243 941 jII:SlS
1291 872 1599 923 cmlcstibus

73 974 331 1032 obsecutus,
372 984 501 1035 qum
553 969 676 1035 ipso
721 975 977 1030 praesente
1016 962 1396 1015 venerabiliutn
1440 959 1601 1010 ratio-

70 1077 166 1113 num
191 1070 473 1113 vestrarum
505 1058 722 1112 sanctio
753 1055 1013 1117 deﬁnivit,
1043 1065 1090 1105 et
1121 1061 1325 1120 patrum
1358 1049 1600 1118 probavit

69 1154 330 1206 auctoritas.
373 1151 680 1212 Prxterea,
714 1164 748 1217 q
772 1164 831 1200 ia:
879 1145 1015 1212 apud
1050 1145 1252 1213 plebem
1286 1144 1488 1193 locutus
1518 1150 1599 1192 est

65 1257 109 1299 ut
141 1255 332 1300 cunctus
362 1243 416 1296 in
452 1256 697 1294 amorem
727 1241 982 1292 bonorum
1011 1249 1307 1302 temporum
1342 1245 1599 1299 provoca-

64 1349 152 1394 γει,
187 1333 411 1401 adjuuxi.
467 1332 740 1387 Judicium
770 1344 894 1381 vero
921 1326 1144 1389 civium,
1179 1321 1318 1390 quod
1349 1333 1600 1386 supremo

61 1430 133 1481 die
159 1427 218 1479 de
244 1425 433 1478 virtute
463 1431 628 1489 atque
657 1418 956 1473 innocentia
988 1415 1101 1482 ejus
1132 1413 1453 1472 habuerunt,
1483 1423 1600 1477 spe-

59 1519 211 1571 ciatim
235 1517 345 1568 viro
369 1512 672 1567 clarissimo
701 1520 755 1562 et
782 1509 968 1561 illustri
1000 1505 1294 1558 ofﬁciorum
1321 1501 1596 1567 magistro,

55 1610 256 1663 subditis
279 1617 550 1676 gestorum
572 1601 984 1668 exemplaribus,
1005 1597 1239 1649 iutimavi
1267 1613 1278 1644 :
1307 1594 1425 1646 licet
1453 1591 1601 1643 vehi-

53 1707 155 1755 culo
182 1701 385 1769 publico
413 1714 534 1751 cum
565 1695 808 1756 caeteris,
847 1707 964 1760 qua:
1003 1705 1067 1741 ex
1109 1702 1256 1740 more
1295 1687 1596 1743 mittuntur,

1705 511 1991 578 perialibus
2017 510 2321 562 instruatur.

2259 597 2469 652 EPIST.
2512 595 2690 650 XLVI.

1704 705 1786 743 DD.
1819 703 2106 742 THEUDOSIO
2147 704 2212 741 ET
2245 703 2465 740 ABCADIO
2495 703 2698 739 SFIPER
2727 701 2845 740 AUC.
2877 699 3178 739 εγιικιιεηυς
3215 701 3262 735 γ.

2290 772 2339 809 C.
2369 772 2531 809 FBA-2F.
2569 772 2686 808 ΕΒΗ.

1770 869 1984 925 Certum
2039 879 2120 924 est
2195 870 2405 935 quidem
2462 867 2794 921 clementiam
2854 874 3084 919 vestram
3144 861 3267 915 ﬁdei

1700 976 1912 1022 amore,
1959 972 2012 1014 et
2059 960 2233 1012 studio
2281 959 2552 1021 veritatis,
2616 958 2666 1008 in
2719 971 2941 1009 examen
2990 955 3261 1006 assiduum

1702 1066 1840 1118 sa:pe
1871 1051 2140 1116 explorata
2175 1063 2442 1110 revocare,
2479 1047 2584 1100 DD.
2613 1047 2977 1114 imperatores.
3006 1043 3107 1096 Sed
3139 1057 3258 1094 cum

1708 1144 1998 1194 Ausentius
2041 1139 2100 1192 ν.
2134 1140 2194 1191 C.
2248 1149 2298 1192 et
2328 1138 2576 1205 Cyriades
2619 1149 2797 1188 comes
2826 1151 2888 1187 ac
2929 1131 3264 1185 mechanicus

1703 1233 1880 1301 parilis
1906 1232 2190 1297 dignitatis,
2226 1231 2445 1296 quadam
2483 1229 2619 1282 inter
2654 1241 2711 1280 se
2737 1225 3125 1279 concertatione
3154 1224 3261 1276 dis-

1701 1316 1938 1376 scniiunt
1965 1361 1979 1383 ,
2013 1321 2251 1373 nonnihil
2280 1319 2644 1386 superioribus
2669 1317 2933 1383 judicibus
2957 1316 3257 1380 derogatur.

1701 1411 1815 1465 Iam
1847 1412 2041 1463 dudum
2072 1410 2212 1464 enim
2240 1409 2371 1462 v.e.
2404 1418 2456 1462 et
2489 1410 2704 1462 illustris
2730 1399 3042 1462 Autkmius
3076 1407 3262 1456 Βιαεςιις

1704 1502 1876 1570 pontis
1903 1501 2020 1552 novi
2047 1515 2207 1567 opere
2232 1508 2527 1568 perspecto,
2552 1499 2648 1551 sub
2677 1509 2911 1550 acturum
2937 1496 3262 1550 confectione

1705 1593 1928 1659 signavit
1954 1591 2161 1657 culpam
2192 1592 2270 1644 vel
2302 1592 2669 1659 negligentiam
2699 1590 3053 1656 singulorum;
3090 1587 3260 1639 denuo

1703 1694 1980 1733 successor
2008 1683 2122 1748 ejus
2152 1680 2336 1734 eadem
2370 1681 2484 1732 loca
2515 1682 2730 1733 rimatus
2761 1677 3033 1730 usseritnr.
3070 1676 3263 1727 Dehinc

52 1795 208 1842 omnia
234 1804 455 1843 necesse
479 1789 772 1847 sit.rursus
801 1784 863 1835 ad
895 1779 1196 1836 serenitatis
1235 1787 1427 1831 vestra:
1467 1775 1602 1828 ncti-
1634 1767 1678 1824 Β
1705 1784 1822 1821 cum
1863 1770 1999 1836 apud
2045 1786 2155 1832 me,
2189 1786 2252 1823 ex
2300 1769 2579 1833 re-cripto,
2627 1769 2763 1835 quod
2816 1767 3066 1834 Cyriades
3113 1764 3173 1818 V.
3200 1763 3262 1815 C.

52 1885 161 1937 tiam
187 1881 485 1951 pervenire.

606 1945 820 1998 EPIST.
872 1943 1025 1996 XLV.

112 2060 154 2096 ο.
181 2053 480 2094 τιιιοῡοειο
510 2051 712 2091 ΒΕἮΡΒΒ
743 2049 858 2087 Δια.
890 2047 1018 2084 SH"!
1035 2045 1186 2083 ΚΕΗυὸ
1217 2045 1380 2081 νιι.ει·.
1411 2041 1528 2078 ιιιιι.

105 2155 214 2206 Jam
263 2152 479 2221 quidem
524 2148 842 2216 rescriptum
892 2144 1118 2197 numinis
1156 2141 1319 2194 vestri
1349 2137 1602 2206 Cyriades

56 2246 100 2296 ιι
139 2242 197 2297 C.
239 2256 422 2295 comes
475 2251 528 2292 et
572 2238 894 2291 mechanicr
925 2234 1193 2303 professor
1220 2227 1490 2289 exhibuit,
1537 2226 1596 2276 υ.

52 2338 366 2401 imperator:
415 2343 523 2394 quo
570 2335 828 2380 statuerat
875 2323 1144 2375 aeternitas
1189 2327 1394 2378 vestra,
1446 2325 1501 2367 ut
1544 2329 1601 2365 se

49 2430 139 2492 ipse
169 2443 197 2478 a
230 2423 586 2492 quorumdam
620 2414 990 2470 criminatione
1025 2418 1300 2480 purgaret,
1332 2421 1392 2459 ac
1417 2419 1601 2458 rursus

47 2525 240 2583 urgeret
273 2512 524 2579 objectis,
555 2509 597 2561 si
628 2521 761 2574 quos
787 2501 985 2556 fraudis
1014 2503 1323 2553 incesseret.
1357 2495 1454 2560 Qui
1482 2508 1601 2546 cum

43 2606 357 2658 Auxentium
393 2601 454 2654 Υ.
484 2599 546 2654 C.
593 2597 693 2651 sub
735 2594 974 2647 examine
1016 2588 1315 2644 decessoris
1355 2585 1456 2639 mei
1495 2598 1605 2637 ca:-

43 2699 190 2761 pisset
240 2706 510 2760 arguere,
578 2699 858 2757 postquam
907 2683 970 2735 ad
1019 2680 1376 2748 cognitionem
1429 2689 1600 2729 meam

39 2769 239 2839 ventum
285 2791 401 2842 est.
446 2794 609 2847 super
639 2777 873 2830 basilicae
913 2783 1068 2841 atque
1107 2773 1280 2839 pontis
1320 2767 1603 2818 immodico

38 2887 236 2943 sumptu
257 2919 270 2941 ,
305 2869 567 2926 Auxentii
598 2867 658 2920 V.
688 2867 749 2919 C.
783 2880 912 2917 voce
945 2863 1256 2931 perstrictus
1285 2866 1385 2910 est.
1433 2856 1600 2920 Quem

35 2967 304 3035 tiyriades,
354 2964 439 3016 vir
483 2959 666 3026 parilis
711 2954 1002 3024 dignitatis,
1051 2960 1230 3004 mutua
1260 2946 1603 3001 accusatione

32 3058 252 3110 rredidit
279 3051 720 3109 reniordendum.
753 3047 936 3100 Visum
979 3055 1060 3099 est
1103 3045 1258 3111 igitur
1296 3051 1600 3092 accommo-

1705 1864 2034 1932 impetravit,
2091 1862 2315 1915 recidiva
2368 1861 2666 1928 cogn'tione
2720 1858 3056 1925 refugerent,
3110 1864 3263 1920 atque

1704 1954 1831 2021 ipsis
1874 1952 2282 2006 consistentibus
2330 1951 2688 2011 censuis~eui,
2735 1959 2788 2000 ut
2833 1948 3101 2013 utriusque
3157 1955 3259 1996 tant

1702 2051 1964 2109 sumptus,
1997 2054 2151 2107 quam
2183 2039 2584 2092 aidiﬁcationem
2619 2037 2948 2103 imcstigatio
2975 2033 3263 2086 discussio-

1705 2135 1785 2186 nis
1833 2133 2165 2198 inquireret,
2229 2129 2285 2180 ν.
2320 2130 2378 2182 (3.
2427 2129 2727 2181 Auxentius
2771 2135 2989 2192 repente
3033 2124 3266 2175 deseruit

1701 2224 2010 2290 iudicatum.
2039 2222 2108 2273 lle
2133 2222 2282 2285 cujus
2310 2220 2446 2271 facto
2469 2221 2724 2271 llllSSUl’lls
2757 2218 3078 2269 relationem.
3106 2227 3259 2278 quam

1704 2315 2006 2366 Sollicitudo
2053 2312 2338 2365 iutertnissi
2381 2312 2558 2378 operis
2600 2311 2860 2376 exigebat,
2895 2307 2991 2358 alia
3036 2322 3100 2356 nu
3126 2304 3261 2354 uiuis

1703 2405 1866 2459 vestri
1891 2405 2100 2456 decreta
2133 2419 2317 2455 rursus
2347 2401 2546 2471 accepi.
2574 2403 2760 2468 quibus
2790 2400 3016 2452 examini
3052 2414 3168 2456 tneo
3201 2397 3260 2447 Υ.

1702 2500 1762 2550 (ᾇ.
1792 2508 1845 2548 et
1881 2494 2221 2562 spectabilem
2271 2493 2523 2545 vicarium
2577 2492 2901 2557 copulastis,
2948 2500 2999 2539 ut
3045 2500 3264 2554 ut:oque

1703 2586 1988 2648 residente,
2039 2592 2279 2638 accusata
2332 2583 2504 2648 pontis
2548 2582 2668 2635 vitia
2713 2594 2986 2650 qua-reren
3017 2594 3094 2629 ur.
3158 2577 3263 2628 Nee

1704 2676 2013 2744 obsequium
2063 2675 2228 2728 defuit
2276 2673 2564 2742 imperatis.
2619 2671 2796 2739 Itaque
2831 2668 3069 2721 adhibito
3110 2667 3172 2720 ν.
3202 2666 3262 2718 C.

1705 2767 1938 2829 tribuno,
1980 2775 2034 2819 et
2076 2765 2281 2818 notario
2311 2761 2645 2830 Aphrodisia,
2686 2761 2767 2814 eui
2803 2767 2922 2828 post
2946 2756 3260 2811 Auxentium

1707 2857 1766 2908 V.
1795 2855 1856 2909 C.
1886 2870 2136 2908 novarum
2182 2852 2512 2907 molitionum
2564 2865 2690 2904 cura
2741 2849 2906 2916 legata
2951 2856 3050 2907 est.
3095 2845 3264 2898 habita

1703 2954 1784 2998 est
1825 2944 1892 2998 de
1924 2944 2001 2995 his
2036 2944 2256 3010 quaestio
2294 2941 2382 3009 qui
2423 2940 2599 3008 pontis
2643 2939 2879 3005 ejusdem
2929 2937 3260 2989 fundamenta

1708 3041 2015 3101 posuerunt.
2052 3035 2221 3100 Atque
2252 3031 2320 3084 ita
2350 3030 2586 3085 constitit
2618 3038 2814 3095 partem
2854 3029 3066 3082 brevem
3106 3036 3265 3094 atque

32 3164 146 3200 cum
193 3158 255 3199 ut
293 3146 573 3209 utriusque
627 3137 1030 3194 :ediﬁcationem
1073 3134 1172 3187 ﬁda
1205 3134 1492 3186 :estimaret
1527 3130 1605 3182 in-
1634 3116 1678 3176 C
1711 3129 1991 3179 discretam
2023 3125 2119 3178 sub
2149 3123 2367 3178 exordio
2395 3122 2599 3191 hyetnis
2631 3121 2925 3173 inchoatam
2958 3120 3005 3169 vi
3035 3117 3266 3171 ﬂuminis

32 3238 250 3300 sectio.
304 3233 440 3286 Dedi
471 3232 740 3299 negotium
774 3225 1035 3286 sollicitis,
1063 3231 1316 3291 quantum
1354 3219 1602 3280 arbitror,

32 3327 179 3389 uris,
230 3334 289 3378 et
331 3322 563 3392 Cyriade
611 3334 743 3386 pene
785 3323 1096 3378 recusante,
1148 3310 1357 3364 decrevi
1405 3307 1606 3360 fabrilis

32 3416 146 3467 artis
189 3414 521 3482 magistros,
561 3425 694 3478 quos
727 3406 1035 3460 adversario
1064 3403 1323 3470 :equiores
1357 3398 1604 3468 putabat,

37 3503 373 3557 istimationi
406 3501 583 3566 oneris
613 3496 973 3551 admovendas
1001 3510 1014 3548 :
1061 3501 1308 3546 manente
1338 3487 1606 3541 nihilomi-

40 3611 110 3648 uzs
159 3611 340 3664 penes
391 3592 710 3648 Auxentium
763 3603 889 3641 cura
941 3596 1100 3653 atque
1145 3581 1608 3634 administratione

32 3698 360 3754 “sepiarum,
411 3685 550 3753 quod
595 3681 820 3735 necdum
863 3677 1131 3731 :creruitas
1170 3684 1343 3727 vestra
1375 3669 1610 3723 ofﬁcium

32 3779 128 3840 ’jus
182 3775 544 3829 successione
597 3777 874 3824 mutasset.
935 3767 1113 3835 Itaque
1162 3763 1362 3817 exactis
1409 3761 1610 3826 aliquot

32 3870 231 3933 hebes,
263 3876 321 3920 et
347 3864 525 3917 adhuc
544 3861 812 3930 pendente
837 3859 1011 3925 operis
1033 3854 1298 3916 examine,
1323 3851 1605 3919 apparitio,

32 3976 130 4020 ma:
169 3956 457 4012 Auxentio
494 3953 667 4008 fuerat
710 3951 980 4017 deputata,
1033 3961 1126 4015 per
1170 3943 1435 3998 notarium
1479 3939 1608 3994 mihi

35 4050 139 4103 ~cit
180 4048 488 4112 iudicium,
518 4042 824 4098 deseruisse
848 4039 1197 4094 clarissimum
1227 4034 1398 4088 virum
1427 4045 1612 4086 susce-

36 4150 238 4194 «torum
269 4153 465 4194 curam
492 4137 754 4194 locorum,
785 4140 840 4185 et
866 4131 963 4183 sub
992 4129 1109 4196 ipso
1141 4125 1338 4179 arstatis
1367 4124 1608 4186 exordio,

32 4249 115 4298 ίτιο
146 4233 335 4300 possit
364 4227 632 4300 profectus
660 4221 1026 4278 mdiﬁcationis
1053 4230 1356 4285 assurgere,
1387 4213 1609 4266 nihilum

35 4322 360 4376 :romoveri.
415 4318 520 4372 Sed
551 4316 671 4386 quia
716 4309 978 4366 senatoris
1024 4305 1142 4376 fuga
1191 4319 1295 4358 non
1333 4303 1612 4356 videbatur

37 4426 230 4465 emere
259 4407 571 4471 credenda,
618 4414 674 4458 ut
714 4401 1000 4471 impensius
1040 4396 1401 4466 requireretur
1427 4393 1611 4445 admo-

1707 3223 1990 3278 Corruisse,
2020 3219 2170 3285 cujus
2197 3217 2517 3283 impendium
2549 3215 2730 3283 viginti
2757 3213 3045 3267 solidorum
3072 3211 3262 3265 deﬁni-

1708 3310 1794 3360 tio.
1821 3325 1850 3362 e
1894 3307 2123 3361 artiﬁces
2169 3299 2515 3360 a-stii‘narunt.
2561 3304 2662 3357 Sed
2706 3318 2859 3357 casus
2889 3303 3051 3369 partis
3095 3301 3263 3362 istius,

1709 3410 1801 3467 ntp
1825 3409 1889 3453 ite
1927 3401 2097 3452 adhuc
2127 3414 2154 3450 a
2185 3408 2379 3451 extero
2421 3410 2645 3463 Corpore
2682 3405 2994 3464 segregatae,
3025 3392 3154 3446 nihil
3190 3391 3267 3444 vi-

1708 3490 1862 3542 detur
1893 3490 2096 3555 injuri-.e
2119 3488 2248 3540 locis
2279 3488 2594 3539 distantibus
2632 3485 2873 3538 attulisse
2901 3501 2914 3535 :
2943 3499 3098 3552 quam
3127 3482 3266 3546 facili

1709 3579 2056 3630 a-dilicatione
2100 3576 2444 3638 reparandam
2485 3573 2738 3644 Cyr-ades
2777 3574 2839 3627 V.
2874 3573 2934 3626 C.
2971 3573 3264 3641 pollicetur.

1711 3669 1837 3722 Post
1873 3667 1982 3720 luce
2007 3667 2225 3719 alterius
2255 3666 2352 3718 luci
2381 3666 2675 3734 exploratio
2707 3664 2932 3717 hiulcam
2959 3678 3265 3732 compagem

1712 3759 1939 3825 lapidum
2009 3757 2392 3825 deprehendit,
2461 3773 2615 3825 quam
2671 3756 2923 3825 Cyr-ades
2975 3769 3154 3808 comes
3217 3764 3271 3808 et

1712 3851 2048 3904 mechanicus
2074 3851 2297 3903 consilio
2326 3865 2423 3903 suo
2452 3860 2504 3903 et
2543 3851 2744 3902 ratione
2777 3853 2908 3901 artis
2937 3849 3004 3900 ita
3048 3849 3268 3915 positam

1711 3944 2062 4006 suggerebat,
2117 3951 2169 3991 nt
2218 3940 2388 3993 inluso
2440 3948 2616 4006 postea
2669 3940 3023 4003 impensarum
3070 3937 3272 4005 liquore

1712 4032 1907 4084 hiantia
1949 4032 2356 4097 stringerenlnr.
2401 4030 2552 4095 Quod
2597 4043 2716 4081 cum
2763 4028 2941 4083 facere
2978 4029 3270 4093 debuisset,

1714 4123 2050 4177 surretleutis
2099 4123 2407 4174 industriam
2441 4122 2716 4176 affectasse
2757 4123 2932 4192 potius
2963 4122 3184 4187 dicitur,
3216 4131 3275 4176 ut

1713 4218 1764 4267 in
1793 4217 2023 4268 auctoiis
2053 4215 2298 4267 iniidiam
2330 4215 2430 4266 feni
2460 4225 2510 4268 et
2541 4217 2703 4282 sp'rti
2747 4215 3028 4282 manipulis
3058 4216 3269 4268 claude-

1713 4319 1915 4358 rentur.
1958 4306 2105 4370 Quod
2157 4318 2274 4358 cum
2325 4315 2587 4357 :iSII‘Ut‘fel
2632 4307 2938 4357 recitatione
2980 4316 3269 4374 gestorum,

1715 4397 1906 4450 factum
1936 4398 2145 4465 quidem
2174 4398 2413 4449 nrinandl
2446 4397 2629 4449 artifex
2664 4412 2768 4449 non
2798 4399 3042 4459 neaavit,
3077 4399 3166 4450 sed
3206 4416 3268 4452 ex

35 4529 38 4546 .
67 4509 123 4552 ll.
180 4503 287 4555 Diu
323 4512 591 4568 nusquam
624 4495 859 4565 gentium
889 4491 1251 4559 deprehensus
1275 4531 1289 4554 ,
1323 4486 1414 4540 ubi
1445 4486 1607 4539 comi-
1641 4467 1691 4525 D
1717 4503 1813 4541 usu
1840 4489 2034 4554 operis,
2066 4502 2169 4540 non
2197 4489 2247 4539 in
2279 4487 2802 4541 dehonrstameutnm
2832 4489 3068 4558 Cyriadis
3117 4488 3178 4542 V.
3210 4489 3269 4542 (Ζ.

43 4608 187 4647 atum
221 4610 447 4648 sacrum
479 4589 709 4644 numinis
741 4585 902 4640 vestri
929 4584 1074 4636 adire
1096 4581 1278 4649 jussus
1307 4588 1407 4643 est,
1433 4580 1610 4631 evo'a-

68 4703 101 4737 ι.
161 4688 392 4740 Interea
428 4682 715 4753 Cyriades,
745 4677 810 4730 γ.
841 4675 901 4730 C.
933 4688 1112 4728 comes
1154 4680 1207 4723 et
1245 4669 1606 4730 mcchanicus,

45 4796 126 4828 πη
177 4784 455 4830 statutum
503 4786 679 4825 meum
711 4768 954 4822 discessu
984 4764 1096 4832 ejus
1131 4761 1333 4815 videret
1371 4760 1608 4825 elusum,

33 4871 246 4920 mltum
307 4866 514 4928 anxius
561 4876 630 4916 ne
679 4858 808 4927 quid
859 4856 910 4909 in
956 4856 1230 4908 absentem
1275 4851 1615 4903 adversarius

32 4960 296 5022 soliatur,
351 4967 411 5009 ut
449 4949 738 5008 eternitati
767 4956 956 5001 vestra:
1001 4953 1056 4998 et
1102 4944 1416 4997 relati0i;em
1450 4940 1510 4992 V.
1543 4941 1606 4994 C.

37 5047 443 5105 ere-decessoris
474 5045 603 5108 mei,
637 5052 693 5096 et
723 5055 866 5094 nunc
895 5046 1005 5092 acta
1034 5048 1400 5105 suggererem,
1448 5032 1613 5102 depo-

33 5147 214 5196 --S'_'il.:
250 5141 348 5196 cui
376 5135 712 5193 audientiam
742 5146 938 5200 negare
975 5145 1076 5182 non
1108 5130 1283 5196 potui;
1317 5127 1501 5179 eadem
1531 5126 1612 5177 via

35 5246 283 5304 recepto
328 5230 572 5287 numinis
608 5223 778 5280 vestri
811 5223 1025 5289 cupiens
1071 5219 1284 5274 edoceri
1321 5219 1444 5288 quid
1479 5218 1615 5271 facto

41 5341 122 5378 ΜΞ
156 5330 232 5380 sit
287 5326 362 5381 de
397 5320 780 5379 rstimatione
815 5323 1136 5379 sumptuum,
1167 5325 1300 5378 quos
1341 5311 1614 5378 utrimque

36 5420 300 5488 sumpsit
346 5413 668 5484 expensio:
724 5404 985 5471 situidem
1034 5417 1205 5456 meum
1251 5410 1455 5467 Spectat
1499 5402 1611 5450 olli-

45 5527 129 5562 ιιπι
157 5511 439 5578 jacwram
478 5501 743 5574 pecunia:
796 5494 1012 5561 publica:
1047 5510 1148 5548 non
1182 5503 1376 5546 tacere.
1438 5491 1615 5544 Fidem

34 5619 42 5654 ι,
71 5602 182 5657 eris
210 5602 422 5656 εοείεω
454 5602 627 5666 gesta
665 5585 1014 5656 pratstabunt.
1061 5586 1191 5650 Qua:
1224 5584 1312 5637 ubi
1345 5583 1409 5635 ad
1441 5597 1620 5635 sacras

32 5710 144 5752 λης
179 5685 563 5767 percnnilalis
599 5686 815 5734 vestra:
854 5673 1055 5728 recitata
1101 5675 1476 5741 pervenerint,
1524 5689 1616 5724 oro

1714 4581 2009 4644 asserebat,
2081 4580 2373 4634 remedium
2442 4581 2739 4647 hujusmodi
2801 4597 2919 4635 esse
2981 4582 3270 4649 provisum.

1713 4671 1863 4725 Tunc
1907 4673 2307 4738 responsionum
2355 4671 2603 4724 varietate
2643 4673 2915 4739 eommoti,
2947 4675 3272 4727 cocicuimus

1716 4779 1743 4816 a
1776 4763 2055 4830 pra-teritis
2086 4763 2490 4829 discrepantem.
2534 4763 2601 4814 At
2634 4762 2718 4815 ille
2745 4762 3024 4832 Cyriadeni
3063 4766 3158 4818 sibi
3201 4768 3272 4819 ait

1715 4854 1910 4906 dudum
1962 4853 2119 4906 fuisse
2158 4855 2365 4906 te'rori.
2411 4851 2561 4919 Quod
2591 4852 2842 4906 credibile
2873 4870 2975 4907 nun
3025 4856 3227 4906 videtur
3257 4898 3272 4918 ,

1719 4961 1839 4999 cum
1871 4947 2007 4998 illius
2037 4945 2287 5011 temporis
2318 4945 2559 5010 cngnitor
2595 4943 2658 4994 ad
2701 4944 2854 4997 fidem
2886 4946 2992 4996 veri
3022 4945 3272 4997 destricta

1715 5040 2006 5105 quaestione
2038 5035 2355 5101 pervenerit.
2390 5035 2590 5089 luterea
2614 5036 2864 5104 Cyriades
2893 5037 2953 5088 V.
2979 5037 3036 5089 C.
3070 5035 3273 5090 facilem

1723 5135 2054 5192 prospectum
2100 5141 2215 5177 che
2257 5127 2516 5192 suggessit
2563 5127 2736 5193 cperis
2777 5128 3074 5190 sarciendi,
3125 5129 3275 5196 cujus

1721 5219 2082 5276 smbilitatent,
2127 5219 2257 5269 sicut
2301 5227 2557 5270 assertum
2599 5229 2698 5282 est,
2743 5222 2926 5288 hyetns
2972 5223 3121 5272 tertia
3171 5237 3273 5274 non

1724 5325 1807 5360 rrs
1849 5312 1954 5360 lvit.
2009 5309 2121 5374 Ipse
2163 5321 2335 5359 autem
2365 5307 2428 5359 de
2461 5309 2895 5363 aediﬁcationibus
2923 5312 3162 5362 Anxetuii
3215 5311 3273 5364 V.

1725 5398 1781 5449 C.
1815 5410 1863 5450 et
1894 5401 1955 5450 de
1985 5399 2323 5463 iisut-patient:
2355 5397 2618 5449 immodici
2650 5401 2761 5452 auri
2793 5402 3039 5452 Hunni-Ha
3073 5401 3278 5455 iudieiis

1726 5492 1999 5542 iutimavit.
2061 5490 2185 5552 Qua:
2251 5490 2368 5540 ideo
2433 5488 2710 5542 Gestorum
2781 5492 2977 5557 paginis
3031 5492 3277 5556 applicari

1726 5584 1913 5647 piat-uit
1945 5590 1994 5630 ut
2029 5595 2053 5628 a
2077 5578 2294 5632 ternitas
2334 5592 2524 5643 Vestra,
2559 5581 2761 5631 iunctis
2791 5595 2880 5646 per
2907 5583 3145 5633 ordinem
3195 5598 3281 5647 pa-

1729 5676 1916 5725 llatllel'
1969 5672 2177 5736 auditis,
2221 5672 2497 5739 providere
2540 5671 2782 5739 dignetur
2843 5673 3283 5740 qtit‘tttidtuodum
