3820 6402
82 521 158 575 με
1260 523 1582 578 EPISTOIA

1690 528 1734 580 Μ
1775 527 1971 582 LIBER
2013 531 2078 585 Χ.

3162 551 3266 609 532

79 648 150 686 sex
193 633 442 686 unciarum
489 637 794 687 rctcntionc
823 641 872 687 et
909 633 1023 700 jure
1055 632 1296 687 firmatis.
1333 634 1601 702 PrtnCIpa-
1633 644 1682 695 Α
1715 635 1938 694 rissimis
1988 641 2197 697 feminis
2241 646 2470 702 oblativa
2515 665 2736 706 munera
2782 656 2952 710 soluta
2993 669 3261 716 constare.

80 725 160 774 lem
185 738 296 776 vero
335 738 570 786 causam,
602 724 768 776 salvis
806 725 1204 792 allegatiottibus
1251 726 1476 791 partium
1516 724 1600 777 fu-

79 825 174 866 turo
210 816 419 868 examini
453 819 748 868 reservavi.
803 817 862 868 Et
886 833 1006 868 mox
1032 820 1306 871 sententia:
1331 820 1601 887 exemplar

77 905 219 968 rutisi,
261 919 370 957 cum
420 906 536 972 ejus
587 907 880 960 editionem
935 919 1246 974 procurator
1298 909 1603 973 Spectabilis

81 994 154 1042 καί
189 994 419 1045 continuo
451 996 799 1061 postulasset.
823 996 966 1049 Tunc
986 996 1206 1050 Scirtius
1254 996 1443 1051 obtulit
1479 1013 1629 1051 san-'

78 1081 260 1140 itiones,
303 1082 490 1149 quibus
538 1084 778 1148 doceret,
829 1087 876 1137 in
925 1086 1297 1140 reformatione
1347 1090 1599 1141 momenti

78 1171 376 1225 nullumesse
399 1172 853 1238 appellationibus
881 1175 1074 1227 locum.
1122 1174 1383 1228 Postridie
1411 1192 1601 1244 procu-

77 1275 190 1315 rator
214 1263 522 1316 claris-imus
553 1275 610 1319 et
642 1267 891 1329 illustris,
928 1280 990 1319 ac
1027 1265 1275 1320 defensor
1313 1266 1598 1332 minorum,

76 1353 142 1418 qui
187 1353 446 1419 putabatur
500 1357 551 1409 in
601 1357 802 1423 judicio
857 1358 1198 1423 discrepare,
1261 1358 1598 1412 concordiam

75 1457 192 1494 want
229 1443 416 1508 junctis
465 1446 938 1511 provocationibus
987 1447 1303 1499 indicarunt.
1357 1447 1480 1500 Ilznc
1520 1461 1603 1504 est

75 1538 212 1588 omnis
249 1552 444 1590 summa
487 1539 813 1590 luctantinis.
864 1538 1011 1591 Nunc
1051 1537 1326 1590 oraculum
1369 1542 1600 1596 numinis

77 1631 202 1684 tcsui
229 1632 420 1683 fortuna
454 1631 564 1684 luis
595 1641 889 1699 exspectat.
938 1631 1097 1686 Gesta
1137 1643 1190 1684 et
1231 1631 1597 1698 supplementa

77 1723 205 1787 ιιπιὶς
231 1724 356 1773 utriu
389 1738 490 1792 que
521 1723 729 1791 subjeci
755 1741 766 1774 :
798 1723 986 1790 quibus
1019 1725 1270 1777 instructa
1300 1727 1600 1792 perennitas

76 1823 243 1877 vestra,
300 1816 541 1879 ειειιηιιο
601 1818 757 1868 unius
813 1830 985 1869 causa:
1039 1817 1308 1870 securitati
1363 1819 1597 1872 omnium

73 1907 323 1972 dignabitur
347 1910 648 1960 commodat
664 1923 712 1960 e.

581 2002 795 2056 EPIST.
853 2002 1029 2056 XLIX.

73 2105 110 2140 ft.
137 2104 390 2143 TﬂEODOSIO
415 2107 622 2144 SEIPER
644 2109 764 2146 AL'G.
793 2108 1097 2148 SYMMACIIUS
1124 2110 1173 2145 ν.
1212 2109 1260 2147 ιτ.
1287 2111 1453 2148 Puer.
1475 2111 1591 2148 UB3.

129 2181 394 2234 \‘endendis
425 2184 638 2246 solidis,
667 2170 802 2252 qitos
831 2187 1138 2254 plerumque
1178 2189 1416 2253 publicus
1468 2203 1592 2240 usus

72 2273 281 2338 exposcit,
310 2273 740 2326 collectariorunt
764 2290 953 2340 corpus
975 2277 1259 2328 obnoxium
1283 2285 1384 2340 est,
1408 2279 1595 2345 quibus

71 2376 164 2413 arca
190 2364 369 2414 vinaria
393 2374 593 2416 Statum
627 2364 852 2434 pretium
894 2366 1274 2420 subministrat.
1324 2367 1453 2421 IIuic
1493 2368 1594 2420 ho-

71 2453 230 2504 minum
252 2453 420 2521 generi
454 2456 744 2508 taxationis
768 2456 968 2523 exigua:
1007 2457 1232 2510 utilitate
1262 2461 1488 2520 nutanti,
1513 2458 1592 2511 di-

73 2555 145 2593 ωε
167 2541 309 2597 frater
333 2546 566 2597 numinis
601 2546 762 2600 vestri
809 2553 1009 2598 tantum
1043 2563 1137 2615 pro
1162 2549 1381 2616 singulis
1409 2548 1593 2602 solidis

73 2638 217 2704 statuit
237 2638 632 2704 conferendum,
663 2651 918 2707 quantum
951 2641 1172 2708 aequitas
1215 2640 1591 2708 illius'tetnpo-

74 2726 127 2777 ris
150 2731 429 2793 postulabat,
458 2732 520 2783 Ι).
553 2733 868 2798 imperator.
897 2731 999 2786 Sed
1030 2732 1276 2799 paulatim
1299 2733 1411 2784 auri
1434 2747 1591 2787 enor-

75 2815 216 2870 mitate
233 2829 513 2883 crescente,
542 2820 628 2873 vis
657 2819 874 2873 remedii
904 2817 1091 2874 divalis
1126 2820 1346 2873 infratta
1377 2830 1478 2874 est.
1525 2819 1591 2873 Et

74 2923 162 2959 cum
182 2908 224 2961 in
245 2910 347 2963 foro
379 2913 654 2967 venalium
692 2925 871 2968 rerum
911 2913 1110 2980 majore
1146 2928 1351 2968 summa
1389 2914 1590 2967 solidus

73 3009 340 3067 censeatur,
385 3004 760 3057 nummulariis
806 3004 968 3071 pretia
1017 3005 1220 3058 minora
1265 3005 1583 3073 penduntur.

76 3087 227 3141 Petunt
249 3091 392 3159 igitur
413 3093 482 3146 de
511 3094 817 3148 aeternitate
842 3104 1034 3156 vestra,
1078 3109 1174 3163 pro
1215 3097 1419 3149 ratione
1453 3113 1590 3166 pra:-

75 3183 196 3245 senti,
210 3185 496 3250 justissimze
525 3186 857 3240 deﬁnitionis
881 3196 1179 3253 augmenta,
1200 3188 1286 3254 qui
1309 3189 1419 3256 jam
1443 3199 1588 3244 tanto

76 3274 187 3324 oneri
212 3277 498 3329 sustinendo
544 3292 702 3344 pares
747 3291 867 3330 esse
905 3293 1007 3330 non
1060 3289 1296 3345 possunt.
1351 3282 1472 3334 llaec
1502 3289 1582 3334 est

1709 729 1817 782 Hoc
1851 747 1936 786 me
1973 733 2171 788 dudum
2220 751 2518 804 promptum
2567 751 2724 810 atque
2745 745 3002 800 declivem
3027 750 3090 801 ad
3113 751 3261 804 effla-

1704 819 1917 888 gitapda
1949 823 2240 877 illsttionutn
2267 827 2580 884 documenta
2609 831 2811 897 defixit,
2852 850 2973 888 cum
3001 838 3267 895 videretur

1705 912 1952 965 omnibus
1989 916 2367 971 securitatibus
2391 935 2509 973 esse
2534 924 2897 977 vcltemeutior
2937 927 3270 995 imperatoris

1705 1003 1950 1056 assertio.
1993 1004 2064 1057 De
2090 1006 2240 1073 cujus
2289 1012 2557 1076 responsis
2609 1013 2714 1081 jugi
2753 1016 2951 1069 honore
2981 1025 3267 1086 mansuris,

1704 1099 1899 1144 vestra:
1928 1093 2221 1148 clementia:
2252 1096 2330 1150 fas
2354 1114 2429 1151 εει
2462 1116 2580 1154 esse
2598 1102 2870 1170 judicium.
2900 1108 3002 1158 Nos
3025 1115 3268 1164 venerari

1705 1182 1897 1245 potius,
1930 1197 2086 1249 quam
2126 1184 2465 1252 interpretari
2515 1192 2727 1244 oracula
2767 1193 2939 1245 divina
2983 1201 3268 1252 consuevi-

1703 1283 1840 1322 mus.
1892 1269 2088 1325 Ptzesto
2133 1285 2256 1327 sunt
2299 1289 2639 1331 monumenta
2688 1292 2989 1348 gestorum,
3040 1287 3264 1351 partium

1703 1372 1911 1426 quoque
1945 1362 2311 1428 supplementa
2357 1382 2461 1418 non
2509 1367 2775 1427 desinunt.
2821 1372 3050 1440 .iEquutu
3089 1387 3168 1428 t-st
3212 1389 3266 1431 ut

1703 1450 1992 1518 majestatis
2031 1464 2222 1508 vestra:
2259 1456 2569 1513 informetur
2613 1461 2834 1517 arbitrio
2871 1467 3096 1520 ltuutana
3133 1484 3264 1523 cuu-

1701 1546 1880 1597 ctatio.

2311 1618 2522 1674 EPIST.
2554 1621 2638 1676 LI.

1771 1718 1821 1756 ι).
1856 1717 2145 1778 τηεοροδιο
2171 1723 2371 1764 δεηρεη
2394 1730 2512 1769 AUC.
2541 1728 2842 1772 SYMIIACHUS
2873 1734 3041 1774 PB£F.
3071 1736 3183 1774 CRB.

1772 1815 2001 1871 Moribus
2041 1820 2195 1874 suavis
2246 1823 2502 1879 fatniliare
2549 1837 2705 1895 atque
2732 1840 3012 1898 cognatum
3051 1842 3130 1885 est
3171 1848 3255 1886 ar-

1700 1920 1844 1958 mare
1892 1908 2108 1974 spiritus
2158 1913 2482 1980 impunitatis
2525 1920 2790 1985 exemplo,
2841 1921 2903 1973 D.
2945 1922 3254 1990 imperator.

1621 1989 1666 2048 Β
1696 1994 1797 2048 Cur
1825 1997 1963 2050 enim
1995 2001 2280 2055 secundum
2315 2009 2563 2073 desperet
2599 2009 2865 2079 elIugiutn,
2910 2014 2996 2081 qui
3026 1989 3255 2082 laqueos

1698 2087 1934 2141 crimtnis
1991 2091 2180 2156 prioris
2230 2095 2437 2148 evasit?
2491 2098 2739 2153 Pratsenti
2796 2116 2968 2156 causa:
3016 2110 3258 2170 congrut

1697 2181 1964 2244 pnemissa
2014 2187 2295 2250 sententia,
2343 2189 2602 2255 siquidem
2653 2193 2958 2246 Valerianus
2986 2194 3047 2247 V.
3078 2194 3140 2248 C.
3171 2197 3254 2249 cui

1697 2267 1774 2318 lar
1806 2268 1854 2319 itt
1879 2268 2039 2336 Epiro
2063 2285 2181 2327 esse
2209 2279 2521 2343 suggeritur,
2551 2296 2721 2348 neque
2764 2283 3135 2350 reseriptorum
3162 2301 3254 2338 ve-

1695 2360 1998 2422 neratione,
2040 2376 2210 2428 neque
2256 2367 2432 2435 legum
2471 2373 2772 2435 severitate,
2813 2374 2894 2426 vel
2953 2376 3250 2442 pactiouunt

1699 2447 1821 2512 ﬁde,
1853 2463 1940 2504 aut
1962 2453 2277 2520 judiciorum
2309 2465 2601 2517 reverentia
2634 2475 2991 2531 permovetur.
3024 2465 3123 2531 Qui
3149 2466 3252 2533 pri-

1699 2552 1786 2588 mo
1812 2540 1861 2592 in
1889 2556 2107 2596 examen
2137 2552 2395 2611 praetoriae
2424 2552 2564 2605 sedis
2589 2553 2767 2620 jussus
2794 2554 2987 2618 acciri,
3019 2555 3084 2606 ad
3124 2571 3249 2621 sup-

1699 2627 2029 2693 plicationem
2078 2633 2135 2684 V.
2164 2633 2225 2687 C.
2269 2636 2501 2693 Junioris
2548 2641 2650 2694 vim
2692 2643 2933 2711 rescripti
2980 2643 3243 2709 praacelste

1696 2724 1968 2786 potestatis
2011 2722 2189 2777 elusit.
2251 2726 2450 2783 Dehinc
2496 2734 2958 2798 proconsularibus
3001 2744 3248 2787 evocatus

1692 2813 1901 2880 edictis,
1928 2815 2070 2885 leges
2100 2821 2212 2886 pari
2235 2831 2352 2876 arte
2387 2823 2668 2876 frustratus
2705 2833 2803 2877 est.
2853 2822 2983 2876 Nam
3027 2839 3145 2875 cum
3194 2833 3248 2876 et

1691 2901 1898 2955 actione
1923 2905 2085 2970 civili,
2129 2919 2184 2963 et
2223 2912 2481 2965 criminali
2524 2916 2856 2967 accusatione
2902 2904 3246 2980 premeretur,

1691 2995 1898 3047 statutis
1951 2996 2231 3054 inciviliter
2259 3003 2593 3069 repugnavit,
2645 3013 2699 3054 ttt
2743 3005 3070 3070 apparitores
3111 3017 3246 3070 prte-

1692 3087 1908 3139 fecturte
1935 3089 2169 3155 urbanae,
2198 3093 2383 3158 partim
2416 3094 2655 3156 notariis,
2698 3095 2885 3159 partim
2908 3096 3245 3162 suggestione

1688 3181 1963 3246 signarunt
1993 3201 2004 3234 :
2037 3198 2260 3251 quorum
2289 3173 2424 3238 unus
2440 3186 2614 3254 agenti
2643 3185 2694 3238 in
2722 3187 2899 3252 rebus,
2927 3202 2992 3240 eo
3013 3196 3243 3250 mortuo,

1690 3270 1752 3322 ad
1783 3285 1939 3339 quem
1979 3276 2112 3325 sacri
2151 3275 2398 3341 praecepti
2446 3274 2718 3328 exsecutio
2759 3276 3073 3338 pertinebat,
3115 3277 3245 3330 affe-

75 3375 194 3414 ςδιιω
237 3341 607 3432 ψιεετίπηοηήέ.
662 3364 820 3434 ρυείηι
867 3341 1071 3422 (Ῐίνίιιιίε⁷
1101 3358 1345 3424 sensibus
1390 3375 1579 3426 vestris
1607 3341 1655 3404 ϐ
1686 3367 1826 3413 ctum
1854 3375 1962 3416 88⁸3
1986 3361 2261 3416 Valeriano
2285 3364 2531 3432 gravibus
2552 3364 2761 3432 illjill‘iis
2780 3365 3047 3419 indicavit.
3074 3367 3246 3421 Μοιυε

77 3453 175 3504 tides
192 3465 435 3520 gestorum
468 3458 682 3523 plenius
724 3457 1006 3510 intimabit.
1041 3458 1093 3511 Si
1127 3459 1391 3526 petitionis
1419 3475 1584 3528 genus

79 3545 297 3607 probabile
342 3547 630 3612 judicatis,
688 3561 871 3615 quaeso
929 3559 984 3601 ut
1034 3550 1156 3602 buic
1200 3564 1410 3617 quoque
1450 3553 1583 3617 parti

77 3635 304 3699 preceptio
331 3639 756 3692 mansuetudinis
802 3649 992 3693 vestra:
1031 3640 1242 3694 salubre
1289 3642 1582 3696 remedium

75 3720 300 3776 delentur.

652 3797 863 3852 EPIST.
901 3797 963 3855 L.

126 3897 162 3932 Β.
190 3899 451 3940 τηεουοςιο
481 3903 690 3942 δεκρειι
715 3904 832 3944 Λυϐ.
863 3904 1170 3946 SYILIACHUS
1199 3907 1363 3946 ῐιιιιεῖ.
1390 3909 1510 3948 UBE.

124 3992 305 4050 Paldiui
343 4002 775 4054 munerationum
817 4015 1108 4066 sacrarum,
1148 4004 1362 4058 Amicus
1393 4016 1445 4059 et
1475 4006 1580 4058 Ca-

73 4096 168 4144 stor,
184 4099 388 4154 quaestus
410 4093 658 4159 publicos
680 4103 948 4158 eruentes,
967 4095 1104 4148 inter
1119 4106 1310 4150 caetera
1343 4098 1578 4162 nomina,

71 4176 355 4245 Quajudicio.
371 4194 788 4251 persequuntur,
821 4185 1054 4239 ltzercdes
1085 4185 1412 4241 Postumiani
1435 4188 1496 4240 V.
1513 4187 1577 4242 C.

73 4261 110 4314 in
128 4281 312 4321 examen
331 4286 504 4326 meum
542 4273 986 4330 conventionibus
1024 4286 1331 4339 evocarunt,
1378 4278 1436 4330 D.
1479 4277 1582 4330 im-

73 4365 254 4418 perator.
284 4359 510 4418 Luciano
543 4374 819 4428 mouente,
845 4368 933 4433 qui
956 4381 1148 4421 census
1169 4370 1430 4422 senatoris
1452 4378 1578 4424 ante

73 4451 280 4512 tractant,
305 4454 440 4520 quod
468 4455 724 4508 oblativis
752 4456 1106 4511 [unctionibus
1132 4472 1191 4511 ea
1229 4458 1442 4512 dentom
1483 4458 1578 4511 do-

72 4547 159 4588 mus
178 4549 302 4594 esset
322 4542 550 4597 obnoxia
586 4560 600 4596 :
627 4557 747 4608 pars
775 4544 937 4598 debiti
963 4545 1274 4612 Lollianam,
1309 4561 1429 4614 pars
1449 4543 1574 4599 Cat-

71 4624 272 4684 tiauillam
297 4637 490 4701 pariter
516 4650 585 4689 ac
613 4635 931 4690 Severellam
959 4639 1336 4706 suggerebatur
1363 4653 1568 4707 urgere.

1686 3450 1845 3518 igitur
1873 3451 2182 3518 indignitate
2205 3453 2383 3506 talium
2431 3456 2766 3521 querelarum
2796 3495 2811 3518 ,
2841 3470 2960 3509 cum
3008 3457 3242 3510 viderem

1686 3555 1868 3593 rursus
1896 3543 2040 3594 illudi
2074 3558 2229 3609 posse
2252 3543 2483 3610 judiciis,
2514 3546 2558 3598 si
2593 3547 2717 3613 quid
2745 3549 2982 3600 severius
3008 3551 3242 3604 censuis-

1683 3646 1818 3695 sem,
1844 3631 1981 3685 factu
2008 3635 2264 3701 Optimum
2289 3634 2511 3697 credidi,
2530 3647 2587 3689 ut
2609 3636 2887 3708 atternitati
2913 3647 3098 3690 vestra:
3119 3653 3242 3693 cau-

1684 3736 1756 3775 sae
1782 3724 1932 3777 istius
1959 3724 2281 3792 pontilicium
2315 3741 2661 3780 reservarem.
2687 3727 2795 3780 Soli
2825 3728 2965 3782 enim
2983 3729 3102 3796 jure
3121 3744 3242 3797 cor-

1682 3813 1852 3880 rigitis
1905 3815 2133 3868 admissa
2189 3817 2478 3885 potissimm
2519 3817 2808 3886 dignitatis.
2877 3817 3034 3872 Fides
3078 3822 3241 3889 gestis

1684 3919 1862 3958 rerum
1894 3906 2277 3960 cohaerentibus
2302 3907 2598 3972 explicatur
2631 3924 2642 3958 :
2673 3907 3016 3963 nihilominus
3057 3911 3120 3961 ad
3153 3925 3237 3964 se-

1683 4004 1860 4047 natum
1888 4009 2161 4062 regressus
2189 3997 2479 4063 apparitor,
2510 4000 2598 4065 qui
2624 3998 3005 4051 contumaciam
3035 4009 3237 4053 senato.

1681 4085 1754 4139 ris
1775 4094 1828 4138 et
1850 4087 2069 4139 serviles
2095 4087 2322 4154 impe.us
2343 4088 2624 4151 nuntiavit,
2651 4091 3074 4158 suggestionibus
3100 4094 3236 4156 suis,

1679 4192 1801 4230 cum
1850 4177 1984 4230 forte
2026 4191 2152 4229 usus
2188 4177 2388 4244 tulerit,
2416 4178 2713 4233 adfuturus.
2753 4184 2943 4246 Quaeso
2985 4192 3237 4237 aeternam

1678 4265 2009 4320 clementiam
2034 4276 2264 4319 vestram
2294 4275 2370 4330 ttt,
2393 4268 2638 4322 omnibus
2663 4268 2817 4322 solita
2839 4272 3088 4339 atquitate
3114 4287 3236 4341 per-

1677 4358 1878 4424 pensis,
1902 4361 2108 4422 evagari
2133 4356 2350 4411 ulterius
2375 4357 2737 4412 frustratoreut
2768 4369 2846 4414 tot
2869 4362 3100 4429 judicum
3129 4378 3233 4416 non

1676 4445 1880 4498 sinatis.

2269 4515 2482 4571 EPIST.
2520 4517 2630 4572 LII.

1746 4621 1794 4656 Ι).
1822 4619 2107 4659 τυεοῡοειο
2129 4619 2328 4660 εευῐιειι
2357 4623 2478 4662 AUC.
2515 4623 2815 4664 SYMIACHUS
2844 4625 3007 4663 [τηειρ.
3039 4625 3158 4666 υειΒ.

71 4712 227 4773 interea
250 4695 575 4790 sequestram
603 4726 850 4781 Lottiang
869 4726 928 4780 ο,
953 4695 1275 4793 Ρλῖοιηξηε,
1297 4695 1452 4796 ηυξιῶ
1475 4743 1570 4796 pro
1601 4695 1650 4754 ο
1752 4719 1969 4774 Difﬁcile
1994 4730 2077 4773 est
2104 4730 2160 4774 ut
2194 4721 2330 4774 bona
2369 4736 2526 4783 causa
2557 4722 2664 4787 sit,
2708 4723 2858 4790 cujus
2897 4725 3038 4776 actio
3071 4724 3122 4777 in
3148 4725 3234 4791 jus

69 4816 139 4857 sex
172 4813 320 4867 unciis
353 4816 598 4884 astringit
636 4818 842 4870 exactio
874 4834 884 4867 :
935 4816 1120 4870 Itorum
1149 4828 1264 4870 orta
1291 4818 1573 4887 refragatio

71 4905 149 4956 est.
171 4912 281 4968 quos
307 4921 397 4972 pro
415 4908 648 4976 singulis
669 4908 925 4961 bonorum
954 4908 1332 4976 quadrantibus
1355 4910 1573 4963 solutio-

73 4986 133 5038 nis
150 5001 255 5044 cura
292 4997 586 5050 mordebat.
636 4995 1108 5065 Compereudiuato
1154 5002 1464 5068 plerumque
1489 5002 1573 5065 ju-

70 5073 348 5138 dicioreseo
371 5086 602 5141 deducta
632 5097 732 5151 est,
757 5099 813 5139 ut
847 5088 955 5140 fisci
988 5091 1332 5155 patrocinium
1370 5093 1572 5143 securi-

71 5173 176 5222 tales
195 5185 222 5224 a
237 5173 536 5232 clarissimis
558 5179 801 5246 personis
825 5178 1021 5245 impleti
1049 5195 1144 5247 per
1171 5181 1312 5234 vices
1339 5181 1572 5234 muneris

72 5257 657 5330 hgitaret,Cattianill:e
702 5285 830 5324 vero
881 5286 944 5322 ac
995 5271 1281 5325 Severellte
1332 5263 1572 5328 defensio

69 5355 300 5420 εσίμηά
326 5361 583 5416 rationem
610 5362 774 5416 divini
824 5365 1077 5432 princ‘pis
1114 5363 1431 5418 mitteretur.
1467 5364 1572 5419 Ve-

73 5447 136 5494 tus
154 5445 270 5501 enim
289 5453 527 5520 qualia,
564 5463 620 5507 et
664 5454 1051 5521 cognitionibus
1092 5456 1420 5523 pra-tectura:
1459 5456 1568 5508 fre-

71 5540 248 5592 tanta
269 5539 474 5609 agitata,
498 5556 672 5612 usque
697 5545 762 5598 ad
792 5543 971 5614 inclyti
995 5560 1313 5617 semperque
1350 5550 1567 5602 verendi

72 5622 274 5683 mihi
295 5638 448 5689 vestri
477 5633 714 5688 cucurrit
743 5635 1016 5690 arbitrium
1047 5651 1061 5689 :
1087 5640 1174 5705 qui
1205 5638 1432 5693 Juventii
1457 5642 1567 5692 cla-

73 5708 250 5771 τίδιὶαι
283 5722 569 5779 «illustris
595 5725 868 5779 memoria:
899 5728 1127 5792 prefecti
1167 5728 1296 5783 Urbi
1330 5733 1566 5785 insinua-

79 5801 190 5857 li'mc
205 5810 448 5868 consultus
473 5815 702 5884 quadam
729 5815 970 5883 rescripti
1001 5828 1149 5885 parte
1179 5818 1423 5888 signavit,
1455 5825 1581 5877 suis-

79 5891 311 5972 ‘lllnllque
333 5907 654 5976 tanporibus
683 5922 711 5962 a
735 5906 1033 5964 Cattiauilla
1063 5926 1121 5966 ac
1159 5912 1422 5967 Severella
1458 5917 1563 5970 cla-

1679 4811 1898 4863 alterius
1923 4811 2293 4878 desperatione
2325 4816 2656 4866 transfertur.
2689 4814 2743 4867 Id
2765 4815 2898 4868 adeo
2919 4830 3007 4868 res
3044 4816 3234 4879 proba-

1680 4905 1774 4968 vit,
1810 4905 1871 4958 D.
1900 4905 2202 4970 imperator.
2236 4906 2366 4958 Nam
2408 4905 2716 4958 Theodorus
2739 4945 2756 4970 ,
2795 4915 2851 4957 ut
2891 4904 3136 4968 asseruit,
3166 4922 3231 4958 ex

1679 5005 1890 5060 pectore
1929 4993 1994 5045 ab
2037 4994 2241 5046 Anania
2287 4993 2516 5060 quadam
2563 4995 2615 5048 in
2673 5009 2731 5047 re
2778 5007 2873 5045 sua
2924 5006 3232 5060 procurator

1676 5094 1901 5141 creatus.
1929 5085 2244 5152 jampridem
2284 5085 2578 5146 clarissimo
2617 5093 2774 5152 atque
2801 5085 3232 5138 emendatissimo

1677 5176 1792 5234 viro
1819 5174 2074 5236 Cuprasio
2098 5175 2315 5228 urbanis
2355 5176 2704 5228 tribunalibus
2743 5174 3080 5242 prasidente,
3113 5174 3229 5225 Fla-

1677 5269 1883 5319 vianum
1911 5266 2188 5332 quemdam
2217 5268 2520 5321 denuntiata
2552 5267 2643 5319 lite
2672 5266 2894 5330 pulsavit
2921 5267 3048 5319 :sed
3082 5265 3226 5317 diem

1678 5358 1968 5425 legitimum
1995 5373 2168 5409 causa:
2216 5359 2393 5425 lapsus
2434 5359 2679 5411 excessit.
2729 5357 2907 5426 Longo
2947 5357 3226 5410 intervallo

1678 5449 1832 5516 petita
1848 5463 1876 5499 a
1891 5464 1973 5501 me
1990 5449 2270 5515 reparatio,
2291 5463 2410 5501 cum
2439 5459 2612 5515 partes
2630 5446 2695 5499 ad
2719 5445 3070 5501 necessarium
3097 5462 3224 5500 con-

1677 5541 1913 5592 traxisset
1938 5554 2180 5602 exameu,
2211 5549 2330 5607 post
2367 5540 2556 5591 multas
2582 5537 2942 5605 allegationes,
2973 5553 3104 5606 quas
3137 5540 3226 5605 ju-

1674 5634 1807 5684 dtcia
1837 5643 1891 5683 ut
1931 5633 2013 5682 inv
2034 5631 2182 5683 .lidas
2212 5639 2525 5694 respuerunt
2547 5668 2562 5692 ,
2608 5645 2722 5681 orta
2754 5631 3082 5696 przescriptio
3110 5638 3218 5695 est,

1671 5741 1788 5795 qua:
1818 5736 2078 5779 assereret
2100 5725 2278 5777 novari
2312 5734 2544 5790 tempora
2568 5738 2870 5790 possessore
2899 5733 3107 5775 mortuo
3128 5723 3224 5776 dc-

1674 5818 1867 5870 ltuissc.
1909 5816 2036 5867 Natu
2082 5815 2354 5868 constabat
2406 5832 2510 5867 ttou
2554 5815 2708 5868 modo
2756 5814 3082 5877 Flavianum,
3132 5815 3221 5878 qui

1672 5917 1988 5983 propositam
2033 5913 2231 5983 legibus
2275 5917 2622 5983 lqumstionem
2672 5915 2867 5984 primus
2916 5915 3214 5984 exceperat.
