3820 6388
495 349 596 399 387.
1649 347 1711 414 ρ,
1754 342 2054 399 auneuur

2161 342 2541 395 >Y;\I.\I.\CIIUS
3611 341 3695 394 πει

495 461 584 513 Sed
610 462 765 511 etiam
795 475 1175 512 successorem.
1205 459 1319 526 ejus
1366 459 1521 512 finem
1574 457 1762 511 fecisse
1814 453 2044 508 vivendi.
2081 459 2122 512 Α

498 555 574 606 Ad
606 554 700 603 hoc
731 553 998 618 praemissa
1027 563 1108 604 est
1135 553 1310 608 lectio.
1347 551 1508 603 veluti
1541 549 1792 616 probatur
1823 547 2049 606 indiciis,

496 644 828 696 n0vationem
859 652 1056 695 tantum
1105 643 1346 708 petitoris
1389 641 1586 693 Itmredi
1623 654 1739 691 esse
1760 638 2048 689 decretam.

492 734 640 797 Quod
667 735 824 784 verho
847 733 1054 797 quidem
1106 744 1384 791 asscitum.
1431 732 1521 784 sed
1554 728 1915 782 sanctionibus
1945 741 2049 792 non

494 824 796 887 probatum.
843 824 1121 875 contrariae
1164 825 1292 888 legis
1331 824 1639 874 recitatione
1688 831 2050 885 compressum

490 924 592 963 i-SI.
624 912 844 964 Secutus
873 912 1026 979 igitur
1050 913 1178 964 scita
1205 913 1477 966 manifesta
1503 923 1553 965 et
1579 911 1735 964 nullis
1762 909 2050 975 principum

490 1011 705 1052 vacuata
737 1002 1001 1066 respoiisis
1026 1040 1042 1064 ,
1085 1016 1296 1054 cessare
1334 1016 1636 1068 processum
1677 1001 1870 1066 negotii
1910 999 2052 1064 judi-

488 1090 601 1140 cavi
637 1106 649 1138 :
677 1103 794 1141 cum
822 1091 884 1140 bs
910 1089 1060 1141 alteri
1087 1090 1415 1152 denuntiata,
1441 1091 1595 1142 aliam
1622 1103 1893 1154 personam
1921 1095 2049 1137 tetu-

491 1180 704 1244 poribns
729 1182 927 1232 exactis
951 1192 1130 1236 tenere
1169 1198 1270 1234 non
1303 1193 1496 1250 posset.
1529 1182 1677 1234 Tunc
1705 1179 1893 1233 oblatis
1926 1194 2050 1246 pro-

490 1272 779 1322 vocatioms
805 1275 960 1323 etiam
1002 1272 1295 1324 novationis
1323 1271 1532 1333 libellis,
1555 1284 1808 1339 suspensa
1842 1278 2050 1321 senten-

491 1359 582 1410 tia.
615 1359 774 1425 Cujus
816 1362 1056 1427 titt‘ritutu
1091 1364 1391 1426 [tetenni'as
1415 1371 1584 1413 vestra
1617 1360 1765 1412 lectis
1803 1357 1963 1426 gestis
1993 1371 2052 1409 ac

491 1450 814 1501 refutatoriis
833 1451 1224 1503 colizereutilms
1247 1453 1546 1502 a-stimahit.
1575 1451 1680 1518 Ego
1700 1451 1748 1502 in
1773 1449 2052 1502 referendo

493 1537 729 1602 prolixus
750 1553 869 1591 esse
905 1555 1006 1588 non
1036 1539 1215 1601 debui,
1251 1553 1368 1589 cum
1401 1553 1532 1605 pene
1559 1539 1607 1590 in
1646 1539 1758 1604 ipso
1784 1538 2049 1591 actionmu

491 1628 748 1680 vestibulo
773 1631 976 1695 repu'sa
1008 1630 1207 1696 legibus
1232 1644 1388 1682 causa
1413 1631 1736 1682 constiterit.

1087 1823 1296 1877 EPIST.
1333 1822 1461 1876 LIII.

559 2015 609 2052 ι).
639 2014 927 2052 τιιευῐιοςιο
954 2014 1156 2052 εεκιρεη
1186 2015 1304 2054 AUC.
1337 2013 1640 2052 εῖιιιιλςιιιε
1663 2014 1828 2052 Ριιιεε.
1862 2013 1976 2052 URB.

559 2176 614 2227 lu
645 2176 819 2228 causis
846 2192 891 2239 a5
915 2175 1255 2241 pellationum
1288 2173 1426 2226 malo
1457 2173 1544 2238 jus
1571 2171 1841 2240 potestatis
1869 2170 2050 2222 infrin-

490 2282 636 2332 gere,
669 2283 823 2334 quam
862 2265 1354 2329 interpretationum
1395 2262 1549 2316 dubia
1586 2263 1886 2323 sustinere;
1921 2275 2052 2326 pra:-

487 2361 672 2411 sertim
699 2361 940 2409 conscius
975 2357 1109 2407 haud
1147 2357 1335 2424 iniqua:
1361 2355 1722 2422 judiCatiouis,
1761 2352 1841 2405 cui
1873 2353 2051 2404 nonni-

489 2451 559 2502 hil
619 2450 831 2502 honoris
877 2449 1120 2511 eveniet,
1164 2451 1207 2499 si
1246 2447 1559 2500 mternitatis
1605 2455 1799 2496 vestra:
1839 2443 2051 2495 oraculo

486 2539 795 2603 roboretur,
846 2539 903 2590 D.
962 2543 1265 2604 imperator.
1321 2535 1434 2589 Tuli
1485 2537 1644 2598 igitur
1687 2536 2049 2586 Constantium

486 2629 676 2684 Suariu
702 2650 728 2679 u
762 2640 958 2680 temere
984 2638 1382 2695 provocantem,
1413 2642 1533 2678 cum
1563 2641 1625 2678 et
1662 2641 1807 2677 rescr
1831 2635 1920 2691 pto
1958 2642 2053 2675 nu-

487 2722 644 2771 tuiuis
665 2722 822 2770 vestri
853 2727 1064 2777 statum,
1093 2732 1247 2784 quem
1278 2715 1576 2768 Theodosio
1602 2718 1806 2767 absenti
1834 2714 2049 2766 ademe-

486 2819 586 2867 rat,
619 2807 1009 2860 rcforma~sem.
1069 2809 1203 2858 Mota
1243 2807 1384 2858 enim
1416 2817 1588 2857 vestra
1612 2805 1890 2856 clementia
1925 2818 2052 2871 sup-

488 2899 854 2966 plicationibus
901 2910 953 2950 et
992 2898 1252 2965 querelis,
1299 2899 1440 2962 brevi
1484 2896 1726 2949 examine
1762 2891 1922 2963 jussit
1971 2895 2053 2948 in-

485 2992 621 3054 un-i-i
672 3007 736 3042 au
794 2990 1092 3042 Theodosio
1150 2998 1298 3042 extra
1363 2986 1668 3041 conflictum
1724 2987 1934 3051 locato,
1991 2989 2052 3041 a'c

485 3083 568 3133 dei
611 3081 676 3134 de
703 3094 766 3134 ne
799 3081 954 3133 rebus
985 3081 1258 3132 c\ciderct
1285 3089 1630 3146 provocante,
1660 3079 2048 3145 pos-cssionem

487 3185 768 3236 t-urpm'um
801 3173 1140 3221 (Ionsmnttus
1161 3181 1298 3222 esset
1326 3169 1592 3235 indeptus.
1625 3171 1771 3233 Alleg
1811 3179 1857 3218 ta
1893 3170 2048 3236 igitur
2075 3149 2121 3210 (ἶ
2155 3149 2382 3226 debitam
2419 3173 2632 3225 silcn'io
2677 3172 2871 3226 violare
2914 3188 3015 3225 non
3067 3172 3206 3238 potui

487 3266 841 3328 praeceptione
869 3262 1062 3324 divina,
1101 3261 1271 3328 primo
1301 3261 1654 3328 cognitionem
1699 3262 1857 3312 totius
1887 3275 2048 3329 nego-

489 3355 567 3411 tu,
601 3353 836 3418 quamvis
867 3353 1141 3419 speuiatim
1167 3351 1292 3403 mihi
1320 3351 1711 3418 tranquillitatis
1743 3365 1929 3403 νοείτω
1961 3351 2051 3403 de—

491 3443 747 3509 it'gilIiOIIC
771 3441 1091 3505 mandatam,
1135 3440 1196 3494 ν.
1232 3439 1292 3491 C.
1337 3439 1515 3491 vicarii
1551 3442 1844 3506 prmsentiie
1880 3454 2053 3492 reser-

491 3535 606 3584 vavi
642 3533 937 3599 :siquidi-m
969 3531 1246 3583 ridebatur
1274 3531 1385 3584 hinc
1412 3544 1569 3584 causa
1606 3532 1817 3584 caneris
1861 3545 2053 3599 provo-

489 3624 783 3674 citionibus
809 3637 928 3675 esse
963 3625 1264 3694 conjuncta,
1296 3638 1412 3687 qua:
1447 3622 1509 3674 V.
1546 3621 1609 3673 C.
1657 3624 2050 3687 pra-decessore

492 3729 610 3766 meo
643 3714 967 3781 negabantur
995 3713 1263 3776 admissm,
1280 3715 1566 3765 etalterutn
1587 3728 1791 3765 mecum
1811 3727 2053 3777 sumpse-

495 3804 944 3870 ratcoguitorem.
990 3802 1214 3869 Dehinc,
1265 3803 1351 3854 uhi
1395 3818 1512 3855 eam
1567 3785 1800 3869 partem,
1841 3820 1960 3870 qum
1990 3801 2053 3854 ad

491 3893 632 3946 illius
664 3895 916 3961 temporis
939 3894 1170 3962 judicent
1206 3894 1524 3962 pertinebat,
1554 3903 1730 3947 vestro
1770 3896 2055 3948 retinui-tis

491 3986 724 4038 eramini
750 4029 764 4051 ,
797 3987 1167 4054 appellationis
1216 3987 1560 4054 inquisitione
1607 3984 1834 4037 discreta
1870 4025 1883 4047 ,
1935 3999 2052 4036 cum

491 4076 597 4144 jam
623 4076 928 4143 participem
949 4077 1134 4142 judicii
1170 4091 1271 4129 non
1298 4076 1574 4139 haberem,
1601 4077 1824 4129 turbata:
1852 4091 2058 4142 posscs-

493 4168 657 4219 sion's
686 4170 954 4236 querelam
987 4171 1243 4235 rescripto
1271 4168 1556 4221 obsecutus
1594 4168 1791 4220 audivi.
1839 4169 1899 4220 Et
1937 4169 2056 4235 quia

496 4258 852 4311 Theodosium
881 4260 1076 4326 judicio
1104 4277 1205 4312 non
1249 4260 1549 4314 interfuisse
1591 4262 1858 4312 constabat
1887 4299 1903 4324 ,
1955 4276 2059 4328 quo

500 4351 598 4401 sibi
630 4353 870 4416 demptas
899 4361 1118 4418 quesms
1147 4361 1228 4403 cst
1255 4351 1546 4414 facultates,
1589 4368 1683 4406 nec
1711 4354 1811 4404 ulla
1844 4368 2056 4420 precum

497 4442 769 4493 mendacia
790 4440 1128 4494 Constantius
1149 4443 1424 4508 detegebat
1449 4460 1459 4492 :
1481 4454 1762 4495 exsecutus
1784 4460 1895 4494 sum
1922 4440 2058 4493 circa

2755 454 2963 506 EPIST.
2998 455 3121 508 LIV.

2157 560 2238 596 DD.
2274 559 2562 596 raeooosm
2597 561 2658 597 ετ
2685 561 2902 596 ARIZAIHO
2933 561 3131 597 SIZMI'EB
3162 562 3279 600 Δια.
3321 561 3620 600 3\|II.\CIUS
3649 564 3692 601 τ’.

2725 629 2771 666 C.
2816 630 2982 665 I‘IIJEF.
3025 631 3142 666 [ΚΒ.

2222 720 2416 773 Οηιιιυε
2447 720 2534 786 qui
2565 720 2627 772 ad
2653 721 3002 781 amplissimos
3030 723 3284 775 bonorum
3310 725 3502 791 gradus
3522 726 3699 792 judicio

2152 812 2445 863 clementize
2471 821 2659 863 vestr.e
2691 811 2769 864 vel
2796 811 2974 863 favore
2997 813 3356 880 provehimur,
3379 829 3583 865 summo
3603 829 3693 868 sui.

2151 902 2238 952 dio
2267 903 2517 952 debenms
2549 903 2672 952 eniti
2711 912 2762 952 ut
2794 905 2982 952 famam
3009 903 3183 954 s:i-culi
3207 907 3597 970 suggestionnm
3619 922 3692 957 ve-

2154 994 2307 1042 ritate
2335 1003 2591 1053 tueantur,
2623 991 2680 1046 D.
2719 993 3023 1058 imperator.
3055 992 3200 1057 Quod
3235 995 3375 1044 enim
3407 1009 3571 1060 genus
3595 1009 3696 1059 gra-

2153 1081 2236 1131 tia:
2267 1080 2535 1132 beneficiis
2576 1081 2867 1147 principum
2915 1081 3263 1146 rependendie
3301 1083 3506 1134 fortuna
3549 1085 3698 1147 impar

2153 1170 2401 1231 inveniet,
2434 1172 2476 1222 si
2510 1171 2660 1238 fidem
2686 1173 2895 1223 deserat
2920 1187 3038 1238 quie
3065 1172 3174 1223 sola
3206 1173 3370 1223 munit
3397 1173 3697 1240 imperium?

2152 1259 2540 1323 Contemplauti
2573 1260 2698 1311 mihi
2733 1261 2890 1327 igitur
2924 1263 3238 1325 rescriptum
3269 1263 3500 1315 numinis
3531 1266 3693 1326 vestri.

2151 1367 2418 1419 quoarcze
2451 1351 2664 1403 vinaria!
2704 1351 2875 1404 debita
2921 1367 2946 1403 a
2990 1351 3238 1418 prmfecto
3282 1355 3398 1420 ejus
3442 1357 3693 1422 (entp'ris,

2153 1462 2254 1511 quo
2288 1457 2555 1498 contracta
2599 1449 2870 1509 dicuntur,
2913 1451 3023 1500 erui
3067 1448 3382 1511 censuistis,
3439 1449 3592 1501 silere
3633 1447 3698 1500 fas

2153 1551 2256 1589 που
2282 1536 2392 1596 fuit,
2413 1536 2532 1604 quid
2561 1548 2852 1599 temporum
2873 1549 3164 1590 vestrorum
3185 1548 3440 1604 cangruat
3461 1538 3694 1605 aequitati.

2151 1627 2266 1680 Jam
2297 1628 2516 1694 primum
2545 1635 2756 1693 stupere
2781 1644 2862 1679 me
2891 1629 3073 1690 fateor,
3101 1626 3299 1680 caalesti
3329 1625 3698 1680 mansuetudini

2154 1731 2341 1773 vestra:
2396 1721 2557 1772 totius
2599 1720 2743 1772 orbis
2777 1721 2999 1786 negotiis
3031 1729 3318 1784 occupatae,
3371 1719 3574 1770 litteras
3609 1718 3697 1770 divi

2006 1831 2009 1835 -
2079 1803 2123 1860 Β
2151 1810 2438 1862 Constantii
2467 1809 2532 1860 ita
2559 1824 2676 1861 esse
2704 1819 2990 1876 suggestas,
3020 1816 3074 1859 ut
3095 1809 3436 1860 comminatio
3459 1807 3560 1860 sub
3579 1819 3712 1859 con-‘

2152 1900 2354 1953 ditione
2378 1900 2684 1964 deprompta
2718 1899 2883 1951 instar
2909 1899 3180 1965 cujusdam
3201 1897 3362 1950 debiti
3393 1897 3693 1950 duceretur:

2151 1989 2446 2043 dehinctac
2490 2006 2572 2040 um
2605 1989 2828 2052 quodam
2869 2003 2993 2041 ca-u
3031 1990 3095 2042 de
3145 2001 3207 2041 ea
3257 1997 3405 2052 parte
3450 1987 3698 2054 rescripti,

2155 2097 2268 2144 qua:
2296 2081 2502 2134 tenebat
2533 2082 2800 2144 officium,
2844 2092 2898 2132 ut
2939 2094 3162 2146 persona
3205 2077 3418 2146 judicis,
3468 2087 3698 2145 tanquam

2153 2174 2327 2234 vilmr,
2356 2173 2712 2238 apparitorum
2756 2187 2971 2224 suorum
3015 2172 3324 2239 impunitate
3357 2182 3698 2238 premeretur:

2154 2266 2325 2324 tertio,
2350 2265 2485 2332 quod
2518 2279 2576 2316 ea
2617 2279 2820 2316 summa
2862 2263 3170 2323 solidorum,
3209 2277 3362 2328 quam
3402 2261 3631 2329 cognitio
3661 2273 3702 2314 et

2153 2357 2340 2410 relatio
2395 2357 2489 2409 \iri
2539 2357 2756 2409 illustris
2806 2354 3211 2423 pra-decessoris
3255 2355 3356 2407 mei
3398 2368 3463 2406 ex
3521 2353 3702 2421 majore

2157 2466 2304 2517 parte
2333 2438 2552 2503 solutam
2588 2450 2843 2517 probavit,
2895 2449 3105 2510 :erario,
3151 2458 3397 2515 tanquam
3439 2445 3614 2498 debita
3653 2453 3698 2497 et

2157 2545 2346 2596 intacta
2380 2542 2698 2609 tit‘pOSCiIIII‘.
2735 2547 2902 2605 Atque
2936 2541 3071 2593 ideo
3099 2540 3234 2591 inter
3266 2537 3426 2590 multa
3473 2552 3704 2591 curarum

2157 2633 2457 2686 summatim
2491 2632 2737 2682 n-rnnnlla
2763 2631 3029 2683 traeianda
3060 2636 3200 2680 sunt.
3239 2627 3474 2693 Namque
3514 2641 3570 2679 ιι
3605 2625 3704 2677 mil-

2157 2723 2223 2775 lia
2255 2737 2507 2776 ccccnvi
2540 2722 2740 2773 sulidus
2770 2735 2832 2771 ex
2881 2735 2946 2772 eo
2977 2734 3119 2770 anno
3158 2717 3245 2786 qui
3273 2717 3439 2785 Srrgii
3468 2725 3524 2769 et
3553 2716 3705 2783 Nigri-

2159 2815 2294 2865 niani
2330 2816 2562 2882 ~equitur
2589 2815 2939 2875 consulatum,
2983 2813 3147 2864 sat-ris
3190 2812 3480 2864 arcessise
3513 2811 3705 2862 thesau-

2157 2905 2250 2966 ris,
2285 2913 2334 2955 et
2364 2903 2686 2970 pr:efectur;e
2711 2903 3000 2970 inquisitio,
3043 2913 3096 2956 et
3120 2903 3477 2963 discussurum
3507 2902 3703 2961 littera.

2156 3005 2209 3047 et
2234 2995 2292 3046 V.
2325 2994 2382 3047 C.
2419 2995 2827 3061 pnedccessmis
2860 2997 2956 3046 mei
2993 2992 3190 3058 scripta
3224 2992 3545 3046 docuerunt.
3584 2991 3707 3043 Inter

2160 3084 2271 3137 haec
2295 3086 2447 3152 igitur
2476 3099 2575 3134 tam
2609 3085 2765 3135 multa
2791 3083 2982 3146 valida,
3013 3084 3168 3135 fidem
3208 3083 3507 3136 clementia:
3537 3091 3708 3134 vestra:

3257 3190 3268 3224 :
3316 3186 3436 3224 cum
3488 3180 3708 3224 vi-strum

2153 3279 2359 3330 quoque
2390 3279 2578 3315 uuunn
2605 3264 2933 3316 adverterem
2967 3263 3118 3315 soluta
3153 3263 3418 3328 tautioue,
3446 3277 3617 3330 neque
3635 3263 3706 3327 jo-

2153 3354 2282 3407 dicis
2313 3370 2498 3407 nomen
2529 3356 2760 3423 signasse
2801 3355 3056 3423 res-:ripto
3083 3396 3096 3417 ,
3122 3363 3184 3407 *ct
3220 3355 3535 3414 aestimasse,
3577 3352 3705 3420 quod

2152 3444 2546 3497 eottveniendus
2570 3445 2685 3497 luce
2713 3444 2997 3498 frueretur.
3034 3443 3161 3495 Nam
3188 3443 3457 3510 quomodo
3492 3448 3712 3496 c'emeo—

2157 3537 2222 3586 tia
2254 3546 2422 3587 vestra
2446 3535 2546 3585 vim
2580 3535 2770 3588 veteris
2795 3535 3217 3589 catumiuationis
3245 3534 3293 3583 in
3327 3542 3595 3585 mortuum
3641 3543 3708 3585 te-

2158 3628 2426 3690 tendisset,
2473 3643 2589 3680 cum
2631 3629 2866 3697 gravium
2919 3629 3078 3681 etiam
3121 3642 3382 3680 noxarum
3428 3641 3584 3691 ptena
3624 3624 3714 3676 fine

2157 3721 2273 3770 vite
2298 3720 2573 3771 solvatur?
2604 3722 2672 3772 At
2710 3736 2835 3773 vero
2865 3720 2960 3773 iste
2985 3728 3155 3773 terror
3182 3719 3286 3770 divi
3311 3717 3565 3785 prim-ipis
3588 3716 3714 3768 litte—

2158 3810 2230 3868 ris
2250 3809 2680 3876 compri-heusus,
2703 3828 2766 3863 ne
2790 3813 3050 3864 viventem
3074 3809 3284 3878 quidem
3312 3817 3493 3875 posset
3516 3822 3713 3875 urgere.

2158 3899 2344 3952 Gratia
2376 3903 2514 3952 enim
2557 3902 2805 3968 subjectis
2837 3915 2974 3968 saepe
3008 3899 3341 3960 niinitamini,
3377 3897 3604 3951 acuendi
3635 3909 3716 3962 po-

2162 3989 2262 4040 tius
2307 3995 2483 4042 studio
2530 4008 2685 4058 quam
2719 3991 2964 4043 nocendi.
3000 3989 3108 4043 Iloc
3136 3991 3295 4044 c'iam
3341 3989 3496 4042 divus
3524 3985 3716 4056 genitor

2162 4093 2302 4142 tuus,
2367 4083 2417 4132 in
2460 4083 2693 4133 omnium
2742 4097 2951 4148 semper
2998 4082 3187 4133 animis
3226 4090 3280 4133 et
3331 4093 3423 4132 ore
3473 4077 3717 4136 victurus,

2163 4172 2242 4236 pia
2269 4171 2380 4236 lege
2401 4170 2673 4221 constituct
2707 4187 2716 4223 :
2751 4172 2837 4237 qui
2870 4171 3185 4222 sententiam
3210 4181 3420 4234 quoque
3463 4166 3565 4218 sub
3590 4178 3721 4216 como

2163 4247 2445 4312 initiatione
2468 4244 3059 4326 deproinptam,effectu
3090 4268 3245 4325 atque
3273 4255 3621 4309 esseantione
3641 4267 3718 4305 va-

2162 4352 2355 4402 cuavit.
2409 4352 2551 4403 llanc
2593 4367 2718 4402 vero
2759 4339 3115 4404 Conditionum
3141 4390 3154 4412 ,
3199 4364 3352 4415 quam
3391 4347 3548 4400 divus
3596 4343 3721 4399 Con-

2168 4451 2389 4493 stanLus
2433 4439 2627 4506 adjecit
2673 4442 2860 4494 litteris
2902 4440 3046 4500 suis,
3090 4439 3253 4489 multa
3297 4451 3416 4506 qua:
3466 4447 3584 4504 post
3623 4435 3721 4486 visa

498 4547 804 4596 germanum
835 4534 1204 4598 supphcatoris
1242 4535 1504 4588 ltzeredem
1535 4537 1754 4589 caeleste
1783 4537 2055 4602 judicium,
2096 4504 2141 4561 D
2167 4531 2646 4582 sputsnbruerunt.
2681 4530 2806 4582 Nam
2838 4531 3022 4582 eodem
3059 4529 3295 4598 principe
3330 4529 3506 4579 adlmc
3549 4526 3721 4579 orbem

501 4622 785 4674 reformato
813 4632 973 4685 statu,
1010 4639 1165 4693 quem
1195 4623 1384 4676 claruit
1412 4639 1529 4677 mox
1571 4629 1833 4693 proposita
1878 4626 2059 4691 appel-

507 4716 699 4769 latione
741 4715 1055 4769 defensum:
1089 4719 1210 4769 licet
1250 4717 1424 4770 cultus
1477 4717 1716 4770 snbditus
1761 4717 2059 4784 quznstioni,

503 4809 710 4859 libellos
735 4845 750 4868 ,
797 4823 931 4873 quos
967 4808 1294 4862 Theodosius
1325 4809 1624 4875 publicavit,
1662 4811 1798 4875 apud
1833 4824 1887 4862 se
1923 4825 2063 4862 rese-

504 4900 647 4949 disse
679 4900 1071 4952 memoraverit.
1101 4899 1450 4952 Nihilominus
1485 4901 1736 4953 obediens
1765 4899 2059 4967 imperatis,

505 4991 660 5041 statui
694 4999 749 5041 ut
774 4990 904 5041 fides
924 5000 1188 5058 seatorum
1221 4992 1550 5054 superiorum
1581 4992 1642 5042 ad
1677 4993 1902 5059 Augusta
1937 4993 2064 5043 scri-

509 5080 590 5130 nia
642 5080 956 5130 mitteretur.
1009 5081 1139 5132 llinc
1167 5089 1279 5131 orta
1308 5090 1389 5132 est
1432 5085 1758 5148 provocatio,
1809 5082 1956 5147 cujus
1986 5081 2065 5133 vel

511 5170 710 5236 justiti:
756 5172 836 5221 vel
883 5173 1210 5224 contumacia
1258 5186 1411 5223 sacro
1463 5175 1787 5239 expendetur
1827 5175 2063 5224 arbitrio.

516 5262 714 5314 Interea
752 5263 1143 5314 constitutionis
1184 5279 1422 5326 memor,
1482 5276 1796 5330 sequestram
1855 5266 2067 5316 mobilia

514 5356 815 5421 fructusque
867 5356 1118 5420 pra-enipi,
1169 5370 1233 5406 ne
1289 5357 1444 5407 medii
1501 5358 1752 5422 temp-iris
1799 5356 2069 5421 usurpatio

512 5449 754 5500 abutatur
775 5447 1037 5499 indebitis.
1056 5449 1299 5500 Outttiutn
1323 5459 1589 5519 gestorum
1618 5448 1712 5498 fida
1736 5448 2066 5508 documenta,

514 5538 894 5604 Supplemenlis
927 5547 1145 5604 partuuu
1174 5539 1409 5590 relationi
1443 5555 1502 5591 ex
1532 5555 1678 5590 more
1700 5541 1894 5590 sociata
1923 5549 2068 5600 sunt,

518 5624 686 5679 ut'diu
720 5628 989 5681 fluctuanti
1033 5642 1205 5680 causa:
1253 5629 1459 5682 tandem
1509 5629 1749 5683 stabilem
1792 5629 2070 5681 terminum

516 5720 690 5771 ὠή.ιο
725 5735 816 5773 ore
847 5720 1067 5787 ponatis.

2167 4635 2400 4692 regente,
2429 4625 2490 4675 ad
2511 4624 2801 4677 'l‘ertulluut
2821 4624 3131 4677 Praefectum
3155 4622 3308 4675 Urbis
3333 4619 3723 4673 memorabilem

2167 4732 2334 4767 virum
2367 4715 2606 4783 migravit
2627 4718 2854 4775 exactio,
2885 4729 3001 4778 fjll‘I:
3033 4715 3074 4764 si
3103 4713 3327 4765 hominis
3350 4720 3588 4778 potestas
3612 4711 3726 4762 fuis-

2166 4816 2245 4858 set
2271 4845 2285 4868 ,
2307 4809 2442 4856 circa
2469 4819 2660 4871 person
2680 4820 2748 4854 -m
2778 4805 2965 4871 prioris
2995 4805 3186 4871 judicis
3216 4805 3473 4872 potuisset
3511 4803 3725 4854 hiercrc.

2167 4897 2273 4949 Nec.
2307 4899 2470 4948 tuulto
2513 4905 2629 4960 post
2671 4907 2929 4964 tempore,
2975 4899 3024 4948 in
3060 4873 3397 4964 ClythOIianr
3427 4893 3726 4952 Haximum.

2171 4989 2280 5056 pari
2297 4989 2494 5039 honore
2519 4997 2638 5039 tunc
2662 4987 3110 5053 pr:editum,tituli
3135 4985 3286 5037 istius
3309 4997 3374 5036 cu
3407 4997 3436 5034 a
3461 4983 3726 5036 convenit.

2174 5082 2298 5131 Divo
2329 5080 2485 5130 etiam
2520 5088 2731 5146 parente
2761 5079 2989 5130 numinis
3017 5078 3113 5137 tui,
3139 5076 3376 5127 Romana
3404 5075 3522 5142 jura
3552 5082 3608 5127 et
3632 5072 3728 5126 fata

2173 5171 2496 5232 moderante,
2531 5170 2790 5236 pra-fectis
2829 5183 2890 5221 ac
2915 5165 3582 5220 discussoribus'mandata
3617 5182 3729 5234 pro-

2172 5264 2339 5315 vincia
2371 5272 2480 5323 est,
2523 5272 2574 5313 et
2609 5276 2697 5327 per
2721 5263 2858 5313 vices
2891 5258 3366 5310 administrautium
3399 5255 3596 5323 publici
3639 5259 3726 5308 tle-

2177 5353 2268 5404 biti
2315 5352 2545 5403 occurrit
2589 5353 2813 5402 exactio.
2863 5348 3159 5401 Novissime
3189 5352 3386 5402 relatus
3442 5348 3492 5398 in
3545 5348 3728 5402 cmlum

2177 5456 2457 5510 gl-rmanus
2477 5443 2772 5494 clementia:
2803 5451 2925 5498 tunc,
2970 5440 3286 5505 eumipsum
3318 5438 3592 5502 Basiiium,
3619 5455 3728 5490 cum

2180 5535 2394 5584 haberet
2436 5533 2755 5597 appositum,
2801 5532 2886 5598 qui
2933 5547 2962 5596 p
2999 5530 3171 5581 rsimis
3208 5528 3446 5594 judicum
3495 5547 3601 5582 non
3645 5546 3728 5596 pe-

2181 5625 2377 5691 percit.
2415 5623 2798 5690 primiscrinios
2832 5622 3015 5674 urbani
3046 5619 3237 5683 officii,
3283 5636 3511 5688 quorum
3542 5622 3732 5674 sollici-

2189 5716 2312 5772 tudo
2340 5731 2432 5783 per
2463 5715 2827 5768 successiones
2855 5711 3114 5781 exigenda
3162 5721 3462 5780 curaverat,
3512 5716 3593 5768 vel
3635 5715 3732 5766 sul-
