3820 6334
79 474 155 523 535»
920 491 926 497 ·
1236 480 1580 534 ΕΙῚὸΙῸίΑΙ

1688 480 1705 534 Ι
1748 478 1944 533 LIBER
1994 479 2052 531 Χ.

3134 483 3236 535 3Ηό
3266 492 3283 513 ³

85 608 215 660 vendo
255 608 450 667 n-niini,
487 607 564 657 \el
618 605 836 660 edendze
881 601 1067 654 rationi
1109 601 1231 654 fecit
1288 602 1566 655 obnoxios.
1598 603 1646 660 Α
1675 601 2012 666 retineliit,et
2037 601 2334 666 plerosque,
2361 610 2416 652 ut
2439 599 2897 668 arbitrorjuqiug,
2924 614 2964 652 ει
2989 605 3071 667 (μιῇ
3102 601 3234 656 [οε-ιο

81 701 221 764 itaque
261 711 301 747 ε.
347 710 372 745 a
401 695 454 746 γ.
479 693 538 747 (3.
569 710 630 746 ac
663 693 1029 760 probatissimo
1064 691 1247 743 Anicio
1302 690 1485 754 Basso,
1517 698 1569 739 et

81 785 256 838 .tventio
281 771 376 835 viro
402 786 664 848 spectabili
705 784 1028 850 frequentata
1060 780 1314 846 cognitio,
1342 787 1396 830 ct
1424 780 1570 828 βού-

81 892 160 932 ι.ιιιι
187 878 408 945 majorem
441 888 634 945 partem
665 876 825 929 debiti
869 872 1238 938 deprehendit.
1263 882 1314 924 et
1346 871 1568 936 provin-

79 971 479 1037 cialiumjudicutn
530 970 722 1036 reperit
760 969 1097 1035 Sponsionent
1153 983 1163 1015 ε
1209 978 1310 1032 qua
1342 961 1568 1030 professi

80 1072 190 1120 sunt,
230 1060 269 1112 si
304 1058 545 1111 urbanum
576 1069 807 1111 cessaret
835 1056 1088 1117 officium,
1117 1069 1212 1122 per
1242 1068 1299 1105 se
1327 1054 1480 1117 linjus
1510 1050 1572 1102 ti-

85 1150 488 1213 tuttintegritatem
524 1146 908 1219 possgsarciri.
944 1146 1063 1197 llaec
1095 1146 1271 1212 igitur,
1297 1142 1336 1193 si
1372 1140 1571 1206 legibus

80 1236 383 1303 cmrferantur,
412 1238 767 1305 pronuntiabit
787 1238 1059 1290 aeternitas
1089 1245 1259 1286 vestra
1292 1233 1340 1284 in
1374 1232 1574 1297 profes—

81 1348 196 1384 sione
216 1347 375 1385 verum
403 1348 519 1387 esse
547 1348 756 1394 nexum,
785 1331 834 1382 in
858 1328 1268 1382 comminatione
1293 1335 1571 1378 terrorem.

81 1428 200 1488 Quid.
225 1426 347 1494 quod
402 1425 632 1494 proxima
687 1423 946 1490 apparitio
991 1418 1243 1487 cogendis
1278 1415 1577 1484 provincia-

81 1530 167 1565 rum
188 1515 424 1582 judicibus
453 1516 684 1577 admota,
717 1528 864 1580 Spem
896 1513 1088 1565 debitis
1119 1508 1366 1563 eruendis
1392 1506 1578 1559 fecisse

80 1612 350 1677 suggeritur;
382 1625 478 1662 non
506 1620 589 1663 est
620 1623 792 1660 meum
829 1609 978 1657 fama
1017 1605 1212 1655 incerta
1257 1597 1465 1653 sectari.
1497 1596 1580 1648 ln-

81 1707 393 1758 veuietdivina
415 1707 662 1771 majestas
693 1712 776 1753 tua
808 1715 900 1753 cur
935 1700 1056 1750 huic
1095 1693 1357 1750 exactioni
1391 1705 1578 1759 perpes

81 1812 174 1846 cura
206 1797 424 1849 defuerit.
471 1797 599 1848 Nam
630 1808 869 1846 socermn
890 1771 1074 1841 meum
1120 1787 1428 1838 clarissima:
1465 1796 1572 1834 me-

81 1885 223 1934 inuria:
250 1885 404 1936 virum
425 1885 648 1938 Orfitum
683 1882 808 1949 petit
855 1881 951 1931 ista
985 1877 1184 1928 molitio
1233 1892 1244 1924 :
1279 1875 1428 1938 cujus
1471 1871 1575 1922 liae-

1674 692 1956 759 provinciis
1980 693 2167 745 vestris
2200 693 2336 745 male
2365 694 2510 743 abusi
2541 702 2682 744 sunt.
2709 692 2774 744 At
2798 706 2923 743 vero
2954 693 3234 757 posreritas

1673 782 1891 835 illustris
1911 781 2178 834 memoria:
2210 782 2304 832 viri
2325 783 2495 841 Orﬁti,
2520 781 2649 833 nihil
2679 798 2742 833 cx
2769 782 2856 833 illo
2887 782 3052 846 aliud,
3077 798 3234 848 quam

1669 874 1879 942 generis
1907 873 2112 940 insigne
2142 873 2398 940 quiesivit.
2439 873 2565 924 Mea:
2598 885 2771 924 tamen
2806 870 3007 937 injuri.c
3037 881 3118 923 est
3140 872 3239 924 ista

1673 965 1957 1031 suggestio.
1985 963 2112 1015 Nam
2143 963 2380 1016 tenui:ati
2425 963 2564 1014 illius
2611 962 2913 1026 frequenter
2943 960 3236 1023 exhaus'm,

1677 1069 1828 1105 nemo
1875 1062 2227 1115 testamento,
2261 1066 2415 1105 neruo
2457 1061 2693 1103 nostrum
2723 1051 2976 1102 bonorum
3009 1049 3242 1099 aditinue

1675 1148 1949 1199 suceessit.
1984 1145 2130 1199 Unde
2155 1144 2400 1211 intelligit
2429 1143 2711 1196 clementia
2747 1150 2946 1204 vestra,
2975 1139 3111 1206 quod
3137 1153 3239 1189 non

1677 1252 1819 1294 metu
1852 1240 2122 1292 familiaris
2143 1254 2335 1300 canszc,
2365 1252 2481 1304 qua:
2503 1235 2704 1302 lt'glbus
2737 1243 2845 1284 tuta
2871 1241 2972 1294 est,
2996 1231 3085 1282 sed
3111 1242 3242 1281 tern-

1681 1351 1861 1400 portnn
1884 1349 2064 1385 amore
2083 1332 2340 1384 sollicitor
2370 1347 2434 1382 ne
2459 1330 2521 1381 ad
2551 1330 2902 1380 innocentiam
2935 1328 3042 1377 fisci
3079 1327 3238 1377 vestri

1679 1425 2001 1478 infructuosa
2035 1433 2236 1474 tantum
2260 1428 2499 1472 recurrat
2540 1418 2752 1469 invidia.
2791 1416 2856 1467 Et
2886 1416 2997 1467 lnec
3025 1414 3235 1481 quidem

1678 1516 1898 1579 cursim,
1926 1528 1990 1566 ne
2009 1513 2311 1565 mandatum
2336 1510 2600 1577 negotium
2626 1502 3115 1571 comperendinatio
3137 1504 3240 1555 dif-

1681 1603 1870 1664 ferret,
1905 1613 2102 1654 tantum
2136 1616 2228 1668 pro
2281 1601 2519 1666 conjugis
2561 1612 2690 1650 mere
2739 1594 3056 1648 Rusticiana:
3084 1593 3145 1645 C.
3178 1593 3238 1646 Ρ.

1681 1704 1825 1760 parte
1853 1691 2068 1759 qna-.sita
2101 1699 2224 1743 sunt
2255 1707 2267 1741 :
2302 1691 2449 1756 cujus
2479 1703 2728 1756 germana
2769 1686 2933 1738 multo
2973 1693 3160 1752 angUst
3182 1699 3241 1734 or

1680 1789 2014 1842 facultatibus
2043 1802 2103 1840 ex
2154 1786 2374 1838 Etruria:
2422 1783 2720 1854 longinquis
2747 1782 2932 1834 adesse
2980 1787 3240 1848 prieccpta

1681 1897 1780 1941 est.
1802 1882 2058 1938 'Vestrum
2091 1873 2214 1934 vero
2242 1881 2473 1934 salutare
2503 1873 2909 1932 nuhtcnomncs
2942 1890 3130 1942 precari
3158 1889 3241 1931 nr.

82 1977 198 2023 redrs
225 1974 274 2022 ν.
299 1973 353 2026 t1.
389 1985 438 2025 et
466 1975 684 2025 illustris
724 1972 1017 2023 ofliciorum
1051 1969 1300 2032 magister
1339 1963 1580 2028 asm'ipst
1612 1951 1654 2008 Β
1686 1994 1750 2032 ne
1772 1977 1908 2045 quod
1940 1977 2006 2029 de
2036 1985 2113 2027 ιο,
2145 1973 2430 2042 provinciis
2457 1985 2552 2038 pro
2577 1970 2779 2036 mnium
2807 1976 2954 2035 parte
2978 1966 3085 2033 iam
3117 1967 3240 2017 τω,

79 2068 225 2117 litteris
252 2069 368 2128 suis,
392 2082 508 2119 cum
537 2080 637 2117 tua:
672 2061 1093 2115 mansuetudinis
1123 2056 1438 2112 verecimdia
1466 2054 1581 2107 nul-

81 2159 162 2207 tuiu
201 2173 332 2210 sacro
369 2160 584 2212 oraculo
637 2172 829 2210 noinen
879 2154 1223 2222 expresserit.
1276 2152 1408 2216 Quid
1454 2163 1580 2216 ergo

75 2253 318 2304 existimem
349 2258 536 2305 merito
568 2253 708 2305 illius
733 2251 945 2312 factum,
981 2248 1067 2315 qui
1095 2245 1262 2311 major
1291 2241 1580 2293 honoribus

78 2357 196 2402 'tuam
237 2346 550 2397 facultatibus
580 2354 701 2396 ante
731 2357 896 2395 annos
937 2341 1044 2394 fere
1076 2339 1374 2408 quindecim
1421 2336 1579 2386 vitam

75 2432 266 2498 περιθείη
292 2434 704 2486 utconnninatio
736 2448 872 2499 szepe
916 2433 1047 2484 lecta
1072 2471 1086 2493 ,
1120 2444 1330 2497 semper
1360 2428 1577 2487 omissa,

75 2533 113 2572 τι
136 2527 257 2576 novis
279 2535 385 2590 post
403 2528 610 2593 sepulta
641 2525 887 2588 decretis,
911 2539 1064 2591 quam
1093 2530 1262 2590 neque
1289 2522 1369 2574 lex
1393 2520 1580 2572 divalis

73 2616 273 2681 admittit,
319 2629 367 2673 et
395 2622 594 2674 solutio
625 2633 823 2686 magna:
856 2617 1018 2684 partis
1047 2615 1293 2677 exclusit,
1342 2620 1581 2676 resurgat

75 2724 108 2756 Ill
133 2719 382 2776 mortuum,
413 2730 533 2782 qua:
557 2727 664 2765 n0n
692 2711 789 2763 fuit
809 2721 928 2762 ante
953 2708 1189 2762 viventi?
1213 2709 1289 2759 An
1322 2707 1454 2772 ineze
1486 2719 1578 2770 po-

73 2811 148 2851 tun
172 2806 479 2859 contumelize
509 2820 700 2869 causa,
724 2813 777 2856 et
807 2803 1046 2855 ordinem
1078 2810 1152 2853 tot
1183 2807 1235 2851 et
1259 2796 1439 2849 talium
1473 2804 1580 2847 sta-

73 2907 276 2961 tu'orum,
319 2909 368 2951 et
407 2899 515 2952 divi
554 2897 791 2952 Gratiani
848 2905 1112 2948 recentem
1149 2892 1575 2957 przeceptionem,

71 2995 109 3036 et
140 2987 459 3042 discussurum
506 2986 866 3054 diligentiam,
917 2995 965 3036 et
1001 2981 1370 3048 prmfccmrum
1403 2973 1579 3040 Cogni-

70 3076 222 3140 tioues,
245 3086 292 3130 et
321 3077 598 3131 relationis
624 3074 778 3128 fidem
805 3072 951 3124 novis
983 3066 1405 3137 suggestionibus
1437 3061 1576 3115 arbi-

72 3179 154 3221 trer
173 3172 414 3225 sauciari?
437 3171 634 3225 Testor
664 3166 937 3221 Custodem
974 3161 1209 3215 numinis,
1227 3157 1384 3211 vestri
1415 3155 1577 3207 Deum

69 3260 168 3311 nihil
211 3277 334 3327 esse,
382 3263 528 3330 quod
587 3260 778 3328 injuria
819 3259 1009 3325 dignus
1058 3255 1347 3308 existimer.
1391 3249 1579 3314 Quieto

69 3353 166 3406 mihi
189 3355 306 3409 hanc
328 3356 700 3423 prefecturam
724 3354 837 3404 sine
861 3351 965 3403 ulla
991 3333 1269 3401 affectione
1300 3341 1576 3396 tribuistis.

70 3441 108 3494 Si
135 3459 266 3510 quem
302 3446 433 3499 forte
465 3443 679 3498 mordet
719 3439 936 3502 invidia,
984 3443 1025 3490 si
1056 3437 1276 3498 alicujus
1306 3429 1583 3484 desideriis

73 3538 174 3603 reip.
204 3551 368 3592 amore
403 3553 510 3592 non
544 3538 832 3595 cessimus,
865 3531 1058 3596 cogitet
1096 3525 1295 3595 privata
1329 3522 1446 3572 odia
1492 3519 1585 3569 ad-

69 3646 234 3685 versum
270 3635 405 3699 leges
433 3629 736 3686 exercenda
769 3640 870 3678 non
899 3638 1038 3677 esse.
1079 3621 1354 3672 I‘OSIrento
1390 3627 1585 3690 cogno-

69 3731 168 3780 scat.
194 3723 231 3775 si
266 3725 377 3791 quis
401 3723 489 3775 ille
514 3729 621 3782 est,
649 3733 732 3771 me
778 3727 1026 3778 meo-que
1055 3707 1442 3761 successionem
1471 3700 1579 3752 cla-

66 3814 245 3866 rissima
266 3789 418 3882 atque
459 3808 836 3864 illustrissimte
868 3799 1132 3854 memoria:
1159 3795 1256 3847 viri
1288 3789 1458 3848 Orfiti.
1487 3803 1581 3839 ne-

67 3921 144 3970 que
164 3906 349 3960 ratione
373 3905 536 3974 juris,
589 3915 759 3968 neque
791 3897 1044 3948 bonorum
1074 3889 1302 3941 aditione
1333 3883 1580 3946 cmpisse.

64 4000 216 4064 Quas»
250 4001 400 4070 igitur
448 4014 519 4052 ne
565 3997 618 4049 in
665 3989 1036 4047 contumeliam
1091 3982 1273 4050 judicii
1316 3976 1500 4038 vestri,
1534 3985 1585 4026 et

68 4088 165 4153 iuri.
196 4098 246 4143 et
270 4064 610 4142 innocentia:
644 4082 783 4135 fraus
816 4084 1048 4147 paretur.
1078 4070 1299 4140 Quando
1328 4068 1466 4120 enim
1497 4064 1586 4116 ab-

63 4179 260 4234 sentibus
310 4190 470 4249 atqne
521 4171 892 4244 ignorantibus
943 4167 1082 4220 inter
1110 4165 1242 4218 alios
1289 4169 1432 4230 gesta
1490 4171 1585 4207 no-

65 4267 279 4320 cuerunt?
323 4244 453 4334 Quis
499 4277 736 4330 unquam
789 4256 1104 4312 srntentiam
1148 4251 1380 4305 numinis
1427 4244 1586 4298 vestri

63 4355 285 4410 inauditus
309 4353 557 4421 excepit?
603 4347 824 4416 ando
854 4342 1196 4398 comminatio
1235 4340 1299 4390 ad
1349 4335 1588 4389 ha-redes

64 4458 197 4509 usque
229 4426 466 4512 porrecta
493 4441 618 4497 est?
661 4437 816 4490 Certe
848 4445 903 4487 ut
931 4434 1096 4501 ipsam
1125 4443 1337 4484 causam
1383 4428 1584 4493 loquar,

62 4548 155 4600 qua
196 4550 306 4606 me,
351 4550 414 4590 ac
461 4530 886 4590 necessitudines
945 4538 1088 4579 meas
1129 4524 1278 4577 vobis
1324 4518 1588 4590 pr0pitiis,

62 4624 177 4676 nullo
197 4625 307 4694 jure
334 4623 638 4693 contingit,
683 4634 803 4688 pars
838 4617 1007 4685 major
1035 4615 1197 4668 debiti
1225 4612 1394 4666 soluta
1432 4622 1586 4698 mon-
1615 4641 1666 4698 Β

63 4721 256 4766 strator:
282 4717 334 4768 in
361 4713 703 4769 evidentibus
733 4707 1034 4762 nominibus
1079 4717 1201 4770 pars
1229 4699 1445 4755 resedit.
1486 4696 1589 4750 Cu-

57 4801 124 4864 jus
146 4802 307 4857 studio
337 4800 656 4858 absolvendi
686 4807 810 4852 sunt
838 4796 1124 4857 debitores,
1154 4801 1210 4845 ut
1251 4790 1589 4856 implicentur

61 4888 266 4945 innoxii?
288 4891 468 4959 Quare
506 4889 722 4943 insitam
754 4885 953 4940 divinis
997 4881 1238 4936 sensibus
1265 4878 1456 4931 vestris
1494 4890 1589 4928 oro

55 4983 303 5051 justitiam,
334 5000 403 5039 ne
449 4981 741 5035 adversum
789 4975 896 5028 divi
927 4971 1163 5025 Gratiani
1192 4967 1586 5027 diffinit.‘onem,

61 5073 303 5126 adversum
329 5073 599 5140 rescripta
636 5077 713 5121 tot
747 5067 1064 5134 principum,
1093 5061 1180 5128 qui
1213 5058 1475 5128 praafectis
1499 5057 1590 5110 dc-

58 5165 378 5219 liitaernada
406 5164 759 5224 mandarunt,
791 5158 1070 5211 adversum
1102 5150 1437 5210 relationem,
1468 5161 1587 5212 qua:

59 5263 319 5316 lberinretn
336 5272 609 5314 summam
631 5256 812 5308 docuit
833 5252 1148 5308 exsolutam,
1175 5244 1436 5311 reliquum
1463 5254 1588 5291 vero

53 5356 308 5412 secundum
325 5367 595 5411 rectorum
614 5353 819 5404 litteras
832 5344 1245 5410 exsculpendum
1261 5340 1326 5392 ab
1341 5338 1514 5390 nbnox
1526 5336 1588 5389 iis

55 5445 308 5510 intimam;
331 5449 549 5518 ignaros
571 5441 768 5510 negotii
793 5447 847 5492 et
873 5445 1101 5505 paternm
1131 5428 1450 5484 hereditatis
1467 5427 1591 5478 alie-

52 5547 154 5597 ΜΒ,
189 5535 379 5600 pulsari
435 5535 724 5598 incongrua
773 5524 1121 5580 conventione
1161 5520 1404 5588 patiaris;
1456 5529 1588 5568 neve

52 5625 328 5693 exeuiplum
343 5641 538 5681 novum
559 5624 678 5692 pius
695 5621 764 5672 im
776 5628 982 5683 per-ator
1001 5613 1235 5679 inducas,
1258 5610 1588 5664 utsoccessio

53 5713 357 5778 optimatium
564 5715 664 5782 leg.
692 5705 1083 5777 OptiniatutriI].
1104 5707 1189 5773 qtti
1210 5704 1341 5769 reip.
1370 5702 1588 5768 praefue-

55 5804 252 5860 ruiit,ad
271 5805 462 5864 liberes
481 5820 668 5860 secura
685 5814 792 5854 non
811 5807 1058 5851 transeat.
1083 5795 1268 5848 Multos
1286 5791 1398 5844 hzcc
1418 5787 1584 5842 forma

1681 2071 1872 2134 (litum,
1916 2068 2090 2120 adhuc
2133 2063 2360 2117 difficilis
2405 2059 2662 2127 exsculpit
2691 2060 2916 2118 exactio,
2963 2056 3244 2108 senatoria;

1680 2161 1869 2212 domus
1913 2157 2181 2223 inopinata
2231 2153 2376 2205 labes
2418 2159 2666 2216 speretur
2717 2162 2871 2212 posse
2918 2146 3241 2214 persolvere.

1681 2254 1858 2307 Multis
1903 2248 2146 2303 nocuerit
2195 2247 2292 2299 ista
2340 2242 2604 2298 conditio.
2654 2240 2743 2306 qui
2784 2237 2988 2304 reipub.
3023 2237 3244 2300 prmitie-

1679 2356 1825 2404 runt.
1859 2346 2038 2414 Neque
2083 2342 2223 2395 enim
2266 2343 2354 2406 jns
2403 2338 2580 2393 tuerit.
2633 2343 2688 2385 ut
2736 2345 2839 2384 una
2872 2328 3062 2382 familia
3109 2345 3246 2380 nom

1681 2438 2006 2506 opprimatur
2053 2430 2320 2493 exemplo.
2365 2430 2554 2492 Qumso
2609 2424 2767 2492 igitur
2817 2431 2870 2472 ut
2914 2428 3084 2488 gesta,
3128 2435 3245 2486 qua:

1682 2527 1837 2580 ﬁdem
1872 2523 2145 2577 relationis
2175 2528 2452 2579 asserunt,
2504 2516 2686 2567 audire
2717 2512 3030 2580 dignemini,
3079 2511 3248 2576 li-gcs-

1679 2635 1780 2688 que
1853 2617 2267 2686 percvnseatis:
2332 2624 2554 2678 quarum
2619 2608 2927 2673 plerurnqne
2995 2602 3244 2655 duritiam

1682 2724 1779 2776 p'o
1819 2707 2097 2761 clementia
2142 2714 2314 2756 veSIra
2357 2700 2584 2752 decretis
2639 2695 3060 2748 moderatoribus
3114 2705 3246 2746 tem-

1684 2801 1924 2870 perastis.

2282 2859 2490 2913 EPIST.
2543 2855 2648 2910 LV.

1718 2971 1768 3009 Ι).
1810 2966 2098 3008 TBEODOSIO
2134 2964 2336 3003 SEHI‘ER
2377 2960 2495 3000 Αυο.
2537 2957 2840 2998 δῐωιιιιιιιυε
2880 2955 3045 2992 ΡΒΒΓ.
3088 2955 3205 2991 ιτιιιι.

1756 3065 1999 3118 Felicitas
2050 3059 2259 3128 quidem
2313 3068 2490 3110 vestra
2544 3055 2835 3107 indefessas
2880 3051 2938 3105 Ρ.
2968 3051 3032 3105 R.
3063 3050 3244 3116 capias
3289 3087 3294 3094 .

1684 3155 1978 3222 pollicetur,
2013 3151 2073 3202 Β.
2104 3150 2410 3214 imperator.
2443 3144 2544 3199 Sed
2587 3143 3012 3209 cautiojudicutn
3052 3155 3243 3208 sugge-

1685 3244 1845 3298 renda
1879 3258 1982 3295 non
2012 3239 2229 3298 deserit.
2262 3247 2316 3289 ut
2345 3236 2614 3304 diligentia
2649 3234 2870 3296 muniat,
2900 3231 3038 3300 quod
3063 3233 3247 3284 melior

1688 3334 1890 3387 fortuna
1934 3329 2208 3397 promittit.
2247 3327 2518 3379 Frumenti
2571 3325 2911 3392 quotidianus
2941 3337 3065 3374 usus
3092 3324 3139 3372 in
3173 3325 3246 3371 la-

1685 3423 1772 3475 cili
1821 3431 1935 3482 est;
1977 3419 2077 3469 olei
2122 3425 2322 3468 tantum
2354 3417 2562 3483 species
2589 3415 2782 3466 victum
2828 3412 2992 3479 plebis
3022 3412 3246 3464 tenuiter

1686 3515 1888 3567 invecta
1919 3511 2185 3563 sollieitat.
2211 3507 2371 3576 Cujus
2395 3508 2470 3559 rei
2499 3506 2557 3556 V.
2589 3506 2648 3558 (Ξ.
2680 3504 2827 3573 ρι-ιιεΐ.
2860 3518 3101 3567 annonze,
3134 3521 3247 3571 par-

1686 3607 1813 3658 tium
1857 3617 2070 3656 suarum
2125 3599 2352 3666 diligens
2403 3607 2704 3660 exsecutor,
2754 3597 3079 3663 prmmriattze
3133 3611 3244 3646 am-

1687 3696 1936 3761 plissimze
1977 3689 2324 3758 praefecturae,
2379 3696 2437 3738 ut
2493 3688 2606 3752 ipse
2651 3689 2860 3750 asserit,
2896 3687 3089 3737 dudum
3124 3685 3245 3737 ft-crt

1687 3784 1956 3847 indicium,
2006 3780 2178 3839 missis
2209 3777 2274 3829 de
2307 3791 2453 3830 more
2501 3776 2771 3838 brevibus,
2815 3789 2931 3842 qua:
2977 3775 3245 3843 angustias

1688 3872 2043 3940 patefacerent
2073 3865 2427 3921 conditorum.
2456 3866 2559 3919 Sed
2588 3867 2984 3934 ingravescente
3011 3864 3241 3926 delectu,

1686 3964 1831 4015 sileri
1861 3961 1999 4028 apud
2031 3959 2366 4013 clementiam
2401 3967 2630 4010 vestram
2659 3956 2843 4024 patria:
2872 3971 2996 4008 cura
3028 3971 3129 4007 non
3153 3955 3218 4007 de

1687 4053 1820 4118 buit,
1852 4051 2000 4118 cujus
2038 4064 2178 4117 spes,
2209 4056 2367 4116 atque
2397 4061 2524 4114 opes
2555 4048 2814 4100 bonorum
2844 4044 3138 4112 principum
3166 4047 3243 4097 fa.

1689 4156 1816 4194 vore
1841 4139 2195 4192 cumulantur.
2235 4138 2409 4200 Quare
2437 4126 2624 4188 omnes
2670 4135 2975 4202 suppliciter
2998 4130 3207 4186 or’amus
3228 4173 3244 4196 ,

1688 4234 1732 4287 si
1781 4231 2097 4300 exspectatis
2147 4243 2354 4297 preces,
2411 4228 2497 4294 qui
2529 4236 2645 4278 vota
2700 4229 2936 4278 omnium
2977 4225 3245 4277 beneficiis

1690 4323 2021 4394 prtevenitis;
2048 4331 2102 4375 ut
2124 4335 2281 4388 quam
2309 4319 2531 4386 primum
2559 4317 2764 4385 judices
2792 4318 3067 4368 Africanos
3089 4331 3248 4382 su;.er

1689 4414 1788 4467 hac
1822 4413 1997 4478 specie
2029 4409 2279 4461 Romanis
2303 4407 2507 4458 liorreis
2538 4404 2804 4457 inferenda
2837 4405 3046 4458 divinus
3068 4419 3247 4455 sermo

1689 4503 1995 4556 distimulet.
2025 4499 2154 4549 Nam
2180 4505 2457 4564 pr0perato
2485 4509 2617 4559 Opus
2646 4509 2719 4545 εει
2746 4533 2759 4555 ,
2786 4495 3088 4560 priu~quam
3121 4493 3246 4543 reli-

1689 4609 1848 4663 quum
1899 4591 2140 4660 profliget
2168 4588 2410 4641 diuturna
2444 4587 2704 4654 pra-bilin.
2739 4584 2927 4638 Addite
2958 4589 3113 4652 igitur
3142 4586 3241 4636 hoc.

1691 4700 1882 4738 munus
1923 4681 2149 4747 caeteris,
2178 4697 2293 4749 qua:
2337 4693 2588 4747 przesmre
2615 4678 2933 4741 consuestis,
2977 4689 3029 4728 ut
3060 4692 3246 4730 cuneta

1691 4776 1869 4830 saeculi
1898 4775 2033 4829 bona
2058 4772 2170 4840 pari
2189 4771 2406 4823 alﬂuant
2435 4768 2685 4820 bonitate.

2283 4860 2493 4915 EPIST.
2527 4859 2656 4913 LVI.

1728 4977 1777 5012 Ι).
1816 4969 2103 5010 τιιεοοοδιο
2142 4967 2341 5006 δὶὶΙΡΕΒ
2381 4966 2501 5005 Δία.
2544 4961 2843 5001 εγιιιιιιειιυε
2882 4961 3050 4999 Ρῐιιεϊ.
3093 4961 3208 4998 uno.

1766 5051 1886 5103 Dies
1929 5058 2217 5113 noctesque
2267 5043 2520 5096 sollicitor
2551 5051 2632 5117 ’ut
2702 5048 2946 5107 prompto
2993 5038 3248 5102 obsequio

1695 5141 1890 5192 divina:
1911 5137 2206 5190 clementiae
2228 5146 2414 5186 vestra:
2437 5133 2578 5198 iussa
2598 5143 2933 5198 prontoveam
2956 5144 2968 5179 :
2989 5129 3248 5195 siquidem

1695 5248 1799 5285 non
1844 5232 1966 5284 licet
2007 5229 2155 5296 longa
2206 5223 2763 5290 comperendinatione
2796 5218 2993 5272 differri
3030 5219 3249 5285 justitia:

1695 5343 1754 5381 ac
1780 5327 1978 5394 legibus
2021 5323 2184 5374 amica
2217 5321 2449 5379 decreta.
2483 5317 2544 5380 D,
2578 5317 2881 5382 imperator.
2917 5309 3066 5365 Unde
3095 5322 3250 5364 canto

1694 5431 1824 5484 opus
1853 5426 1930 5467 est
1974 5428 2042 5466 ne
2086 5409 2529 5464 existimationem
2577 5419 2745 5457 meam
2777 5418 2868 5471 per
2915 5401 3046 5453 alios
3094 5401 3249 5453 allata

1696 5508 1973 5579 praereptis
2007 5505 2226 5559 tarditas
2254 5502 2581 5554 devenustet.
2617 5497 2743 5576 Nam
2773 5511 2890 5550 cum
2921 5494 2988 5548 de
3011 5492 3249 5546 Macedo-

1693 5604 1782 5657 nio
1821 5598 2031 5666 sequius
2060 5596 2124 5647 de
2157 5608 2267 5660 rep.
2307 5593 2522 5648 merito.
2564 5567 2793 5653 itemque
2821 5584 3118 5641 Ammiano,
3151 5584 3250 5632 du-

1693 5693 1818 5746 dum
1878 5687 2003 5741 mihi
2053 5684 2308 5754 jtnlninni
2385 5677 2680 5746 perennitas
2733 5682 2902 5726 vestra
2961 5673 3246 5740 legaverit,

1695 5787 2024 5836 Annmanum
2042 5775 2250 5845 quidem
2275 5778 2630 5840 protectorum
2650 5765 2986 5821 attestatione
3001 5763 3244 5832 cognovi,
