3886 6368
568 388 678 443 38⁵1

1775 377 1837 443 ρ.
1880 366 2222 448 sunmus
2258 367 2691 424 svuuacuus.

3725 366 3817 422 3>8

572 514 692 549 eum
719 496 874 551 Urbis
896 494 1069 547 vicina
1084 492 1437 559 contingeret,
1464 490 1719 559 languore
1744 492 2141 551 consumptum.
2170 482 2222 538 Α
2252 480 2515 545 a-rarium,
2544 480 2809 533 violentia:
2854 492 3061 547 Quoque
3090 494 3303 533 causam
3336 479 3579 535 Venantii
3609 495 3675 536 ac
3733 481 3823 533 lla-

574 589 654 640 lle
706 586 1015 643 Macedonio
1065 585 1209 639 varia
1254 585 1545 650 jactantur,
1586 594 1743 649 quem
1781 578 1887 646 iam
1936 575 2141 645 pridem

572 678 759 732 debuit
782 678 1059 732 custodum
1088 674 1387 728 sollicitudo
1419 673 1730 740 perducere.
1761 669 1954 735 Quaeso
1982 665 2145 739 igitur

577 768 1038 822 mansuetudinem
1070 774 1322 830 vestram,
1357 779 1426 817 ne
1472 762 1597 815 milii
1646 759 1817 815 fraudi
1865 758 1935 811 sit
1970 770 2140 823 mora,

574 858 751 911 alieno
798 858 973 910 studio
1019 864 1111 909 aut
1152 863 1365 922 torpore
1402 859 1669 906 contracta
1700 866 1715 904 :
1746 846 2009 916 simulque
2048 844 2144 899 de-

577 963 769 1018 precor
820 959 876 1002 ut
930 945 1250 1001 venerabilis
1312 945 1581 997 arternitas
1646 950 1819 994 vestra
1877 938 2147 1008 sigillatim

576 1037 857 1104 quaerenda
888 1036 1198 1104 distinguat,
1245 1034 1287 1086 si
1319 1034 1455 1086 forte
1496 1031 1831 1099 designatum
1865 1043 2014 1081 reum
2054 1040 2144 1081 co-

577 1130 801 1197 gnitioni
828 1145 960 1182 mea:
992 1128 1429 1195 prosequentium
1448 1138 1575 1176 cura
1610 1119 1907 1175 tradiderit.

774 1234 849 1269 η.-
894 1274 917 1279 __
1163 1216 1372 1269 EI’IST.
1418 1214 1573 1269 LVII.

618 1329 672 1367 D.
712 1325 1002 1365 TBEODOSIO
1040 1324 1241 1361 SEIIPER
1278 1322 1397 1361 AUG.
1440 1289 1747 1359 SYNUACBUS
1785 1317 1949 1355 Νιρεῖ.
1993 1315 2112 1353 URB.

652 1402 760 1454 Soli
804 1399 1036 1453 omnium
1098 1396 1319 1465 potestis
1370 1406 1581 1449 teterna:
1620 1393 1776 1448 Urbis
1816 1404 2075 1456 expensas
2124 1403 2153 1441 a

581 1488 789 1543 defectu
820 1498 1120 1555 sumptuum
1155 1485 1443 1547 vaniicare,
1471 1484 1530 1535 D.
1557 1483 1865 1547 imperator.
1902 1479 2154 1545 Slajestati

582 1590 756 1631 autem
780 1588 965 1631 vestra:
987 1575 1210 1627 subdita:
1238 1581 1550 1644 petestaies,
1576 1581 1776 1623 tantum
1807 1568 2158 1621 mediocribus

583 1666 755 1722 cziusis
805 1666 983 1717 valent
1041 1663 1177 1715 ferre
1236 1660 1593 1724 medicinam,
1680 1672 1985 1725 magnarum
2033 1671 2159 1708 vero

585 1769 762 1808 rerum
806 1755 945 1806 mole
981 1762 1316 1818 suiierantur.
1342 1752 1420 1805 Ad
1460 1765 1553 1803 vos
1587 1750 1742 1817 igitur
1774 1742 2028 1802 salutaria
2063 1762 2159 1799 nn-

2250 571 2465 623 tracliia:
2490 570 2768 637 professio,
2798 584 2858 623 ac
2883 572 3229 639 quorumdam
3278 573 3520 642 capitalis
3549 572 3825 627 damnatio

2248 660 2585 713 terminasset
2613 676 2626 723 ;
2660 660 2991 725 pronuntiavi
3023 660 3375 727 cognitionem
3421 662 3559 715 sacri
3588 676 3717 715 esse
3750 663 3826 728 ju-

2248 752 2373 805 dieii
2404 792 2419 816 ,
2450 762 2506 806 et
2541 753 2875 816 Venantinin,
2903 768 3059 822 quem
3096 753 3157 804 V.
3192 754 3251 805 C.
3280 762 3333 807 et
3366 754 3588 807 illustris
3618 753 3766 806 oflici
3790 772 3828 801 l-

2249 856 2366 894 rmn
2413 841 2664 909 magister
2704 840 2939 909 jusserat
3002 841 3264 903 exhiberi,
3308 844 3491 895 censui
3546 842 3737 911 agenti
3785 858 3830 896 in

2251 930 2409 982 rebus
2440 929 2714 991 Decentio,
2748 946 2852 998 quo
2882 940 3237 1000 prosequente
3272 940 3510 995 venerat,
3540 945 3665 986 esse
3710 931 3829 984 red-

2250 1020 2501 1075 dendum.
2532 1020 2636 1077 Sed
2666 1036 2786 1073 cum
2837 1020 3078 1074 Venantii
3110 1021 3355 1075 stratoris
3404 1022 3647 1076 illicitam
3679 1035 3832 1075 usur-

2254 1122 2532 1177 patamque
2579 1111 2820 1163 militiam
2856 1111 3134 1165 Marcellus
3163 1120 3449 1179 arguerat:
3481 1111 3626 1179 quod
3673 1111 3830 1165 decu-

2254 1200 2458 1253 rionum
2488 1201 2751 1269 ascriptus
2780 1201 2923 1263 albo,
2951 1211 3005 1252 ut
3037 1209 3179 1268 gesta
3204 1202 3522 1262 docuerunt,
3543 1200 3827 1253 adversum

2257 1292 2399 1359 leges
2427 1292 2491 1345 ad
2523 1293 2753 1359 palatina
2775 1288 2946 1346 castra
2973 1294 3252 1347 transisset
3270 1334 3285 1359 ,
3308 1309 3415 1346 non
3444 1293 3603 1346 debui
3629 1294 3834 1361 objecu

2257 1385 2508 1450 reticere,
2536 1394 2595 1437 ut
2638 1385 2690 1437 in
2722 1399 2781 1437 ea
2816 1399 2903 1451 re,
2936 1400 3056 1449 qua:
3084 1384 3297 1437 modum
3327 1384 3431 1437 mei
3459 1384 3834 1453 egrediebatur

2256 1475 2539 1541 examinis,
2572 1475 3041 1529 :eteruitasvestra
3078 1475 3203 1543 ipsis
3238 1475 3443 1543 legibus
3469 1489 3607 1543 quas
3661 1482 3837 1529 tuetur

2258 1565 2527 1633 augustior
2549 1565 2827 1633 judicaret.

2850 1655 3062 1710 EPIST.
3105 1654 3237 1708 LIX.

2298 1761 2347 1797 Β.
2388 1758 2679 1798 τηεοειοςιο
2717 1760 2915 1797 εεηρεη
2956 1760 3078 1800 Δυϐ.
3119 1760 3428 1799 δϊυδιλοιιυε
3467 1761 3639 1799 ηερ.
3687 1748 3804 1800 υἰιῑι.

587 1844 727 1896 mina
748 1834 1113 1904 convolaiuus;
1139 1852 1189 1893 et
1216 1856 1369 1910 opem
1393 1842 1587 1909 largam
1623 1841 1679 1892 P.
1715 1840 1778 1892 It.
1810 1840 2153 1906 imploramus
2190 1834 2233 1891 Β
2330 1834 2480 1887 Facit
2526 1834 2835 1902 plerumque
2883 1834 3039 1898 ratio,
3087 1844 3176 1887 aut
3208 1836 3413 1887 fortuna
3463 1849 3749 1889 causarum
3782 1846 3833 1886 ut

587 1934 775 1986 :erario
796 1974 811 1997 ,
856 1933 941 1985 cui
969 1932 1073 1998 iam
1104 1930 1193 1983 diu
1222 1930 1494 1982 solitorum
1526 1930 1656 1982 ιιἸιὶΙ
1688 1929 2020 1996 vectigalium
2065 1927 2154 1980 de-

588 2034 750 2077 creta:
781 2023 1061 2091 provincia:
1097 2021 1452 2073 contulerunt.
1486 2020 1658 2089 Atque
1705 2020 1822 2073 ideo
1862 2019 2035 2086 justus
2078 2027 2159 2070 cst

595 2125 769 2167 metus
799 2129 863 2166 ne
894 2113 1223 2166 cessantibus
1243 2113 1490 2165 subsidiis
1508 2112 1802 2165 necessaria
1825 2112 2154 2175 deserantur,

591 2220 711 2271 qua:
752 2203 1001 2255 haczenus
1032 2216 1271 2268 persona!
1300 2212 1505 2264 tenues,
1533 2202 1725 2262 alieno,
1758 2211 1825 2254 ιιι·
1843 2210 2156 2267 Queruntur,

592 2310 700 2348 aere
757 2294 1068 2347 tolerarunt.
1112 2291 1285 2358 Super
1332 2290 1443 2345 ltazc
1492 2293 1649 2345 etiam
1681 2292 2003 2346 reverendus
2030 2292 2162 2344 ordo

591 2385 859 2437 consultus
880 2424 894 2446 ,
925 2398 1043 2435 cum
1076 2398 1169 2449 per
1200 2397 1260 2434 se
1306 2381 1505 2433 mederi
1536 2382 1743 2433 afﬂictis
1793 2382 1949 2433 rebus
1982 2382 2164 2448 nequi-

598 2483 702 2533 ret,
726 2487 880 2538 opem
910 2481 1100 2523 vestra:
1132 2468 1480 2537 perennitatis
1504 2468 1694 2521 oravit.
1728 2470 1877 2521 Edita
1924 2471 2056 2520 ratio
2083 2478 2165 2521 est

594 2561 963 2630 vectigalaun,
1002 2574 1121 2628 qua:
1168 2559 1544 2627 Hispanienses
1587 2570 1744 2627 atque
1775 2560 2165 2614 Alexandrinos

598 2652 847 2706 invehere
894 2651 1075 2705 debuit
1114 2659 1461 2702 commeatus.
1514 2648 1907 2715 rlxpensioiitttii
1957 2663 2167 2716 quoque

598 2746 778 2797 titulus
820 2754 1184 2809 competentes
1228 2741 1388 2794 oﬂicii
1419 2755 1542 2794 cura
1581 2740 1818 2808 digessit.
1861 2740 2080 2806 Quzeso,
2114 2751 2167 2792 ut

594 2834 998 2900 omnibusque
1025 2832 1325 2895 eoltzerent,
1366 2831 1589 2884 libenter
1630 2830 1902 2896 inspectis,
1958 2830 2167 2881 utilitati

596 2922 816 2990 publica:
846 2924 998 2974 velox
1029 2921 1323 2973 remedium
1345 2920 1624 2987 porrigatis
1651 2937 1661 2969 :
1693 2920 1998 2987 urgentibus
2028 2921 2168 2973 enim

595 3014 791 3076 causis,
842 3011 1022 3079 negari
1053 3026 1156 3063 non
1188 3020 1363 3077 potest
1393 3010 1559 3063 illatio
1588 3011 1848 3063 Solemnis
1892 3011 2167 3079 impendii.

598 3104 777 3170 Quare
830 3103 964 3156 ferte
1012 3101 1247 3170 propitii,
1298 3111 1353 3153 ut
1399 3101 1604 3167 soletis,
1656 3102 1911 3155 auxilium
1940 3120 1954 3155 :
1982 3110 2036 3155 et
2081 3103 2170 3169 qui

2260 1925 2312 1978 in
2338 1925 2717 1978 cvntroversiis
2767 1924 2901 1976 alter
2946 1926 3221 1990 mouitate,
3273 1926 3405 1979 alter
3448 1926 3571 1993 jure
3621 1926 3836 1979 nitatur.

2260 2015 2410 2067 Tunc
2439 2016 2669 2067 lmmano
2698 2015 2907 2069 labante
2936 2016 3177 2083 consi'io,
3207 2015 3520 2069 deliberatio
3546 2020 3839 2087 cognituris

2259 2103 2321 2155 ad
2353 2106 2650 2156 clementia:
2685 2114 2876 2157 vestr;e
2908 2106 3135 2158 recurrit
3177 2106 3473 2172 oraculum,
3517 2106 3577 2160 D.
3614 2109 3839 2177 impera-

2262 2205 2364 2246 tor.
2390 2195 2539 2259 Quod
2570 2195 2731 2248 etiam
2766 2196 3043 2261 prarsentis
3089 2196 3285 2264 negotii
3326 2198 3553 2264 qualitas
3574 2197 3837 2266 depascit.

2261 2283 2391 2337 Nam
2434 2282 2576 2335 Musa
2604 2299 2771 2338 annos
2814 2298 3023 2351 egressa
3059 2286 3337 2353 legi'imos,
3384 2283 3515 2341 cum'
3547 2289 3597 2341 in
3634 2300 3837 2357 partem

2264 2390 2439 2428 rerum
2456 2384 2789 2441 paternarum
2806 2374 3183 2445 Syntropliium
3199 2388 3508 2446 quereretur
3520 2380 3839 2440 admissam.

2264 2478 2419 2531 quem
2455 2464 2616 2517 veluti
2648 2464 2844 2517 adultae
2875 2480 2982 2518 suae
3014 2466 3227 2520 fratrem
3260 2468 3416 2520 dolus
3445 2468 3655 2523 Acltolii
3688 2486 3839 2523 enra-

2267 2556 2400 2605 toris
2429 2555 2709 2616 asciverat,
2741 2556 2997 2625 integram
3026 2557 3413 2612 restitutionem
3437 2559 3843 2628 sulfragiojn-is

2265 2647 2488 2715 accepit.
2510 2645 2614 2702 Sed
2657 2663 2709 2700 m
2736 2649 2839 2701 .ltis
2872 2650 3356 2717 provocationibus,
3388 2653 3657 2721 varii~que
3680 2664 3840 2708 tineis

2262 2737 2497 2803 judiciis,
2541 2739 2676 2791 intra
2708 2748 2875 2791 metas
2898 2739 3027 2805 justi
3056 2742 3311 2807 temporis
3358 2742 3594 2809 nequivit
3622 2746 3842 2811 exsequi

2270 2826 2571 2892 propositas
2602 2829 2856 2880 actiones.
2893 2829 2957 2882 Ut
2990 2844 3074 2882 res
3101 2830 3370 2893 monebat,
3398 2832 3653 2885 amissum
3686 2833 3845 2887 bene-

2271 2916 2445 2969 ficium
2492 2916 2728 2970 remedio
2775 2918 3178 2985 supplicationis
3209 2920 3512 2988 integravit.
3546 2921 3653 2975 Sed
3703 2922 3839 2975 idem

2270 3007 2547 3060 mulierum
2566 3021 2743 3071 casus,
2762 3009 2921 3060 etiam
2941 3010 3183 3076 rescripti
3203 3010 3529 3065 humanitate
3548 3011 3842 3065 fraudavit:

2272 3097 2535 3163 siquidem
2565 3099 2825 3149 mensium
2858 3108 3086 3165 quatuor
3114 3100 3273 3151 dilata
3299 3102 3598 3166 curriculis,
3635 3117 3845 3156 summo

600 3195 867 3246 mentibus
911 3192 1013 3259 piis
1057 3204 1191 3243 nava
1240 3190 1300 3241 P.
1330 3189 1395 3241 Β.
1423 3188 1677 3241 beneﬁcia
1720 3187 1960 3253 defertis,
2008 3191 2165 3242 etiam
2194 3176 2242 3240 C
2270 3185 2356 3239 die
2379 3187 2633 3254 temporis
2664 3188 2927 3252 impetrati
2960 3188 3156 3242 excidit
3186 3192 3447 3257 cognitor,
3472 3206 3706 3261 eamque
3727 3208 3844 3247 suc-

599 3287 770 3351 prisca
798 3290 1051 3335 servate:
1098 3290 1256 3348 atque
1305 3278 1430 3333 Urbi
1473 3288 1665 3333 vestra:
1713 3293 1949 3332 annuere
1986 3278 2172 3347 digne-

599 3373 726 3427 mini
749 3414 762 3435 ,
794 3384 847 3427 et
888 3374 1029 3440 quod
1063 3372 1441 3439 praetermissio
1482 3371 1749 3438 praeterita
1778 3370 2079 3440 suspendit,
2120 3379 2173 3425 et

598 3465 741 3532 quod
769 3464 972 3518 futurus
1002 3476 1127 3516 usus
1156 3470 1430 3528 exSpectat
1458 3460 1704 3513 feliciter.

1174 3550 1389 3604 EI'IST.
1430 3549 1607 3603 LVIII.

633 3661 680 3700 Ὦ.
728 3658 1018 3698 τῠῑουοςιο
1056 3658 1258 3697 δενρειι
1300 3658 1421 3695 AUG.
1460 3656 1765 3695 SYIIIACIIUS
1801 3657 1975 3694 PREF.
2016 3656 2135 3695 URB.

672 3733 727 3786 In
758 3736 981 3802 negotiis
1000 3778 1015 3800 ,
1044 3744 1284 3801 tempore
1313 3747 1373 3785 ac
1396 3731 1723 3799 judii-atione
1756 3731 1937 3793 finitis,
1962 3746 2175 3785 cessare

601 3840 809 3895 {equum
839 3833 921 3877 est
941 3827 1110 3891 longa:
1137 3824 1395 3876 orationis
1422 3838 1727 3885 excursum,
1761 3839 1827 3875 ne
1854 3833 1910 3875 et
1942 3823 2174 3876 numinis

601 3916 763 3971 vestri
788 3917 1046 3969 salutares
1070 3924 1219 3968 actus
1246 3922 1432 3967 oneret
1458 3928 1636 3967 sermo
1668 3910 1937 3979 prolixior,
1968 3922 2018 3965 et
2057 3913 2173 3967 sine

603 4016 916 4073 argumento
973 4018 1148 4058 rerum
1223 4003 1515 4072 loquacitas
1588 4018 1797 4057 morosa
1854 4002 2173 4069 diSpliceat,

604 4094 666 4148 D.
714 4095 1016 4159 imperator.
1066 4093 1199 4146 Cum
1255 4094 1305 4146 in
1356 4093 1555 4161 judicio
1606 4093 1957 4147 moderatoris
1995 4094 2173 4161 Apuli,

607 4187 745 4241 inter
768 4187 1095 4247 Marcellum,
1117 4188 1206 4253 qui
1229 4200 1287 4239 se
1309 4185 1575 4252 deiectum
1605 4185 1941 4253 possessione
1960 4196 2178 4252 questus

608 4286 710 4342 est,
737 4276 968 4345 itemque
998 4275 1309 4328 Venantium
1338 4283 1645 4337 stratorem,
1664 4285 1720 4328 ut
1743 4277 1853 4343 ipse
1876 4276 2175 4339 confirmat,

607 4365 827 4432 ejusque
872 4380 1176 4433 germanam
1208 4364 1556 4425 Batraebiam,
1601 4378 1758 4417 causa
1799 4365 2060 4419 violentia:
2099 4366 2177 4419 di-

609 4465 840 4517 ceretur,
876 4460 1180 4520 provocatio
1206 4470 1233 4506 a
1270 4457 1376 4507 rcis
1405 4455 1704 4508 inconsulta
1738 4460 2016 4523 processit,
2040 4458 2177 4525 quod

2270 3290 2451 3329 cessor
2473 3278 2758 3331 adveniens
2781 3280 3052 3346 prmmisso
3078 3280 3358 3333 interdcto
3384 3291 3651 3349 potesmte
3674 3284 3848 3351 priva-

2270 3377 2439 3420 verat.
2471 3366 2594 3420 l‘ost
2637 3351 2770 3431 ltrec,
2801 3384 2919 3421 cum
2951 3371 3108 3423 vellet
3140 3371 3404 3424 infelicem
3432 3386 3607 3425 causa
3640 3374 3847 3442 lapsum

2272 3457 2609 3524 reparatione
2660 3459 2891 3522 sarcire,
2949 3460 3161 3525 olijectu
3214 3459 3345 3526 legis
3390 3459 3849 3517 Constantini..n:e

2272 3549 2489 3615 explosa
2517 3557 2627 3614 est,
2661 3566 2780 3619 qua:
2806 3560 2952 3603 extra
2980 3552 3220 3604 ordinem
3253 3553 3580 3620 temporibus
3606 3554 3847 3615 indultis.

2280 3640 2575 3708 longiorem
2610 3646 2819 3710 negavit
2854 3657 3159 3698 excursum.
3198 3642 3389 3699 Secuta
3420 3654 3498 3697 est
3542 3648 3850 3713 provocatio

2271 3729 2585 3797 judicatutn.
2620 3732 2719 3785 Ubi
2751 3744 2963 3786 ventum
3000 3734 3064 3786 ad
3096 3747 3263 3788 sacrm
3305 3735 3448 3788 sedis
3478 3750 3741 3796 examen.
3768 3752 3851 3791 ea-

2276 3821 2396 3871 dem
2428 3822 2735 3873 constilutio
2762 3836 2790 3873 a
2824 3820 3076 3876 Faustino
3108 3822 3319 3877 Itzercdc
3347 3824 3553 3878 Acltolii
3584 3830 3851 3879 curatoris

2254 3902 2461 3964 rursus
2493 3912 2694 3979 ingesta
2733 3923 2847 3976 est;
2891 3926 3012 3979 pars
3054 3915 3443 3980 procuratoris,
3482 3914 3567 3967 cui
3610 3915 3851 3968 actiones

2280 4001 2424 4053 Musa
2459 4004 2838 4065 mandaverat,
2882 4017 2987 4055 non
3028 4018 3124 4055 suo
3158 4004 3290 4056 vitio
3333 4018 3545 4057 causam
3587 4008 3853 4060 cecidisse

2282 4102 2423 4157 temp
2448 4093 2608 4144 nribus
2647 4093 2990 4159 approbabat.
3032 4093 3109 4146 Ad
3160 4096 3257 4147 lioc
3295 4106 3571 4153 parentum
3614 4099 3851 4149 numinis

2282 4185 2441 4236 vestri
2483 4184 2729 4237 divorum
2776 4185 3066 4252 principum
3101 4187 3313 4253 protulit
3344 4190 3650 4241 sanctiones
3676 4229 3694 4251 ,
3737 4204 3852 4255 qu:

2284 4274 2333 4326 in
2362 4290 2422 4326 er
2449 4274 2678 4340 reliquas
2718 4280 3056 4343 exceptiones
3103 4278 3487 4344 reparationem
3515 4279 3853 4349 jurgautiluis

2284 4366 2541 4429 ttibuttnt,
2567 4368 2608 4418 si
2639 4381 2729 4433 per
2757 4368 3084 4435 cognitorem
3109 4384 3260 4421 causa
3292 4370 3513 4423 labatur.
3537 4368 3674 4425 Cum
3700 4373 3854 4441 igitur

2284 4465 2338 4509 ct
2369 4458 2418 4508 in
2448 4454 2825 4511 Constantiana
2850 4458 2961 4525 lege
2982 4501 2995 4525 ,
3022 4474 3124 4527 qua
3150 4463 3412 4526 reparatio
3434 4462 3692 4518 adimitur
3720 4476 3853 4517 tem.

612 4545 948 4611 provincialis
994 4544 1253 4610 cognitor,
1287 4547 1575 4610 praemissis
1605 4546 1793 4598 litteris
1837 4547 1900 4599 ad
1931 4548 2178 4602 vicariam
2209 4523 2258 4582 D
2289 4550 2503 4616 poribus
2551 4558 2698 4600 extra
2747 4548 2991 4603 ordinem
3040 4549 3207 4615 datis,
3254 4564 3408 4605 casus
3451 4553 3550 4606 iste
3590 4558 3854 4609 cessantis

611 4644 955 4703 potestitem,
990 4644 1294 4702 susceptum
1346 4636 1597 4688 retineret
1640 4650 1885 4690 examen.
1912 4638 2059 4692 Tune
2089 4656 2182 4691 au-

612 4723 792 4775 ditorii
832 4724 966 4775 sacri
994 4724 1179 4790 judex,
1212 4724 1436 4775 rectoris
1464 4724 1621 4777 affatu
1648 4740 1808 4793 super
1830 4728 2182 4793 appellatione

612 4825 689 4866 est
721 4815 1013 4876 eonsultus,
1045 4825 1095 4865 et
1126 4814 1533 4880 przejitdicialem
1568 4820 1813 4869 mulctam
1851 4829 2032 4871 statuit
2055 4837 2179 4886 pro-

613 4903 979 4955 vocationibus
1027 4902 1386 4962 inferendam,
1432 4914 1485 4955 et
1514 4904 1684 4971 ipsum
1716 4909 2051 4973 quazsitorein
2079 4909 2182 4961 cri-

614 4993 743 5046 mini
774 4993 951 5055 dedit,
984 5007 1104 5044 cum
1135 4992 1475 5047 exsecutione
1502 4994 1766 5050 vindictae.
1795 5000 1916 5051 I’ost
1948 4999 2059 5053 haec
2088 5001 2183 5053 ob-

614 5098 690 5149 re,
712 5083 939 5136 tionibus
968 5083 1196 5150 partium
1222 5085 1473 5139 nonnulla
1499 5097 1644 5155 gesta
1668 5098 1813 5151 sunt,
1847 5099 1901 5142 ut
1918 5089 2177 5156 judicatio

611 5184 973 5228 consummata
1003 5173 1319 5227 traheretur.
1356 5173 1486 5231 Nam
1524 5188 1579 5230 et
1621 5179 1703 5232 vir
1738 5180 2042 5248 spectabilis
2086 5182 2180 5233 de-

611 5280 795 5318 cessor
825 5280 989 5328 uicus,
1024 5279 1143 5319 cum
1176 5264 1422 5318 mulctam
1450 5268 1720 5325 didicisset
1739 5280 1998 5337 exactam,
2024 5290 2179 5342 quam

612 5357 832 5409 decreto
873 5355 1009 5407 sacri
1040 5355 1287 5409 auditorii
1313 5358 1595 5425 appellatio
1624 5362 1993 5429 prmjudicialis
2024 5380 2185 5432 agno-

623 5459 667 5491 v.
693 5454 802 5506 rat,
855 5456 933 5499 sta
962 5446 1038 5497 uit
1065 5459 1277 5499 causam
1308 5448 1546 5501 criminis
1580 5451 1642 5502 ad
1674 5465 1732 5504 se
1781 5452 1977 5506 debere
2017 5463 2184 5507 trans-

621 5535 765 5588 ferri.
799 5536 861 5589 Et
880 5553 978 5606 ego
1009 5538 1147 5591 idem
1180 5548 1426 5604 secutus,
1461 5555 1636 5607 partes
1663 5544 1715 5596 in
1744 5560 1967 5598 examen
1997 5547 2181 5599 accivi.

622 5625 725 5678 Sed
768 5640 885 5680 cum
916 5638 968 5681 et
998 5640 1204 5697 tempus
1234 5635 1584 5699 reparatioiis
1613 5643 1757 5687 esset
1798 5649 2095 5697 emensum,
2130 5646 2181 5690 et

623 5730 829 5777 orenam
847 5724 1236 5783 provocationis
1264 5733 1349 5776 aut
1376 5736 1705 5791 exspectaret
1729 5736 1821 5781 aut
1853 5729 2174 5797 sumpsisset

2285 4641 2651 4708 disceptatoris
2678 4656 2779 4694 non
2811 4642 2881 4695 sit
2906 4651 3178 4711 exceptus,
3210 4652 3262 4696 et
3290 4644 3583 4698 recentiora
3610 4646 3747 4701 scita
3780 4649 3853 4699 di.

2286 4750 2469 4788 vorum
2504 4735 2804 4801 Principum
2835 4735 3039 4788 cunctis
3082 4736 3306 4804 negotiis
3345 4738 3686 4806 reparatione
3730 4744 3852 4793 suit.

2287 4829 2526 4881 venerint
2546 4870 2560 4893 ,
2592 4827 2634 4880 si
2674 4827 2807 4881 forte
2833 4842 2859 4878 a
2886 4827 3063 4895 judice
3089 4828 3406 4882 deserantur
3435 4848 3447 4882 :
3484 4829 3651 4883 facilis
3695 4832 3749 4885 in
3780 4833 3851 4884 al-

2284 4931 2450 4971 teram
2484 4928 2683 4986 partem
2709 4934 2826 4971 esse
2857 4935 2959 4972 non
2992 4922 3132 4987 [νηιιί
3159 4961 3173 4983 ,
3205 4921 3296 4974 sed
3319 4924 3459 4990 quod
3486 4937 3646 4977 unum
3683 4939 3853 4978 remeo

2285 5010 2429 5062 dium
2465 5013 2713 5064 convenit
2740 5011 2894 5064 rebus
2926 5012 3213 5079 ambiguis,
3252 5012 3512 5068 fortunam
3544 5016 3742 5071 curiosi
3777 5024 3851 5069 tu-

2285 5100 2529 5154 ctaminis
2586 5102 2970 5168 angustissimis
3032 5102 3201 5168 legum
3264 5103 3498 5159 arbitriis
3547 5110 3856 5167 reservavi,

2286 5190 2446 5255 gestis
2472 5189 2715 5241 omnibus
2753 5189 2818 5241 de
2858 5203 3004 5241 more
3049 5190 3328 5255 subjectis,
3377 5203 3434 5246 ttt
3473 5208 3658 5248 eorum
3695 5196 3853 5249 lectio

2289 5278 2655 5330 insinuationis
2681 5293 2810 5331 mea:
2838 5288 3038 5331 astruat
3067 5280 3357 5334 veritatem.

2884 5369 3092 5424 EPIST.
3134 5369 3245 5423 LX.

2361 5476 2409 5510 Il.
2444 5474 2731 5513 'I'IIFODOSIO
2759 5474 2956 5512 SEII‘F.“
2989 5476 3107 5514 Αυο.
3140 5476 3441 5515 εῖιιωςηυε
3462 5477 3628 5516 Ναίν.
3659 5481 3785 5519 υπι.

2363 5551 2576 5602 Urliinttt
2620 5552 3039 5619 populontmque
3087 5552 3399 5614 luctamina,
3448 5556 3701 5621 qttOniam
3732 5568 3855 5608 sunt

2290 5644 2487 5712 tttajora
2534 5646 2790 5710 privatis,
2837 5644 3036 5711 judicio
3064 5643 3367 5712 augustiore
3410 5648 3675 5701 censenda
3707 5662 3853 5711 sunt,

2292 5735 2351 5788 υ.
2385 5735 2687 5803 imperator.
2725 5734 2903 5789 Merito
2944 5734 3343 5789 Puteolanorum
3389 5750 3449 5792 ac
3497 5735 3853 5793 Terracinen-
