3820 6366
545 526 635 580 501

1735 523 1799 589 ρ.
1842 518 2183 575 Αιιιιειιυδ
2222 518 2653 575 SYMMACIIL‘S.

3669 522 3757 580 399

546 647 871 692 sai-ramento
896 636 1102 705 publico
1133 636 1224 689 ιιιιί
1255 636 1412 689 sunt?
1447 634 1548 689 Sed
1577 634 1730 689 divus
1762 631 2107 687 Constantius
2134 636 2182 691 Α
2211 639 2389 685 vetera
2435 630 2683 698 decerpta
2726 643 2866 686 sunt.
2927 633 3133 689 Etenim
3179 634 3277 688 sub
3318 635 3722 704 imperatoribus
3743 678 3759 704 ,

546 728 682 780 idem
734 727 921 780 fecisse
968 726 1179 779 dicitur.
1220 726 1419 778 Czetera
1454 724 1629 794 potius
1682 725 1822 778 illius
1853 722 2106 793 principis

548 818 883 879 :emuleinur;
932 816 1018 883 qui
1060 816 1185 869 nihil
1229 816 1329 868 tale
1366 825 1507 868 esset
1546 806 1866 883 aggressus,
1905 814 1949 866 si
1990 813 2107 879 quis

582 922 667 960 nte
692 923 749 960 se
781 909 915 960 alius
946 908 1227 961 deviasset.
1259 906 1489 975 Corrigit
1518 908 1657 959 enim
1688 918 1997 972 sequentem
2028 905 2104 955 la-

552 1013 671 1061 psus
697 997 905 1063 prioris,
935 1006 987 1049 et
1013 996 1077 1048 de
1101 996 1520 1064 reprehensione
1549 993 1880 1047 antecedenti
1902 1007 2108 1047 sesem-

552 1088 620 1150 ιιιὶ
652 1089 900 1159 nascitur
926 1088 1243 1141 emendatio.
1274 1087 1403 1139 Fors
1436 1086 1530 1138 fuit
1562 1097 1617 1139 ut
1647 1101 1834 1153 parens
1865 1087 1951 1138 ille
1997 1092 2110 1138 c'c-

554 1178 760 1228 nientize
776 1184 966 1228 vestrie
986 1178 1035 1228 in
1056 1191 1113 1230 re
1132 1177 1302 1229 adhuc
1325 1190 1456 1227 nova
1480 1192 1583 1227 non
1600 1184 1813 1229 caveret
1833 1174 2105 1227 invidiam.

554 1264 682 1317 Num
718 1276 887 1332 potest
906 1269 1069 1319 etiam
1100 1265 1253 1317 nobis
1282 1265 1466 1319 eadem
1516 1265 1753 1318 defensio
1797 1266 2103 1328 convenite,

554 1356 595 1407 si
627 1357 888 1409 imitemur
908 1357 1046 1423 quod
1072 1358 1279 1408 animus
1311 1355 1599 1421 improbat?
1632 1354 1863 1421 Accipiat
1893 1355 2101 1406 aeterni-

558 1454 636 1495 tas
664 1450 833 1495 vestra
862 1443 961 1494 alia
993 1442 1225 1510 ejusdem
1258 1444 1507 1511 principis
1538 1446 1688 1505 facta,
1722 1456 1839 1510 qua:
1871 1443 1883 1494 i
1911 1474 1918 1489 .
1954 1457 2105 1494 usum

557 1534 763 1600 dignius
810 1534 997 1585 trahat.
1030 1534 1107 1585 Nil
1136 1535 1222 1601 ille
1264 1534 1527 1596 decerpsit
1554 1548 1818 1585 sacrarum
1850 1534 2106 1601 virginum

559 1622 871 1690 privilegiis,
919 1621 1153 1674 decrevit
1193 1621 1454 1674 nobilibus
1489 1620 1812 1683 sacerdotia,
1858 1621 2108 1673 ltoinanis

556 1713 883 1765 c.t-retnoniis
906 1726 1007 1763 non
1041 1712 1247 1779 negavit
1278 1713 1539 1778 impetras
1562 1728 1575 1762 :
1600 1721 1651 1763 et
1680 1726 1769 1776 per
1794 1727 1975 1764 omnes
1999 1713 2109 1763 vius

557 1813 771 1855 aeterna:
797 1802 1139 1855 Urbislanmn
1188 1813 1399 1855 secutus
1428 1811 1699 1864 senatmn,
1744 1803 1869 1854 vidit
1904 1803 2108 1870 ptacido

557 1908 651 1945 ore
694 1893 945 1957 delubra,
987 1893 1110 1958 legit
1138 1892 1385 1959 inscripta
1423 1892 1641 1960 fasrigiis
1670 1892 1825 1946 deum
1862 1893 2102 1955 nomina,

2208 722 2295 786 qui
2323 722 2496 776 alieno
2522 722 2811 788 abstinent,
2850 723 2937 791 qui
2962 725 3217 778 resistunt
3262 725 3558 794 cupiditati,
3587 728 3649 780 ad
3678 743 3759 781 so-

2207 813 2309 866 lam
2338 812 2634 866 detrahitur
2660 814 2949 867 amittentis
2981 815 3248 882 injuriam,
3276 816 3415 885 quod
3448 817 3757 873 desiderium

2208 916 2310 955 non
2341 912 2517 956 movet
2557 903 2867 958 auferentis.
2895 905 3067 973 Agros
3093 907 3253 961 etiam
3278 907 3571 975 virginibus
3597 917 3649 961 et
3675 912 3756 963 mi.

2209 995 2393 1047 nistris
2419 994 2773 1067 deﬁcientium
2803 997 3071 1051 voluntate
3110 997 3308 1067 legatos
3342 998 3503 1065 fiscus
3522 1008 3756 1057 retentat.

2207 1082 2313 1136 Oro
2351 1099 2445 1137 vos
2483 1064 2697 1151 justitize
2738 1086 3037 1140 sacerdotes
3062 1126 3077 1151 ,
3109 1097 3161 1140 ut
3207 1087 3329 1142 llrbi
3373 1100 3576 1143 vestra
3600 1094 3758 1143 sat-ris

2210 1176 2460 1227 reddatur
2482 1177 2680 1244 privata
2705 1177 2991 1230 successio.
3016 1176 3219 1231 Dictent
3244 1186 3555 1233 testamenta
3575 1181 3755 1243 secari,

2209 1277 2259 1318 et
2299 1269 2473 1319 sciant
2516 1266 2614 1319 sub
2646 1267 2972 1335 principibus
3018 1284 3120 1322 non
3172 1270 3343 1323 avaris
3381 1270 3576 1325 stabile
3614 1287 3757 1332 esse.

2209 1355 2347 1423 quod
2392 1355 2724 1424 scripserint.
2774 1358 3008 1441 Delectet
3040 1374 3131 1413 vos
3162 1360 3257 1411 ista
3293 1357 3527 1414 felicitas
3558 1364 3758 1430 generis

2212 1447 2443 1499 humani.
2500 1446 2673 1512 Coepit
2717 1463 2887 1500 Causae
2936 1448 3091 1515 hujus
3133 1450 3439 1517 exemplum
3485 1451 3759 1505 sollicitare

2210 1538 2519 1590 morientes.
2574 1538 2708 1605 Ergo
2759 1537 3005 1589 Romana:
3056 1537 3341 1609 religiones
3387 1538 3491 1593 sub
3537 1540 3757 1593 Romam

2205 1627 2323 1695 jura
2356 1642 2456 1679 non
2486 1628 2780 1694 pertinent?
2810 1627 2957 1691 Quod
2990 1643 3181 1681 nomen
3210 1628 3434 1698 accipiet
3472 1630 3668 1684 ablatio
3694 1630 3760 1683 fa-

2210 1718 2461 1769 Cllilalliln
2490 1760 2502 1782 ,
2534 1734 2664 1785 quas
2690 1718 2827 1770 nulla
2862 1718 2964 1782 lex,
2990 1717 3164 1773 nullus
3184 1734 3337 1774 casus
3360 1720 3485 1775 fecit
3510 1722 3759 1776 caducas?

2210 1806 2433 1874 Capiunt
2475 1807 2639 1876 legata
2690 1808 2883 1871 liberti,
2932 1812 3098 1862 servis
3146 1801 3584 1865 testamentorum
3632 1815 3756 1876 just:

2211 1896 2487 1950 commoda
2513 1912 2614 1949 non
2658 1911 2935 1964 negantur.
2967 1898 3191 1952 Tantum
3235 1900 3439 1955 nobiles
3469 1902 3692 1969 virgines
3716 1912 3759 1955 et

560 1994 894 2048 percontatus
949 1994 1028 2035 est
1077 1983 1390 2049 templorum
1449 1984 1713 2050 origines,
1763 1983 1979 2036 miratus
2026 1993 2107 2037 est
2136 1976 2180 2034 Β
2212 1988 2443 2040 fataliurn
2472 1990 3584 2061 sacrornmministriexcludunturprzediis
3606 1992 3759 2045 hrere-

555 2075 878 2128 conditores.
911 2076 1145 2140 Cumque
1174 2075 1303 2126 alias
1334 2074 1612 2140 religiones
1638 2075 1746 2142 ipse
1776 2085 2105 2142 sequeretur,

561 2165 652 2216 bas
681 2166 909 2217 servavit
950 2166 1188 2228 imperio.
1235 2166 1372 2216 Snus
1401 2167 1539 2216 enim
1587 2166 1775 2231 cuique
1808 2182 1938 2225 m«s.
1983 2182 2109 2218 situs

557 2242 746 2323 ctt‘que
795 2261 924 2306 ritus
971 2265 1069 2306 est.
1130 2255 1312 2307 Varios
1360 2256 1605 2306 custodes
1652 2256 1869 2307 urbibus
1910 2256 2110 2309 cunctis

561 2359 709 2397 mens
757 2345 929 2395 divina
961 2344 1246 2396 distribuit.
1281 2342 1347 2396 Ut
1386 2345 1573 2397 animae
1622 2346 1992 2409 nascentibus,
2041 2346 2108 2398 ita

560 2433 766 2500 p0polis
806 2432 1006 2484 natales
1049 2432 1190 2498 genii
1240 2430 1569 2484 dividuntur.
1610 2433 1825 2485 Accedit
1876 2435 2108 2501 utilitas,

556 2536 672 2588 qua:
712 2526 937 2572 maxime
985 2520 1178 2571 homini
1215 2519 1343 2572 deos
1392 2520 1602 2573 asserit.
1646 2520 1774 2573 Nam
1804 2537 1919 2575 cum
1976 2523 2109 2575 ratio

558 2609 730 2664 omnis
757 2609 807 2662 in
836 2625 951 2676 oper
970 2620 1021 2662 to
1040 2610 1135 2672 sit;
1161 2609 1295 2663 unde
1326 2612 1548 2673 rectius,
1578 2626 1731 2678 quam
1763 2612 1829 2665 de
1856 2612 2108 2664 memoria

561 2706 716 2767 atque
745 2700 1073 2752 documentis
1102 2715 1276 2753 rerum
1304 2702 1677 2765 secundarum,
1711 2703 1938 2768 cognitio
1968 2704 2112 2755 venit

560 2789 863 2842 numinum?
888 2789 1002 2841 .lam
1032 2792 1075 2843 si
1116 2792 1268 2858 longa
1301 2800 1429 2844 aetas
1474 2791 1838 2845 auctoritatem
1872 2793 2110 2862 religioni

560 2880 722 2941 facit,
763 2881 1018 2932 servanda
1067 2891 1149 2934 est
1189 2890 1264 2933 tot
1314 2882 1520 2935 sreculis
1552 2883 1719 2946 fides,
1769 2895 1822 2937 et
1859 2886 2110 2951 sequendi

558 2976 685 3021 sunt
718 2969 868 3021 nobis
906 2980 1149 3037 parentes
1170 3011 1186 3035 ,
1237 2970 1325 3039 qui
1376 2974 1540 3025 secuti
1572 2983 1691 3025 sunt
1717 2973 1935 3027 feliciter
1964 2988 2109 3027 suos.

561 3060 780 3113 Romam
808 3076 946 3113 nunc
970 3072 1211 3126 putemus
1229 3063 1501 3127 aSaiSlef‘e,
1534 3073 1688 3131 atque
1722 3065 1802 3115 bis
1839 3066 2110 3117 vobiscum

560 3166 719 3219 agere
759 3152 1110 3205 sermonibus.
1156 3151 1350 3220 Optimi
1378 3156 1672 3223 principes,
1700 3166 1872 3224 patres
1906 3162 2108 3225 patrne,

562 3242 886 3294 reveremini,
922 3256 1087 3294 annos
1118 3256 1285 3308 meos,
1333 3245 1382 3295 in
1413 3261 1545 3313 quos
1576 3262 1659 3298 me
1694 3251 1810 3315 pius
1852 3248 1983 3301 ritus
2011 3249 2107 3300 ad-

2210 2075 2375 2130 ditate
2402 2078 2654 2144 quaesitis.
2686 2078 2819 2141 Quid
2841 2078 2986 2144 juvat
3010 2080 3163 2136 saluti
3187 2081 3407 2148 publicae
3432 2092 3636 2134 castum
3658 2096 3759 2132 cur-

2212 2184 2311 2236 pns
2342 2170 2542 2231 dicare,
2576 2178 2627 2223 et
2656 2170 2856 2237 imperii
2886 2172 3227 2225 arternitatem
3254 2173 3563 2227 coelestibus
3592 2175 3758 2228 fulcire

2213 2259 2498 2327 praesidiis;
2530 2260 2691 2313 armis
2723 2261 2911 2313 vestris
2931 2270 3089 2327 atque
3114 2263 3211 2316 alis
3244 2264 3437 2317 vestris
3466 2266 3661 2318 amicas
3681 2282 3760 2330 ap-

2212 2351 2405 2417 plicare
2431 2350 2668 2410 virtnti-s,
2698 2365 2793 2416 pro
2813 2352 3056 2405 omnibus
3077 2352 3313 2407 efficacia
3334 2363 3453 2407 vota
3477 2356 3757 2424 suscipere.

2212 2441 2356 2505 etjns
2369 2455 2486 2493 cum
2505 2440 2751 2494 omnibus
2767 2456 2866 2494 non
2886 2442 3114 2498 habere?
3131 2445 3305 2512 Itaque
3323 2446 3514 2500 melior
3525 2458 3601 2499 «εει
3616 2448 3757 2500 servi

2214 2539 2315 2593 tus,
2342 2543 2459 2598 quae
2484 2532 2782 2585 hominibus
2812 2531 3148 2598 impenditur.
3182 2534 3367 2602 Remp.
3395 2536 3655 2600 ludimus,
3684 2536 3759 2589 cui

2214 2636 2477 2688 nunquam
2500 2622 2732 2686 espedit,
2750 2632 2803 2673 ut
2822 2624 3017 2689 ingrata
3037 2625 3123 2676 sit.
3139 2624 3302 2677 Nemo
3335 2639 3420 2677 me
3436 2634 3586 2693 putet
3607 2626 3758 2679 solani

2212 2724 2424 2763 causam
2463 2710 2773 2778 religionum
2816 2714 2968 2766 tueri.
3001 2713 3074 2766 Ex
3120 2713 3419 2782 huiusmodi
3455 2717 3759 2770 facinoribus

2214 2811 2325 2853 orta
2345 2789 2469 2854 sunt
2487 2810 2671 2854 cuncta
2698 2803 2908 2854 humani
2928 2807 3134 2870 generis
3158 2806 3512 2860 incommoda.
3538 2807 3759 2860 Honora-

2213 2900 2358 2942 verat
2376 2890 2457 2943 lex
2479 2900 2749 2958 parentum
2771 2893 2997 2945 vestales
3016 2894 3265 2962 virgines.
3279 2909 3340 2947 ac
3358 2897 3631 2949 ministros
3647 2898 3754 2951 deo-

2214 2995 2329 3031 rum
2349 2980 2485 3032 victu
2502 2981 2726 3045 modico,
2747 2982 3008 3048 justisque
3028 2982 3337 3050 privilegiis.
3358 2974 3518 3038 Stetit
3542 2988 3760 3039 muneris

2216 3069 2368 3137 linjus
2417 3070 2688 3139 integritas
2719 3086 2883 3140 usque
2923 3072 2986 3125 ad
3018 3073 3309 3142 degeneres
3346 3074 3653 3143 trapezitas,
3684 3076 3757 3143 qui

2214 3160 2277 3213 ad
2312 3162 2607 3213 mercedem
2649 3161 2822 3214 vilium
2870 3162 3160 3229 baiulorum
3200 3168 3363 3217 sacris
3397 3166 3656 3219 castitatis
3680 3165 3759 3216 ali-

2216 3263 2387 3302 menta
2418 3260 2704 3304 verterunt.
2738 3251 2928 3305 Secuta
2952 3264 3031 3307 est
3078 3254 3241 3308 fames
3281 3256 3510 3325 publica,
3542 3266 3597 3312 et
3625 3271 3758 3327 spem

562 3333 732 3396 duxit,
760 3341 817 3385 ut
843 3344 960 3386 utar
987 3335 1315 3387 eteremoniis
1340 3338 1492 3388 avitis
1523 3354 1535 3388 :
1580 3353 1746 3406 neque
1775 3341 1911 3392 enim
1946 3344 2110 3406 pmni-
2138 3322 2183 3383 (ἶ
2215 3343 2597 3409 provinciarum
2621 3345 2853 3397 omnium
2886 3346 3069 3398 messis
3093 3361 3229 3414 azgra
3252 3348 3479 3417 decepit.
3509 3350 3624 3405 Non
3653 3361 3762 3404 sunt

563 3430 658 3475 tet.
685 3419 863 3472 Vivam
885 3436 1031 3474 more
1062 3422 1202 3485 meo,
1234 3425 1349 3489 quia
1377 3425 1539 3478 libera
1568 3440 1704 3478 sum.
1736 3427 1829 3481 llic
1857 3429 2029 3481 cultus
2055 3431 2106 3482 in

563 3512 705 3577 leges
749 3526 890 3564 ineas
921 3511 1101 3565 orbem
1147 3514 1377 3581 redegit;
1424 3516 1535 3569 lta'c
1564 3532 1711 3569 sacra
1741 3520 2051 3573 Anniba'em
2078 3535 2107 3572 a

569 3600 864 3664 mtenibus,
906 3616 934 3652 a
980 3601 1240 3668 Capitolio
1263 3603 1501 3656 Senonas
1544 3605 1868 3672 repulerunt.
1901 3610 1978 3660 Ad
2008 3608 2109 3662 hoc

500 3730 504 3734 .
567 3704 698 3757 ergo
728 3700 931 3741 servata
961 3704 1076 3743 sum
1108 3702 1164 3746 ut
1204 3693 1435 3761 longaeva
1488 3696 1883 3763 reprehendar?
1919 3698 2109 3753 Videro

562 3779 717 3848 quale
756 3779 822 3831 sit
848 3780 986 3847 quod
1018 3782 1392 3835 instituendum
1428 3794 1656 3851 putatur.
1686 3788 1811 3841 Sera
1855 3798 2111 3843 tamen'et

563 3870 937 3923 contumeliosa
988 3879 1071 3922 est
1117 3873 1413 3925 emendatio
1463 3877 1765 3930 senectutis.
1827 3877 1963 3945 Ergo
2008 3879 2110 3931 diis

564 3959 777 4024 patriis,
826 3958 928 4011 diis
976 3958 1293 4028 indigetibus
1335 3976 1515 4029 pacem
1563 3979 1827 4033 rogamus.
1878 3969 2109 4037 Equum

564 4056 672 4109 est,
698 4046 948 4117 quidquid
997 4064 1181 4104 omnes
1220 4052 1429 4117 colunt,
1477 4069 1637 4107 unum
1686 4058 1876 4124 putari.
1912 4056 2107 4112 Eadem

563 4150 861 4204 spectamus
907 4149 1081 4205 astra,
1123 4155 1402 4197 commune
1450 4146 1641 4199 cmlum
1685 4156 1795 4211 est,
1838 4148 1975 4201 idem
2014 4164 2109 4203 nos

565 4226 791 4279 mundus
823 4229 1058 4281 involvit.
1090 4230 1223 4294 Quid
1256 4231 1490 4296 interest,
1521 4249 1618 4300 qua
1638 4237 1858 4302 quisque
1886 4237 2111 4302 pruden-

566 4316 633 4366 tia
662 4330 841 4367 verum
872 4317 1136 4385 inquirat?
1165 4319 1278 4373 Uno
1306 4320 1490 4375 itinere
1520 4338 1621 4375 non
1650 4335 1818 4391 potest
1851 4328 2111 4392 perveniri

565 4403 628 4456 ad
653 4413 755 4457 tarn
800 4406 995 4473 grande
1020 4420 1301 4462 secretum.
1344 4409 1447 4485 Sed
1480 4413 1591 4466 hilJC
1617 4416 1905 4469 otiosorum
1931 4418 2109 4485 distiu-

567 4494 694 4553 tatio
740 4504 840 4548 est.
892 4495 1040 4549 Nunc
1086 4512 1297 4565 preces,
1346 4482 1449 4553 non
1499 4506 1786 4556 certamina
1818 4505 2105 4560 oti‘erimus.

568 4583 771 4648 Qu;mto
798 4588 1076 4639 commodo
1103 4588 1236 4641 sacri
1265 4591 1435 4644 :erarii
1461 4592 1622 4644 vestri
1652 4596 1921 4648 vestalium
1950 4598 2108 4666 virgi-

2212 3433 2322 3487 hazc
2347 3435 2471 3488 vitia
2503 3445 2784 3490 terrarum.
2814 3436 2947 3490 Nihil
2991 3448 3290 3507 mputamus
3310 3444 3507 3497 austris
3531 3460 3547 3495 τ
3568 3459 3663 3499 nec
3679 3460 3760 3498 ru-

2210 3523 2331 3590 bigo
2356 3525 2622 3591 segetibus
2647 3525 2832 3587 obfuit.
2866 3541 2963 3579 nec
2994 3541 3155 3580 avena
3208 3528 3383 3597 fruges
3412 3530 3645 3585 necavit.
3678 3533 3759 3585 Sa-

2209 3612 2427 3680 crilegio
2457 3627 2626 3665 annus
2652 3614 2877 3666 exaruit.
2908 3614 3133 3669 Necesse
3156 3617 3295 3669 enim
3325 3617 3421 3671 fuit
3446 3620 3622 3687 perire
3652 3636 3758 3672 om-

2212 3703 2383 3766 nibus,
2414 3702 2555 3770 quod
2585 3702 2924 3772 religionibus
2952 3704 3255 3773 negabatur.
3270 3706 3424 3762 Certe
3442 3708 3491 3763 si
3512 3718 3594 3763 est
3615 3710 3759 3777 hujus

2211 3794 2335 3847 mali
2372 3795 2583 3861 aliquod
2612 3795 2935 3863 exemplum,
2977 3798 3297 3864 irnputemus
3338 3809 3535 3855 tantam
3577 3802 3757 3855 famem

2208 3884 2413 3937 vicibus
2441 3899 2719 3937 annorum.
2744 3886 2931 3939 Gravis
2964 3891 3096 3941 hanc
3125 3890 3456 3946 sterilitatem
3486 3906 3613 3946 aura
3638 3909 3756 3946 con-

2210 3974 2439 4027 strinxit.
2469 3975 2820 4044 Sylvestribus
2846 3977 3072 4031 arbustis
3094 3980 3195 4032 vita
3222 3980 3549 4050 producitur,
3579 3993 3631 4037 et
3654 3998 3757 4036 rur-

2210 4080 2301 4118 sus
2330 4066 2393 4118 ad
2430 4066 2718 4120 Dodonmas
2740 4068 2957 4121 arbores
2989 4066 3157 4137 plebis
3186 4074 3396 4126 rustica:
3439 4073 3618 4141 inpia
3644 4089 3757 4127 con-

2211 4156 2423 4208 volaxit.
2456 4157 2588 4223 Quid
2622 4160 2725 4210 tale
2765 4159 2945 4224 proavi
2988 4161 3348 4227 pertulerunt,
3399 4178 3523 4216 cum
3559 4165 3759 4231 religio-

2212 4261 2334 4297 num
2363 4248 2630 4299 ministros
2675 4248 2843 4300 honor
2882 4247 3120 4313 publicus
3162 4251 3438 4317 pasceret?
3462 4252 3686 4317 Quando
3716 4255 3757 4303 in

2212 4351 2336 4390 usus
2367 4337 2633 4391 hominum
2664 4352 2916 4391 concussa
2947 4341 3212 4407 quercus?
3232 4336 3630 4407 quando'vielsze
3650 4351 3760 4395 sunt

2211 4427 2490 4501 herbarum
2540 4428 2777 4481 radices?
2799 4430 3006 4495 quando
3039 4420 3125 4481 alt-
3148 4446 3272 4484 rnos
3319 4432 3593 4500 regionum
3624 4432 3761 4488 defe-

2211 4526 2326 4569 etus
2351 4502 2583 4571 deseruit
2614 4519 2905 4573 fecunditas
2934 4531 3134 4583 mutua,
3163 4537 3281 4574 cum
3317 4524 3513 4592 populo
3540 4534 3595 4578 et
3622 4526 3762 4591 virgi-

2216 4606 2369 4659 nibus
2408 4608 2575 4661 sacris
2599 4610 2891 4662 communis
2919 4620 3058 4663 esset
3087 4615 3332 4666 annona?
3354 4614 3762 4669 Comntendalxt

569 4688 691 4725 num
728 4676 1066 4744 pnerogativa
1099 4681 1335 4732 detracta
1373 4684 1485 4735 est?
1526 4684 1635 4740 Sub
1674 4686 1979 4753 largissimis
2011 4692 2111 4743 im—
2137 4666 2191 4725 D
2215 4698 2355 4751 enim
2402 4706 2660 4750 terrarum
2695 4709 2978 4765 proventus
3016 4701 3184 4754 victus
3233 4704 3547 4768 antistitum,
3588 4715 3642 4760 et
3688 4720 3764 4757 rc-

569 4766 898 4831 peratoribus
927 4769 1236 4836 denegatur,
1259 4772 1397 4839 quod
1425 4774 1713 4840 parcissimi
1739 4782 2111 4844 praestiterunt.

570 4854 749 4907 llonor
776 4856 921 4923 solus
972 4860 1124 4912 estin
1154 4859 1241 4913 illo
1272 4864 1412 4915 veiut
1452 4865 1712 4931 stipendio
1740 4871 2017 4925 castitatis.
2052 4871 2117 4926 Ut
2168 4894 2171 4903 ι

572 4947 712 4998 vittas
736 4961 912 5009 earum
938 4950 1094 5018 cupiti
1129 4952 1288 5006 decus
1317 4954 1529 5021 faciunt,
1577 4961 1645 5011 ita
1675 4960 1876 5030 insigne
1906 4963 2116 5019 ducitur

572 5038 851 5091 sacerdotii
880 5053 1097 5093 vacasse
1126 5044 1452 5099 muneribus.
1492 5046 1694 5101 Nudum
1725 5050 2115 5117 quodammodo

570 5143 761 5181 nomen
793 5128 1133 5183 immanitatis
1165 5134 1451 5201 requirnnt,
1478 5138 1722 5205 quoniam
1752 5152 2057 5209 paupertate
2083 5159 2110 5195 a

575 5218 847 5285 dispendio
876 5228 1000 5273 tutas
1020 5231 1161 5273 sunt.
1188 5224 1363 5291 Itaque
1383 5230 1609 5294 amplius
1640 5232 1778 5285 laudi
1814 5248 1992 5287 earum
2016 5236 2115 5288 tri-

574 5305 769 5371 buunt,
808 5308 897 5375 qui
938 5309 1134 5377 aliquid
1174 5313 1251 5364 rei
1296 5306 1609 5369 detrahunti
1655 5321 1913 5389 siquidem
1956 5326 2113 5379 saluti

576 5398 794 5465 publica:
840 5399 1005 5452 dicata
1048 5402 1316 5471 virginitas
1362 5410 1552 5461 crest-it
1576 5413 1797 5478 merito,
1830 5429 1947 5467 cum
1971 5426 2116 5471 caret

576 5490 809 5555 przemio.
858 5491 1044 5545 Absint
1083 5498 1149 5548 ab
1176 5498 1345 5550 mrii
1386 5503 1543 5553 vestri
1579 5506 1801 5568 puritate
1832 5508 1928 5561 ista
1968 5493 2149 5577 com-'

578 5581 786 5646 pendia.
810 5580 989 5635 Fiscus
1018 5585 1270 5638 bonorum
1301 5590 1613 5659 principum,
1641 5610 1742 5647 non
1784 5598 2115 5651 sacerdotum

578 5671 779 5724 damnis
800 5712 815 5735 ,
846 5674 935 5727 sed
972 5674 1196 5729 hostium
1226 5682 1404 5745 spoliis
1433 5692 1702 5751 augeatur.
1753 5687 2001 5742 Ullnmnc
2034 5690 2117 5742 lu-

579 5779 591 5805 i
614 5776 722 5812 rum
748 5774 1054 5830 compensat
1074 5767 1318 5821 invidiam
1340 5770 1435 5823 γει
1455 5775 1572 5840 quia
1595 5777 1812 5830 avaritia
1840 5779 1889 5832 in
1916 5789 2119 5834 vestros

582 5864 756 5902 mores
781 5866 879 5904 non
906 5854 1062 5915 cidit,
1090 5855 1187 5910 hoc
1210 5860 1507 5915 miseriores
1531 5873 1647 5916 sunt
1671 5867 1859 5931 quibus
1885 5870 2115 5927 subsidia

2222 4789 2450 4842 medium
2497 4791 2660 4858 magis
2702 4806 2855 4859 quam
2896 4793 3107 4861 largitas
3138 4804 3269 4848 erat.
3307 4794 3387 4848 An
3422 4795 3643 4851 dubium
3670 4808 3759 4857 est.
3816 4848 3817 4859 χ

2216 4895 2425 4949 semper
2449 4897 2542 4950 pro
2563 4882 2709 4948 copia
2740 4882 2970 4936 omnium
3001 4885 3200 4951 datum,
3228 4887 3367 4955 quod
3410 4904 3550 4942 nunc
3597 4889 3760 4958 inepia

2215 4972 2448 5023 omnium
2472 4970 2786 5025 vindicavit?
2812 4970 2955 5026 Dicet
2978 4974 3184 5041 aliquis,
3212 4987 3480 5044 sumptum
3506 4978 3761 5046 publicum
3816 4984 3817 5046 ξ

2216 5058 2530 5127 denegatum
2559 5060 2743 5115 aliena:
2764 5062 3029 5131 religionis
3058 5063 3354 5131 impendiis.
3387 5066 3539 5121 Absit
3560 5082 3592 5122 ι
3626 5069 3763 5123 bonis

2220 5149 2544 5217 principibus
2571 5151 2670 5202 ista
2703 5153 2984 5217 sententia,
3015 5162 3071 5205 ut
3098 5154 3235 5221 quod
3270 5154 3331 5209 de
3360 5158 3635 5213 communi
3662 5158 3761 5227 quia

2218 5239 2437 5294 busdam
2465 5242 2712 5295 tributum
2739 5253 2840 5309 est,
2866 5244 2917 5294 in
2938 5241 3057 5310 jure
3082 5242 3190 5297 fisci
3212 5259 3326 5309 esse
3352 5245 3615 5302 tideatur.
3647 5248 3763 5302 Nam

2219 5344 2336 5385 cum
2362 5331 2575 5398 respub.
2605 5332 2671 5411 de
2697 5334 2917 5400 singulis
2945 5341 3180 5399 constet,
3211 5338 3348 5406 quod
3383 5339 3451 5391 ab
3472 5354 3536 5393 ea
3566 5342 3765 5410 prolici-

2221 5422 2405 5485 scitur,
2438 5421 2496 5473 fit
2518 5436 2698 5474 rursus
2727 5422 2994 5491 preprium
3035 5412 3384 5494 singulorum.
3413 5428 3607 5484 Omnia
3636 5432 3764 5502 regi-

2222 5513 2315 5575 tis,
2365 5512 2458 5567 sed
2508 5528 2659 5568 suum
2707 5514 2897 5582 cuique
2950 5518 3195 5584 servatis,
3237 5519 3458 5585 plusque
3494 5525 3640 5590 apud
3686 5538 3766 5577 Vos

2213 5604 2416 5672 justitia
2473 5620 2628 5674 quam
2665 5605 2871 5661 licentia
2900 5610 3054 5661 valet.
3080 5606 3354 5665 Consulite
3382 5622 3531 5667 certe
3564 5617 3765 5670 muniti-

2219 5699 2443 5753 ccntiant
2483 5715 2736 5765 vectum,
2785 5712 2851 5752 an
2897 5700 3007 5756 lucc
3046 5703 3247 5774 publica
3289 5704 3417 5759 velit
3459 5706 3764 5767 existimari,

2219 5801 2335 5854 quae
2356 5788 2407 5841 in
2431 5789 2563 5843 alios
2590 5791 2948 5847 transtulistis.
2981 5796 3157 5850 Semel
3204 5796 3387 5850 honori
3416 5797 3579 5853 Urbis
3607 5799 3766 5852 deiata
3816 5788 3817 5855 i

2221 5878 2522 5947 compendia
2546 5879 2789 5935 desinunt
2819 5898 2847 5937 c
2879 5899 2934 5940 se
2962 5884 3327 5952 tribuentium;
3353 5894 3402 5941 ct
3426 5890 3566 5957 quod
3596 5904 3623 5941 a
3653 5900 3752 5957 pm
