  <div class='ocr_page' id='page_1' title='image "/cluster/home/n/w/nwhite01/storage/ocr_20150623/18-19/uva.x000826554/210.png"; bbox 0 0 3886 6360; ppageno 0'>
   <div class='ocr_carea' id='block_1_1' title="bbox 97 384 1594 441">
    <p class='ocr_par' dir='ltr' id='par_1_1' title="bbox 97 384 1593 440">
     <span class='ocr_line' id='line_1_1' title="bbox 97 384 1593 440; baseline -0.001 -1"><span class='ocrx_word' id='word_1_1' title='bbox 97 387 158 439; x_wconf 76' lang='lat'><strong>397</strong></span> <span class='ocrx_word' id='word_1_2' title='bbox 820 386 838 396; x_wconf 85' lang='grc'><strong><em>”</em></strong></span> <span class='ocrx_word' id='word_1_3' title='bbox 1220 385 1540 440; x_wconf 77' lang='lat' dir='ltr'><strong>EPISTULA</strong></span> <span class='ocrx_word' id='word_1_4' title='bbox 1551 384 1593 438; x_wconf 67' lang='grc' dir='ltr'>Β</span> 
     </span>
    </p>
   </div>
   <div class='ocr_carea' id='block_1_2' title="bbox 1699 384 2026 441">
    <p class='ocr_par' dir='ltr' id='par_1_2' title="bbox 1728 384 2026 441">
     <span class='ocr_line' id='line_1_2' title="bbox 1728 384 2026 441; baseline -0.01 -2"><span class='ocrx_word' id='word_1_5' title='bbox 1728 384 1923 440; x_wconf 76' lang='lat' dir='ltr'>LIBER</span> <span class='ocrx_word' id='word_1_6' title='bbox 1968 387 2026 441; x_wconf 69' lang='grc' dir='ltr'><strong>Χ.</strong></span> 
     </span>
    </p>
   </div>
   <div class='ocr_carea' id='block_1_3' title="bbox 3135 387 3236 442">
    <p class='ocr_par' dir='ltr' id='par_1_3' title="bbox 3135 387 3236 442">
     <span class='ocr_line' id='line_1_3' title="bbox 3135 387 3236 442; baseline -0.02 0"><span class='ocrx_word' id='word_1_7' title='bbox 3135 387 3236 442; x_wconf 68' lang='lat'><strong>593</strong></span> 
     </span>
    </p>
   </div>
   <div class='ocr_carea' id='block_1_4' title="bbox 97 495 3239 571">
    <p class='ocr_par' dir='ltr' id='par_1_4' title="bbox 97 495 3239 571">
     <span class='ocr_line' id='line_1_4' title="bbox 97 495 3239 571; baseline -0.002 -17"><span class='ocrx_word' id='word_1_8' title='bbox 97 511 268 554; x_wconf 72' lang='lat' dir='ltr'><strong>assertum</strong></span> <span class='ocrx_word' id='word_1_9' title='bbox 289 516 372 562; x_wconf 81' lang='lat' dir='ltr'><strong>est,</strong></span> <span class='ocrx_word' id='word_1_10' title='bbox 399 518 500 571; x_wconf 87' lang='lat' dir='ltr'><strong>pro</strong></span> <span class='ocrx_word' id='word_1_11' title='bbox 535 514 700 559; x_wconf 82' lang='lat' dir='ltr'><strong>certa</strong></span> <span class='ocrx_word' id='word_1_12' title='bbox 732 511 880 570; x_wconf 82' lang='lat' dir='ltr'><strong>parte</strong></span> <span class='ocrx_word' id='word_1_13' title='bbox 907 500 1134 554; x_wconf 90' lang='lat' dir='ltr'><strong>sortitus.</strong></span> <span class='ocrx_word' id='word_1_14' title='bbox 1159 496 1286 549; x_wconf 82' lang='lat' dir='ltr'><strong>Cum</strong></span> <span class='ocrx_word' id='word_1_15' title='bbox 1311 497 1463 564; x_wconf 79' lang='lat' dir='ltr'><strong>igitur</strong></span> <span class='ocrx_word' id='word_1_16' title='bbox 1493 510 1581 548; x_wconf 87' lang='lat' dir='ltr'><strong>se-</strong></span> <span class='ocrx_word' id='word_1_17' title='bbox 1610 503 1657 560; x_wconf 83' lang='grc' dir='ltr'><strong>Α</strong></span> <span class='ocrx_word' id='word_1_18' title='bbox 1683 495 2002 548; x_wconf 84' lang='lat' dir='ltr'><strong>custoditum</strong></span> <span class='ocrx_word' id='word_1_19' title='bbox 2025 505 2126 559; x_wconf 88' lang='lat' dir='ltr'><strong>est,</strong></span> <span class='ocrx_word' id='word_1_20' title='bbox 2154 506 2206 546; x_wconf 91' lang='lat' dir='ltr'><strong>ut</strong></span> <span class='ocrx_word' id='word_1_21' title='bbox 2239 498 2349 548; x_wconf 86' lang='lat' dir='ltr'><strong>sine</strong></span> <span class='ocrx_word' id='word_1_22' title='bbox 2377 497 2597 563; x_wconf 87' lang='lat' dir='ltr'><strong>strepitu</strong></span> <span class='ocrx_word' id='word_1_23' title='bbox 2617 497 2797 548; x_wconf 80' lang='lat' dir='ltr'><strong>omnia</strong></span> <span class='ocrx_word' id='word_1_24' title='bbox 2832 496 3123 548; x_wconf 74' lang='lat' dir='ltr'><strong>fiulrcntur.</strong></span> <span class='ocrx_word' id='word_1_25' title='bbox 3143 496 3239 547; x_wconf 63' lang='lat' dir='ltr'><strong>\‘e-</strong></span> 
     </span>
    </p>
   </div>
   <div class='ocr_carea' id='block_1_5' title="bbox 99 591 1575 662">
    <p class='ocr_par' dir='ltr' id='par_1_5' title="bbox 99 591 1575 662">
     <span class='ocr_line' id='line_1_5' title="bbox 99 591 1575 662; baseline 0 -23"><span class='ocrx_word' id='word_1_26' title='bbox 99 596 503 658; x_wconf 61' lang='grc' dir='ltr'>ιιιιιοτυιιιειιιρμιιο</span> <span class='ocrx_word' id='word_1_27' title='bbox 530 597 830 662; x_wconf 73' lang='lat' dir='ltr'><strong>rescripais</strong></span> <span class='ocrx_word' id='word_1_28' title='bbox 850 608 909 646; x_wconf 91' lang='lat' dir='ltr'><strong>ac</strong></span> <span class='ocrx_word' id='word_1_29' title='bbox 931 591 1124 660; x_wconf 79' lang='lat' dir='ltr'><strong>legibus</strong></span> <span class='ocrx_word' id='word_1_30' title='bbox 1156 591 1434 649; x_wconf 87' lang='lat' dir='ltr'><strong>niteretur,</strong></span> <span class='ocrx_word' id='word_1_31' title='bbox 1461 601 1575 639; x_wconf 88' lang='lat' dir='ltr'><strong>ma-</strong></span> 
     </span>
    </p>
   </div>
   <div class='ocr_carea' id='block_1_6' title="bbox 103 678 1582 748">
    <p class='ocr_par' dir='ltr' id='par_1_6' title="bbox 103 678 1582 748">
     <span class='ocr_line' id='line_1_6' title="bbox 103 678 1582 748; baseline -0.001 -16"><span class='ocrx_word' id='word_1_32' title='bbox 103 685 239 733; x_wconf 74' lang='lat' dir='ltr'><strong>lierunt</strong></span> <span class='ocrx_word' id='word_1_33' title='bbox 261 697 444 735; x_wconf 62' lang='lat' dir='ltr'><strong>causam</strong></span> <span class='ocrx_word' id='word_1_34' title='bbox 477 700 646 737; x_wconf 82' lang='lat' dir='ltr'><strong>suam</strong></span> <span class='ocrx_word' id='word_1_35' title='bbox 682 693 876 737; x_wconf 65' lang='lat' dir='ltr'><strong>vestra!</strong></span> <span class='ocrx_word' id='word_1_36' title='bbox 901 696 989 748; x_wconf 88' lang='lat' dir='ltr'><strong>per</strong></span> <span class='ocrx_word' id='word_1_37' title='bbox 1015 695 1096 734; x_wconf 87' lang='lat' dir='ltr'><strong>me</strong></span> <span class='ocrx_word' id='word_1_38' title='bbox 1117 678 1322 745; x_wconf 86' lang='lat' dir='ltr'><strong>aperire</strong></span> <span class='ocrx_word' id='word_1_39' title='bbox 1343 678 1582 743; x_wconf 66' lang='lat' dir='ltr'><strong>justitim,</strong></span> 
     </span>
    </p>
   </div>
   <div class='ocr_carea' id='block_1_7' title="bbox 105 768 1580 840">
    <p class='ocr_par' dir='ltr' id='par_1_7' title="bbox 105 768 1580 840">
     <span class='ocr_line' id='line_1_7' title="bbox 105 768 1580 840; baseline -0.001 -21"><span class='ocrx_word' id='word_1_40' title='bbox 105 789 206 838; x_wconf 77' lang='lat' dir='ltr'><strong>quam</strong></span> <span class='ocrx_word' id='word_1_41' title='bbox 227 775 418 840; x_wconf 72' lang='lat' dir='ltr'><strong>legitimo</strong></span> <span class='ocrx_word' id='word_1_42' title='bbox 458 775 755 827; x_wconf 84' lang='lat' dir='ltr'><strong>vindicare</strong></span> <span class='ocrx_word' id='word_1_43' title='bbox 779 772 1004 840; x_wconf 82' lang='lat' dir='ltr'><strong>judicio,</strong></span> <span class='ocrx_word' id='word_1_44' title='bbox 1045 768 1214 824; x_wconf 90' lang='lat' dir='ltr'><strong>securi</strong></span> <span class='ocrx_word' id='word_1_45' title='bbox 1246 768 1580 821; x_wconf 86' lang='lat' dir='ltr'><strong>decretorum</strong></span> 
     </span>
    </p>
   </div>
   <div class='ocr_carea' id='block_1_8' title="bbox 107 859 1584 931">
    <p class='ocr_par' dir='ltr' id='par_1_8' title="bbox 107 859 1584 931">
     <span class='ocr_line' id='line_1_8' title="bbox 107 859 1584 931; baseline -0.003 -18"><span class='ocrx_word' id='word_1_46' title='bbox 107 879 183 929; x_wconf 66' lang='lat' dir='ltr'><strong>quae</strong></span> <span class='ocrx_word' id='word_1_47' title='bbox 211 874 248 915; x_wconf 87' lang='lat' dir='ltr'><strong>et</strong></span> <span class='ocrx_word' id='word_1_48' title='bbox 274 866 575 918; x_wconf 83' lang='lat' dir='ltr'><strong>necessitate</strong></span> <span class='ocrx_word' id='word_1_49' title='bbox 608 865 781 931; x_wconf 84' lang='lat' dir='ltr'><strong>juris,</strong></span> <span class='ocrx_word' id='word_1_50' title='bbox 812 873 866 916; x_wconf 87' lang='lat' dir='ltr'><strong>et</strong></span> <span class='ocrx_word' id='word_1_51' title='bbox 894 861 994 913; x_wconf 83' lang='lat' dir='ltr'><strong>divi</strong></span> <span class='ocrx_word' id='word_1_52' title='bbox 1042 861 1202 927; x_wconf 92' lang='lat' dir='ltr'><strong>patris</strong></span> <span class='ocrx_word' id='word_1_53' title='bbox 1243 859 1584 912; x_wconf 69' lang='lat' dir='ltr'><strong>veneratione</strong></span> 
     </span>
    </p>
   </div>
   <div class='ocr_carea' id='block_1_9' title="bbox 110 946 1585 1019">
    <p class='ocr_par' dir='ltr' id='par_1_9' title="bbox 110 946 1585 1019">
     <span class='ocr_line' id='line_1_9' title="bbox 110 946 1585 1019; baseline -0.005 -14"><span class='ocrx_word' id='word_1_54' title='bbox 110 953 317 1005; x_wconf 64' lang='lat' dir='ltr'><strong>Minius.</strong></span> <span class='ocrx_word' id='word_1_55' title='bbox 360 955 546 1019; x_wconf 88' lang='lat' dir='ltr'><strong>Itaque</strong></span> <span class='ocrx_word' id='word_1_56' title='bbox 590 967 784 1006; x_wconf 81' lang='lat' dir='ltr'><strong>servos</strong></span> <span class='ocrx_word' id='word_1_57' title='bbox 829 953 962 1006; x_wconf 91' lang='lat' dir='ltr'><strong>bona</strong></span> <span class='ocrx_word' id='word_1_58' title='bbox 1007 949 1193 1002; x_wconf 91' lang='lat' dir='ltr'><strong>liducia</strong></span> <span class='ocrx_word' id='word_1_59' title='bbox 1236 946 1585 1008; x_wconf 80' lang='lat' dir='ltr'><strong>tradiderunt,</strong></span> 
     </span>
    </p>
   </div>
   <div class='ocr_carea' id='block_1_10' title="bbox 111 1036 1588 1110">
    <p class='ocr_par' dir='ltr' id='par_1_10' title="bbox 111 1036 1588 1110">
     <span class='ocr_line' id='line_1_10' title="bbox 111 1036 1588 1110; baseline -0.001 -20"><span class='ocrx_word' id='word_1_60' title='bbox 111 1059 200 1107; x_wconf 77' lang='lat' dir='ltr'><strong>quos</strong></span> <span class='ocrx_word' id='word_1_61' title='bbox 223 1044 257 1093; x_wconf 90' lang='lat' dir='ltr'><strong>in</strong></span> <span class='ocrx_word' id='word_1_62' title='bbox 283 1043 635 1110; x_wconf 68' lang='lat' dir='ltr'><strong>pra‘judicium</strong></span> <span class='ocrx_word' id='word_1_63' title='bbox 667 1042 964 1095; x_wconf 85' lang='lat' dir='ltr'><strong>absentium</strong></span> <span class='ocrx_word' id='word_1_64' title='bbox 987 1079 1000 1102; x_wconf 95' lang='lat'><strong>,</strong></span> <span class='ocrx_word' id='word_1_65' title='bbox 1034 1048 1150 1107; x_wconf 83' lang='lat' dir='ltr'><strong>post</strong></span> <span class='ocrx_word' id='word_1_66' title='bbox 1176 1036 1588 1091; x_wconf 85' lang='lat' dir='ltr'><strong>consummatio-</strong></span> 
     </span>
    </p>
   </div>
   <div class='ocr_carea' id='block_1_11' title="bbox 110 1126 1588 1200">
    <p class='ocr_par' dir='ltr' id='par_1_11' title="bbox 110 1126 1588 1200">
     <span class='ocr_line' id='line_1_11' title="bbox 110 1126 1588 1200; baseline -0.003 -18"><span class='ocrx_word' id='word_1_67' title='bbox 110 1148 189 1184; x_wconf 82' lang='lat' dir='ltr'><strong>nem</strong></span> <span class='ocrx_word' id='word_1_68' title='bbox 211 1132 387 1200; x_wconf 70' lang='lat' dir='ltr'><strong>negotii,</strong></span> <span class='ocrx_word' id='word_1_69' title='bbox 417 1134 652 1200; x_wconf 67' lang='lat' dir='ltr'><strong>aequitas</strong></span> <span class='ocrx_word' id='word_1_70' title='bbox 674 1143 993 1198; x_wconf 89' lang='lat' dir='ltr'><strong>temporum,</strong></span> <span class='ocrx_word' id='word_1_71' title='bbox 1024 1139 1275 1197; x_wconf 89' lang='lat' dir='ltr'><strong>quantum</strong></span> <span class='ocrx_word' id='word_1_72' title='bbox 1310 1126 1588 1194; x_wconf 63' lang='lat' dir='ltr'><strong>praesumi-</strong></span> 
     </span>
    </p>
   </div>
   <div class='ocr_carea' id='block_1_12' title="bbox 108 1223 1579 1289">
    <p class='ocr_par' dir='ltr' id='par_1_12' title="bbox 108 1223 1579 1289">
     <span class='ocr_line' id='line_1_12' title="bbox 108 1223 1579 1289; baseline -0.001 -15"><span class='ocrx_word' id='word_1_73' title='bbox 108 1238 206 1286; x_wconf 81' lang='lat' dir='ltr'><strong>mus,</strong></span> <span class='ocrx_word' id='word_1_74' title='bbox 232 1237 310 1275; x_wconf 90' lang='lat' dir='ltr'><strong>non</strong></span> <span class='ocrx_word' id='word_1_75' title='bbox 336 1224 561 1289; x_wconf 88' lang='lat' dir='ltr'><strong>patietur</strong></span> <span class='ocrx_word' id='word_1_76' title='bbox 587 1223 785 1274; x_wconf 89' lang='lat' dir='ltr'><strong>audiri.</strong></span> <span class='ocrx_word' id='word_1_77' title='bbox 1544 1238 1579 1283; x_wconf 61' lang='grc' dir='ltr'>π</span> 
     </span>
    </p>
   </div>
   <div class='ocr_carea' id='block_1_13' title="bbox 597 1311 1026 1368">
    <p class='ocr_par' dir='ltr' id='par_1_13' title="bbox 597 1311 1026 1368">
     <span class='ocr_line' id='line_1_13' title="bbox 597 1311 1026 1368; baseline -0.009 -1"><span class='ocrx_word' id='word_1_78' title='bbox 597 1313 818 1368; x_wconf 73' lang='lat' dir='ltr'><strong>EPIST.</strong></span> <span class='ocrx_word' id='word_1_79' title='bbox 870 1311 1026 1365; x_wconf 79' lang='lat' dir='ltr'><strong>LXX.</strong></span> 
     </span>
    </p>
   </div>
   <div class='ocr_carea' id='block_1_14' title="bbox 103 1417 1586 1472">
    <p class='ocr_par' dir='ltr' id='par_1_14' title="bbox 103 1417 1586 1472">
     <span class='ocr_line' id='line_1_14' title="bbox 103 1417 1586 1472; baseline -0.006 -10"><span class='ocrx_word' id='word_1_80' title='bbox 103 1426 164 1462; x_wconf 73' lang='lat' dir='ltr'><strong>DD.</strong></span> <span class='ocrx_word' id='word_1_81' title='bbox 189 1423 554 1472; x_wconf 58' lang='grc' dir='ltr'>τιιειιτικιιδιο,</span> <span class='ocrx_word' id='word_1_82' title='bbox 586 1422 876 1461; x_wconf 73' lang='grc' dir='ltr'><strong>τιιιῖουοςιο</strong></span> <span class='ocrx_word' id='word_1_83' title='bbox 901 1422 966 1458; x_wconf 75' lang='lat' dir='ltr'><strong>ET</strong></span> <span class='ocrx_word' id='word_1_84' title='bbox 998 1419 1216 1458; x_wconf 77' lang='grc' dir='ltr'>,ιιιειιυιο</span> <span class='ocrx_word' id='word_1_85' title='bbox 1244 1417 1440 1457; x_wconf 72' lang='grc' dir='ltr'>ει;ιιιέιι</span> <span class='ocrx_word' id='word_1_86' title='bbox 1470 1417 1586 1456; x_wconf 71' lang='lat' dir='ltr'><strong>ACO.</strong></span> 
     </span>
    </p>
   </div>
   <div class='ocr_carea' id='block_1_15' title="bbox 482 1491 1132 1532">
    <p class='ocr_par' dir='ltr' id='par_1_15' title="bbox 482 1491 1132 1532">
     <span class='ocr_line' id='line_1_15' title="bbox 482 1491 1132 1532; baseline -0.009 -1"><span class='ocrx_word' id='word_1_87' title='bbox 482 1492 791 1532; x_wconf 64' lang='grc' dir='ltr'>εηιιριειιυέ</span> <span class='ocrx_word' id='word_1_88' title='bbox 818 1492 979 1529; x_wconf 66' lang='grc' dir='ltr'><strong>ΡΚΞΓ.</strong></span> <span class='ocrx_word' id='word_1_89' title='bbox 1014 1491 1132 1527; x_wconf 78' lang='grc' dir='ltr'>υιιι.</span> 
     </span>
    </p>
   </div>
   <div class='ocr_carea' id='block_1_16' title="bbox 146 1563 1593 1634">
    <p class='ocr_par' dir='ltr' id='par_1_16' title="bbox 146 1563 1593 1634">
     <span class='ocr_line' id='line_1_16' title="bbox 146 1563 1593 1634; baseline -0.004 -13"><span class='ocrx_word' id='word_1_90' title='bbox 146 1569 255 1634; x_wconf 84' lang='lat' dir='ltr'><strong>Quid</strong></span> <span class='ocrx_word' id='word_1_91' title='bbox 282 1569 454 1623; x_wconf 84' lang='lat' dir='ltr'><strong>habeat</strong></span> <span class='ocrx_word' id='word_1_92' title='bbox 486 1567 808 1620; x_wconf 80' lang='lat' dir='ltr'><strong>conditionis</strong></span> <span class='ocrx_word' id='word_1_93' title='bbox 840 1563 1110 1627; x_wconf 87' lang='lat' dir='ltr'><strong>inscriptio</strong></span> <span class='ocrx_word' id='word_1_94' title='bbox 1156 1563 1320 1616; x_wconf 85' lang='lat' dir='ltr'><strong>nostis</strong></span> <span class='ocrx_word' id='word_1_95' title='bbox 1359 1578 1465 1630; x_wconf 73' lang='lat' dir='ltr'><strong>pra:</strong></span> <span class='ocrx_word' id='word_1_96' title='bbox 1492 1575 1593 1615; x_wconf 72' lang='lat' dir='ltr'><strong>cm-</strong></span> 
     </span>
    </p>
   </div>
   <div class='ocr_carea' id='block_1_17' title="bbox 95 1653 1591 1729">
    <p class='ocr_par' dir='ltr' id='par_1_17' title="bbox 95 1653 1591 1729">
     <span class='ocr_line' id='line_1_17' title="bbox 95 1653 1591 1729; baseline -0.006 -15"><span class='ocrx_word' id='word_1_97' title='bbox 95 1665 210 1724; x_wconf 80' lang='lat' dir='ltr'><strong>teris,</strong></span> <span class='ocrx_word' id='word_1_98' title='bbox 226 1663 342 1729; x_wconf 84' lang='lat' dir='ltr'><strong>juris</strong></span> <span class='ocrx_word' id='word_1_99' title='bbox 370 1661 559 1729; x_wconf 83' lang='lat' dir='ltr'><strong>publici</strong></span> <span class='ocrx_word' id='word_1_100' title='bbox 588 1660 912 1718; x_wconf 83' lang='lat' dir='ltr'><strong>conditores,</strong></span> <span class='ocrx_word' id='word_1_101' title='bbox 942 1656 1047 1709; x_wconf 81' lang='lat' dir='ltr'><strong>DD.</strong></span> <span class='ocrx_word' id='word_1_102' title='bbox 1073 1657 1432 1724; x_wconf 81' lang='lat' dir='ltr'><strong>imperatores.</strong></span> <span class='ocrx_word' id='word_1_103' title='bbox 1463 1653 1591 1707; x_wconf 80' lang='lat' dir='ltr'><strong>Pro-</strong></span> 
     </span>
    </p>
   </div>
   <div class='ocr_carea' id='block_1_18' title="bbox 90 1741 1584 1816">
    <p class='ocr_par' dir='ltr' id='par_1_18' title="bbox 90 1741 1584 1816">
     <span class='ocr_line' id='line_1_18' title="bbox 90 1741 1584 1816; baseline -0.007 -12"><span class='ocrx_word' id='word_1_104' title='bbox 90 1756 223 1805; x_wconf 77' lang='lat' dir='ltr'><strong>risum</strong></span> <span class='ocrx_word' id='word_1_105' title='bbox 250 1761 324 1806; x_wconf 87' lang='lat' dir='ltr'><strong>est</strong></span> <span class='ocrx_word' id='word_1_106' title='bbox 344 1753 479 1805; x_wconf 87' lang='lat' dir='ltr'><strong>enim</strong></span> <span class='ocrx_word' id='word_1_107' title='bbox 511 1766 575 1803; x_wconf 92' lang='lat' dir='ltr'><strong>ne</strong></span> <span class='ocrx_word' id='word_1_108' title='bbox 609 1750 728 1816; x_wconf 85' lang='lat' dir='ltr'><strong>quis</strong></span> <span class='ocrx_word' id='word_1_109' title='bbox 755 1757 953 1802; x_wconf 86' lang='lat' dir='ltr'><strong>temere</strong></span> <span class='ocrx_word' id='word_1_110' title='bbox 1000 1747 1049 1798; x_wconf 92' lang='lat' dir='ltr'><strong>in</strong></span> <span class='ocrx_word' id='word_1_111' title='bbox 1074 1745 1232 1799; x_wconf 88' lang='lat' dir='ltr'><strong>alieni</strong></span> <span class='ocrx_word' id='word_1_112' title='bbox 1257 1743 1444 1811; x_wconf 79' lang='lat' dir='ltr'><strong>capitis</strong></span> <span class='ocrx_word' id='word_1_113' title='bbox 1469 1741 1584 1796; x_wconf 85' lang='lat' dir='ltr'><strong>dis-</strong></span> 
     </span>
    </p>
   </div>
   <div class='ocr_carea' id='block_1_19' title="bbox 1692 585 3237 638">
    <p class='ocr_par' dir='ltr' id='par_1_19' title="bbox 1692 585 3237 638">
     <span class='ocr_line' id='line_1_19' title="bbox 1692 585 3237 638; baseline -0.006 0"><span class='ocrx_word' id='word_1_114' title='bbox 1692 600 1806 638; x_wconf 93' lang='lat' dir='ltr'><strong>rum</strong></span> <span class='ocrx_word' id='word_1_115' title='bbox 1833 599 1951 637; x_wconf 90' lang='lat' dir='ltr'><strong>cum</strong></span> <span class='ocrx_word' id='word_1_116' title='bbox 1986 585 2065 638; x_wconf 77' lang='lat' dir='ltr'><strong>vir</strong></span> <span class='ocrx_word' id='word_1_117' title='bbox 2095 594 2306 638; x_wconf 73' lang='lat' dir='ltr'><strong>sant-tus</strong></span> <span class='ocrx_word' id='word_1_118' title='bbox 2351 586 2580 638; x_wconf 86' lang='lat' dir='ltr'><strong>Eulalius</strong></span> <span class='ocrx_word' id='word_1_119' title='bbox 2613 587 2676 637; x_wconf 91' lang='lat' dir='ltr'><strong>ad</strong></span> <span class='ocrx_word' id='word_1_120' title='bbox 2711 585 2994 638; x_wconf 76' lang='lat' dir='ltr'><strong>Ecclesium</strong></span> <span class='ocrx_word' id='word_1_121' title='bbox 3029 585 3237 636; x_wconf 73' lang='lat' dir='ltr'><strong>Lateru.</strong></span> 
     </span>
    </p>
   </div>
   <div class='ocr_carea' id='block_1_20' title="bbox 1690 675 3241 746">
    <p class='ocr_par' dir='ltr' id='par_1_20' title="bbox 1690 675 3241 746">
     <span class='ocr_line' id='line_1_20' title="bbox 1690 675 3241 746; baseline -0.003 -18"><span class='ocrx_word' id='word_1_122' title='bbox 1690 690 1905 729; x_wconf 87' lang='lat' dir='ltr'><strong>nensem</strong></span> <span class='ocrx_word' id='word_1_123' title='bbox 1955 675 2020 729; x_wconf 88' lang='lat' dir='ltr'><strong>de</strong></span> <span class='ocrx_word' id='word_1_124' title='bbox 2049 678 2312 744; x_wconf 81' lang='lat' dir='ltr'><strong>exsequiis</strong></span> <span class='ocrx_word' id='word_1_125' title='bbox 2353 679 2540 744; x_wconf 85' lang='lat' dir='ltr'><strong>prioris</strong></span> <span class='ocrx_word' id='word_1_126' title='bbox 2584 680 2813 746; x_wconf 79' lang='lat' dir='ltr'><strong>ep&#39;scopi</strong></span> <span class='ocrx_word' id='word_1_127' title='bbox 2846 693 2873 728; x_wconf 91' lang='lat' dir='ltr'><strong>a</strong></span> <span class='ocrx_word' id='word_1_128' title='bbox 2915 678 3106 745; x_wconf 71' lang='lat' dir='ltr'><strong>pnpttlo</strong></span> <span class='ocrx_word' id='word_1_129' title='bbox 3137 687 3188 726; x_wconf 75' lang='lat' dir='ltr'><strong>et</strong></span> <span class='ocrx_word' id='word_1_130' title='bbox 3216 691 3241 724; x_wconf 73' lang='grc' dir='ltr'>τι</span> 
     </span>
    </p>
   </div>
   <div class='ocr_carea' id='block_1_21' title="bbox 1688 767 3242 836">
    <p class='ocr_par' dir='ltr' id='par_1_21' title="bbox 1688 767 3242 836">
     <span class='ocr_line' id='line_1_21' title="bbox 1688 767 3242 836; baseline -0.002 -16"><span class='ocrx_word' id='word_1_131' title='bbox 1688 769 1897 822; x_wconf 82' lang='lat' dir='ltr'><strong>clericis</strong></span> <span class='ocrx_word' id='word_1_132' title='bbox 1922 768 2480 832; x_wconf 76' lang='lat' dir='ltr'><strong>fuissetadductus,ilii</strong></span> <span class='ocrx_word' id='word_1_133' title='bbox 2503 783 2595 836; x_wconf 89' lang='lat' dir='ltr'><strong>per</strong></span> <span class='ocrx_word' id='word_1_134' title='bbox 2625 770 2834 821; x_wconf 88' lang='lat' dir='ltr'><strong>biduum</strong></span> <span class='ocrx_word' id='word_1_135' title='bbox 2868 785 2983 820; x_wconf 82' lang='lat' dir='ltr'><strong>cum</strong></span> <span class='ocrx_word' id='word_1_136' title='bbox 3016 767 3242 820; x_wconf 85' lang='lat' dir='ltr'><strong>maxima</strong></span> 
     </span>
    </p>
   </div>
   <div class='ocr_carea' id='block_1_22' title="bbox 1689 857 3238 926">
    <p class='ocr_par' dir='ltr' id='par_1_22' title="bbox 1689 857 3238 926">
     <span class='ocr_line' id='line_1_22' title="bbox 1689 857 3238 926; baseline -0.001 -17"><span class='ocrx_word' id='word_1_137' title='bbox 1689 857 2024 910; x_wconf 91' lang='lat' dir='ltr'><strong>multitudine</strong></span> <span class='ocrx_word' id='word_1_138' title='bbox 2057 867 2109 910; x_wconf 84' lang='lat' dir='ltr'><strong>et</strong></span> <span class='ocrx_word' id='word_1_139' title='bbox 2143 873 2261 912; x_wconf 81' lang='lat' dir='ltr'><strong>cum</strong></span> <span class='ocrx_word' id='word_1_140' title='bbox 2293 860 2526 926; x_wconf 75' lang='lat' dir='ltr'><strong>pluribus</strong></span> <span class='ocrx_word' id='word_1_141' title='bbox 2556 860 2916 911; x_wconf 68' lang='lat' dir='ltr'><strong>saccrtlut:bus</strong></span> <span class='ocrx_word' id='word_1_142' title='bbox 2947 873 3054 909; x_wconf 87' lang='lat' dir='ltr'><strong>rem</strong></span> <span class='ocrx_word' id='word_1_143' title='bbox 3082 867 3238 908; x_wconf 78' lang='lat' dir='ltr'><strong>-r:itus</strong></span> 
     </span>
    </p>
   </div>
   <div class='ocr_carea' id='block_1_23' title="bbox 1690 949 3240 1014">
    <p class='ocr_par' dir='ltr' id='par_1_23' title="bbox 1690 949 3240 1014">
     <span class='ocr_line' id='line_1_23' title="bbox 1690 949 3240 1014; baseline 0 -17"><span class='ocrx_word' id='word_1_144' title='bbox 1690 956 1769 998; x_wconf 90' lang='lat' dir='ltr'><strong>est</strong></span> <span class='ocrx_word' id='word_1_145' title='bbox 1797 985 1812 1008; x_wconf 94' lang='lat'><strong>,</strong></span> <span class='ocrx_word' id='word_1_146' title='bbox 1842 955 1898 998; x_wconf 92' lang='lat' dir='ltr'><strong>ut</strong></span> <span class='ocrx_word' id='word_1_147' title='bbox 1939 957 2336 1014; x_wconf 83' lang='lat' dir='ltr'><strong>exspectaretur</strong></span> <span class='ocrx_word' id='word_1_148' title='bbox 2361 949 2474 1000; x_wconf 84' lang='lat' dir='ltr'><strong>dies</strong></span> <span class='ocrx_word' id='word_1_149' title='bbox 2503 957 2785 1001; x_wconf 90' lang='lat' dir='ltr'><strong>consuetus</strong></span> <span class='ocrx_word' id='word_1_150' title='bbox 2814 963 2916 1014; x_wconf 89' lang='lat' dir='ltr'><strong>quo</strong></span> <span class='ocrx_word' id='word_1_151' title='bbox 2955 955 3129 1013; x_wconf 88' lang='lat' dir='ltr'><strong>posset</strong></span> <span class='ocrx_word' id='word_1_152' title='bbox 3155 959 3240 997; x_wconf 76' lang='lat' dir='ltr'><strong>sn-</strong></span> 
     </span>
    </p>
   </div>
   <div class='ocr_carea' id='block_1_24' title="bbox 1692 1038 3240 1107">
    <p class='ocr_par' dir='ltr' id='par_1_24' title="bbox 1692 1038 3240 1107">
     <span class='ocr_line' id='line_1_24' title="bbox 1692 1038 3240 1107; baseline 0 -19"><span class='ocrx_word' id='word_1_153' title='bbox 1692 1039 1934 1090; x_wconf 88' lang='lat' dir='ltr'><strong>lemniter</strong></span> <span class='ocrx_word' id='word_1_154' title='bbox 1958 1038 2211 1090; x_wconf 86' lang='lat' dir='ltr'><strong>ordinari.</strong></span> <span class='ocrx_word' id='word_1_155' title='bbox 2231 1038 2358 1090; x_wconf 89' lang='lat' dir='ltr'><strong>Cum</strong></span> <span class='ocrx_word' id='word_1_156' title='bbox 2384 1039 2466 1091; x_wconf 87' lang='lat' dir='ltr'><strong>hic</strong></span> <span class='ocrx_word' id='word_1_157' title='bbox 2485 1040 2554 1091; x_wconf 87' lang='lat' dir='ltr'><strong>ita</strong></span> <span class='ocrx_word' id='word_1_158' title='bbox 2567 1051 2766 1104; x_wconf 80' lang='lat' dir='ltr'><strong>essent,</strong></span> <span class='ocrx_word' id='word_1_159' title='bbox 2787 1040 2959 1093; x_wconf 84' lang='lat' dir='ltr'><strong>Subito</strong></span> <span class='ocrx_word' id='word_1_160' title='bbox 2991 1040 3240 1107; x_wconf 76' lang='lat' dir='ltr'><strong>aliquanti</strong></span> 
     </span>
    </p>
   </div>
   <div class='ocr_carea' id='block_1_25' title="bbox 1693 1128 3237 1198">
    <p class='ocr_par' dir='ltr' id='par_1_25' title="bbox 1693 1128 3237 1198">
     <span class='ocr_line' id='line_1_25' title="bbox 1693 1128 3237 1198; baseline 0.001 -18"><span class='ocrx_word' id='word_1_161' title='bbox 1693 1128 1984 1198; x_wconf 79' lang='lat' dir='ltr'><strong>presbyteri</strong></span> <span class='ocrx_word' id='word_1_162' title='bbox 2014 1144 2130 1181; x_wconf 91' lang='lat' dir='ltr'><strong>cum</strong></span> <span class='ocrx_word' id='word_1_163' title='bbox 2163 1129 2427 1182; x_wconf 73' lang='lat' dir='ltr'><strong>Bonifacio</strong></span> <span class='ocrx_word' id='word_1_164' title='bbox 2455 1131 2688 1195; x_wconf 50' lang='lat' dir='ltr'><strong>ejusdem</strong></span> <span class='ocrx_word' id='word_1_165' title='bbox 2720 1131 2916 1184; x_wconf 83' lang='lat' dir='ltr'><strong>ordinis</strong></span> <span class='ocrx_word' id='word_1_166' title='bbox 2957 1131 3020 1182; x_wconf 88' lang='lat' dir='ltr'><strong>ad</strong></span> <span class='ocrx_word' id='word_1_167' title='bbox 3062 1130 3237 1182; x_wconf 86' lang='lat' dir='ltr'><strong>Theo-</strong></span> 
     </span>
    </p>
   </div>
   <div class='ocr_carea' id='block_1_26' title="bbox 1690 1216 3240 1288">
    <p class='ocr_par' dir='ltr' id='par_1_26' title="bbox 1690 1216 3240 1288">
     <span class='ocr_line' id='line_1_26' title="bbox 1690 1216 3240 1288; baseline 0.003 -20"><span class='ocrx_word' id='word_1_168' title='bbox 1690 1217 1834 1269; x_wconf 70' lang='lat' dir='ltr'><strong>doraa</strong></span> <span class='ocrx_word' id='word_1_169' title='bbox 1852 1216 2152 1280; x_wconf 80' lang='lat' dir='ltr'><strong>ecclesiam,</strong></span> <span class='ocrx_word' id='word_1_170' title='bbox 2175 1219 2396 1271; x_wconf 85' lang='lat' dir='ltr'><strong>collecto</strong></span> <span class='ocrx_word' id='word_1_171' title='bbox 2418 1220 2630 1286; x_wconf 58' lang='lat' dir='ltr'><strong>popula,</strong></span> <span class='ocrx_word' id='word_1_172' title='bbox 2652 1228 3018 1287; x_wconf 75' lang='lat' dir='ltr'><strong>properarunt,</strong></span> <span class='ocrx_word' id='word_1_173' title='bbox 3047 1220 3240 1288; x_wconf 81' lang='lat' dir='ltr'><strong>ibiq-ic,</strong></span> 
     </span>
    </p>
   </div>
   <div class='ocr_carea' id='block_1_27' title="bbox 1695 1306 3244 1377">
    <p class='ocr_par' dir='ltr' id='par_1_27' title="bbox 1695 1306 3244 1377">
     <span class='ocr_line' id='line_1_27' title="bbox 1695 1306 3244 1377; baseline 0.005 -21"><span class='ocrx_word' id='word_1_174' title='bbox 1695 1306 1871 1358; x_wconf 84' lang='lat' dir='ltr'><strong>habito</strong></span> <span class='ocrx_word' id='word_1_175' title='bbox 1902 1316 2142 1368; x_wconf 84' lang='lat' dir='ltr'><strong>tractatu,</strong></span> <span class='ocrx_word' id='word_1_176' title='bbox 2174 1308 2340 1373; x_wconf 89' lang='lat' dir='ltr'><strong>ipsum</strong></span> <span class='ocrx_word' id='word_1_177' title='bbox 2365 1309 2610 1360; x_wconf 69' lang='lat' dir='ltr'><strong>ordinare</strong></span> <span class='ocrx_word' id='word_1_178' title='bbox 2637 1311 2944 1377; x_wconf 85' lang='lat' dir='ltr'><strong>episcopum</strong></span> <span class='ocrx_word' id='word_1_179' title='bbox 2978 1311 3109 1363; x_wconf 82' lang='lat' dir='ltr'><strong>velle</strong></span> <span class='ocrx_word' id='word_1_180' title='bbox 3137 1325 3244 1364; x_wconf 71' lang='lat' dir='ltr'><strong>co:-</strong></span> 
     </span>
    </p>
   </div>
   <div class='ocr_carea' id='block_1_28' title="bbox 1695 1398 3246 1468">
    <p class='ocr_par' dir='ltr' id='par_1_28' title="bbox 1695 1398 3246 1468">
     <span class='ocr_line' id='line_1_28' title="bbox 1695 1398 3246 1468; baseline 0.002 -18"><span class='ocrx_word' id='word_1_181' title='bbox 1695 1407 1902 1464; x_wconf 88' lang='lat' dir='ltr'><strong>perunt.</strong></span> <span class='ocrx_word' id='word_1_182' title='bbox 1931 1398 2080 1464; x_wconf 84' lang='lat' dir='ltr'><strong>Quod</strong></span> <span class='ocrx_word' id='word_1_183' title='bbox 2125 1398 2210 1450; x_wconf 82' lang='lat' dir='ltr'><strong>tibi</strong></span> <span class='ocrx_word' id='word_1_184' title='bbox 2253 1401 2508 1465; x_wconf 86' lang='lat' dir='ltr'><strong>comperi,</strong></span> <span class='ocrx_word' id='word_1_185' title='bbox 2542 1414 2727 1452; x_wconf 89' lang='lat' dir='ltr'><strong>omnes</strong></span> <span class='ocrx_word' id='word_1_186' title='bbox 2758 1402 2844 1468; x_wconf 93' lang='lat' dir='ltr'><strong>qui</strong></span> <span class='ocrx_word' id='word_1_187' title='bbox 2874 1401 3068 1468; x_wconf 84' lang='lat' dir='ltr'><strong>pariter</strong></span> <span class='ocrx_word' id='word_1_188' title='bbox 3097 1413 3246 1454; x_wconf 86' lang='lat' dir='ltr'><strong>erant</strong></span> 
     </span>
    </p>
   </div>
   <div class='ocr_carea' id='block_1_29' title="bbox 1693 1487 3247 1557">
    <p class='ocr_par' dir='ltr' id='par_1_29' title="bbox 1693 1487 3247 1557">
     <span class='ocr_line' id='line_1_29' title="bbox 1693 1487 3247 1557; baseline 0.001 -18"><span class='ocrx_word' id='word_1_189' title='bbox 1693 1487 1758 1539; x_wconf 89' lang='lat' dir='ltr'><strong>ad</strong></span> <span class='ocrx_word' id='word_1_190' title='bbox 1803 1503 1886 1542; x_wconf 89' lang='lat' dir='ltr'><strong>tne</strong></span> <span class='ocrx_word' id='word_1_191' title='bbox 1927 1496 1981 1540; x_wconf 91' lang='lat' dir='ltr'><strong>ut</strong></span> <span class='ocrx_word' id='word_1_192' title='bbox 2024 1490 2265 1542; x_wconf 75' lang='lat' dir='ltr'><strong>venirent</strong></span> <span class='ocrx_word' id='word_1_193' title='bbox 2310 1490 2647 1557; x_wconf 80' lang='lat' dir='ltr'><strong>presbyteros</strong></span> <span class='ocrx_word' id='word_1_194' title='bbox 2678 1491 2957 1557; x_wconf 84' lang='lat' dir='ltr'><strong>depoposci</strong></span> <span class='ocrx_word' id='word_1_195' title='bbox 2987 1508 2998 1542; x_wconf 90' lang='lat'><strong>:</strong></span> <span class='ocrx_word' id='word_1_196' title='bbox 3029 1505 3087 1541; x_wconf 84' lang='lat' dir='ltr'><strong>ac</strong></span> <span class='ocrx_word' id='word_1_197' title='bbox 3121 1492 3247 1544; x_wconf 80' lang='lat' dir='ltr'><strong>resi-</strong></span> 
     </span>
    </p>
   </div>
   <div class='ocr_carea' id='block_1_30' title="bbox 1694 1579 3245 1645">
    <p class='ocr_par' dir='ltr' id='par_1_30' title="bbox 1694 1579 3245 1645">
     <span class='ocr_line' id='line_1_30' title="bbox 1694 1579 3245 1645; baseline 0.001 -13"><span class='ocrx_word' id='word_1_198' title='bbox 1694 1579 1824 1632; x_wconf 85' lang='lat' dir='ltr'><strong>dens</strong></span> <span class='ocrx_word' id='word_1_199' title='bbox 1854 1593 1973 1632; x_wconf 90' lang='lat' dir='ltr'><strong>cum</strong></span> <span class='ocrx_word' id='word_1_200' title='bbox 1997 1579 2292 1632; x_wconf 85' lang='lat' dir='ltr'><strong>clarissimo</strong></span> <span class='ocrx_word' id='word_1_201' title='bbox 2322 1581 2434 1632; x_wconf 89' lang='lat' dir='ltr'><strong>viro</strong></span> <span class='ocrx_word' id='word_1_202' title='bbox 2465 1582 2676 1633; x_wconf 73' lang='lat' dir='ltr'><strong>tribuno</strong></span> <span class='ocrx_word' id='word_1_203' title='bbox 2699 1583 3004 1645; x_wconf 74' lang='lat' dir='ltr'><strong>Sereniano,</strong></span> <span class='ocrx_word' id='word_1_204' title='bbox 3039 1598 3128 1635; x_wconf 82' lang='lat' dir='ltr'><strong>eos</strong></span> <span class='ocrx_word' id='word_1_205' title='bbox 3157 1584 3245 1634; x_wconf 87' lang='lat' dir='ltr'><strong>ad-</strong></span> 
     </span>
    </p>
   </div>
   <div class='ocr_carea' id='block_1_31' title="bbox 1698 1668 3248 1737">
    <p class='ocr_par' dir='ltr' id='par_1_31' title="bbox 1698 1668 3248 1737">
     <span class='ocr_line' id='line_1_31' title="bbox 1698 1668 3248 1737; baseline 0.002 -17"><span class='ocrx_word' id='word_1_206' title='bbox 1698 1668 1874 1721; x_wconf 90' lang='lat' dir='ltr'><strong>monui</strong></span> <span class='ocrx_word' id='word_1_207' title='bbox 1903 1713 1914 1731; x_wconf 94' lang='lat'><strong>,</strong></span> <span class='ocrx_word' id='word_1_208' title='bbox 1950 1684 2014 1721; x_wconf 90' lang='lat' dir='ltr'><strong>ne</strong></span> <span class='ocrx_word' id='word_1_209' title='bbox 2043 1668 2167 1735; x_wconf 81' lang='lat' dir='ltr'><strong>quid</strong></span> <span class='ocrx_word' id='word_1_210' title='bbox 2209 1679 2406 1722; x_wconf 91' lang='lat' dir='ltr'><strong>temere</strong></span> <span class='ocrx_word' id='word_1_211' title='bbox 2440 1670 2548 1722; x_wconf 90' lang='lat' dir='ltr'><strong>tieri</strong></span> <span class='ocrx_word' id='word_1_212' title='bbox 2583 1678 2912 1737; x_wconf 85' lang='lat' dir='ltr'><strong>paterentur,</strong></span> <span class='ocrx_word' id='word_1_213' title='bbox 2939 1681 3028 1723; x_wconf 88' lang='lat' dir='ltr'><strong>aut</strong></span> <span class='ocrx_word' id='word_1_214' title='bbox 3069 1684 3248 1724; x_wconf 87' lang='lat' dir='ltr'><strong>contra</strong></span> 
     </span>
    </p>
   </div>
   <div class='ocr_carea' id='block_1_32' title="bbox 1699 1759 3247 1826">
    <p class='ocr_par' dir='ltr' id='par_1_32' title="bbox 1699 1759 3247 1826">
     <span class='ocr_line' id='line_1_32' title="bbox 1699 1759 3247 1826; baseline -0.001 -14"><span class='ocrx_word' id='word_1_215' title='bbox 1699 1772 1862 1812; x_wconf 74' lang='lat' dir='ltr'><strong>sacra:</strong></span> <span class='ocrx_word' id='word_1_216' title='bbox 1880 1759 2008 1826; x_wconf 78' lang='lat' dir='ltr'><strong>legis</strong></span> <span class='ocrx_word' id='word_1_217' title='bbox 2021 1759 2254 1812; x_wconf 87' lang='lat' dir='ltr'><strong>ordinem</strong></span> <span class='ocrx_word' id='word_1_218' title='bbox 2273 1759 2537 1822; x_wconf 84' lang='lat' dir='ltr'><strong>venirent,</strong></span> <span class='ocrx_word' id='word_1_219' title='bbox 2563 1771 2804 1812; x_wconf 83' lang='lat' dir='ltr'><strong>autconti</strong></span> <span class='ocrx_word' id='word_1_220' title='bbox 2818 1775 2845 1814; x_wconf 91' lang='lat' dir='ltr'><strong>a</strong></span> <span class='ocrx_word' id='word_1_221' title='bbox 2862 1762 3247 1814; x_wconf 63' lang='lat' dir='ltr'><strong>consuetudinis</strong></span> 
     </span>
    </p>
   </div>
   <div class='ocr_carea' id='block_1_33' title="bbox 85 1834 1594 1920">
    <p class='ocr_par' dir='ltr' id='par_1_33' title="bbox 85 1834 1594 1905">
     <span class='ocr_line' id='line_1_33' title="bbox 85 1834 1594 1905; baseline -0.005 -9"><span class='ocrx_word' id='word_1_222' title='bbox 85 1845 248 1897; x_wconf 80' lang='lat' dir='ltr'><strong>crimen</strong></span> <span class='ocrx_word' id='word_1_223' title='bbox 286 1845 534 1905; x_wconf 85' lang='lat' dir='ltr'><strong>irrueret,</strong></span> <span class='ocrx_word' id='word_1_224' title='bbox 574 1841 625 1893; x_wconf 91' lang='lat' dir='ltr'><strong>ni</strong></span> <span class='ocrx_word' id='word_1_225' title='bbox 675 1854 733 1893; x_wconf 84' lang='lat' dir='ltr'><strong>se</strong></span> <span class='ocrx_word' id='word_1_226' title='bbox 773 1838 906 1891; x_wconf 90' lang='lat' dir='ltr'><strong>idem</strong></span> <span class='ocrx_word' id='word_1_227' title='bbox 936 1839 1079 1905; x_wconf 83' lang='lat' dir='ltr'><strong>prius</strong></span> <span class='ocrx_word' id='word_1_228' title='bbox 1121 1851 1287 1903; x_wconf 66' lang='lat' dir='ltr'><strong>pusum</strong></span> <span class='ocrx_word' id='word_1_229' title='bbox 1313 1834 1594 1903; x_wconf 74' lang='lat' dir='ltr'><strong>sponsione</strong></span> 
     </span>
    </p>
   </div>
   <div class='ocr_carea' id='block_1_34' title="bbox 1699 1834 3247 1920">
    <p class='ocr_par' dir='ltr' id='par_1_34' title="bbox 1705 1849 3247 1920">
     <span class='ocr_line' id='line_1_34' title="bbox 1705 1849 3247 1920; baseline 0.001 -17"><span class='ocrx_word' id='word_1_230' title='bbox 1705 1851 1986 1903; x_wconf 84' lang='lat' dir='ltr'><strong>rationem.</strong></span> <span class='ocrx_word' id='word_1_231' title='bbox 2011 1850 2113 1903; x_wconf 86' lang='lat' dir='ltr'><strong>Sed</strong></span> <span class='ocrx_word' id='word_1_232' title='bbox 2135 1861 2273 1901; x_wconf 88' lang='lat' dir='ltr'><strong>tanta</strong></span> <span class='ocrx_word' id='word_1_233' title='bbox 2290 1852 2572 1918; x_wconf 86' lang='lat' dir='ltr'><strong>pertinacia</strong></span> <span class='ocrx_word' id='word_1_234' title='bbox 2595 1849 2915 1913; x_wconf 64' lang='lat' dir='ltr'><strong>restiterunt,</strong></span> <span class='ocrx_word' id='word_1_235' title='bbox 2933 1864 2983 1904; x_wconf 92' lang='lat' dir='ltr'><strong>ut</strong></span> <span class='ocrx_word' id='word_1_236' title='bbox 3000 1854 3247 1920; x_wconf 75' lang='lat' dir='ltr'><strong>quidquid</strong></span> 
     </span>
    </p>
   </div>
   <div class='ocr_carea' id='block_1_35' title="bbox 83 1926 1593 1997">
    <p class='ocr_par' dir='ltr' id='par_1_35' title="bbox 83 1926 1593 1997">
     <span class='ocr_line' id='line_1_35' title="bbox 83 1926 1593 1997; baseline -0.002 -15"><span class='ocrx_word' id='word_1_237' title='bbox 83 1937 288 1988; x_wconf 67' lang='lat' dir='ltr'><strong>vinciret.</strong></span> <span class='ocrx_word' id='word_1_238' title='bbox 310 1931 601 1986; x_wconf 87' lang='lat' dir='ltr'><strong>Secundum</strong></span> <span class='ocrx_word' id='word_1_239' title='bbox 646 1931 756 1984; x_wconf 71' lang='lat' dir='ltr'><strong>lmc</strong></span> <span class='ocrx_word' id='word_1_240' title='bbox 788 1931 917 1983; x_wconf 79' lang='lat' dir='ltr'><strong>sci&#39;a</strong></span> <span class='ocrx_word' id='word_1_241' title='bbox 966 1929 1134 1997; x_wconf 77' lang='lat' dir='ltr'><strong>legum</strong></span> <span class='ocrx_word' id='word_1_242' title='bbox 1163 1942 1322 1996; x_wconf 79' lang='lat' dir='ltr'><strong>agens</strong></span> <span class='ocrx_word' id='word_1_243' title='bbox 1352 1927 1404 1979; x_wconf 92' lang='lat' dir='ltr'><strong>in</strong></span> <span class='ocrx_word' id='word_1_244' title='bbox 1435 1926 1593 1979; x_wconf 81' lang='lat' dir='ltr'><strong>rebus</strong></span> 
     </span>
    </p>
   </div>
   <div class='ocr_carea' id='block_1_36' title="bbox 80 2016 1594 2089">
    <p class='ocr_par' dir='ltr' id='par_1_36' title="bbox 80 2016 1594 2089">
     <span class='ocr_line' id='line_1_36' title="bbox 80 2016 1594 2089; baseline -0.006 -12"><span class='ocrx_word' id='word_1_245' title='bbox 80 2028 338 2086; x_wconf 69' lang='lat' dir='ltr'><strong>Africanus,</strong></span> <span class='ocrx_word' id='word_1_246' title='bbox 379 2021 768 2076; x_wconf 74' lang='lat' dir='ltr'><strong>accusationem</strong></span> <span class='ocrx_word' id='word_1_247' title='bbox 806 2021 1094 2089; x_wconf 79' lang='lat' dir='ltr'><strong>professus,</strong></span> <span class='ocrx_word' id='word_1_248' title='bbox 1126 2018 1396 2085; x_wconf 87' lang='lat' dir='ltr'><strong>Compano</strong></span> <span class='ocrx_word' id='word_1_249' title='bbox 1423 2028 1477 2070; x_wconf 86' lang='lat' dir='ltr'><strong>et</strong></span> <span class='ocrx_word' id='word_1_250' title='bbox 1505 2016 1594 2069; x_wconf 87' lang='lat' dir='ltr'><strong>lli-</strong></span> 
     </span>
    </p>
   </div>
   <div class='ocr_carea' id='block_1_37' title="bbox 75 2106 1598 2182">
    <p class='ocr_par' dir='ltr' id='par_1_37' title="bbox 75 2106 1598 2182">
     <span class='ocr_line' id='line_1_37' title="bbox 75 2106 1598 2182; baseline -0.005 -15"><span class='ocrx_word' id='word_1_251' title='bbox 75 2119 176 2182; x_wconf 63' lang='lat' dir='ltr'><strong>gino</strong></span> <span class='ocrx_word' id='word_1_252' title='bbox 202 2114 493 2167; x_wconf 58' lang='lat' dir='ltr'><strong>clarissimis</strong></span> <span class='ocrx_word' id='word_1_253' title='bbox 525 2113 648 2165; x_wconf 72' lang='lat' dir='ltr'><strong>viris</strong></span> <span class='ocrx_word' id='word_1_254' title='bbox 680 2112 940 2164; x_wconf 68' lang='lat' dir='ltr'><strong>violentia:</strong></span> <span class='ocrx_word' id='word_1_255' title='bbox 973 2110 1176 2162; x_wconf 92' lang='lat' dir='ltr'><strong>crimen</strong></span> <span class='ocrx_word' id='word_1_256' title='bbox 1209 2108 1426 2174; x_wconf 89' lang='lat' dir='ltr'><strong>objccit.</strong></span> <span class='ocrx_word' id='word_1_257' title='bbox 1460 2106 1598 2160; x_wconf 81' lang='lat' dir='ltr'><strong>Con-</strong></span> 
     </span>
    </p>
   </div>
   <div class='ocr_carea' id='block_1_38' title="bbox 77 2197 1597 2268">
    <p class='ocr_par' dir='ltr' id='par_1_38' title="bbox 77 2197 1597 2268">
     <span class='ocr_line' id='line_1_38' title="bbox 77 2197 1597 2268; baseline -0.005 -12"><span class='ocrx_word' id='word_1_258' title='bbox 77 2209 201 2256; x_wconf 69' lang='lat' dir='ltr'><strong>tinno</strong></span> <span class='ocrx_word' id='word_1_259' title='bbox 223 2245 236 2265; x_wconf 89' lang='lat'><strong>.</strong></span> <span class='ocrx_word' id='word_1_260' title='bbox 275 2219 322 2257; x_wconf 94' lang='lat' dir='ltr'><strong>ut</strong></span> <span class='ocrx_word' id='word_1_261' title='bbox 355 2205 609 2258; x_wconf 80' lang='lat' dir='ltr'><strong>severitas</strong></span> <span class='ocrx_word' id='word_1_262' title='bbox 638 2202 878 2268; x_wconf 76' lang='lat' dir='ltr'><strong>exigebat</strong></span> <span class='ocrx_word' id='word_1_263' title='bbox 905 2244 918 2264; x_wconf 83' lang='lat'><strong>,</strong></span> <span class='ocrx_word' id='word_1_264' title='bbox 951 2214 1070 2252; x_wconf 87' lang='lat' dir='ltr'><strong>reos</strong></span> <span class='ocrx_word' id='word_1_265' title='bbox 1091 2197 1328 2252; x_wconf 88' lang='lat' dir='ltr'><strong>custodia</strong></span> <span class='ocrx_word' id='word_1_266' title='bbox 1359 2197 1597 2249; x_wconf 88' lang='lat' dir='ltr'><strong>militaris</strong></span> 
     </span>
    </p>
   </div>
   <div class='ocr_carea' id='block_1_39' title="bbox 73 2285 1598 2362">
    <p class='ocr_par' dir='ltr' id='par_1_39' title="bbox 73 2285 1598 2362">
     <span class='ocr_line' id='line_1_39' title="bbox 73 2285 1598 2362; baseline -0.008 -14"><span class='ocrx_word' id='word_1_267' title='bbox 73 2297 364 2348; x_wconf 65' lang='lat' dir='ltr'><strong>di:§imniﬂl3</strong></span> <span class='ocrx_word' id='word_1_268' title='bbox 393 2294 645 2362; x_wconf 74' lang='lat' dir='ltr'><strong>dignitate</strong></span> <span class='ocrx_word' id='word_1_269' title='bbox 667 2289 1035 2345; x_wconf 82' lang='lat' dir='ltr'><strong>circumdedit.</strong></span> <span class='ocrx_word' id='word_1_270' title='bbox 1059 2287 1161 2341; x_wconf 90' lang='lat' dir='ltr'><strong>Sed</strong></span> <span class='ocrx_word' id='word_1_271' title='bbox 1193 2287 1278 2340; x_wconf 91' lang='lat' dir='ltr'><strong>ubi</strong></span> <span class='ocrx_word' id='word_1_272' title='bbox 1304 2295 1476 2354; x_wconf 88' lang='lat' dir='ltr'><strong>partes</strong></span> <span class='ocrx_word' id='word_1_273' title='bbox 1500 2285 1598 2337; x_wconf 91' lang='lat' dir='ltr'><strong>sub</strong></span> 
     </span>
    </p>
   </div>
   <div class='ocr_carea' id='block_1_40' title="bbox 68 2380 1596 2444">
    <p class='ocr_par' dir='ltr' id='par_1_40' title="bbox 68 2380 1596 2444">
     <span class='ocr_line' id='line_1_40' title="bbox 68 2380 1596 2444; baseline -0.005 -8"><span class='ocrx_word' id='word_1_274' title='bbox 68 2386 282 2437; x_wconf 61' lang='lat' dir='ltr'><strong>examine</strong></span> <span class='ocrx_word' id='word_1_275' title='bbox 311 2384 680 2444; x_wconf 88' lang='lat' dir='ltr'><strong>constiterunt,</strong></span> <span class='ocrx_word' id='word_1_276' title='bbox 730 2381 893 2434; x_wconf 90' lang='lat' dir='ltr'><strong>multo</strong></span> <span class='ocrx_word' id='word_1_277' title='bbox 925 2380 1208 2432; x_wconf 66' lang='lat' dir='ltr'><strong>luctamine</strong></span> <span class='ocrx_word' id='word_1_278' title='bbox 1255 2389 1596 2444; x_wconf 86' lang='lat' dir='ltr'><strong>patronorum</strong></span> 
     </span>
    </p>
   </div>
   <div class='ocr_carea' id='block_1_41' title="bbox 66 2466 1593 2543">
    <p class='ocr_par' dir='ltr' id='par_1_41' title="bbox 66 2466 1593 2543">
     <span class='ocr_line' id='line_1_41' title="bbox 66 2466 1593 2543; baseline -0.009 -16"><span class='ocrx_word' id='word_1_279' title='bbox 66 2479 260 2528; x_wconf 68' lang='lat' dir='ltr'><strong>decursa</strong></span> <span class='ocrx_word' id='word_1_280' title='bbox 284 2474 515 2543; x_wconf 78' lang='lat' dir='ltr'><strong>cognitio</strong></span> <span class='ocrx_word' id='word_1_281' title='bbox 541 2517 555 2540; x_wconf 90' lang='lat'><strong>,</strong></span> <span class='ocrx_word' id='word_1_282' title='bbox 586 2474 828 2526; x_wconf 63' lang='lat' dir='ltr'><strong>oratione</strong></span> <span class='ocrx_word' id='word_1_283' title='bbox 860 2471 1023 2537; x_wconf 77' lang='lat' dir='ltr'><strong>magis</strong></span> <span class='ocrx_word' id='word_1_284' title='bbox 1045 2509 1056 2531; x_wconf 93' lang='lat'><strong>,</strong></span> <span class='ocrx_word' id='word_1_285' title='bbox 1083 2482 1237 2534; x_wconf 80' lang='lat' dir='ltr'><strong>quani</strong></span> <span class='ocrx_word' id='word_1_286' title='bbox 1271 2466 1593 2533; x_wconf 88' lang='lat' dir='ltr'><strong>probationi-</strong></span> 
     </span>
    </p>
   </div>
   <div class='ocr_carea' id='block_1_42' title="bbox 66 2558 1598 2629">
    <p class='ocr_par' dir='ltr' id='par_1_42' title="bbox 66 2558 1598 2629">
     <span class='ocr_line' id='line_1_42' title="bbox 66 2558 1598 2629; baseline -0.006 -15"><span class='ocrx_word' id='word_1_287' title='bbox 66 2567 141 2616; x_wconf 67' lang='lat' dir='ltr'><strong>iiiis</strong></span> <span class='ocrx_word' id='word_1_288' title='bbox 170 2564 490 2618; x_wconf 72' lang='lat' dir='ltr'><strong>redundavit.</strong></span> <span class='ocrx_word' id='word_1_289' title='bbox 517 2562 646 2616; x_wconf 88' lang='lat' dir='ltr'><strong>Cum</strong></span> <span class='ocrx_word' id='word_1_290' title='bbox 672 2562 823 2629; x_wconf 80' lang='lat' dir='ltr'><strong>longa</strong></span> <span class='ocrx_word' id='word_1_291' title='bbox 842 2560 1119 2612; x_wconf 83' lang='lat' dir='ltr'><strong>verborum</strong></span> <span class='ocrx_word' id='word_1_292' title='bbox 1150 2569 1221 2610; x_wconf 87' lang='lat' dir='ltr'><strong>se:</strong></span> <span class='ocrx_word' id='word_1_293' title='bbox 1240 2558 1286 2608; x_wconf 83' lang='lat' dir='ltr'><strong>ie</strong></span> <span class='ocrx_word' id='word_1_294' title='bbox 1313 2569 1470 2609; x_wconf 81' lang='lat' dir='ltr'><strong>eiusa</strong></span> <span class='ocrx_word' id='word_1_295' title='bbox 1493 2564 1598 2606; x_wconf 81' lang='lat' dir='ltr'><strong>tra-</strong></span> 
     </span>
    </p>
   </div>
   <div class='ocr_carea' id='block_1_43' title="bbox 66 2647 1596 2720">
    <p class='ocr_par' dir='ltr' id='par_1_43' title="bbox 66 2647 1596 2720">
     <span class='ocr_line' id='line_1_43' title="bbox 66 2647 1596 2720; baseline -0.005 -17"><span class='ocrx_word' id='word_1_296' title='bbox 66 2667 283 2720; x_wconf 61' lang='lat' dir='ltr'><strong>tmretur,</strong></span> <span class='ocrx_word' id='word_1_297' title='bbox 315 2665 603 2708; x_wconf 87' lang='lat' dir='ltr'><strong>summates</strong></span> <span class='ocrx_word' id='word_1_298' title='bbox 648 2652 872 2705; x_wconf 68' lang='lat' dir='ltr'><strong>Aricinae</strong></span> <span class='ocrx_word' id='word_1_299' title='bbox 903 2650 1052 2703; x_wconf 85' lang='lat' dir='ltr'><strong>urbis</strong></span> <span class='ocrx_word' id='word_1_300' title='bbox 1075 2688 1088 2711; x_wconf 93' lang='lat'><strong>,</strong></span> <span class='ocrx_word' id='word_1_301' title='bbox 1114 2662 1247 2716; x_wconf 90' lang='lat' dir='ltr'><strong>quos</strong></span> <span class='ocrx_word' id='word_1_302' title='bbox 1273 2657 1328 2699; x_wconf 86' lang='lat' dir='ltr'><strong>tit</strong></span> <span class='ocrx_word' id='word_1_303' title='bbox 1353 2647 1596 2700; x_wconf 74' lang='lat' dir='ltr'><strong>conscios</strong></span> 
     </span>
    </p>
   </div>
   <div class='ocr_carea' id='block_1_44' title="bbox 66 2737 1594 2808">
    <p class='ocr_par' dir='ltr' id='par_1_44' title="bbox 66 2737 1594 2808">
     <span class='ocr_line' id='line_1_44' title="bbox 66 2737 1594 2808; baseline -0.006 -12"><span class='ocrx_word' id='word_1_304' title='bbox 66 2756 310 2800; x_wconf 69' lang='lat' dir='ltr'><strong>t-tcusator</strong></span> <span class='ocrx_word' id='word_1_305' title='bbox 335 2746 474 2799; x_wconf 71' lang='grc' dir='ltr'>οισὶι</span> <span class='ocrx_word' id='word_1_306' title='bbox 489 2755 624 2806; x_wconf 87' lang='lat' dir='ltr'><strong>erat,</strong></span> <span class='ocrx_word' id='word_1_307' title='bbox 642 2742 974 2795; x_wconf 83' lang='lat' dir='ltr'><strong>adhibuimus</strong></span> <span class='ocrx_word' id='word_1_308' title='bbox 1002 2737 1298 2808; x_wconf 63' lang='lat' dir='ltr'><strong>quaestioni,</strong></span> <span class='ocrx_word' id='word_1_309' title='bbox 1327 2740 1594 2805; x_wconf 65' lang='lat' dir='ltr'><strong>gemo’rum</strong></span> 
     </span>
    </p>
   </div>
   <div class='ocr_carea' id='block_1_45' title="bbox 73 2827 1595 2890">
    <p class='ocr_par' dir='ltr' id='par_1_45' title="bbox 73 2827 1595 2890">
     <span class='ocr_line' id='line_1_45' title="bbox 73 2827 1595 2890; baseline -0.007 -3"><span class='ocrx_word' id='word_1_310' title='bbox 73 2839 273 2889; x_wconf 57' lang='lat' dir='ltr'><strong>adipem</strong></span> <span class='ocrx_word' id='word_1_311' title='bbox 312 2835 668 2889; x_wconf 83' lang='lat' dir='ltr'><strong>sciscitamur.</strong></span> <span class='ocrx_word' id='word_1_312' title='bbox 698 2833 941 2886; x_wconf 86' lang='lat' dir='ltr'><strong>Omnium</strong></span> <span class='ocrx_word' id='word_1_313' title='bbox 972 2829 1219 2884; x_wconf 81' lang='lat' dir='ltr'><strong>convenit</strong></span> <span class='ocrx_word' id='word_1_314' title='bbox 1239 2827 1480 2890; x_wconf 88' lang='lat' dir='ltr'><strong>assertio,</strong></span> <span class='ocrx_word' id='word_1_315' title='bbox 1513 2827 1595 2878; x_wconf 86' lang='lat' dir='ltr'><strong>ni-</strong></span> 
     </span>
    </p>
   </div>
   <div class='ocr_carea' id='block_1_46' title="bbox 70 2917 1596 2979">
    <p class='ocr_par' dir='ltr' id='par_1_46' title="bbox 70 2917 1596 2979">
     <span class='ocr_line' id='line_1_46' title="bbox 70 2917 1596 2979; baseline -0.003 -5"><span class='ocrx_word' id='word_1_316' title='bbox 70 2930 111 2975; x_wconf 69' lang='lat' dir='ltr'><strong>:ii</strong></span> <span class='ocrx_word' id='word_1_317' title='bbox 145 2928 408 2979; x_wconf 87' lang='lat' dir='ltr'><strong>turbarum</strong></span> <span class='ocrx_word' id='word_1_318' title='bbox 453 2939 573 2977; x_wconf 88' lang='lat' dir='ltr'><strong>esse</strong></span> <span class='ocrx_word' id='word_1_319' title='bbox 615 2923 927 2976; x_wconf 78' lang='lat' dir='ltr'><strong>conﬂatum.</strong></span> <span class='ocrx_word' id='word_1_320' title='bbox 978 2920 1126 2974; x_wconf 84' lang='lat' dir='ltr'><strong>Tunc</strong></span> <span class='ocrx_word' id='word_1_321' title='bbox 1169 2918 1235 2971; x_wconf 91' lang='lat' dir='ltr'><strong>ad</strong></span> <span class='ocrx_word' id='word_1_322' title='bbox 1279 2917 1596 2971; x_wconf 88' lang='lat' dir='ltr'><strong>eludendum</strong></span> 
     </span>
    </p>
   </div>
   <div class='ocr_carea' id='block_1_47' title="bbox 70 3008 1594 3078">
    <p class='ocr_par' dir='ltr' id='par_1_47' title="bbox 70 3008 1594 3078">
     <span class='ocr_line' id='line_1_47' title="bbox 70 3008 1594 3078; baseline -0.004 -15"><span class='ocrx_word' id='word_1_323' title='bbox 70 3035 90 3060; x_wconf 65' lang='lat' dir='ltr'><strong>rt</strong></span> <span class='ocrx_word' id='word_1_324' title='bbox 115 3017 282 3067; x_wconf 80' lang='lat' dir='ltr'><strong>iicium</strong></span> <span class='ocrx_word' id='word_1_325' title='bbox 315 3014 596 3078; x_wconf 66' lang='lat' dir='ltr'><strong>prrsentia</strong></span> <span class='ocrx_word' id='word_1_326' title='bbox 644 3010 919 3078; x_wconf 84' lang='lat' dir='ltr'><strong>cujusdam</strong></span> <span class='ocrx_word' id='word_1_327' title='bbox 961 3011 1122 3076; x_wconf 73' lang='lat' dir='ltr'><strong>cmpit</strong></span> <span class='ocrx_word' id='word_1_328' title='bbox 1166 3008 1410 3074; x_wconf 79' lang='lat' dir='ltr'><strong>exposci,</strong></span> <span class='ocrx_word' id='word_1_329' title='bbox 1441 3020 1594 3074; x_wconf 89' lang='lat' dir='ltr'><strong>quem</strong></span> 
     </span>
    </p>
   </div>
   <div class='ocr_carea' id='block_1_48' title="bbox 66 3097 1596 3167">
    <p class='ocr_par' dir='ltr' id='par_1_48' title="bbox 66 3097 1596 3167">
     <span class='ocr_line' id='line_1_48' title="bbox 66 3097 1596 3167; baseline -0.005 -14"><span class='ocrx_word' id='word_1_330' title='bbox 66 3123 135 3157; x_wconf 48' lang='lat' dir='ltr'><strong>tun</strong></span> <span class='ocrx_word' id='word_1_331' title='bbox 167 3105 380 3158; x_wconf 77' lang='lat' dir='ltr'><strong>tenebat</strong></span> <span class='ocrx_word' id='word_1_332' title='bbox 424 3101 721 3167; x_wconf 88' lang='lat' dir='ltr'><strong>inscriptio.</strong></span> <span class='ocrx_word' id='word_1_333' title='bbox 772 3099 846 3152; x_wconf 83' lang='lat' dir='ltr'><strong>Eo</strong></span> <span class='ocrx_word' id='word_1_334' title='bbox 883 3099 1106 3167; x_wconf 83' lang='lat' dir='ltr'><strong>denique</strong></span> <span class='ocrx_word' id='word_1_335' title='bbox 1137 3112 1222 3151; x_wconf 88' lang='lat' dir='ltr'><strong>res</strong></span> <span class='ocrx_word' id='word_1_336' title='bbox 1252 3097 1445 3160; x_wconf 89' lang='lat' dir='ltr'><strong>rediit,</strong></span> <span class='ocrx_word' id='word_1_337' title='bbox 1475 3103 1533 3147; x_wconf 89' lang='lat' dir='ltr'><strong>ut</strong></span> <span class='ocrx_word' id='word_1_338' title='bbox 1565 3107 1596 3146; x_wconf 86' lang='lat' dir='ltr'><strong>a</strong></span> 
     </span>
    </p>
   </div>
   <div class='ocr_carea' id='block_1_49' title="bbox 1698 1937 3246 2002">
    <p class='ocr_par' dir='ltr' id='par_1_49' title="bbox 1698 1937 3246 2002">
     <span class='ocr_line' id='line_1_49' title="bbox 1698 1937 3246 2002; baseline 0.001 -12"><span class='ocrx_word' id='word_1_339' title='bbox 1698 1938 1951 1990; x_wconf 89' lang='lat' dir='ltr'><strong>minatum</strong></span> <span class='ocrx_word' id='word_1_340' title='bbox 1970 1937 2146 2002; x_wconf 77' lang='lat' dir='ltr'><strong>fuerit,</strong></span> <span class='ocrx_word' id='word_1_341' title='bbox 2165 1937 2336 1992; x_wconf 78' lang='lat' dir='ltr'><strong>facere</strong></span> <span class='ocrx_word' id='word_1_342' title='bbox 2360 1939 2573 1991; x_wconf 61' lang='lat' dir='ltr'><strong>minime:</strong></span> <span class='ocrx_word' id='word_1_343' title='bbox 2591 1941 2913 1993; x_wconf 84' lang='lat' dir='ltr'><strong>dubitarent.</strong></span> <span class='ocrx_word' id='word_1_344' title='bbox 2940 1940 3066 1992; x_wconf 75' lang='lat' dir='ltr'><strong>Nam</strong></span> <span class='ocrx_word' id='word_1_345' title='bbox 3093 1943 3246 1993; x_wconf 84' lang='lat' dir='ltr'><strong>etiam</strong></span> 
     </span>
    </p>
   </div>
   <div class='ocr_carea' id='block_1_50' title="bbox 1701 2027 3252 2095">
    <p class='ocr_par' dir='ltr' id='par_1_50' title="bbox 1701 2027 3252 2095">
     <span class='ocr_line' id='line_1_50' title="bbox 1701 2027 3252 2095; baseline 0.006 -21"><span class='ocrx_word' id='word_1_346' title='bbox 1701 2029 2064 2095; x_wconf 73' lang='lat' dir='ltr'><strong>presbyterum</strong></span> <span class='ocrx_word' id='word_1_347' title='bbox 2093 2027 2413 2080; x_wconf 83' lang='lat' dir='ltr'><strong>Bouilacium</strong></span> <span class='ocrx_word' id='word_1_348' title='bbox 2443 2028 2490 2079; x_wconf 92' lang='lat' dir='ltr'><strong>in</strong></span> <span class='ocrx_word' id='word_1_349' title='bbox 2516 2030 2735 2081; x_wconf 74' lang='lat' dir='ltr'><strong>ecc&#39;esia</strong></span> <span class='ocrx_word' id='word_1_350' title='bbox 2756 2030 2982 2082; x_wconf 76' lang='lat' dir='ltr'><strong>Marcelli</strong></span> <span class='ocrx_word' id='word_1_351' title='bbox 3005 2031 3252 2083; x_wconf 72' lang='grc' dir='ltr'>οτώιιειιιο</span> 
     </span>
    </p>
   </div>
   <div class='ocr_carea' id='block_1_51' title="bbox 1699 2117 3250 2187">
    <p class='ocr_par' dir='ltr' id='par_1_51' title="bbox 1699 2117 3250 2187">
     <span class='ocr_line' id='line_1_51' title="bbox 1699 2117 3250 2187; baseline 0.003 -17"><span class='ocrx_word' id='word_1_352' title='bbox 1699 2117 1822 2170; x_wconf 89' lang='lat' dir='ltr'><strong>dum</strong></span> <span class='ocrx_word' id='word_1_353' title='bbox 1854 2133 1970 2172; x_wconf 87' lang='lat' dir='ltr'><strong>esse</strong></span> <span class='ocrx_word' id='word_1_354' title='bbox 2002 2119 2286 2182; x_wconf 72' lang='lat' dir='ltr'><strong>duxevunt,</strong></span> <span class='ocrx_word' id='word_1_355' title='bbox 2329 2127 2487 2187; x_wconf 90' lang='lat' dir='ltr'><strong>atque</strong></span> <span class='ocrx_word' id='word_1_356' title='bbox 2519 2133 2636 2172; x_wconf 86' lang='lat' dir='ltr'><strong>cum</strong></span> <span class='ocrx_word' id='word_1_357' title='bbox 2662 2136 2723 2172; x_wconf 87' lang='lat' dir='ltr'><strong>eu</strong></span> <span class='ocrx_word' id='word_1_358' title='bbox 2749 2122 2812 2172; x_wconf 87' lang='lat' dir='ltr'><strong>ad</strong></span> <span class='ocrx_word' id='word_1_359' title='bbox 2836 2121 2892 2174; x_wconf 91' lang='lat' dir='ltr'><strong>S.</strong></span> <span class='ocrx_word' id='word_1_360' title='bbox 2924 2122 3061 2175; x_wconf 84' lang='lat' dir='ltr'><strong>Petri</strong></span> <span class='ocrx_word' id='word_1_361' title='bbox 3081 2123 3250 2175; x_wconf 73' lang='lat' dir='ltr'><strong>bas.“-</strong></span> 
     </span>
    </p>
   </div>
   <div class='ocr_carea' id='block_1_52' title="bbox 1697 2208 3250 2277">
    <p class='ocr_par' dir='ltr' id='par_1_52' title="bbox 1697 2208 3250 2277">
     <span class='ocr_line' id='line_1_52' title="bbox 1697 2208 3250 2277; baseline 0.006 -19"><span class='ocrx_word' id='word_1_362' title='bbox 1697 2220 1812 2258; x_wconf 90' lang='lat' dir='ltr'><strong>cam</strong></span> <span class='ocrx_word' id='word_1_363' title='bbox 1865 2219 2254 2272; x_wconf 87' lang='lat' dir='ltr'><strong>processerunt.</strong></span> <span class='ocrx_word' id='word_1_364' title='bbox 2303 2208 2365 2260; x_wconf 87' lang='lat' dir='ltr'><strong>Et</strong></span> <span class='ocrx_word' id='word_1_365' title='bbox 2411 2211 2658 2275; x_wconf 79' lang='lat' dir='ltr'><strong>qu0niain</strong></span> <span class='ocrx_word' id='word_1_366' title='bbox 2702 2211 2907 2277; x_wconf 80' lang='lat' dir='ltr'><strong>pietatis</strong></span> <span class='ocrx_word' id='word_1_367' title='bbox 2946 2222 3132 2264; x_wconf 67' lang='lat' dir='ltr'><strong>vestrx</strong></span> <span class='ocrx_word' id='word_1_368' title='bbox 3174 2223 3250 2267; x_wconf 72' lang='lat' dir='ltr'><strong>est</strong></span> 
     </span>
    </p>
   </div>
   <div class='ocr_carea' id='block_1_53' title="bbox 1700 2277 3252 2369">
    <p class='ocr_par' dir='ltr' id='par_1_53' title="bbox 1700 2277 3252 2369">
     <span class='ocr_line' id='line_1_53' title="bbox 1700 2277 3252 2369; baseline 0.004 -21"><span class='ocrx_word' id='word_1_369' title='bbox 1700 2295 1765 2348; x_wconf 89' lang='lat' dir='ltr'><strong>de</strong></span> <span class='ocrx_word' id='word_1_370' title='bbox 1794 2277 1906 2353; x_wconf 77' lang='lat' dir='ltr'><strong>liae.</strong></span> <span class='ocrx_word' id='word_1_371' title='bbox 1931 2307 2077 2361; x_wconf 90' lang='lat' dir='ltr'><strong>parte</strong></span> <span class='ocrx_word' id='word_1_372' title='bbox 2119 2297 2254 2349; x_wconf 87' lang='lat' dir='ltr'><strong>terre</strong></span> <span class='ocrx_word' id='word_1_373' title='bbox 2276 2298 2551 2362; x_wconf 87' lang='lat' dir='ltr'><strong>judicium,</strong></span> <span class='ocrx_word' id='word_1_374' title='bbox 2603 2308 2778 2350; x_wconf 80' lang='lat' dir='ltr'><strong>statim</strong></span> <span class='ocrx_word' id='word_1_375' title='bbox 2811 2312 2905 2366; x_wconf 91' lang='lat' dir='ltr'><strong>pro</strong></span> <span class='ocrx_word' id='word_1_376' title='bbox 2935 2312 3252 2369; x_wconf 83' lang='lat' dir='ltr'><strong>competenti</strong></span> 
     </span>
    </p>
   </div>
   <div class='ocr_carea' id='block_1_54' title="bbox 1698 2385 3250 2453">
    <p class='ocr_par' dir='ltr' id='par_1_54' title="bbox 1698 2385 3250 2453">
     <span class='ocr_line' id='line_1_54' title="bbox 1698 2385 3250 2453; baseline 0.005 -15"><span class='ocrx_word' id='word_1_377' title='bbox 1698 2385 2049 2438; x_wconf 88' lang='lat' dir='ltr'><strong>sollicitudine</strong></span> <span class='ocrx_word' id='word_1_378' title='bbox 2093 2398 2317 2439; x_wconf 78' lang='lat' dir='ltr'><strong>vestram</strong></span> <span class='ocrx_word' id='word_1_379' title='bbox 2359 2387 2686 2453; x_wconf 73' lang='lat' dir='ltr'><strong>niajcsmtem</strong></span> <span class='ocrx_word' id='word_1_380' title='bbox 2727 2391 2926 2443; x_wconf 89' lang='lat' dir='ltr'><strong>credidi</strong></span> <span class='ocrx_word' id='word_1_381' title='bbox 2968 2392 3250 2445; x_wconf 90' lang='lat' dir='ltr'><strong>consulen-</strong></span> 
     </span>
    </p>
   </div>
   <div class='ocr_carea' id='block_1_55' title="bbox 1699 2476 3250 2551">
    <p class='ocr_par' dir='ltr' id='par_1_55' title="bbox 1699 2476 3250 2551">
     <span class='ocr_line' id='line_1_55' title="bbox 1699 2476 3250 2551; baseline 0.007 -24"><span class='ocrx_word' id='word_1_382' title='bbox 1699 2476 1840 2540; x_wconf 86' lang='lat' dir='ltr'><strong>dam,</strong></span> <span class='ocrx_word' id='word_1_383' title='bbox 1887 2487 1936 2527; x_wconf 88' lang='grc' dir='ltr'><strong>ιιι</strong></span> <span class='ocrx_word' id='word_1_384' title='bbox 1967 2477 2103 2544; x_wconf 83' lang='lat' dir='ltr'><strong>quod</strong></span> <span class='ocrx_word' id='word_1_385' title='bbox 2149 2479 2314 2544; x_wconf 81' lang='lat' dir='ltr'><strong>pietas</strong></span> <span class='ocrx_word' id='word_1_386' title='bbox 2345 2493 2516 2531; x_wconf 71' lang='lat' dir='ltr'><strong>vestra</strong></span> <span class='ocrx_word' id='word_1_387' title='bbox 2545 2479 2812 2546; x_wconf 78' lang='lat' dir='ltr'><strong>decernat,</strong></span> <span class='ocrx_word' id='word_1_388' title='bbox 2863 2494 3126 2551; x_wconf 60' lang='lat' dir='ltr'><strong>praecepto</strong></span> <span class='ocrx_word' id='word_1_389' title='bbox 3167 2501 3250 2538; x_wconf 74' lang='lat' dir='ltr'><strong>ve-</strong></span> 
     </span>
    </p>
   </div>
   <div class='ocr_carea' id='block_1_56' title="bbox 1698 2567 3252 2640">
    <p class='ocr_par' dir='ltr' id='par_1_56' title="bbox 1698 2567 3252 2640">
     <span class='ocr_line' id='line_1_56' title="bbox 1698 2567 3252 2640; baseline 0.007 -23"><span class='ocrx_word' id='word_1_390' title='bbox 1698 2569 1791 2617; x_wconf 90' lang='lat' dir='ltr'><strong>stri</strong></span> <span class='ocrx_word' id='word_1_391' title='bbox 1836 2567 2064 2619; x_wconf 86' lang='lat' dir='ltr'><strong>numinis</strong></span> <span class='ocrx_word' id='word_1_392' title='bbox 2107 2568 2379 2620; x_wconf 85' lang='lat' dir='ltr'><strong>evidenter</strong></span> <span class='ocrx_word' id='word_1_393' title='bbox 2427 2569 2712 2635; x_wconf 76' lang='lat' dir='ltr'><strong>informet,</strong></span> <span class='ocrx_word' id='word_1_394' title='bbox 2751 2580 2853 2623; x_wconf 89' lang='lat' dir='ltr'><strong>etc.</strong></span> <span class='ocrx_word' id='word_1_395' title='bbox 2912 2572 3024 2627; x_wconf 85' lang='lat' dir='ltr'><strong>Dat.</strong></span> <span class='ocrx_word' id='word_1_396' title='bbox 3071 2585 3252 2640; x_wconf 73' lang='lat' dir='ltr'><strong>quarto</strong></span> 
     </span>
    </p>
   </div>
   <div class='ocr_carea' id='block_1_57' title="bbox 1680 2646 2183 2708">
    <p class='ocr_par' dir='ltr' id='par_1_57' title="bbox 1680 2646 2183 2708">
     <span class='ocr_line' id='line_1_57' title="bbox 1680 2646 2183 2708; baseline 0 -2"><span class='ocrx_word' id='word_1_397' title='bbox 1680 2646 1902 2706; x_wconf 67' lang='lat' dir='ltr'><strong>&#39;culend.</strong></span> <span class='ocrx_word' id='word_1_398' title='bbox 1933 2655 2183 2708; x_wconf 67' lang='lat' dir='ltr'><strong>lanuuii.</strong></span> 
     </span>
    </p>
   </div>
   <div class='ocr_carea' id='block_1_58' title="bbox 2243 2726 2701 2780">
    <p class='ocr_par' dir='ltr' id='par_1_58' title="bbox 2243 2726 2701 2780">
     <span class='ocr_line' id='line_1_58' title="bbox 2243 2726 2701 2780; baseline 0 0"><span class='ocrx_word' id='word_1_399' title='bbox 2243 2726 2454 2780; x_wconf 81' lang='lat' dir='ltr'><strong>EPIST.</strong></span> <span class='ocrx_word' id='word_1_400' title='bbox 2499 2727 2701 2780; x_wconf 71' lang='lat' dir='ltr'><strong>LXX&quot;.</strong></span> 
     </span>
    </p>
   </div>
   <div class='ocr_carea' id='block_1_59' title="bbox 1801 2828 3147 2876">
    <p class='ocr_par' dir='ltr' id='par_1_59' title="bbox 1801 2828 3147 2876">
     <span class='ocr_line' id='line_1_59' title="bbox 1801 2828 3147 2876; baseline 0.007 -10"><span class='ocrx_word' id='word_1_401' title='bbox 1801 2828 1908 2866; x_wconf 68' lang='lat' dir='ltr'><strong>IMP.</strong></span> <span class='ocrx_word' id='word_1_402' title='bbox 1947 2828 2198 2867; x_wconf 67' lang='lat' dir='ltr'><strong>IIONOBIL&#39;S</strong></span> <span class='ocrx_word' id='word_1_403' title='bbox 2230 2831 2490 2869; x_wconf 69' lang='lat' dir='ltr'><strong>AL&#39;GUS’I’L‘S</strong></span> <span class='ocrx_word' id='word_1_404' title='bbox 2520 2833 2794 2872; x_wconf 69' lang='grc' dir='ltr'>ειιιιι.ι‹;ιιο</span> <span class='ocrx_word' id='word_1_405' title='bbox 2823 2836 2991 2873; x_wconf 48' lang='lat' dir='ltr'><strong>Milli-3</strong></span> <span class='ocrx_word' id='word_1_406' title='bbox 3031 2838 3147 2876; x_wconf 64' lang='lat' dir='ltr'><strong>lilii}.</strong></span> 
     </span>
    </p>
   </div>
   <div class='ocr_carea' id='block_1_60' title="bbox 1767 2915 3253 2989">
    <p class='ocr_par' dir='ltr' id='par_1_60' title="bbox 1767 2915 3253 2989">
     <span class='ocr_line' id='line_1_60' title="bbox 1767 2915 3253 2989; baseline 0.01 -17"><span class='ocrx_word' id='word_1_407' title='bbox 1767 2919 1930 2974; x_wconf 84' lang='lat' dir='ltr'><strong>Gestis</strong></span> <span class='ocrx_word' id='word_1_408' title='bbox 1953 2925 2180 2978; x_wconf 85' lang='lat' dir='ltr'><strong>omnibus</strong></span> <span class='ocrx_word' id='word_1_409' title='bbox 2205 2927 2479 2989; x_wconf 78' lang='lat' dir='ltr'><strong>recensitis,</strong></span> <span class='ocrx_word' id='word_1_410' title='bbox 2505 2927 2774 2980; x_wconf 78' lang='lat' dir='ltr'><strong>laudanda:</strong></span> <span class='ocrx_word' id='word_1_411' title='bbox 2806 2931 3123 2985; x_wconf 62' lang='lat' dir='ltr'><strong>sublimitat&#39;s</strong></span> <span class='ocrx_word' id='word_1_412' title='bbox 3155 2915 3253 2987; x_wconf 63' lang='lat' dir='ltr'><strong>tum</strong></span> 
     </span>
    </p>
   </div>
   <div class='ocr_carea' id='block_1_61' title="bbox 1697 3011 3256 3080">
    <p class='ocr_par' dir='ltr' id='par_1_61' title="bbox 1697 3011 3256 3080">
     <span class='ocr_line' id='line_1_61' title="bbox 1697 3011 3256 3080; baseline 0.012 -21"><span class='ocrx_word' id='word_1_413' title='bbox 1697 3011 1936 3063; x_wconf 71' lang='lat' dir='ltr'><strong>relatione</strong></span> <span class='ocrx_word' id='word_1_414' title='bbox 1961 3015 2230 3080; x_wconf 61' lang='lat' dir='ltr'><strong>perclsruit</strong></span> <span class='ocrx_word' id='word_1_415' title='bbox 2266 3017 2316 3066; x_wconf 88' lang='lat' dir='ltr'><strong>in</strong></span> <span class='ocrx_word' id='word_1_416' title='bbox 2351 3018 2671 3070; x_wconf 74' lang='lat' dir='ltr'><strong>ordinatione</strong></span> <span class='ocrx_word' id='word_1_417' title='bbox 2704 3022 2996 3074; x_wconf 70' lang='lat' dir='ltr'><strong>venerabilis</strong></span> <span class='ocrx_word' id='word_1_418' title='bbox 3023 3030 3256 3078; x_wconf 84' lang='lat' dir='ltr'><strong>sacerdo-</strong></span> 
     </span>
    </p>
   </div>
   <div class='ocr_carea' id='block_1_62' title="bbox 1698 3105 3256 3176">
    <p class='ocr_par' dir='ltr' id='par_1_62' title="bbox 1698 3105 3256 3176">
     <span class='ocr_line' id='line_1_62' title="bbox 1698 3105 3256 3176; baseline 0.012 -23"><span class='ocrx_word' id='word_1_419' title='bbox 1698 3105 1759 3156; x_wconf 88' lang='lat' dir='ltr'><strong>tis</strong></span> <span class='ocrx_word' id='word_1_420' title='bbox 1803 3113 2012 3168; x_wconf 85' lang='lat' dir='ltr'><strong>quietem</strong></span> <span class='ocrx_word' id='word_1_421' title='bbox 2062 3116 2268 3160; x_wconf 67' lang='lat' dir='ltr'><strong>veterem</strong></span> <span class='ocrx_word' id='word_1_422' title='bbox 2312 3126 2586 3176; x_wconf 87' lang='lat' dir='ltr'><strong>paucorum</strong></span> <span class='ocrx_word' id='word_1_423' title='bbox 2640 3114 2953 3166; x_wconf 79' lang='lat' dir='ltr'><strong>insolentiam</strong></span> <span class='ocrx_word' id='word_1_424' title='bbox 3011 3127 3256 3172; x_wconf 73' lang='lat' dir='ltr'><strong>attmtare</strong></span> 
     </span>
    </p>
   </div>
   <div class='ocr_carea' id='block_1_63' title="bbox 73 3188 3254 3267">
    <p class='ocr_par' dir='ltr' id='par_1_63' title="bbox 73 3188 3254 3267">
     <span class='ocr_line' id='line_1_63' title="bbox 73 3188 3254 3267; baseline 0 -20"><span class='ocrx_word' id='word_1_425' title='bbox 73 3197 263 3248; x_wconf 77' lang='lat' dir='ltr'><strong>artibus</strong></span> <span class='ocrx_word' id='word_1_426' title='bbox 308 3195 542 3248; x_wconf 76' lang='lat' dir='ltr'><strong>Africani</strong></span> <span class='ocrx_word' id='word_1_427' title='bbox 575 3192 928 3246; x_wconf 85' lang='lat' dir='ltr'><strong>accusationis</strong></span> <span class='ocrx_word' id='word_1_428' title='bbox 965 3189 1184 3244; x_wconf 78' lang='lat' dir='ltr'><strong>emissio</strong></span> <span class='ocrx_word' id='word_1_429' title='bbox 1226 3188 1595 3256; x_wconf 76' lang='lat' dir='ltr'><strong>desperatione</strong></span> <span class='ocrx_word' id='word_1_430' title='bbox 1621 3195 1669 3259; x_wconf 83' lang='lat' dir='ltr'><strong><em>C</em></strong></span> <span class='ocrx_word' id='word_1_431' title='bbox 1699 3199 1930 3250; x_wconf 60' lang='lat' dir='ltr'><strong>voluisse,</strong></span> <span class='ocrx_word' id='word_1_432' title='bbox 1969 3197 2103 3251; x_wconf 69' lang='lat' dir='ltr'><strong>Nam</strong></span> <span class='ocrx_word' id='word_1_433' title='bbox 2132 3216 2242 3252; x_wconf 80' lang='lat' dir='ltr'><strong>cum</strong></span> <span class='ocrx_word' id='word_1_434' title='bbox 2283 3211 2390 3267; x_wconf 70' lang='grc' dir='ltr'><strong>ροδι</strong></span> <span class='ocrx_word' id='word_1_435' title='bbox 2419 3203 2698 3255; x_wconf 57' lang='lat' dir='ltr'><strong>abscessum</strong></span> <span class='ocrx_word' id='word_1_436' title='bbox 2729 3206 3016 3256; x_wconf 54' lang='lat' dir='ltr'><strong>venerabilis</strong></span> <span class='ocrx_word' id='word_1_437' title='bbox 3045 3209 3132 3257; x_wconf 63' lang='lat' dir='ltr'><strong>piri</strong></span> <span class='ocrx_word' id='word_1_438' title='bbox 3155 3208 3254 3259; x_wconf 74' lang='grc' dir='ltr'><strong>Ζο-</strong></span> 
     </span>
    </p>
   </div>
   <div class='ocr_carea' id='block_1_64' title="bbox 69 3278 1595 3351">
    <p class='ocr_par' dir='ltr' id='par_1_64' title="bbox 69 3278 1595 3351">
     <span class='ocr_line' id='line_1_64' title="bbox 69 3278 1595 3351; baseline -0.003 -15"><span class='ocrx_word' id='word_1_439' title='bbox 69 3294 318 3337; x_wconf 75' lang='lat' dir='ltr'><strong>etcretur.</strong></span> <span class='ocrx_word' id='word_1_440' title='bbox 352 3285 644 3351; x_wconf 87' lang='lat' dir='ltr'><strong>Supererat</strong></span> <span class='ocrx_word' id='word_1_441' title='bbox 671 3291 748 3346; x_wconf 91' lang='lat' dir='ltr'><strong>ut,</strong></span> <span class='ocrx_word' id='word_1_442' title='bbox 781 3281 998 3335; x_wconf 73' lang='lat' dir='ltr'><strong>crimine</strong></span> <span class='ocrx_word' id='word_1_443' title='bbox 1026 3296 1128 3334; x_wconf 89' lang='lat' dir='ltr'><strong>non</strong></span> <span class='ocrx_word' id='word_1_444' title='bbox 1159 3278 1398 3348; x_wconf 87' lang='lat' dir='ltr'><strong>probato,</strong></span> <span class='ocrx_word' id='word_1_445' title='bbox 1432 3278 1482 3331; x_wconf 93' lang='lat' dir='ltr'><strong>in</strong></span> <span class='ocrx_word' id='word_1_446' title='bbox 1506 3291 1595 3332; x_wconf 85' lang='lat' dir='ltr'><strong>ac-</strong></span> 
     </span>
    </p>
   </div>
   <div class='ocr_carea' id='block_1_65' title="bbox 66 3368 1593 3438">
    <p class='ocr_par' dir='ltr' id='par_1_65' title="bbox 66 3368 1593 3438">
     <span class='ocr_line' id='line_1_65' title="bbox 66 3368 1593 3438; baseline -0.003 -14"><span class='ocrx_word' id='word_1_447' title='bbox 66 3383 324 3426; x_wconf 77' lang='lat' dir='ltr'><strong>asatorem</strong></span> <span class='ocrx_word' id='word_1_448' title='bbox 356 3373 644 3427; x_wconf 79' lang='lat' dir='ltr'><strong>formidata</strong></span> <span class='ocrx_word' id='word_1_449' title='bbox 676 3372 780 3425; x_wconf 86' lang='lat' dir='ltr'><strong>reis</strong></span> <span class='ocrx_word' id='word_1_450' title='bbox 810 3385 961 3438; x_wconf 57' lang='lat' dir='ltr'><strong>parua</strong></span> <span class='ocrx_word' id='word_1_451' title='bbox 1011 3371 1276 3423; x_wconf 86' lang='lat' dir='ltr'><strong>transiret.</strong></span> <span class='ocrx_word' id='word_1_452' title='bbox 1321 3368 1424 3422; x_wconf 84' lang='lat' dir='ltr'><strong>Sed</strong></span> <span class='ocrx_word' id='word_1_453' title='bbox 1472 3381 1593 3420; x_wconf 89' lang='lat' dir='ltr'><strong>cum</strong></span> 
     </span>
    </p>
   </div>
   <div class='ocr_carea' id='block_1_66' title="bbox 66 3457 1596 3529">
    <p class='ocr_par' dir='ltr' id='par_1_66' title="bbox 66 3457 1596 3529">
     <span class='ocr_line' id='line_1_66' title="bbox 66 3457 1596 3529; baseline -0.004 -14"><span class='ocrx_word' id='word_1_454' title='bbox 66 3480 106 3517; x_wconf 82' lang='lat' dir='ltr'><strong>te</strong></span> <span class='ocrx_word' id='word_1_455' title='bbox 129 3464 371 3518; x_wconf 78' lang='lat' dir='ltr'><strong>Africani</strong></span> <span class='ocrx_word' id='word_1_456' title='bbox 401 3463 595 3516; x_wconf 86' lang='lat' dir='ltr'><strong>militia</strong></span> <span class='ocrx_word' id='word_1_457' title='bbox 625 3461 819 3529; x_wconf 84' lang='lat' dir='ltr'><strong>pariter</strong></span> <span class='ocrx_word' id='word_1_458' title='bbox 853 3470 1007 3529; x_wconf 88' lang='lat' dir='ltr'><strong>atque</strong></span> <span class='ocrx_word' id='word_1_459' title='bbox 1054 3459 1261 3513; x_wconf 86' lang='lat' dir='ltr'><strong>incauta</strong></span> <span class='ocrx_word' id='word_1_460' title='bbox 1289 3457 1596 3511; x_wconf 88' lang='lat' dir='ltr'><strong>adolescen-</strong></span> 
     </span>
    </p>
   </div>
   <div class='ocr_carea' id='block_1_67' title="bbox 69 3546 1598 3622">
    <p class='ocr_par' dir='ltr' id='par_1_67' title="bbox 69 3546 1598 3622">
     <span class='ocr_line' id='line_1_67' title="bbox 69 3546 1598 3622; baseline -0.003 -18"><span class='ocrx_word' id='word_1_461' title='bbox 69 3569 89 3604; x_wconf 69' lang='grc' dir='ltr'><strong>ι</strong></span> <span class='ocrx_word' id='word_1_462' title='bbox 114 3563 498 3622; x_wconf 80' lang='lat' dir='ltr'><strong>permoveret,</strong></span> <span class='ocrx_word' id='word_1_463' title='bbox 525 3553 687 3605; x_wconf 88' lang='lat' dir='ltr'><strong>malui</strong></span> <span class='ocrx_word' id='word_1_464' title='bbox 712 3551 964 3620; x_wconf 84' lang='lat' dir='ltr'><strong>judicium</strong></span> <span class='ocrx_word' id='word_1_465' title='bbox 989 3549 1053 3602; x_wconf 91' lang='lat' dir='ltr'><strong>de</strong></span> <span class='ocrx_word' id='word_1_466' title='bbox 1079 3564 1142 3602; x_wconf 88' lang='lat' dir='ltr'><strong>eo</strong></span> <span class='ocrx_word' id='word_1_467' title='bbox 1162 3546 1457 3602; x_wconf 62' lang='lat' dir='ltr'><strong>clementiae</strong></span> <span class='ocrx_word' id='word_1_468' title='bbox 1486 3561 1598 3600; x_wconf 81' lang='lat' dir='ltr'><strong>ves-</strong></span> 
     </span>
    </p>
   </div>
   <div class='ocr_carea' id='block_1_68' title="bbox 66 3640 1595 3707">
    <p class='ocr_par' dir='ltr' id='par_1_68' title="bbox 66 3640 1595 3707">
     <span class='ocr_line' id='line_1_68' title="bbox 66 3640 1595 3707; baseline -0.004 -10"><span class='ocrx_word' id='word_1_469' title='bbox 66 3661 110 3697; x_wconf 50' lang='grc' dir='ltr'><strong>νε</strong></span> <span class='ocrx_word' id='word_1_470' title='bbox 138 3660 446 3700; x_wconf 72' lang='lat' dir='ltr'><strong>reservare.</strong></span> <span class='ocrx_word' id='word_1_471' title='bbox 473 3645 588 3698; x_wconf 73' lang='lat' dir='ltr'><strong>Alia</strong></span> <span class='ocrx_word' id='word_1_472' title='bbox 619 3655 698 3696; x_wconf 86' lang='lat' dir='ltr'><strong>est</strong></span> <span class='ocrx_word' id='word_1_473' title='bbox 730 3644 869 3696; x_wconf 88' lang='lat' dir='ltr'><strong>enim</strong></span> <span class='ocrx_word' id='word_1_474' title='bbox 901 3642 1134 3696; x_wconf 86' lang='lat' dir='ltr'><strong>conditio</strong></span> <span class='ocrx_word' id='word_1_475' title='bbox 1175 3640 1595 3707; x_wconf 80' lang='lat' dir='ltr'><strong>magistratuum,</strong></span> 
     </span>
    </p>
   </div>
   <div class='ocr_carea' id='block_1_69' title="bbox 75 3726 1598 3801">
    <p class='ocr_par' dir='ltr' id='par_1_69' title="bbox 75 3726 1598 3801">
     <span class='ocr_line' id='line_1_69' title="bbox 75 3726 1598 3801; baseline -0.004 -15"><span class='ocrx_word' id='word_1_476' title='bbox 75 3750 244 3786; x_wconf 65' lang='lat' dir='ltr'><strong>torum</strong></span> <span class='ocrx_word' id='word_1_477' title='bbox 275 3743 550 3801; x_wconf 79' lang='lat' dir='ltr'><strong>corrupta:</strong></span> <span class='ocrx_word' id='word_1_478' title='bbox 582 3732 824 3783; x_wconf 83' lang='lat' dir='ltr'><strong>videntur</strong></span> <span class='ocrx_word' id='word_1_479' title='bbox 844 3744 962 3783; x_wconf 87' lang='lat' dir='ltr'><strong>esse</strong></span> <span class='ocrx_word' id='word_1_480' title='bbox 991 3729 1290 3787; x_wconf 77' lang='lat' dir='ltr'><strong>sententiae,</strong></span> <span class='ocrx_word' id='word_1_481' title='bbox 1318 3726 1360 3779; x_wconf 90' lang='lat' dir='ltr'><strong>si</strong></span> <span class='ocrx_word' id='word_1_482' title='bbox 1388 3727 1495 3779; x_wconf 90' lang='lat' dir='ltr'><strong>sint</strong></span> <span class='ocrx_word' id='word_1_483' title='bbox 1523 3726 1598 3780; x_wconf 89' lang='lat' dir='ltr'><strong>le-</strong></span> 
     </span>
    </p>
   </div>
   <div class='ocr_carea' id='block_1_70' title="bbox 77 3818 1594 3884">
    <p class='ocr_par' dir='ltr' id='par_1_70' title="bbox 77 3818 1594 3884">
     <span class='ocr_line' id='line_1_70' title="bbox 77 3818 1594 3884; baseline -0.005 -10"><span class='ocrx_word' id='word_1_484' title='bbox 77 3829 164 3875; x_wconf 64' lang='lat' dir='ltr'><strong>L=us</strong></span> <span class='ocrx_word' id='word_1_485' title='bbox 207 3823 494 3884; x_wconf 58' lang='lat' dir='ltr'><strong>mitiores;</strong></span> <span class='ocrx_word' id='word_1_486' title='bbox 527 3821 631 3872; x_wconf 90' lang='lat' dir='ltr'><strong>alia</strong></span> <span class='ocrx_word' id='word_1_487' title='bbox 661 3819 990 3872; x_wconf 89' lang='lat' dir='ltr'><strong>dominorum</strong></span> <span class='ocrx_word' id='word_1_488' title='bbox 1023 3818 1313 3884; x_wconf 77' lang='lat' dir='ltr'><strong>principum</strong></span> <span class='ocrx_word' id='word_1_489' title='bbox 1345 3824 1594 3882; x_wconf 80' lang='lat' dir='ltr'><strong>potestas,</strong></span> 
     </span>
    </p>
   </div>
   <div class='ocr_carea' id='block_1_71' title="bbox 67 3906 1598 3978">
    <p class='ocr_par' dir='ltr' id='par_1_71' title="bbox 67 3906 1598 3978">
     <span class='ocr_line' id='line_1_71' title="bbox 67 3906 1598 3978; baseline -0.002 -16"><span class='ocrx_word' id='word_1_490' title='bbox 67 3929 142 3966; x_wconf 72' lang='lat'><strong>105</strong></span> <span class='ocrx_word' id='word_1_491' title='bbox 173 3915 342 3966; x_wconf 85' lang='lat' dir='ltr'><strong>decet</strong></span> <span class='ocrx_word' id='word_1_492' title='bbox 372 3913 726 3966; x_wconf 83' lang='lat' dir='ltr'><strong>acrimoniam</strong></span> <span class='ocrx_word' id='word_1_493' title='bbox 753 3917 919 3964; x_wconf 75' lang='lat' dir='ltr'><strong>severi</strong></span> <span class='ocrx_word' id='word_1_494' title='bbox 948 3913 1081 3978; x_wconf 86' lang='lat' dir='ltr'><strong>juris</strong></span> <span class='ocrx_word' id='word_1_495' title='bbox 1111 3909 1403 3963; x_wconf 86' lang='lat' dir='ltr'><strong>inﬂectere.</strong></span> <span class='ocrx_word' id='word_1_496' title='bbox 1436 3906 1598 3960; x_wconf 79' lang='lat' dir='ltr'><strong>Rela-</strong></span> 
     </span>
    </p>
   </div>
   <div class='ocr_carea' id='block_1_72' title="bbox 66 3999 1599 4072">
    <p class='ocr_par' dir='ltr' id='par_1_72' title="bbox 66 3999 1599 4072">
     <span class='ocr_line' id='line_1_72' title="bbox 66 3999 1599 4072; baseline -0.005 -17"><span class='ocrx_word' id='word_1_497' title='bbox 66 4008 138 4056; x_wconf 91' lang='lat' dir='ltr'><strong>:.-ni</strong></span> <span class='ocrx_word' id='word_1_498' title='bbox 185 4015 346 4072; x_wconf 74' lang='lat' dir='ltr'><strong>gesta</strong></span> <span class='ocrx_word' id='word_1_499' title='bbox 393 4005 671 4066; x_wconf 80' lang='lat' dir='ltr'><strong>siibtexui,</strong></span> <span class='ocrx_word' id='word_1_500' title='bbox 702 4004 924 4071; x_wconf 89' lang='lat' dir='ltr'><strong>partium</strong></span> <span class='ocrx_word' id='word_1_501' title='bbox 968 4017 1179 4070; x_wconf 87' lang='lat' dir='ltr'><strong>qunque</strong></span> <span class='ocrx_word' id='word_1_502' title='bbox 1226 3999 1599 4066; x_wconf 84' lang='lat' dir='ltr'><strong>supplementa</strong></span> 
     </span>
    </p>
   </div>
   <div class='ocr_carea' id='block_1_73' title="bbox 66 4089 1600 4160">
    <p class='ocr_par' dir='ltr' id='par_1_73' title="bbox 66 4089 1600 4160">
     <span class='ocr_line' id='line_1_73' title="bbox 66 4089 1600 4160; baseline -0.004 -14"><span class='ocrx_word' id='word_1_503' title='bbox 66 4097 235 4148; x_wconf 62' lang='lat' dir='ltr'><strong>eciavi.</strong></span> <span class='ocrx_word' id='word_1_504' title='bbox 292 4097 501 4160; x_wconf 64' lang='lat' dir='ltr'><strong>Quaeso</strong></span> <span class='ocrx_word' id='word_1_505' title='bbox 553 4103 786 4145; x_wconf 64' lang='lat' dir='ltr'><strong>vestram</strong></span> <span class='ocrx_word' id='word_1_506' title='bbox 825 4093 1251 4160; x_wconf 79' lang='lat' dir='ltr'><strong>augustissimam</strong></span> <span class='ocrx_word' id='word_1_507' title='bbox 1302 4089 1600 4156; x_wconf 74' lang='lat' dir='ltr'><strong>perennita-</strong></span> 
     </span>
    </p>
   </div>
   <div class='ocr_carea' id='block_1_74' title="bbox 67 4181 1420 4255">
    <p class='ocr_par' dir='ltr' id='par_1_74' title="bbox 67 4181 1420 4255">
     <span class='ocr_line' id='line_1_74' title="bbox 67 4181 1420 4255; baseline -0.004 -18"><span class='ocrx_word' id='word_1_508' title='bbox 67 4201 110 4237; x_wconf 69' lang='lat' dir='ltr'><strong>ir.</strong></span> <span class='ocrx_word' id='word_1_509' title='bbox 137 4198 219 4252; x_wconf 88' lang='lat' dir='ltr'><strong>ut,</strong></span> <span class='ocrx_word' id='word_1_510' title='bbox 250 4184 550 4255; x_wconf 84' lang='lat' dir='ltr'><strong>perpensis</strong></span> <span class='ocrx_word' id='word_1_511' title='bbox 577 4183 824 4238; x_wconf 89' lang='lat' dir='ltr'><strong>omnibus</strong></span> <span class='ocrx_word' id='word_1_512' title='bbox 845 4223 860 4247; x_wconf 96' lang='lat'><strong>,</strong></span> <span class='ocrx_word' id='word_1_513' title='bbox 891 4183 1152 4250; x_wconf 83' lang='lat' dir='ltr'><strong>sequenda</strong></span> <span class='ocrx_word' id='word_1_514' title='bbox 1174 4181 1420 4248; x_wconf 86' lang='lat' dir='ltr'><strong>jubeatis.</strong></span> 
     </span>
    </p>
   </div>
   <div class='ocr_carea' id='block_1_75' title="bbox 600 4291 1035 4347">
    <p class='ocr_par' dir='ltr' id='par_1_75' title="bbox 600 4291 1035 4347">
     <span class='ocr_line' id='line_1_75' title="bbox 600 4291 1035 4347; baseline -0.011 0"><span class='ocrx_word' id='word_1_515' title='bbox 600 4291 812 4347; x_wconf 75' lang='lat' dir='ltr'><strong>EPIST.</strong></span> <span class='ocrx_word' id='word_1_516' title='bbox 857 4291 1035 4345; x_wconf 76' lang='lat' dir='ltr'><strong>LXXI.</strong></span> 
     </span>
    </p>
   </div>
   <div class='ocr_carea' id='block_1_76' title="bbox 94 4394 1597 4442">
    <p class='ocr_par' dir='ltr' id='par_1_76' title="bbox 94 4394 1597 4442">
     <span class='ocr_line' id='line_1_76' title="bbox 94 4394 1597 4442; baseline -0.005 -2"><span class='ocrx_word' id='word_1_517' title='bbox 94 4403 208 4441; x_wconf 66' lang='grc' dir='ltr'><strong>ΙῊΡ.</strong></span> <span class='ocrx_word' id='word_1_518' title='bbox 247 4402 502 4442; x_wconf 65' lang='grc' dir='ltr'>ειοποιιιο</span> <span class='ocrx_word' id='word_1_519' title='bbox 547 4400 750 4438; x_wconf 63' lang='grc' dir='ltr'>θεωρεῐι</span> <span class='ocrx_word' id='word_1_520' title='bbox 781 4398 901 4435; x_wconf 65' lang='lat' dir='ltr'><strong>Atili.</strong></span> <span class='ocrx_word' id='word_1_521' title='bbox 943 4394 1248 4434; x_wconf 70' lang='grc' dir='ltr'>εῑιιιιιειιυε</span> <span class='ocrx_word' id='word_1_522' title='bbox 1283 4395 1448 4432; x_wconf 74' lang='lat' dir='ltr'><strong>PILEF.</strong></span> <span class='ocrx_word' id='word_1_523' title='bbox 1479 4395 1597 4434; x_wconf 79' lang='grc' dir='ltr'>ιιιω.</span> 
     </span>
    </p>
   </div>
   <div class='ocr_carea' id='block_1_77' title="bbox 70 4474 1590 4547">
    <p class='ocr_par' dir='ltr' id='par_1_77' title="bbox 70 4474 1590 4547">
     <span class='ocr_line' id='line_1_77' title="bbox 70 4474 1590 4547; baseline -0.005 -17"><span class='ocrx_word' id='word_1_524' title='bbox 70 4482 443 4547; x_wconf 70' lang='lat' dir='ltr'><strong>Qumnque</strong></span> <span class='ocrx_word' id='word_1_525' title='bbox 472 4479 522 4528; x_wconf 93' lang='lat' dir='ltr'><strong>iu</strong></span> <span class='ocrx_word' id='word_1_526' title='bbox 549 4474 689 4528; x_wconf 81' lang='lat' dir='ltr'><strong>Urbe</strong></span> <span class='ocrx_word' id='word_1_527' title='bbox 709 4481 960 4541; x_wconf 80' lang='lat' dir='ltr'><strong>geruntur</strong></span> <span class='ocrx_word' id='word_1_528' title='bbox 1003 4485 1088 4523; x_wconf 89' lang='lat' dir='ltr'><strong>me</strong></span> <span class='ocrx_word' id='word_1_529' title='bbox 1125 4478 1299 4522; x_wconf 89' lang='lat' dir='ltr'><strong>tacere</strong></span> <span class='ocrx_word' id='word_1_530' title='bbox 1330 4485 1433 4524; x_wconf 89' lang='lat' dir='ltr'><strong>non</strong></span> <span class='ocrx_word' id='word_1_531' title='bbox 1463 4487 1590 4523; x_wconf 89' lang='lat' dir='ltr'><strong>con-</strong></span> 
     </span>
    </p>
   </div>
   <div class='ocr_carea' id='block_1_78' title="bbox 66 4561 1596 4636">
    <p class='ocr_par' dir='ltr' id='par_1_78' title="bbox 66 4561 1596 4636">
     <span class='ocr_line' id='line_1_78' title="bbox 66 4561 1596 4636; baseline -0.001 -20"><span class='ocrx_word' id='word_1_532' title='bbox 66 4574 143 4619; x_wconf 74' lang='lat' dir='ltr'><strong>nit</strong></span> <span class='ocrx_word' id='word_1_533' title='bbox 188 4583 302 4636; x_wconf 85' lang='lat' dir='ltr'><strong>pro</strong></span> <span class='ocrx_word' id='word_1_534' title='bbox 340 4566 530 4621; x_wconf 87' lang='lat' dir='ltr'><strong>debito</strong></span> <span class='ocrx_word' id='word_1_535' title='bbox 573 4562 852 4617; x_wconf 54' lang='lat' dir='ltr'><strong>tumulatus</strong></span> <span class='ocrx_word' id='word_1_536' title='bbox 901 4575 1058 4630; x_wconf 86' lang='lat' dir='ltr'><strong>quem</strong></span> <span class='ocrx_word' id='word_1_537' title='bbox 1103 4561 1360 4627; x_wconf 78' lang='lat' dir='ltr'><strong>tnajt-stati</strong></span> <span class='ocrx_word' id='word_1_538' title='bbox 1408 4570 1596 4616; x_wconf 77' lang='lat' dir='ltr'><strong>vestra:</strong></span> 
     </span>
    </p>
   </div>
   <div class='ocr_carea' id='block_1_79' title="bbox 71 4651 1595 4724">
    <p class='ocr_par' dir='ltr' id='par_1_79' title="bbox 71 4651 1595 4724">
     <span class='ocr_line' id='line_1_79' title="bbox 71 4651 1595 4724; baseline -0.003 -16"><span class='ocrx_word' id='word_1_539' title='bbox 71 4674 217 4724; x_wconf 82' lang='lat' dir='ltr'><strong>uper</strong></span> <span class='ocrx_word' id='word_1_540' title='bbox 250 4657 524 4711; x_wconf 81' lang='lat' dir='ltr'><strong>exhibeo.</strong></span> <span class='ocrx_word' id='word_1_541' title='bbox 569 4656 700 4707; x_wconf 75' lang='lat' dir='ltr'><strong>(lum</strong></span> <span class='ocrx_word' id='word_1_542' title='bbox 743 4652 831 4705; x_wconf 91' lang='lat' dir='ltr'><strong>diu</strong></span> <span class='ocrx_word' id='word_1_543' title='bbox 873 4654 1153 4720; x_wconf 79' lang='lat' dir='ltr'><strong>episcopus</strong></span> <span class='ocrx_word' id='word_1_544' title='bbox 1181 4651 1422 4705; x_wconf 84' lang='lat' dir='ltr'><strong>Zositnus</strong></span> <span class='ocrx_word' id='word_1_545' title='bbox 1451 4652 1595 4720; x_wconf 71' lang='lat' dir='ltr'><strong>gravi</strong></span> 
     </span>
    </p>
   </div>
   <div class='ocr_carea' id='block_1_80' title="bbox 74 4744 1600 4813">
    <p class='ocr_par' dir='ltr' id='par_1_80' title="bbox 74 4744 1600 4813">
     <span class='ocr_line' id='line_1_80' title="bbox 74 4744 1600 4813; baseline -0.003 -13"><span class='ocrx_word' id='word_1_546' title='bbox 74 4749 368 4802; x_wconf 81' lang='lat' dir='ltr'><strong>orumodo</strong></span> <span class='ocrx_word' id='word_1_547' title='bbox 391 4748 685 4809; x_wconf 74' lang='lat' dir='ltr'><strong>laboraret,</strong></span> <span class='ocrx_word' id='word_1_548' title='bbox 704 4760 866 4813; x_wconf 89' lang='lat' dir='ltr'><strong>usque</strong></span> <span class='ocrx_word' id='word_1_549' title='bbox 886 4746 1038 4811; x_wconf 83' lang='lat' dir='ltr'><strong>adeo,</strong></span> <span class='ocrx_word' id='word_1_550' title='bbox 1065 4756 1118 4797; x_wconf 92' lang='lat' dir='ltr'><strong>ut</strong></span> <span class='ocrx_word' id='word_1_551' title='bbox 1140 4744 1440 4812; x_wconf 85' lang='lat' dir='ltr'><strong>frequenter</strong></span> <span class='ocrx_word' id='word_1_552' title='bbox 1464 4759 1600 4796; x_wconf 91' lang='lat' dir='ltr'><strong>mor-</strong></span> 
     </span>
    </p>
   </div>
   <div class='ocr_carea' id='block_1_81' title="bbox 66 4836 1596 4905">
    <p class='ocr_par' dir='ltr' id='par_1_81' title="bbox 66 4836 1596 4905">
     <span class='ocr_line' id='line_1_81' title="bbox 66 4836 1596 4905; baseline -0.002 -16"><span class='ocrx_word' id='word_1_553' title='bbox 66 4856 110 4890; x_wconf 78' lang='lat' dir='ltr'><strong>IS</strong></span> <span class='ocrx_word' id='word_1_554' title='bbox 130 4842 492 4905; x_wconf 81' lang='lat' dir='ltr'><strong>jactaretur,</strong></span> <span class='ocrx_word' id='word_1_555' title='bbox 521 4837 718 4892; x_wconf 85' lang='lat' dir='ltr'><strong>accidit</strong></span> <span class='ocrx_word' id='word_1_556' title='bbox 745 4845 802 4888; x_wconf 93' lang='lat' dir='ltr'><strong>ut</strong></span> <span class='ocrx_word' id='word_1_557' title='bbox 823 4836 1053 4889; x_wconf 87' lang='lat' dir='ltr'><strong>secundo</strong></span> <span class='ocrx_word' id='word_1_558' title='bbox 1073 4836 1156 4889; x_wconf 92' lang='lat' dir='ltr'><strong>dic</strong></span> <span class='ocrx_word' id='word_1_559' title='bbox 1177 4845 1286 4902; x_wconf 89' lang='lat' dir='ltr'><strong>post</strong></span> <span class='ocrx_word' id='word_1_560' title='bbox 1307 4836 1596 4902; x_wconf 67' lang='lat' dir='ltr'><strong>ingressum</strong></span> 
     </span>
    </p>
   </div>
   <div class='ocr_carea' id='block_1_82' title="bbox 71 4924 1600 4993">
    <p class='ocr_par' dir='ltr' id='par_1_82' title="bbox 71 4924 1600 4993">
     <span class='ocr_line' id='line_1_82' title="bbox 71 4924 1600 4993; baseline -0.003 -13"><span class='ocrx_word' id='word_1_561' title='bbox 71 4946 174 4982; x_wconf 81' lang='lat' dir='ltr'><strong>um</strong></span> <span class='ocrx_word' id='word_1_562' title='bbox 221 4930 358 4983; x_wconf 74' lang='lat' dir='ltr'><strong>vita</strong></span> <span class='ocrx_word' id='word_1_563' title='bbox 388 4929 701 4982; x_wconf 85' lang='lat' dir='ltr'><strong>decederet.</strong></span> <span class='ocrx_word' id='word_1_564' title='bbox 741 4926 926 4981; x_wconf 88' lang='lat' dir='ltr'><strong>Statim</strong></span> <span class='ocrx_word' id='word_1_565' title='bbox 954 4928 1035 4993; x_wconf 89' lang='lat' dir='ltr'><strong>(ut</strong></span> <span class='ocrx_word' id='word_1_566' title='bbox 1062 4924 1406 4991; x_wconf 84' lang='lat' dir='ltr'><strong>convenerat)</strong></span> <span class='ocrx_word' id='word_1_567' title='bbox 1437 4937 1600 4991; x_wconf 91' lang='lat' dir='ltr'><strong>popu-</strong></span> 
     </span>
    </p>
   </div>
   <div class='ocr_carea' id='block_1_83' title="bbox 66 5015 1598 5089">
    <p class='ocr_par' dir='ltr' id='par_1_83' title="bbox 66 5015 1598 5089">
     <span class='ocr_line' id='line_1_83' title="bbox 66 5015 1598 5089; baseline -0.005 -16"><span class='ocrx_word' id='word_1_568' title='bbox 66 5040 82 5073; x_wconf 81' lang='grc' dir='ltr'><strong>ι</strong></span> <span class='ocrx_word' id='word_1_569' title='bbox 125 5020 500 5089; x_wconf 75' lang='lat' dir='ltr'><strong>alloquendo</strong></span> <span class='ocrx_word' id='word_1_570' title='bbox 531 5017 836 5073; x_wconf 83' lang='lat' dir='ltr'><strong>commonui</strong></span> <span class='ocrx_word' id='word_1_571' title='bbox 863 5054 878 5078; x_wconf 91' lang='lat'><strong>,</strong></span> <span class='ocrx_word' id='word_1_572' title='bbox 920 5025 976 5068; x_wconf 91' lang='lat' dir='ltr'><strong>ut</strong></span> <span class='ocrx_word' id='word_1_573' title='bbox 1021 5031 1141 5069; x_wconf 89' lang='lat' dir='ltr'><strong>cum</strong></span> <span class='ocrx_word' id='word_1_574' title='bbox 1181 5017 1358 5084; x_wconf 89' lang='lat' dir='ltr'><strong>quieto</strong></span> <span class='ocrx_word' id='word_1_575' title='bbox 1382 5015 1598 5069; x_wconf 89' lang='lat' dir='ltr'><strong>clerico-</strong></span> 
     </span>
    </p>
   </div>
   <div class='ocr_carea' id='block_1_84' title="bbox 66 5108 1597 5173">
    <p class='ocr_par' dir='ltr' id='par_1_84' title="bbox 66 5108 1597 5173">
     <span class='ocr_line' id='line_1_84' title="bbox 66 5108 1597 5173; baseline -0.003 -8"><span class='ocrx_word' id='word_1_576' title='bbox 66 5131 88 5165; x_wconf 71' lang='lat'>1</span> <span class='ocrx_word' id='word_1_577' title='bbox 125 5122 401 5167; x_wconf 72' lang='lat' dir='ltr'><strong>tractatu</strong></span> <span class='ocrx_word' id='word_1_578' title='bbox 444 5113 630 5165; x_wconf 83' lang='lat' dir='ltr'><strong>omnia</strong></span> <span class='ocrx_word' id='word_1_579' title='bbox 663 5109 968 5172; x_wconf 80' lang='lat' dir='ltr'><strong>ﬁnirentur,</strong></span> <span class='ocrx_word' id='word_1_580' title='bbox 1008 5122 1104 5161; x_wconf 88' lang='lat' dir='ltr'><strong>nec</strong></span> <span class='ocrx_word' id='word_1_581' title='bbox 1150 5122 1208 5161; x_wconf 88' lang='lat' dir='ltr'><strong>se</strong></span> <span class='ocrx_word' id='word_1_582' title='bbox 1233 5109 1394 5162; x_wconf 88' lang='lat' dir='ltr'><strong>rebus</strong></span> <span class='ocrx_word' id='word_1_583' title='bbox 1421 5108 1597 5173; x_wconf 87' lang='lat' dir='ltr'><strong>dispo-</strong></span> 
     </span>
    </p>
   </div>
   <div class='ocr_carea' id='block_1_85' title="bbox 79 5199 1596 5267">
    <p class='ocr_par' dir='ltr' id='par_1_85' title="bbox 79 5199 1596 5267">
     <span class='ocr_line' id='line_1_85' title="bbox 79 5199 1596 5267; baseline -0.005 -12"><span class='ocrx_word' id='word_1_584' title='bbox 79 5207 182 5255; x_wconf 81' lang='lat' dir='ltr'><strong>dis</strong></span> <span class='ocrx_word' id='word_1_585' title='bbox 217 5204 508 5256; x_wconf 80' lang='lat' dir='ltr'><strong>isccret</strong></span> <span class='ocrx_word' id='word_1_586' title='bbox 537 5199 770 5253; x_wconf 85' lang='lat' dir='ltr'><strong>turbatio</strong></span> <span class='ocrx_word' id='word_1_587' title='bbox 797 5199 1088 5267; x_wconf 86' lang='lat' dir='ltr'><strong>popularis:</strong></span> <span class='ocrx_word' id='word_1_588' title='bbox 1117 5199 1372 5266; x_wconf 88' lang='lat' dir='ltr'><strong>siquidem</strong></span> <span class='ocrx_word' id='word_1_589' title='bbox 1400 5207 1596 5251; x_wconf 87' lang='lat' dir='ltr'><strong>certum</strong></span> 
     </span>
    </p>
   </div>
   <div class='ocr_carea' id='block_1_86' title="bbox 66 5287 1601 5360">
    <p class='ocr_par' dir='ltr' id='par_1_86' title="bbox 66 5287 1601 5360">
     <span class='ocr_line' id='line_1_86' title="bbox 66 5287 1601 5360; baseline -0.005 -16"><span class='ocrx_word' id='word_1_590' title='bbox 66 5305 119 5344; x_wconf 69' lang='lat' dir='ltr'><strong>3t</strong></span> <span class='ocrx_word' id='word_1_591' title='bbox 163 5293 230 5344; x_wconf 79' lang='lat' dir='ltr'><strong>in</strong></span> <span class='ocrx_word' id='word_1_592' title='bbox 288 5290 555 5360; x_wconf 73' lang='lat' dir='ltr'><strong>eligendo</strong></span> <span class='ocrx_word' id='word_1_593' title='bbox 583 5290 837 5355; x_wconf 89' lang='lat' dir='ltr'><strong>episcopo</strong></span> <span class='ocrx_word' id='word_1_594' title='bbox 873 5288 964 5341; x_wconf 52' lang='lat' dir='ltr'><strong>Dei</strong></span> <span class='ocrx_word' id='word_1_595' title='bbox 1005 5287 1377 5354; x_wconf 70' lang='lat' dir='ltr'><strong>omnipotentis</strong></span> <span class='ocrx_word' id='word_1_596' title='bbox 1413 5301 1601 5353; x_wconf 83' lang='lat' dir='ltr'><strong>exspe-</strong></span> 
     </span>
    </p>
   </div>
   <div class='ocr_carea' id='block_1_87' title="bbox 71 5378 1598 5450">
    <p class='ocr_par' dir='ltr' id='par_1_87' title="bbox 71 5378 1598 5450">
     <span class='ocr_line' id='line_1_87' title="bbox 71 5378 1598 5450; baseline -0.003 -17"><span class='ocrx_word' id='word_1_597' title='bbox 71 5383 266 5436; x_wconf 71' lang='lat' dir='ltr'><strong>idum</strong></span> <span class='ocrx_word' id='word_1_598' title='bbox 299 5395 436 5436; x_wconf 82' lang='lat' dir='ltr'><strong>esse</strong></span> <span class='ocrx_word' id='word_1_599' title='bbox 466 5381 756 5450; x_wconf 80' lang='lat' dir='ltr'><strong>judicium,</strong></span> <span class='ocrx_word' id='word_1_600' title='bbox 789 5379 983 5433; x_wconf 92' lang='lat' dir='ltr'><strong>domini</strong></span> <span class='ocrx_word' id='word_1_601' title='bbox 1014 5381 1356 5447; x_wconf 75' lang='lat' dir='ltr'><strong>imperatores</strong></span> <span class='ocrx_word' id='word_1_602' title='bbox 1377 5378 1598 5444; x_wconf 85' lang='lat' dir='ltr'><strong>(Honori</strong></span> 
     </span>
    </p>
   </div>
   <div class='ocr_carea' id='block_1_88' title="bbox 66 5471 1599 5541">
    <p class='ocr_par' dir='ltr' id='par_1_88' title="bbox 66 5471 1599 5541">
     <span class='ocr_line' id='line_1_88' title="bbox 66 5471 1599 5541; baseline -0.003 -15"><span class='ocrx_word' id='word_1_603' title='bbox 66 5473 376 5529; x_wconf 66' lang='lat' dir='ltr'><strong>Theodosi</strong></span> <span class='ocrx_word' id='word_1_604' title='bbox 398 5511 412 5532; x_wconf 90' lang='lat'><strong>.</strong></span> <span class='ocrx_word' id='word_1_605' title='bbox 442 5473 554 5541; x_wconf 88' lang='lat' dir='ltr'><strong>pii,</strong></span> <span class='ocrx_word' id='word_1_606' title='bbox 596 5471 783 5524; x_wconf 80' lang='lat' dir='ltr'><strong>felices</strong></span> <span class='ocrx_word' id='word_1_607' title='bbox 819 5478 872 5522; x_wconf 89' lang='lat' dir='ltr'><strong>et</strong></span> <span class='ocrx_word' id='word_1_608' title='bbox 908 5471 1082 5540; x_wconf 85' lang='lat' dir='ltr'><strong>inclyti</strong></span> <span class='ocrx_word' id='word_1_609' title='bbox 1114 5472 1359 5536; x_wconf 87' lang='lat' dir='ltr'><strong>victores,</strong></span> <span class='ocrx_word' id='word_1_610' title='bbox 1390 5483 1599 5537; x_wconf 80' lang='lat' dir='ltr'><strong>semper</strong></span> 
     </span>
    </p>
   </div>
   <div class='ocr_carea' id='block_1_89' title="bbox 66 5551 1603 5632">
    <p class='ocr_par' dir='ltr' id='par_1_89' title="bbox 66 5551 1603 5632">
     <span class='ocr_line' id='line_1_89' title="bbox 66 5551 1603 5632; baseline -0.001 -17"><span class='ocrx_word' id='word_1_611' title='bbox 66 5563 294 5632; x_wconf 61' lang='lat' dir='ltr'><strong>fusti).</strong></span> <span class='ocrx_word' id='word_1_612' title='bbox 333 5561 610 5616; x_wconf 70' lang='lat' dir='ltr'><strong>Admonui</strong></span> <span class='ocrx_word' id='word_1_613' title='bbox 640 5569 701 5615; x_wconf 90' lang='lat' dir='ltr'><strong>et</strong></span> <span class='ocrx_word' id='word_1_614' title='bbox 721 5551 1045 5626; x_wconf 78' lang='lat' dir='ltr'><strong>corporatos,</strong></span> <span class='ocrx_word' id='word_1_615' title='bbox 1075 5560 1264 5616; x_wconf 79' lang='lat' dir='ltr'><strong>ofﬁciis</strong></span> <span class='ocrx_word' id='word_1_616' title='bbox 1288 5559 1497 5630; x_wconf 60' lang='lat' dir='ltr'><strong>qquuo</strong></span> <span class='ocrx_word' id='word_1_617' title='bbox 1523 5562 1603 5614; x_wconf 91' lang='lat' dir='ltr'><strong>in-</strong></span> 
     </span>
    </p>
   </div>
   <div class='ocr_carea' id='block_1_90' title="bbox 66 5650 1603 5719">
    <p class='ocr_par' dir='ltr' id='par_1_90' title="bbox 66 5650 1603 5719">
     <span class='ocr_line' id='line_1_90' title="bbox 66 5650 1603 5719; baseline -0.001 -13"><span class='ocrx_word' id='word_1_618' title='bbox 66 5656 348 5708; x_wconf 71' lang='lat' dir='ltr'><strong>ninatus</strong></span> <span class='ocrx_word' id='word_1_619' title='bbox 375 5667 501 5707; x_wconf 87' lang='lat' dir='ltr'><strong>sum</strong></span> <span class='ocrx_word' id='word_1_620' title='bbox 526 5693 542 5717; x_wconf 91' lang='lat'><strong>,</strong></span> <span class='ocrx_word' id='word_1_621' title='bbox 573 5667 641 5706; x_wconf 89' lang='lat' dir='ltr'><strong>ac</strong></span> <span class='ocrx_word' id='word_1_622' title='bbox 675 5650 909 5716; x_wconf 87' lang='lat' dir='ltr'><strong>majores</strong></span> <span class='ocrx_word' id='word_1_623' title='bbox 942 5650 1167 5704; x_wconf 89' lang='lat' dir='ltr'><strong>deterrui</strong></span> <span class='ocrx_word' id='word_1_624' title='bbox 1196 5651 1466 5719; x_wconf 76' lang='lat' dir='ltr'><strong>regionum</strong></span> <span class='ocrx_word' id='word_1_625' title='bbox 1493 5691 1505 5713; x_wconf 94' lang='lat'><strong>,</strong></span> <span class='ocrx_word' id='word_1_626' title='bbox 1539 5665 1603 5704; x_wconf 88' lang='lat' dir='ltr'><strong>ne</strong></span> 
     </span>
    </p>
   </div>
   <div class='ocr_carea' id='block_1_91' title="bbox 66 5741 1601 5815">
    <p class='ocr_par' dir='ltr' id='par_1_91' title="bbox 66 5741 1601 5815">
     <span class='ocr_line' id='line_1_91' title="bbox 66 5741 1601 5815; baseline -0.003 -17"><span class='ocrx_word' id='word_1_627' title='bbox 66 5764 78 5798; x_wconf 65' lang='grc' dir='ltr'><strong>ι</strong></span> <span class='ocrx_word' id='word_1_628' title='bbox 121 5745 406 5815; x_wconf 79' lang='lat' dir='ltr'><strong>quietem</strong></span> <span class='ocrx_word' id='word_1_629' title='bbox 441 5742 604 5800; x_wconf 78' lang='lat' dir='ltr'><strong>Urbis</strong></span> <span class='ocrx_word' id='word_1_630' title='bbox 627 5750 827 5796; x_wconf 77' lang='lat' dir='ltr'><strong>vestrte</strong></span> <span class='ocrx_word' id='word_1_631' title='bbox 857 5741 1064 5796; x_wconf 86' lang='lat' dir='ltr'><strong>tmbarc</strong></span> <span class='ocrx_word' id='word_1_632' title='bbox 1087 5750 1330 5796; x_wconf 84' lang='lat' dir='ltr'><strong>tentaret.</strong></span> <span class='ocrx_word' id='word_1_633' title='bbox 1362 5742 1508 5807; x_wconf 87' lang='lat' dir='ltr'><strong>Quod</strong></span> <span class='ocrx_word' id='word_1_634' title='bbox 1536 5743 1601 5795; x_wconf 88' lang='lat' dir='ltr'><strong>ita</strong></span> 
     </span>
    </p>
   </div>
   <div class='ocr_carea' id='block_1_92' title="bbox 1693 3293 3252 3365">
    <p class='ocr_par' dir='ltr' id='par_1_92' title="bbox 1693 3293 3252 3365">
     <span class='ocr_line' id='line_1_92' title="bbox 1693 3293 3252 3365; baseline 0.005 -21"><span class='ocrx_word' id='word_1_635' title='bbox 1693 3293 1807 3344; x_wconf 83' lang='lat' dir='ltr'><strong>simi</strong></span> <span class='ocrx_word' id='word_1_636' title='bbox 1841 3294 1976 3345; x_wconf 82' lang='lat' dir='ltr'><strong>circa</strong></span> <span class='ocrx_word' id='word_1_637' title='bbox 1997 3296 2226 3346; x_wconf 85' lang='lat' dir='ltr'><strong>meritum</strong></span> <span class='ocrx_word' id='word_1_638' title='bbox 2262 3295 2450 3347; x_wconf 75' lang='lat' dir='ltr'><strong>Eu’alii</strong></span> <span class='ocrx_word' id='word_1_639' title='bbox 2479 3297 2655 3348; x_wconf 81' lang='lat' dir='ltr'><strong>ordine</strong></span> <span class='ocrx_word' id='word_1_640' title='bbox 2674 3298 2981 3365; x_wconf 81' lang='lat' dir='ltr'><strong>subrogandi</strong></span> <span class='ocrx_word' id='word_1_641' title='bbox 3004 3305 3252 3352; x_wconf 79' lang='lat' dir='ltr'><strong>communi</strong></span> 
     </span>
    </p>
   </div>
   <div class='ocr_carea' id='block_1_93' title="bbox 1683 3381 3254 3456">
    <p class='ocr_par' dir='ltr' id='par_1_93' title="bbox 1683 3381 3254 3456">
     <span class='ocr_line' id='line_1_93' title="bbox 1683 3381 3254 3456; baseline 0.008 -27"><span class='ocrx_word' id='word_1_642' title='bbox 1683 3381 1886 3447; x_wconf 86' lang='lat' dir='ltr'><strong>judicio</strong></span> <span class='ocrx_word' id='word_1_643' title='bbox 1906 3384 2198 3435; x_wconf 74' lang='lat' dir='ltr'><strong>conveniens</strong></span> <span class='ocrx_word' id='word_1_644' title='bbox 2228 3385 2494 3435; x_wconf 73' lang='lat' dir='ltr'><strong>multitudo</strong></span> <span class='ocrx_word' id='word_1_645' title='bbox 2516 3387 2782 3447; x_wconf 79' lang='lat' dir='ltr'><strong>sonuisset,</strong></span> <span class='ocrx_word' id='word_1_646' title='bbox 2799 3401 2860 3437; x_wconf 84' lang='lat' dir='ltr'><strong>ac</strong></span> <span class='ocrx_word' id='word_1_647' title='bbox 2891 3392 3036 3450; x_wconf 85' lang='lat' dir='ltr'><strong>plena</strong></span> <span class='ocrx_word' id='word_1_648' title='bbox 3064 3405 3180 3456; x_wconf 79' lang='lat' dir='ltr'><strong>erga</strong></span> <span class='ocrx_word' id='word_1_649' title='bbox 3203 3405 3254 3442; x_wconf 87' lang='lat' dir='ltr'><strong>se</strong></span> 
     </span>
    </p>
   </div>
   <div class='ocr_carea' id='block_1_94' title="bbox 1697 3457 3254 3543">
    <p class='ocr_par' dir='ltr' id='par_1_94' title="bbox 1697 3457 3254 3543">
     <span class='ocr_line' id='line_1_94' title="bbox 1697 3457 3254 3543; baseline 0.004 -22"><span class='ocrx_word' id='word_1_650' title='bbox 1697 3472 1866 3524; x_wconf 83' lang='lat' dir='ltr'><strong>omnia</strong></span> <span class='ocrx_word' id='word_1_651' title='bbox 1913 3488 2024 3539; x_wconf 67' lang='lat' dir='ltr'><strong>qua</strong></span> <span class='ocrx_word' id='word_1_652' title='bbox 2055 3457 2230 3543; x_wconf 82' lang='lat' dir='ltr'><strong>regula</strong></span> <span class='ocrx_word' id='word_1_653' title='bbox 2283 3474 2554 3528; x_wconf 64' lang='lat' dir='ltr'><strong>Catholica:</strong></span> <span class='ocrx_word' id='word_1_654' title='bbox 2585 3485 2804 3542; x_wconf 82' lang='lat' dir='ltr'><strong>posceret</strong></span> <span class='ocrx_word' id='word_1_655' title='bbox 2832 3477 3113 3543; x_wconf 72' lang='lat' dir='ltr'><strong>disciplinm</strong></span> <span class='ocrx_word' id='word_1_656' title='bbox 3141 3495 3254 3530; x_wconf 74' lang='lat' dir='ltr'><strong>sur-</strong></span> 
     </span>
    </p>
   </div>
   <div class='ocr_carea' id='block_1_95' title="bbox 1695 3567 3254 3633">
    <p class='ocr_par' dir='ltr' id='par_1_95' title="bbox 1695 3567 3254 3633">
     <span class='ocr_line' id='line_1_95' title="bbox 1695 3567 3254 3633; baseline 0.003 -16"><span class='ocrx_word' id='word_1_657' title='bbox 1695 3567 1905 3619; x_wconf 87' lang='lat' dir='ltr'><strong>cessoris</strong></span> <span class='ocrx_word' id='word_1_658' title='bbox 1948 3567 2262 3632; x_wconf 76' lang='lat' dir='ltr'><strong>conﬁrmatio</strong></span> <span class='ocrx_word' id='word_1_659' title='bbox 2305 3569 2577 3619; x_wconf 75' lang='lat' dir='ltr'><strong>custodiret</strong></span> <span class='ocrx_word' id='word_1_660' title='bbox 2611 3608 2626 3633; x_wconf 91' lang='lat'><strong>,</strong></span> <span class='ocrx_word' id='word_1_661' title='bbox 2667 3567 2976 3621; x_wconf 72' lang='lat' dir='ltr'><strong>vehementer</strong></span> <span class='ocrx_word' id='word_1_662' title='bbox 3014 3571 3254 3621; x_wconf 82' lang='lat' dir='ltr'><strong>miramur</strong></span> 
     </span>
    </p>
   </div>
   <div class='ocr_carea' id='block_1_96' title="bbox 1695 3659 3250 3729">
    <p class='ocr_par' dir='ltr' id='par_1_96' title="bbox 1695 3659 3250 3729">
     <span class='ocr_line' id='line_1_96' title="bbox 1695 3659 3250 3729; baseline 0.004 -19"><span class='ocrx_word' id='word_1_663' title='bbox 1695 3659 1891 3725; x_wconf 77' lang='lat' dir='ltr'><strong>aliquos</strong></span> <span class='ocrx_word' id='word_1_664' title='bbox 1918 3660 2164 3712; x_wconf 71' lang='lat' dir='ltr'><strong>exstitisse</strong></span> <span class='ocrx_word' id='word_1_665' title='bbox 2203 3662 2288 3726; x_wconf 81' lang='lat' dir='ltr'><strong>qui</strong></span> <span class='ocrx_word' id='word_1_666' title='bbox 2331 3663 2645 3713; x_wconf 79' lang='lat' dir='ltr'><strong>solemnitate</strong></span> <span class='ocrx_word' id='word_1_667' title='bbox 2672 3670 2955 3729; x_wconf 87' lang='lat' dir='ltr'><strong>contempta</strong></span> <span class='ocrx_word' id='word_1_668' title='bbox 3002 3667 3134 3716; x_wconf 85' lang='lat' dir='ltr'><strong>circa</strong></span> <span class='ocrx_word' id='word_1_669' title='bbox 3167 3682 3250 3716; x_wconf 79' lang='lat' dir='ltr'><strong>or-</strong></span> 
     </span>
    </p>
   </div>
   <div class='ocr_carea' id='block_1_97' title="bbox 1698 3750 3254 3822">
    <p class='ocr_par' dir='ltr' id='par_1_97' title="bbox 1698 3750 3254 3822">
     <span class='ocr_line' id='line_1_97' title="bbox 1698 3750 3254 3822; baseline 0.005 -22"><span class='ocrx_word' id='word_1_670' title='bbox 1698 3750 2007 3803; x_wconf 84' lang='lat' dir='ltr'><strong>dinationem</strong></span> <span class='ocrx_word' id='word_1_671' title='bbox 2044 3753 2248 3804; x_wconf 87' lang='lat' dir='ltr'><strong>alterius</strong></span> <span class='ocrx_word' id='word_1_672' title='bbox 2293 3753 2609 3821; x_wconf 81' lang='lat' dir='ltr'><strong>festinarent.</strong></span> <span class='ocrx_word' id='word_1_673' title='bbox 2655 3752 2719 3804; x_wconf 83' lang='lat' dir='ltr'><strong>In</strong></span> <span class='ocrx_word' id='word_1_674' title='bbox 2761 3769 2972 3820; x_wconf 86' lang='lat' dir='ltr'><strong>quorum</strong></span> <span class='ocrx_word' id='word_1_675' title='bbox 3001 3758 3254 3822; x_wconf 71' lang='lat' dir='ltr'><strong>castigan-</strong></span> 
     </span>
    </p>
   </div>
   <div class='ocr_carea' id='block_1_98' title="bbox 1698 3845 3252 3914">
    <p class='ocr_par' dir='ltr' id='par_1_98' title="bbox 1698 3845 3252 3914">
     <span class='ocr_line' id='line_1_98' title="bbox 1698 3845 3252 3914; baseline -0.001 -18"><span class='ocrx_word' id='word_1_676' title='bbox 1698 3845 1819 3896; x_wconf 85' lang='lat' dir='ltr'><strong>dum</strong></span> <span class='ocrx_word' id='word_1_677' title='bbox 1841 3845 2030 3912; x_wconf 75' lang='lat' dir='ltr'><strong>factum</strong></span> <span class='ocrx_word' id='word_1_678' title='bbox 2055 3847 2480 3897; x_wconf 71' lang='lat' dir='ltr'><strong>mansuetudinem</strong></span> <span class='ocrx_word' id='word_1_679' title='bbox 2510 3854 2730 3896; x_wconf 89' lang='lat' dir='ltr'><strong>nostram</strong></span> <span class='ocrx_word' id='word_1_680' title='bbox 2757 3846 2852 3897; x_wconf 86' lang='lat' dir='ltr'><strong>rite</strong></span> <span class='ocrx_word' id='word_1_681' title='bbox 2881 3858 3068 3914; x_wconf 75' lang='lat' dir='ltr'><strong>oportet</strong></span> <span class='ocrx_word' id='word_1_682' title='bbox 3090 3849 3252 3898; x_wconf 65' lang='lat' dir='ltr'><strong>insur-</strong></span> 
     </span>
    </p>
   </div>
   <div class='ocr_carea' id='block_1_99' title="bbox 1699 3935 3254 4004">
    <p class='ocr_par' dir='ltr' id='par_1_99' title="bbox 1699 3935 3254 4004">
     <span class='ocr_line' id='line_1_99' title="bbox 1699 3935 3254 4004; baseline 0.004 -18"><span class='ocrx_word' id='word_1_683' title='bbox 1699 3951 1833 4003; x_wconf 82' lang='lat' dir='ltr'><strong>gere,</strong></span> <span class='ocrx_word' id='word_1_684' title='bbox 1864 3935 1960 3987; x_wconf 86' lang='lat' dir='ltr'><strong>nisi</strong></span> <span class='ocrx_word' id='word_1_685' title='bbox 1987 3935 2079 3988; x_wconf 88' lang='lat' dir='ltr'><strong>Itoc</strong></span> <span class='ocrx_word' id='word_1_686' title='bbox 2109 3946 2299 3988; x_wconf 88' lang='lat' dir='ltr'><strong>tantum</strong></span> <span class='ocrx_word' id='word_1_687' title='bbox 2328 3953 2494 4004; x_wconf 81' lang='lat' dir='ltr'><strong>gerere</strong></span> <span class='ocrx_word' id='word_1_688' title='bbox 2522 3941 2839 3991; x_wconf 74' lang='lat' dir='ltr'><strong>decernamus</strong></span> <span class='ocrx_word' id='word_1_689' title='bbox 2861 3956 2943 3990; x_wconf 85' lang='lat' dir='ltr'><strong>eos</strong></span> <span class='ocrx_word' id='word_1_690' title='bbox 2974 3943 3040 3990; x_wconf 84' lang='lat' dir='ltr'><strong>ad</strong></span> <span class='ocrx_word' id='word_1_691' title='bbox 3061 3943 3254 3993; x_wconf 52' lang='lat' dir='ltr'><strong>renisus</strong></span> 
     </span>
    </p>
   </div>
   <div class='ocr_carea' id='block_1_100' title="bbox 1699 4029 3255 4096">
    <p class='ocr_par' dir='ltr' id='par_1_100' title="bbox 1699 4029 3255 4096">
     <span class='ocr_line' id='line_1_100' title="bbox 1699 4029 3255 4096; baseline 0.002 -17"><span class='ocrx_word' id='word_1_692' title='bbox 1699 4030 1963 4095; x_wconf 86' lang='lat' dir='ltr'><strong>pertinere,</strong></span> <span class='ocrx_word' id='word_1_693' title='bbox 1989 4031 2123 4096; x_wconf 89' lang='lat' dir='ltr'><strong>quod</strong></span> <span class='ocrx_word' id='word_1_694' title='bbox 2145 4029 2450 4096; x_wconf 82' lang='lat' dir='ltr'><strong>lapsumcito</strong></span> <span class='ocrx_word' id='word_1_695' title='bbox 2470 4030 2728 4094; x_wconf 85' lang='lat' dir='ltr'><strong>praprium</strong></span> <span class='ocrx_word' id='word_1_696' title='bbox 2759 4031 3062 4088; x_wconf 77' lang='lat' dir='ltr'><strong>contuentes,</strong></span> <span class='ocrx_word' id='word_1_697' title='bbox 3091 4032 3156 4080; x_wconf 80' lang='lat' dir='ltr'><strong>aJ</strong></span> <span class='ocrx_word' id='word_1_698' title='bbox 3170 4035 3255 4082; x_wconf 88' lang='lat' dir='ltr'><strong>dc-</strong></span> 
     </span>
    </p>
   </div>
   <div class='ocr_carea' id='block_1_101' title="bbox 1700 4115 3254 4188">
    <p class='ocr_par' dir='ltr' id='par_1_101' title="bbox 1700 4115 3254 4188">
     <span class='ocr_line' id='line_1_101' title="bbox 1700 4115 3254 4188; baseline 0.006 -24"><span class='ocrx_word' id='word_1_699' title='bbox 1700 4116 1936 4181; x_wconf 81' lang='lat' dir='ltr'><strong>precandi</strong></span> <span class='ocrx_word' id='word_1_700' title='bbox 1965 4115 2238 4184; x_wconf 74' lang='lat' dir='ltr'><strong>su/fagFum</strong></span> <span class='ocrx_word' id='word_1_701' title='bbox 2279 4127 2393 4168; x_wconf 89' lang='lat' dir='ltr'><strong>sunt</strong></span> <span class='ocrx_word' id='word_1_702' title='bbox 2422 4117 2626 4183; x_wconf 84' lang='lat' dir='ltr'><strong>relapsi,</strong></span> <span class='ocrx_word' id='word_1_703' title='bbox 2661 4119 2849 4187; x_wconf 83' lang='lat' dir='ltr'><strong>ignosci</strong></span> <span class='ocrx_word' id='word_1_704' title='bbox 2879 4121 2968 4172; x_wconf 83' lang='lat' dir='ltr'><strong>sibi</strong></span> <span class='ocrx_word' id='word_1_705' title='bbox 2992 4122 3139 4188; x_wconf 54' lang='lat' dir='ltr'><strong>super</strong></span> <span class='ocrx_word' id='word_1_706' title='bbox 3166 4124 3219 4174; x_wconf 90' lang='lat' dir='ltr'><strong>id</strong></span> <span class='ocrx_word' id='word_1_707' title='bbox 3239 4164 3254 4182; x_wconf 89' lang='lat'><strong>,</strong></span> 
     </span>
    </p>
   </div>
   <div class='ocr_carea' id='block_1_102' title="bbox 1700 4203 3254 4272">
    <p class='ocr_par' dir='ltr' id='par_1_102' title="bbox 1700 4203 3254 4272">
     <span class='ocr_line' id='line_1_102' title="bbox 1700 4203 3254 4272; baseline 0.009 -20"><span class='ocrx_word' id='word_1_708' title='bbox 1700 4203 1832 4265; x_wconf 87' lang='lat' dir='ltr'><strong>quod</strong></span> <span class='ocrx_word' id='word_1_709' title='bbox 1863 4204 1957 4254; x_wconf 76' lang='lat' dir='ltr'><strong>cini</strong></span> <span class='ocrx_word' id='word_1_710' title='bbox 1989 4206 2207 4272; x_wconf 80' lang='lat' dir='ltr'><strong>perpessi</strong></span> <span class='ocrx_word' id='word_1_711' title='bbox 2234 4208 2490 4272; x_wconf 82' lang='lat' dir='ltr'><strong>conquesti</strong></span> <span class='ocrx_word' id='word_1_712' title='bbox 2532 4217 2647 4259; x_wconf 89' lang='lat' dir='ltr'><strong>sunt</strong></span> <span class='ocrx_word' id='word_1_713' title='bbox 2673 4247 2686 4268; x_wconf 92' lang='lat'><strong>,</strong></span> <span class='ocrx_word' id='word_1_714' title='bbox 2717 4209 3042 4272; x_wconf 77' lang='lat' dir='ltr'><strong>p03tnlantcs.</strong></span> <span class='ocrx_word' id='word_1_715' title='bbox 3070 4211 3254 4266; x_wconf 56' lang='lat' dir='ltr'><strong>Convco</strong></span> 
     </span>
    </p>
   </div>
   <div class='ocr_carea' id='block_1_103' title="bbox 1702 4294 3252 4372">
    <p class='ocr_par' dir='ltr' id='par_1_103' title="bbox 1702 4294 3252 4372">
     <span class='ocr_line' id='line_1_103' title="bbox 1702 4294 3252 4372; baseline 0.009 -30"><span class='ocrx_word' id='word_1_716' title='bbox 1702 4294 1810 4345; x_wconf 80' lang='lat' dir='ltr'><strong>nire</strong></span> <span class='ocrx_word' id='word_1_717' title='bbox 1849 4310 1966 4362; x_wconf 87' lang='lat' dir='ltr'><strong>ergo</strong></span> <span class='ocrx_word' id='word_1_718' title='bbox 2006 4307 2168 4347; x_wconf 78' lang='lat' dir='ltr'><strong>votum</strong></span> <span class='ocrx_word' id='word_1_719' title='bbox 2214 4307 2258 4348; x_wconf 89' lang='lat' dir='ltr'><strong>et</strong></span> <span class='ocrx_word' id='word_1_720' title='bbox 2289 4299 2510 4372; x_wconf 80' lang='lat' dir='ltr'><strong>studium</strong></span> <span class='ocrx_word' id='word_1_721' title='bbox 2558 4311 2784 4352; x_wconf 84' lang='lat' dir='ltr'><strong>nostrum</strong></span> <span class='ocrx_word' id='word_1_722' title='bbox 2814 4303 2947 4353; x_wconf 77' lang='lat' dir='ltr'><strong>circa</strong></span> <span class='ocrx_word' id='word_1_723' title='bbox 2997 4303 3252 4356; x_wconf 73' lang='lat' dir='ltr'><strong>Eulalium</strong></span> 
     </span>
    </p>
   </div>
   <div class='ocr_carea' id='block_1_104' title="bbox 1701 4383 3256 4451">
    <p class='ocr_par' dir='ltr' id='par_1_104' title="bbox 1701 4383 3256 4451">
     <span class='ocr_line' id='line_1_104' title="bbox 1701 4383 3256 4451; baseline 0.011 -20"><span class='ocrx_word' id='word_1_724' title='bbox 1701 4395 1856 4433; x_wconf 66' lang='lat' dir='ltr'><strong>sacrm</strong></span> <span class='ocrx_word' id='word_1_725' title='bbox 1885 4383 2006 4451; x_wconf 81' lang='lat' dir='ltr'><strong>legis</strong></span> <span class='ocrx_word' id='word_1_726' title='bbox 2027 4385 2296 4437; x_wconf 84' lang='lat' dir='ltr'><strong>antistitem</strong></span> <span class='ocrx_word' id='word_1_727' title='bbox 2326 4387 2605 4440; x_wconf 85' lang='lat' dir='ltr'><strong>sublimitas</strong></span> <span class='ocrx_word' id='word_1_728' title='bbox 2642 4399 2728 4440; x_wconf 77' lang='lat' dir='ltr'><strong>tua</strong></span> <span class='ocrx_word' id='word_1_729' title='bbox 2773 4393 3045 4444; x_wconf 68' lang='lat' dir='ltr'><strong>dementire</strong></span> <span class='ocrx_word' id='word_1_730' title='bbox 3074 4407 3256 4448; x_wconf 68' lang='lat' dir='ltr'><strong>nostra?</strong></span> 
     </span>
    </p>
   </div>
   <div class='ocr_carea' id='block_1_105' title="bbox 1701 4473 3255 4547">
    <p class='ocr_par' dir='ltr' id='par_1_105' title="bbox 1701 4473 3255 4547">
     <span class='ocr_line' id='line_1_105' title="bbox 1701 4473 3255 4547; baseline 0.012 -27"><span class='ocrx_word' id='word_1_731' title='bbox 1701 4473 1998 4525; x_wconf 84' lang='lat' dir='ltr'><strong>auctoritate</strong></span> <span class='ocrx_word' id='word_1_732' title='bbox 2027 4477 2257 4542; x_wconf 78' lang='lat' dir='ltr'><strong>pra&#39;senti</strong></span> <span class='ocrx_word' id='word_1_733' title='bbox 2279 4489 2540 4546; x_wconf 74' lang='lat' dir='ltr'><strong>coynoscat</strong></span> <span class='ocrx_word' id='word_1_734' title='bbox 2567 4494 2583 4536; x_wconf 75' lang='grc' dir='ltr'><em>ς</em></span> <span class='ocrx_word' id='word_1_735' title='bbox 2615 4481 2693 4530; x_wconf 89' lang='lat' dir='ltr'><strong>cui</strong></span> <span class='ocrx_word' id='word_1_736' title='bbox 2723 4495 2997 4547; x_wconf 78' lang='lat' dir='ltr'><strong>competens</strong></span> <span class='ocrx_word' id='word_1_737' title='bbox 3021 4502 3255 4540; x_wconf 83' lang='lat' dir='ltr'><strong>numerus</strong></span> 
     </span>
    </p>
   </div>
   <div class='ocr_carea' id='block_1_106' title="bbox 1701 4567 3254 4646">
    <p class='ocr_par' dir='ltr' id='par_1_106' title="bbox 1701 4567 3254 4646">
     <span class='ocr_line' id='line_1_106' title="bbox 1701 4567 3254 4646; baseline 0.01 -29"><span class='ocrx_word' id='word_1_738' title='bbox 1701 4567 2066 4630; x_wconf 80' lang='lat' dir='ltr'><strong>ordinantium,</strong></span> <span class='ocrx_word' id='word_1_739' title='bbox 2097 4570 2303 4637; x_wconf 83' lang='lat' dir='ltr'><strong>legitimi</strong></span> <span class='ocrx_word' id='word_1_740' title='bbox 2323 4572 2607 4622; x_wconf 85' lang='lat' dir='ltr'><strong>solemnitas</strong></span> <span class='ocrx_word' id='word_1_741' title='bbox 2630 4575 2885 4638; x_wconf 82' lang='lat' dir='ltr'><strong>temporis,</strong></span> <span class='ocrx_word' id='word_1_742' title='bbox 2915 4578 3102 4644; x_wconf 73' lang='grc' dir='ltr'><strong>Ιυιὶ.μνε</strong></span> <span class='ocrx_word' id='word_1_743' title='bbox 3127 4599 3254 4646; x_wconf 83' lang='lat' dir='ltr'><strong>qna-</strong></span> 
     </span>
    </p>
   </div>
   <div class='ocr_carea' id='block_1_107' title="bbox 1704 4658 3252 4726">
    <p class='ocr_par' dir='ltr' id='par_1_107' title="bbox 1704 4658 3252 4726">
     <span class='ocr_line' id='line_1_107' title="bbox 1704 4658 3252 4726; baseline 0.009 -20"><span class='ocrx_word' id='word_1_744' title='bbox 1704 4658 1820 4706; x_wconf 86' lang='lat' dir='ltr'><strong>litos</strong></span> <span class='ocrx_word' id='word_1_745' title='bbox 1849 4669 1978 4709; x_wconf 86' lang='lat' dir='ltr'><strong>recte</strong></span> <span class='ocrx_word' id='word_1_746' title='bbox 2025 4659 2290 4710; x_wconf 59' lang='lat' dir='ltr'><strong>venerandi</strong></span> <span class='ocrx_word' id='word_1_747' title='bbox 2319 4661 2532 4711; x_wconf 60' lang='lat' dir='ltr'><strong>nominis</strong></span> <span class='ocrx_word' id='word_1_748' title='bbox 2557 4663 2745 4726; x_wconf 71' lang='lat' dir='ltr'><strong>apicem</strong></span> <span class='ocrx_word' id='word_1_749' title='bbox 2774 4667 3102 4717; x_wconf 75' lang='lat' dir='ltr'><strong>contulerunt.</strong></span> <span class='ocrx_word' id='word_1_750' title='bbox 3129 4669 3252 4720; x_wconf 83' lang='lat' dir='ltr'><strong>Cum</strong></span> 
     </span>
    </p>
   </div>
   <div class='ocr_carea' id='block_1_108' title="bbox 1704 4745 3252 4820">
    <p class='ocr_par' dir='ltr' id='par_1_108' title="bbox 1704 4745 3252 4820">
     <span class='ocr_line' id='line_1_108' title="bbox 1704 4745 3252 4820; baseline 0.006 -24"><span class='ocrx_word' id='word_1_751' title='bbox 1704 4758 1868 4798; x_wconf 80' lang='lat' dir='ltr'><strong>autem</strong></span> <span class='ocrx_word' id='word_1_752' title='bbox 1901 4745 2163 4815; x_wconf 75' lang='lat' dir='ltr'><strong>Bonifacio</strong></span> <span class='ocrx_word' id='word_1_753' title='bbox 2188 4759 2375 4800; x_wconf 85' lang='lat' dir='ltr'><strong>constet</strong></span> <span class='ocrx_word' id='word_1_754' title='bbox 2406 4751 2574 4801; x_wconf 87' lang='lat' dir='ltr'><strong>omnia</strong></span> <span class='ocrx_word' id='word_1_755' title='bbox 2620 4751 2855 4816; x_wconf 78' lang='lat' dir='ltr'><strong>defuisse,</strong></span> <span class='ocrx_word' id='word_1_756' title='bbox 2890 4757 3142 4820; x_wconf 81' lang='lat' dir='ltr'><strong>superﬂue</strong></span> <span class='ocrx_word' id='word_1_757' title='bbox 3169 4774 3252 4808; x_wconf 56' lang='grc' dir='ltr'><strong>ητ-</strong></span> 
     </span>
    </p>
   </div>
   <div class='ocr_carea' id='block_1_109' title="bbox 1703 4840 3254 4910">
    <p class='ocr_par' dir='ltr' id='par_1_109' title="bbox 1703 4840 3254 4910">
     <span class='ocr_line' id='line_1_109' title="bbox 1703 4840 3254 4910; baseline 0.005 -20"><span class='ocrx_word' id='word_1_758' title='bbox 1703 4849 1974 4905; x_wconf 77' lang='lat' dir='ltr'><strong>spcc‘atam</strong></span> <span class='ocrx_word' id='word_1_759' title='bbox 2013 4840 2304 4891; x_wconf 86' lang='lat' dir='ltr'><strong>sententiam</strong></span> <span class='ocrx_word' id='word_1_760' title='bbox 2336 4848 2554 4890; x_wconf 77' lang='lat' dir='ltr'><strong>nostram</strong></span> <span class='ocrx_word' id='word_1_761' title='bbox 2584 4856 2688 4891; x_wconf 86' lang='lat' dir='ltr'><strong>esse</strong></span> <span class='ocrx_word' id='word_1_762' title='bbox 2721 4843 2983 4903; x_wconf 84' lang='lat' dir='ltr'><strong>sensimus,</strong></span> <span class='ocrx_word' id='word_1_763' title='bbox 3028 4862 3136 4894; x_wconf 83' lang='lat' dir='ltr'><strong>cum</strong></span> <span class='ocrx_word' id='word_1_764' title='bbox 3181 4849 3254 4910; x_wconf 66' lang='grc' dir='ltr'><strong>[αα</strong></span> 
     </span>
    </p>
   </div>
   <div class='ocr_carea' id='block_1_110' title="bbox 1706 4929 3257 4996">
    <p class='ocr_par' dir='ltr' id='par_1_110' title="bbox 1706 4929 3257 4996">
     <span class='ocr_line' id='line_1_110' title="bbox 1706 4929 3257 4996; baseline 0.003 -17"><span class='ocrx_word' id='word_1_765' title='bbox 1706 4938 1842 4980; x_wconf 90' lang='lat' dir='ltr'><strong>ctum</strong></span> <span class='ocrx_word' id='word_1_766' title='bbox 1877 4944 2021 4981; x_wconf 88' lang='lat' dir='ltr'><strong>suum</strong></span> <span class='ocrx_word' id='word_1_767' title='bbox 2066 4929 2162 4995; x_wconf 83' lang='lat' dir='ltr'><strong>ipsi</strong></span> <span class='ocrx_word' id='word_1_768' title='bbox 2184 4930 2266 4993; x_wconf 88' lang='lat' dir='ltr'><strong>qui</strong></span> <span class='ocrx_word' id='word_1_769' title='bbox 2301 4938 2717 4996; x_wconf 76' lang='lat' dir='ltr'><strong>prtrsumpserant</strong></span> <span class='ocrx_word' id='word_1_770' title='bbox 2743 4930 2959 4981; x_wconf 88' lang='lat' dir='ltr'><strong>admotis</strong></span> <span class='ocrx_word' id='word_1_771' title='bbox 2993 4934 3257 4986; x_wconf 65' lang='lat' dir='ltr'><strong>dumi-asse</strong></span> 
     </span>
    </p>
   </div>
   <div class='ocr_carea' id='block_1_111' title="bbox 1705 5018 3251 5090">
    <p class='ocr_par' dir='ltr' id='par_1_111' title="bbox 1705 5018 3251 5090">
     <span class='ocr_line' id='line_1_111' title="bbox 1705 5018 3251 5090; baseline 0.004 -23"><span class='ocrx_word' id='word_1_772' title='bbox 1705 5018 1932 5083; x_wconf 78' lang='lat' dir='ltr'><strong>precibus</strong></span> <span class='ocrx_word' id='word_1_773' title='bbox 1976 5018 2253 5070; x_wconf 83' lang='lat' dir='ltr'><strong>rideantur.</strong></span> <span class='ocrx_word' id='word_1_774' title='bbox 2309 5018 2549 5070; x_wconf 76' lang='lat' dir='ltr'><strong>Absoluta</strong></span> <span class='ocrx_word' id='word_1_775' title='bbox 2586 5020 2752 5086; x_wconf 79' lang='lat' dir='ltr'><strong>itaque</strong></span> <span class='ocrx_word' id='word_1_776' title='bbox 2790 5021 3101 5073; x_wconf 81' lang='lat' dir='ltr'><strong>decernimus</strong></span> <span class='ocrx_word' id='word_1_777' title='bbox 3139 5027 3251 5090; x_wconf 75' lang='lat' dir='ltr'><strong>jus-</strong></span> 
     </span>
    </p>
   </div>
   <div class='ocr_carea' id='block_1_112' title="bbox 1702 5108 3251 5178">
    <p class='ocr_par' dir='ltr' id='par_1_112' title="bbox 1702 5108 3251 5178">
     <span class='ocr_line' id='line_1_112' title="bbox 1702 5108 3251 5178; baseline 0.002 -19"><span class='ocrx_word' id='word_1_778' title='bbox 1702 5109 1868 5171; x_wconf 83' lang='lat' dir='ltr'><strong>sione,</strong></span> <span class='ocrx_word' id='word_1_779' title='bbox 1909 5109 2306 5159; x_wconf 75' lang='lat' dir='ltr'><strong>extraordinaria</strong></span> <span class='ocrx_word' id='word_1_780' title='bbox 2344 5109 2728 5174; x_wconf 73' lang='lat' dir='ltr'><strong>pra&#39;suInptione</strong></span> <span class='ocrx_word' id='word_1_781' title='bbox 2766 5109 3012 5170; x_wconf 85' lang='lat' dir='ltr'><strong>submota,</strong></span> <span class='ocrx_word' id='word_1_782' title='bbox 3037 5108 3251 5178; x_wconf 80' lang='lat' dir='ltr'><strong>Bonifa-</strong></span> 
     </span>
    </p>
   </div>
   <div class='ocr_carea' id='block_1_113' title="bbox 1703 5191 3254 5263">
    <p class='ocr_par' dir='ltr' id='par_1_113' title="bbox 1703 5191 3254 5263">
     <span class='ocr_line' id='line_1_113' title="bbox 1703 5191 3254 5263; baseline 0.004 -17"><span class='ocrx_word' id='word_1_783' title='bbox 1703 5198 1833 5247; x_wconf 90' lang='lat' dir='ltr'><strong>cium</strong></span> <span class='ocrx_word' id='word_1_784' title='bbox 1879 5198 2143 5247; x_wconf 82' lang='lat' dir='ltr'><strong>interdicta</strong></span> <span class='ocrx_word' id='word_1_785' title='bbox 2180 5197 2440 5262; x_wconf 75' lang='lat' dir='ltr'><strong>confestim</strong></span> <span class='ocrx_word' id='word_1_786' title='bbox 2504 5191 2634 5248; x_wconf 79' lang='lat' dir='ltr'><strong>Urbe</strong></span> <span class='ocrx_word' id='word_1_787' title='bbox 2676 5196 2923 5263; x_wconf 79' lang='lat' dir='ltr'><strong>prohiberi</strong></span> <span class='ocrx_word' id='word_1_788' title='bbox 2966 5197 3085 5261; x_wconf 85' lang='lat' dir='ltr'><strong>(erit</strong></span> <span class='ocrx_word' id='word_1_789' title='bbox 3125 5215 3254 5252; x_wconf 78' lang='lat' dir='ltr'><strong>vere-</strong></span> 
     </span>
    </p>
   </div>
   <div class='ocr_carea' id='block_1_114' title="bbox 1704 5283 3251 5353">
    <p class='ocr_par' dir='ltr' id='par_1_114' title="bbox 1704 5283 3251 5353">
     <span class='ocr_line' id='line_1_114' title="bbox 1704 5283 3251 5353; baseline 0.003 -18"><span class='ocrx_word' id='word_1_790' title='bbox 1704 5286 1903 5337; x_wconf 62' lang='lat' dir='ltr'><strong>cundia</strong></span> <span class='ocrx_word' id='word_1_791' title='bbox 1945 5287 2053 5351; x_wconf 83' lang='lat' dir='ltr'><strong>ejus</strong></span> <span class='ocrx_word' id='word_1_792' title='bbox 2093 5297 2168 5348; x_wconf 78' lang='lat' dir='ltr'><strong>ut,</strong></span> <span class='ocrx_word' id='word_1_793' title='bbox 2210 5300 2394 5336; x_wconf 81' lang='lat' dir='ltr'><strong>morem</strong></span> <span class='ocrx_word' id='word_1_794' title='bbox 2437 5300 2607 5353; x_wconf 77' lang='lat' dir='ltr'><strong>gerens</strong></span> <span class='ocrx_word' id='word_1_795' title='bbox 2651 5283 2919 5336; x_wconf 72' lang='lat' dir='ltr'><strong>(mlestibus</strong></span> <span class='ocrx_word' id='word_1_796' title='bbox 2950 5287 3251 5350; x_wconf 82' lang='lat' dir='ltr'><strong>constitutis,</strong></span> 
     </span>
    </p>
   </div>
   <div class='ocr_carea' id='block_1_115' title="bbox 1703 5374 3252 5448">
    <p class='ocr_par' dir='ltr' id='par_1_115' title="bbox 1703 5374 3252 5448">
     <span class='ocr_line' id='line_1_115' title="bbox 1703 5374 3252 5448; baseline -0.001 -15"><span class='ocrx_word' id='word_1_797' title='bbox 1703 5393 1880 5445; x_wconf 83' lang='lat' dir='ltr'><strong>sponte</strong></span> <span class='ocrx_word' id='word_1_798' title='bbox 1907 5382 2173 5444; x_wconf 81' lang='lat' dir='ltr'><strong>discedat),</strong></span> <span class='ocrx_word' id='word_1_799' title='bbox 2212 5381 2513 5448; x_wconf 78' lang='lat' dir='ltr'><strong>pertinacius</strong></span> <span class='ocrx_word' id='word_1_800' title='bbox 2540 5380 2862 5438; x_wconf 79' lang='lat' dir='ltr'><strong>resistentem,</strong></span> <span class='ocrx_word' id='word_1_801' title='bbox 2890 5374 3094 5430; x_wconf 73' lang='lat' dir='ltr'><strong>inritum</strong></span> <span class='ocrx_word' id='word_1_802' title='bbox 3125 5399 3252 5446; x_wconf 61' lang='lat' dir='ltr'><strong>prm-</strong></span> 
     </span>
    </p>
   </div>
   <div class='ocr_carea' id='block_1_116' title="bbox 1704 5469 3252 5539">
    <p class='ocr_par' dir='ltr' id='par_1_116' title="bbox 1704 5469 3252 5539">
     <span class='ocr_line' id='line_1_116' title="bbox 1704 5469 3252 5539; baseline -0.003 -17"><span class='ocrx_word' id='word_1_803' title='bbox 1704 5473 1915 5539; x_wconf 86' lang='lat' dir='ltr'><strong>cipimus</strong></span> <span class='ocrx_word' id='word_1_804' title='bbox 1949 5472 2148 5537; x_wconf 83' lang='lat' dir='ltr'><strong>erpetti.</strong></span> <span class='ocrx_word' id='word_1_805' title='bbox 2190 5470 2398 5521; x_wconf 68' lang='lat' dir='ltr'><strong>Plebeia</strong></span> <span class='ocrx_word' id='word_1_806' title='bbox 2440 5485 2559 5521; x_wconf 85' lang='lat' dir='ltr'><strong>sane</strong></span> <span class='ocrx_word' id='word_1_807' title='bbox 2588 5469 2844 5519; x_wconf 75' lang='lat' dir='ltr'><strong>seditionis</strong></span> <span class='ocrx_word' id='word_1_808' title='bbox 2884 5478 3109 5520; x_wconf 79' lang='lat' dir='ltr'><strong>auctores</strong></span> <span class='ocrx_word' id='word_1_809' title='bbox 3141 5485 3252 5518; x_wconf 84' lang='lat' dir='ltr'><strong>cum</strong></span> 
     </span>
    </p>
   </div>
   <div class='ocr_carea' id='block_1_117' title="bbox 1706 5557 3252 5625">
    <p class='ocr_par' dir='ltr' id='par_1_117' title="bbox 1706 5557 3252 5625">
     <span class='ocr_line' id='line_1_117' title="bbox 1706 5557 3252 5625; baseline -0.004 -12"><span class='ocrx_word' id='word_1_810' title='bbox 1706 5562 1851 5613; x_wconf 84' lang='lat' dir='ltr'><strong>sociis</strong></span> <span class='ocrx_word' id='word_1_811' title='bbox 1887 5562 1988 5611; x_wconf 86' lang='lat' dir='ltr'><strong>suis</strong></span> <span class='ocrx_word' id='word_1_812' title='bbox 2017 5560 2292 5611; x_wconf 83' lang='lat' dir='ltr'><strong>sublimitas</strong></span> <span class='ocrx_word' id='word_1_813' title='bbox 2323 5570 2438 5618; x_wconf 79' lang='lat' dir='ltr'><strong>tuo,</strong></span> <span class='ocrx_word' id='word_1_814' title='bbox 2475 5557 2775 5625; x_wconf 63' lang='lat' dir='ltr'><strong>Symmarbe</strong></span> <span class='ocrx_word' id='word_1_815' title='bbox 2799 5572 2976 5622; x_wconf 77' lang='lat' dir='ltr'><strong>parens</strong></span> <span class='ocrx_word' id='word_1_816' title='bbox 3000 5557 3252 5607; x_wconf 80' lang='lat' dir='ltr'><strong>carissime</strong></span> 
     </span>
    </p>
   </div>
   <div class='ocr_carea' id='block_1_118' title="bbox 1708 5648 3254 5722">
    <p class='ocr_par' dir='ltr' id='par_1_118' title="bbox 1708 5648 3254 5722">
     <span class='ocr_line' id='line_1_118' title="bbox 1708 5648 3254 5722; baseline -0.006 -17"><span class='ocrx_word' id='word_1_817' title='bbox 1708 5667 1850 5722; x_wconf 87' lang='lat' dir='ltr'><strong>atque</strong></span> <span class='ocrx_word' id='word_1_818' title='bbox 1895 5654 2227 5704; x_wconf 85' lang='lat' dir='ltr'><strong>amantissime</strong></span> <span class='ocrx_word' id='word_1_819' title='bbox 2250 5691 2267 5715; x_wconf 86' lang='lat'><strong>,</strong></span> <span class='ocrx_word' id='word_1_820' title='bbox 2308 5660 2491 5701; x_wconf 87' lang='lat' dir='ltr'><strong>statuat</strong></span> <span class='ocrx_word' id='word_1_821' title='bbox 2519 5650 2756 5709; x_wconf 66' lang='lat' dir='ltr'><strong>attineri;</strong></span> <span class='ocrx_word' id='word_1_822' title='bbox 2783 5659 2928 5714; x_wconf 86' lang='lat' dir='ltr'><strong>atque</strong></span> <span class='ocrx_word' id='word_1_823' title='bbox 2957 5648 3004 5696; x_wconf 90' lang='lat' dir='ltr'><strong>in</strong></span> <span class='ocrx_word' id='word_1_824' title='bbox 3032 5661 3109 5698; x_wconf 84' lang='lat' dir='ltr'><strong>eos</strong></span> <span class='ocrx_word' id='word_1_825' title='bbox 3138 5661 3254 5696; x_wconf 60' lang='lat' dir='ltr'><strong>cort-</strong></span> 
     </span>
    </p>
   </div>
   <div class='ocr_carea' id='block_1_119' title="bbox 1709 5740 3251 5814">
    <p class='ocr_par' dir='ltr' id='par_1_119' title="bbox 1709 5740 3251 5814">
     <span class='ocr_line' id='line_1_119' title="bbox 1709 5740 3251 5814; baseline -0.007 -20"><span class='ocrx_word' id='word_1_826' title='bbox 1709 5761 1828 5814; x_wconf 75' lang='lat' dir='ltr'><strong>grne</strong></span> <span class='ocrx_word' id='word_1_827' title='bbox 1863 5743 2102 5794; x_wconf 82' lang='lat' dir='ltr'><strong>t-indicari</strong></span> <span class='ocrx_word' id='word_1_828' title='bbox 2126 5779 2139 5795; x_wconf 90' lang='lat'><strong>.</strong></span> <span class='ocrx_word' id='word_1_829' title='bbox 2170 5750 2220 5792; x_wconf 84' lang='lat' dir='ltr'><strong>ut</strong></span> <span class='ocrx_word' id='word_1_830' title='bbox 2251 5757 2326 5792; x_wconf 86' lang='lat' dir='ltr'><strong>res</strong></span> <span class='ocrx_word' id='word_1_831' title='bbox 2356 5751 2533 5792; x_wconf 84' lang='lat' dir='ltr'><strong>temere</strong></span> <span class='ocrx_word' id='word_1_832' title='bbox 2574 5746 2878 5802; x_wconf 71' lang='lat' dir='ltr'><strong>m‘a’sumpta</strong></span> <span class='ocrx_word' id='word_1_833' title='bbox 2903 5750 2998 5787; x_wconf 89' lang='lat' dir='ltr'><strong>non</strong></span> <span class='ocrx_word' id='word_1_834' title='bbox 3034 5740 3251 5785; x_wconf 74' lang='lat' dir='ltr'><strong>transmt</strong></span> 
     </span>
    </p>
   </div>
  </div>
