3820 6410
521 427 620 481 εσυ

1669 422 1730 489 Q.
1774 419 2111 477 AURELIUS
2150 420 2578 477 SYMSIACIIUS.

3624 424 3705 479 “0

518 532 783 597 impunita.
822 530 882 583 Iri
921 544 1017 597 qua
1047 543 1100 581 re
1137 528 1492 598 Aphrodisium
1538 529 1602 582 V.
1640 527 1698 582 C.
1730 526 1983 580 tribunum
2020 536 2067 580 et
2096 536 2146 593 Α
2169 545 2286 598 qua:
2316 532 2453 584 male
2498 530 2703 583 fuerant
2750 533 2975 586 admissa
3001 532 3298 588 temeritate
3329 548 3640 604 paucorum;
3663 546 3706 590 et

517 622 766 673 notarium
783 621 932 688 dirigi
952 637 982 672 α
1003 627 1173 671 nostra
1202 618 1579 671 mansuetudine
1600 616 1815 687 placuit,
1836 627 1910 681 ut,
1936 630 2065 677 prte-

517 718 650 760 sente
672 726 728 761 eo
746 749 760 772 ,
789 724 900 775 qua:
926 707 1191 759 statuimus
1215 706 1425 760 celerius
1458 707 1782 774 impleantur,
1809 715 2056 775 quatenus

514 802 657 866 quies
694 801 863 868 populi
914 798 1054 851 nulla
1098 799 1469 867 perturbatione
1505 808 1736 863 vexetur,
1784 808 1830 850 et
1882 808 2064 867 pacata

513 909 622 945 eum
644 900 897 943 veneretur
926 890 1242 952 universitas,
1266 903 1407 954 quem
1428 888 1697 941 secundum
1724 896 1932 940 ueterem
1953 901 2064 938 con-

513 981 821 1032 suetudinem
852 978 1108 1030 observata
1131 992 1288 1029 sacra:
1304 976 1427 1045 legis
1452 978 1687 1046 mysteria
1713 985 2059 1045 susceperunt.

514 1066 633 1119 Dat.
660 1082 715 1119 nt
745 1083 861 1119 non.
893 1064 1153 1128 Januarii,
1174 1057 1467 1119 'Ravennw.

1050 1170 1264 1225 EPIST.
1306 1170 1531 1225 LXXIII.

583 1282 632 1329 ιι.
670 1276 893 1315 ιιοιιῡιιιο
934 1276 1133 1314 seuseu
1173 1275 1294 1315 ωε.
1335 1266 1644 1314 sumentis
1674 1274 1837 1313 [νεικεῖ.
1871 1276 1990 1314 una.

576 1354 675 1408 Ubi
698 1354 921 1421 primum
951 1365 1099 1405 sacer
1126 1364 1304 1405 sermo
1325 1350 1533 1419 pietatis
1564 1338 1754 1404 vestrm
1783 1360 2059 1419 exspecta-

510 1446 699 1496 tionem
718 1440 889 1509 populi
916 1440 1188 1494 celerltate
1215 1441 1487 1507 praevenit,
1517 1453 1673 1494 omne
1694 1439 1831 1506 quod
1853 1440 1950 1493 sibi
1981 1439 2061 1493 di-

508 1531 730 1585 versitas
792 1520 1119 1583 voluntatum
1166 1537 1526 1594 .usurpaverat
1574 1528 1640 1582 de
1694 1530 2059 1597 episcoporum

506 1621 768 1676 electione
792 1659 807 1683 ,
846 1619 1143 1685 submovit,
1184 1633 1248 1672 ac
1267 1619 1442 1673 divina
1474 1618 1771 1687 provisione
1802 1622 2059 1674 inter'ini-

506 1711 577 1763 tia
610 1709 864 1763 resecavit
887 1747 903 1773 ,
932 1709 1070 1777 quod
1104 1697 1355 1763 tarditate
1379 1710 1637 1777 imperitas
1680 1710 2056 1773 multitudinis,

506 1798 866 1853 crescentibus
891 1797 1080 1851 studiis
1104 1837 1117 1863 ,
1150 1796 1422 1853 difﬁcilius
1452 1798 1707 1867 potuisset
1732 1797 1925 1851 auferri
1952 1840 1967 1864 ,
1995 1800 2055 1852 D.

2165 629 2358 687 quanta
2402 623 2570 689 gratia
2610 631 2851 689 suscepta
2910 624 3015 677 sint
3067 638 3185 693 qua
3221 626 3503 680 clementia
3554 636 3702 679 vestra

2164 710 2341 765 divino
2365 712 2563 767 indicio
2601 720 2655 766 et
2686 714 3085 781 perseverandte
3116 716 3385 785 religionis
3432 717 3701 771 reverentia

2162 800 2494 856 decernenda
2540 803 2798 869 credidit,
2827 814 2880 859 et
2925 820 3021 873 pro
3059 806 3232 880 quiete
3281 808 3461 876 populi
3502 807 3702 860 Romani

2164 890 2216 943 in
2268 899 2579 959 perpetuum
2618 893 2875 948 servanda
2924 898 3215 950 constituit.
3263 896 3381 951 Dat.
3434 904 3586 950 sexto
3607 895 3702 949 idus

2162 978 2424 1034 Januarii.

2707 1072 2917 1125 EPIST.
2950 1072 3178 1128 LXXIV.

2162 1172 2480 1214 PRESBYTER]
2512 1176 2578 1213 EX
2624 1177 2790 1215 ΡΑΙτε
2835 1179 3114 1229 BONIY'ACII,
3165 1180 3299 1227 QUOD
3324 1177 3544 1220 SCIIENT
3575 1182 3702 1220 ll"?-

2230 1243 2477 1281 BATORI‘ZH
2518 1246 2790 1284 DECEPTUI
2825 1248 3134 1295 RELATIONI-l,
3176 1250 3328 1288 DATIS
3359 1252 3590 1290 LITTERIS
3621 1250 3700 1290 ΙΕιῐ

2232 1312 2473 1352 ιιιιεειθυε
2508 1314 2609 1352 REI
2636 1316 2837 1355 GESTA“
2867 1318 3035 1355 CERTA
3064 1319 3180 1357 "DE
3204 1320 3469 1359 NAItB.\NT.

2755 1364 2760 1427 Ι
3320 1398 3326 1403 .

2237 1429 2464 1483 Petimus
2496 1430 2807 1485 clementiam
2850 1444 3083 1500 restrain,
3123 1437 3337 1502 piissimi
3362 1446 3409 1489 et
3432 1437 3699 1490 clemente-

2158 1520 2275 1572 simi
2303 1521 2463 1587 impp.
2498 1520 2697 1574 llonori
2724 1532 2768 1574 et
2797 1521 3047 1575 Theodosi
3086 1539 3279 1588 semper
3308 1527 3412 1579 AA.
3449 1541 3555 1591 post
3604 1529 3701 1580 alts-

2160 1628 2352 1665 cessum
2384 1612 2442 1666 S.
2468 1611 2661 1665 Zosimi
2680 1629 2821 1684 papte
2834 1611 3071 1668 Ecclesim
3090 1614 3366 1669 Catholica
3391 1618 3529 1670 urbis
3547 1618 3702 1671 Ronus

2160 1703 2239 1770 (ut
2275 1702 2389 1769 ﬁcri
2436 1719 2543 1756 mos
2569 1703 2757 1755 colebat
2796 1715 2943 1775 atque
2992 1708 3104 1771 ipsa
3139 1707 3396 1776 religionis
3448 1709 3698 1778 disciplina

2160 1791 2402 1859 dictabat)
2431 1791 2596 1859 plures
2622 1793 2675 1845 in
2701 1810 2855 1847 unum
2881 1798 3195 1849 comtenimus
3221 1798 3531 1861 Sacerdotes,
3572 1810 3623 1850 ut
3649 1806 3700 1851 de

432 1886 441 1891 ”
506 1890 808 1955 imperator.
835 1886 915 1940 Ob
940 1901 1096 1955 quam
1126 1902 1238 1941 rem
1266 1887 1440 1942 statim
1481 1887 1663 1941 debito
1692 1887 1939 1941 futnulatn
1962 1890 2058 1943 ίιη-
2090 1873 2136 1933 Β
2162 1883 2509 1935 constituendo
2543 1896 2825 1937 successore
2852 1888 3103 1939 communi
3129 1888 3327 1957 judicio
3362 1898 3698 1942 lractarcmus.

506 1978 651 2043 plere
707 1989 825 2043 quae
891 1974 1095 2029 inerant
1141 1975 1402 2044 imperata
1456 1976 1767 2045 properavi;
1823 1986 1874 2031 et
1924 1980 2063 2048 quod

507 2063 743 2116 felicitati
770 2062 1064 2116 elementise
1086 2071 1276 2117 vestrae
1295 2065 1663 2119 ascribendum
1684 2074 1784 2132 est,
1818 2081 1905 2121 res
1920 2138 1927 2145 .
1942 2067 2061 2122 novi
2095 2126 2098 2129 _

507 2156 733 2223 exempli
757 2194 771 2221 ,
795 2164 847 2209 et
869 2156 1112 2209 maximat
1135 2155 1487 2210 contentionis
1513 2156 1787 2225 magnique
1815 2159 2058 2211 certami-

505 2247 621 2310 nis,
655 2254 706 2299 ut
746 2246 862 2299 sine
890 2246 1303 2299 commonitione
1342 2247 1517 2314 pepuli
1548 2258 1720 2313 empta
1759 2248 1963 2313 luerat,
1992 2249 2060 2302 ita

502 2335 643 2390 salva
669 2334 948 2389 clementia
978 2343 1152 2389 vestra
1178 2349 1297 2388 cum
1328 2336 1485 2389 totius
1514 2336 2061 2405 multitudiniS‘quiete

502 2426 646 2479 [inita
670 2434 771 2480 est.
817 2425 947 2479 Nam
974 2440 1091 2480 cum
1123 2440 1188 2481 eo
1215 2434 1451 2495 tempore
1485 2427 1549 2480 ad
1574 2442 1655 2482 me
1676 2442 1824 2481 sacra
1858 2428 2060 2495 perlata

502 2525 646 2569 esset
696 2516 985 2571 auctoritas
1024 2530 1127 2584 quo
1171 2516 1339 2569 sancti
1368 2516 1455 2570 die
1482 2524 1595 2569 erat
1635 2516 1946 2571 celebranda
1972 2532 2058 2573 so-

502 2608 768 2672 lcmn'rtas,
793 2605 967 2659 statim
997 2604 1090 2675 (ut
1122 2606 1455 2675 oportebat),
1486 2606 1648 2660 misso
1683 2607 2054 2674 primiscrinio,

504 2695 831 2749 Bonifacium
861 2693 925 2748 ad
960 2707 1044 2749 me
1072 2696 1251 2749 venire
1268 2695 1539 2759 admonui,
1572 2697 1709 2764 quod
1735 2698 2055 2765 praeceptum

502 2788 695 2852 fuerat,
716 2786 1037 2855 agniturum,
1058 2785 1697 2855 uta,proeessione,quatn
1727 2785 1827 2841 sibi
1857 2786 2054 2842 inhibi-

478 2908 479 2913 η
502 2886 605 2929 tam
628 2874 882 2929 didicerat
902 2874 1211 2927 abstineret.
1225 2873 1345 2941 Qui,
1364 2875 1711 2928 conventione
1731 2884 2050 2944 contempta,

500 2967 786 3033 processit,
834 2972 990 3033 atque
1033 2964 1154 3019 cuin
1200 2978 1358 3033 quem
1397 2963 1634 3019 dixeram
1674 2965 1819 3019 dedit
1864 2966 2053 3035 populo

501 3053 906 3108 verberandum.
943 3053 1095 3120 Quod
1125 3053 1215 3108 ubi
1260 3056 1552 3109 nuntiatum
1583 3064 1664 3110 est
1683 3095 1698 3123 ,
1728 3055 1906 3111 habito
1930 3072 2049 3111 eum

446 3154 453 3164 '
500 3144 564 3196 Υ.
596 3144 655 3198 C.
689 3145 897 3198 tribuno
927 3144 1216 3199 Sereniano
1245 3154 1501 3211 tractatu,
1544 3147 1607 3198 ad
1648 3154 1886 3200 sanctum
1918 3147 2052 3200 Pau-

501 3236 629 3301 Inm,
670 3250 773 3302 quo
799 3215 1119 3289 convenerat
1142 3275 1158 3300 ,
1181 3244 1238 3290 et
1271 3250 1422 3289 sacra
1444 3236 1771 3305 exemplaria
1800 3250 1898 3305 pro
1925 3252 2049 3292 cau-
2076 3209 2123 3271 Ο

499 3327 603 3380 tela
628 3325 813 3389 direxi,
838 3339 904 3377 ne
933 3324 1056 3391 quid
1081 3324 1131 3378 in
1156 3324 1400 3392 iniuriam
1431 3326 1691 3394 publicam
1721 3325 1784 3379 de
1813 3341 2050 3395 praecep-

501 3416 568 3469 tis
616 3416 848 3469 immissa
889 3414 1167 3468 multitudo
1216 3422 1499 3469 temeraret
1523 3458 1538 3481 ,
1569 3424 1621 3470 et
1651 3426 1850 3483 partem
1890 3415 2049 3470 oillcii

499 3504 695 3570 pariter
727 3503 1005 3556 destinavi.
1039 3502 1147 3556 Sed
1172 3513 1418 3557 neutrum
1439 3503 1554 3557 ﬁeri
1576 3500 1762 3572 passus
1790 3546 1803 3569 ,
1838 3519 1956 3557 cum
1986 3506 2050 3559 ad

505 3592 695 3647 Urbem
724 3592 883 3646 vellet
923 3592 1115 3662 pariter
1153 3606 1275 3645 cum
1327 3592 1519 3662 pepulo
1563 3607 1802 3647 remeare
1828 3632 1842 3657 ,
1874 3594 2050 3647 statim

501 3687 563 3737 ad
592 3693 762 3751 portas
782 3693 884 3737 tam
913 3684 1317 3738 contubernales
1336 3697 1493 3751 quam
1518 3684 1841 3753 apparitores
1863 3699 2051 3738 occur.

501 3783 699 3835 terunt,
727 3775 812 3841 qui
844 3790 962 3827 eum
990 3776 1069 3841 (ut
1096 3781 1346 3828 statutum
1378 3771 1566 3843 fuerat)
1592 3773 1793 3829 Urbem
1820 3785 2048 3828 vestram

502 3866 700 3933 ingredi
750 3866 1108 3932 prohiberent.
1143 3865 1337 3918 Verum
1382 3864 1527 3931 ipsos
1577 3880 1785 3932 quoque
1811 3875 2049 3920 contem-

501 3957 699 4009 nendos
724 3958 946 4011 credidit
972 4000 986 4023 ,
1032 3966 1186 4023 atque
1215 3954 1472 4009 violenter
1500 3956 1770 4023 ingressus
1796 3994 1807 4019 ,
1851 3972 1877 4007 a
1906 3967 2049 4009 certa

503 4045 657 4101 Urbis
690 4054 835 4114 parte
865 4044 1101 4113 pluribus
1124 4044 1527 4098 occurrentibus
1556 4054 1637 4097 est
1664 4044 1928 4111 repulsus,
1956 4060 2052 4097 nec

499 4137 783 4203 permissus
824 4134 962 4200 quod
1002 4133 1262 4201 cogitabat
1304 4133 1547 4199 implere.
1572 4132 1722 4196 Quod
1774 4134 1857 4184 ubi
1896 4135 2047 4186 turba

498 4238 616 4287 qua:
661 4220 1009 4273 comitabatur
1049 4221 1283 4287 aspexit,
1318 4220 1432 4273 sine
1472 4221 1650 4286 aliquo
1695 4223 1915 4275 tumultu
1945 4222 2051 4275 dis-

500 4326 649 4378 persa
678 4324 777 4363 est.
797 4310 911 4377 Ipse
936 4324 1059 4362 vero
1079 4320 1226 4362 extra
1251 4324 1457 4362 murum
1489 4310 1739 4364 deductus
1765 4325 1869 4363 non
1900 4311 2051 4379 longe

498 4404 563 4456 ab
592 4401 728 4454 Urbe
757 4410 1049 4454 remoratur
1086 4417 1096 4448 :
1136 4402 1223 4467 qui
1252 4415 1338 4461 ne,
1368 4401 1568 4453 occulte
1610 4415 1703 4465 per
1735 4410 1941 4453 noctem
1972 4400 2051 4453 in-
2080 4450 2090 4464 ,

497 4508 708 4561 gressus
738 4494 957 4557 Urbem,
987 4492 1049 4543 ad
1080 4492 1357 4546 ecclesiam
1390 4490 1724 4556 convolaret,
1768 4503 1819 4543 et
1865 4506 2047 4544 rursus

497 4585 677 4653 populi
726 4583 890 4637 studia
939 4592 1316 4655 commoveret,
1367 4583 1628 4637 communi
1678 4592 1901 4635 tractatu
1952 4598 2045 4652 pro

496 4675 813 4743 competenti
842 4672 1194 4727 sollicitudine
1219 4673 1623 4726 contubernales
1645 4683 1697 4727 et
1717 4677 2044 4741 apparitores

497 4775 721 4831 quatuor
768 4764 873 4816 illic
912 4764 1027 4817 sine
1078 4761 1266 4830 injuria
1307 4762 1422 4828 ejus
1462 4762 1745 4815 observare
1788 4764 2041 4831 disposui,

453 4848 456 4851 λ
504 4864 815 4923 exspectans
858 4856 983 4923 quid
1036 4854 1202 4923 pietas
1249 4863 1423 4906 vestra
1475 4854 1749 4915 decernat,
1792 4865 1849 4907 ut
1895 4856 2042 4921 quies

504 4946 669 5011 possit
708 4954 825 5013 qua:
873 4947 1132 4995 hactenus
1168 4951 1377 4995 servata
1421 4952 1499 4995 est
1536 4943 1845 5010 perdurare.
1892 4946 2039 4997 Circa

498 5043 695 5100 partem
726 5048 849 5087 vero
884 5031 1071 5085 Eulalii
1098 5031 1329 5101 episcopi
1362 5046 1408 5083 vi
1428 5032 1675 5086 nerabilis
1701 5034 1830 5097 viri,
1861 5036 1947 5100 qui
1976 5050 2039 5087 eo

494 5126 577 5175 die
624 5139 755 5188 pene
796 5138 911 5175 cum
957 5122 1100 5175 omni
1147 5123 1483 5176 multitudine
1516 5124 1578 5175 ad
1611 5124 1774 5177 sancti
1816 5126 2035 5191 apostoli

496 5214 633 5267 Petti
686 5214 946 5265 basilicam
988 5216 1243 5267 solemnia
1293 5216 1627 5279 celebrabat,
1676 5218 1761 5267 ubi
1814 5217 2033 5283 primum

497 5304 699 5369 pictatis
738 5312 925 5354 vestra:
978 5309 1235 5369 praecepta
1280 5294 1400 5354 sunt
1442 5304 1729 5367 publicata,
1757 5304 1852 5355 fuit
1878 5305 2033 5359 totius

496 5394 673 5445 Lctitia
701 5394 941 5445 civitatis.
972 5392 1119 5446 Unde
1146 5408 1203 5446 ea
1234 5407 1349 5460 qua:
1389 5394 1608 5459 populus
1648 5392 1911 5446 Romanus
1939 5410 2031 5461 pu-

493 5482 627 5533 blico
674 5481 861 5548 gaudio
902 5484 1122 5537 diversis
1156 5481 1619 5534 acclamationibus
1655 5496 1813 5548 agens
1839 5484 2029 5550 gratias

462 5574 749 5639 ,m-ijestati
797 5582 983 5623 vestras
1035 5576 1277 5639 literatus
1311 5578 1412 5637 est)
1453 5572 1647 5624 credidi
1682 5573 2028 5639 publicanda,

494 5674 535 5709 ei
562 5661 793 5711 l‘C’IClIlOlil
831 5677 941 5711 mna
976 5663 1213 5714 tinivcrsa
1246 5662 1464 5726 subgeci,
1496 5672 1549 5713 ιιι
1585 5674 1893 5731 agitusceret
1922 5666 2028 5729 pic-

496 5760 571 5800 tas
614 5766 780 5803 γικ-ιιηι
821 5764 1009 5819 quanta
1051 5752 1224 5820 quiete
1273 5750 1423 5803 Urbis
1463 5750 1618 5805 totius
1662 5764 1893 5808 correcta
1924 5756 2027 5809 sint

2077 4542 2125 4607 D

2164 1971 2270 2025 Sed
2300 1974 2539 2038 quoniam
2574 1973 2972 2031 Lateranensent
2990 1976 3269 2042 ecclesiam,
3300 1980 3565 2032 obstructis
3593 1994 3701 2043 pene

2162 2062 2388 2114 omnibus
2415 2064 2739 2131 ingressibus,
2780 2068 3163 2119 archidiaconus
3195 2067 3452 2133 Eulalius,
3494 2081 3701 2122 content-

2158 2152 2261 2217 ptis
2288 2152 2437 2220 impie
2459 2154 2642 2205 summi
2667 2156 2940 2207 sacerdotis
2974 2159 3236 2221 exsequiis,
3264 2158 3494 2211 diaconis
3521 2169 3566 2209 et
3585 2173 3703 2227 pal-

2158 2241 2372 2293 cissimis
2400 2241 2721 2310 presbyteris,
2760 2259 2819 2295 ac
2848 2245 3170 2297 multitudine
3202 2246 3413 2299 turbant
3443 2246 3597 2314 plebis
3625 2247 3701 2298 ob-

2158 2330 2403 2393 servabat,
2426 2331 2583 2385 altera
2605 2330 2686 2383 die
2710 2332 2780 2383 ad
2799 2334 3021 2384 eamdem
3049 2333 3332 2397 ecclesiam,
3364 2336 3451 2385 ubi
3479 2336 3622 2402 prius
3646 2336 3702 2387 ab

2157 2420 2383 2471 omnibus
2409 2420 2573 2488 fuerat
2599 2422 2939 2487 constitutum,
2963 2423 3135 2475 habitu
3169 2424 3390 2474 omnium
3417 2425 3698 2490 collatione,

2156 2512 2533 2581 properavimus
2561 2526 2582 2564 :
2612 2513 2775 2581 ibique
2810 2515 3111 2583 participato
3138 2532 3249 2567 runt
3272 2514 3717 2587 Cbristiauaplebe,

2156 2602 2392 2665 concilio,
2423 2618 2569 2671 quem
2598 2601 2731 2657 Deus
2747 2606 2900 2676 jussit
2929 2609 3184 2675 elegimus.
3222 2606 3359 2660 Nam
3380 2612 3702 2663 venerabilem

2154 2693 2313 2745 uirum
2341 2678 2911 2761 Bonifaciumﬁ'eterem
2937 2697 3293 2765 presbyterum,
3316 2700 3364 2751 in
3395 2700 3502 2771 lege
3520 2702 3701 2753 doctis-

2159 2785 2365 2850 simum,
2408 2800 2468 2836 ac
2497 2786 2637 2837 bonis
2655 2787 2874 2841 moribus
2902 2788 3299 2855 comprobatum,
3329 2802 3374 2843 et
3411 2792 3567 2861 (quod
3597 2808 3703 2845 eum

2156 2870 2317 2944 magis
2348 2873 2579 2944 ornabat)
2608 2878 2838 2943 invitum,
2871 2878 3231 2931 acclamatione
3260 2881 3409 2932 totius
3435 2884 3610 2950 populi
3650 2898 3703 2933 ac

2153 2982 2396 3019 consensu
2431 2969 2697 3021 meliorum
2726 2970 2937 3022 civitatis
2967 2972 3268 3023 asseruimus
3294 2971 3479 3026 diuinis
3514 2974 3705 3025 institu-

2155 3056 2304 3108 tionis
2347 3056 2522 3108 ordine
2549 3068 2912 3111 consecratum.
2948 3058 3087 3112 Nam
3130 3060 3546 3113 subscribentibus
3599 3063 3705 3127 plus

2152 3148 2320 3199 minus
2338 3148 2655 3217 septuaginta
2681 3150 2919 3218 presbyte.
2938 3153 3003 3215 is,
3036 3153 3314 3204 astantibus
3344 3170 3518 3205 novem
3547 3154 3706 3205 diser-

2154 3250 2325 3287 sarum
2361 3237 2732 3304 provinciarum
2775 3239 3039 3306 episcopis,
3086 3239 3480 3294 benedictionem
3518 3259 3707 3312 compe-

2156 3326 2277 3378 tenti
2305 3336 2520 3395 tempore
2539 3336 2735 3380 constat
2753 3328 2913 3396 fuisse
2942 3330 3256 3384 celebratam.
3275 3333 3347 3384 Ac
3377 3334 3517 3399 prius
3541 3335 3708 3385 omnia

2153 3432 2265 3484 qua:
2286 3415 2574 3468 solemnitas
2602 3418 2827 3488 exigebat
2854 3420 3096 3472 celebrata
3122 3430 3261 3475 sunt.
3297 3420 3400 3475 Sed
3440 3439 3551 3475 cum
3579 3438 3708 3492 prat-

2153 3506 2311 3557 dictus
2334 3505 2571 3559 Eulalius
2596 3509 2707 3575 (qui
2722 3492 2865 3560 antea
2893 3525 2980 3576 per
3003 3521 3099 3563 tres
3117 3512 3497 3565 consacerdotes
3512 3522 3708 3565 nostros

2154 3594 2315 3661 fuerat
2342 3610 2401 3645 ea:
2440 3595 2707 3647 multorum
2735 3598 3029 3649 auctoritate
3056 3608 3346 3665 conventus,
3385 3618 3448 3653 ne
3473 3603 3597 3663 quid
3615 3603 3707 3654 sibi

2154 3690 2333 3735 temere
2374 3694 2556 3753 prazter
2591 3688 2943 3738 conscientiam
2970 3688 3092 3740 cleri
3134 3689 3340 3758 majoris
3382 3691 3706 3755 assumeret),

2152 3774 2495 3829 circumventis
2528 3778 2840 3844 paucissimis
2868 3778 3185 3845 presbyteris,
3215 3779 3344 3831 male
3364 3781 3585 3845 acceptis
3606 3780 3702 3843 his,

2152 3880 2210 3915 ac
2249 3865 2461 3917 diversa'
2504 3866 2742 3918 custodite
2785 3867 3081 3932 maucipatis
3114 3867 3200 3934 qui
3235 3867 3304 3918 ad
3342 3866 3707 3935 prohibendum

2152 3970 2262 4005 cum
2285 3954 2461 4006 litteris
2490 3964 2722 4007 venerant
2740 3996 2754 4019 ,
2788 3956 3001 4008 exhibito
3030 3958 3175 4007 etiam
3202 3972 3312 4008 cum
3334 3955 3451 4009 aliis
3488 3956 3711 4009 Ostiensi

2151 4045 2400 4112 episcopo,
2447 4060 2592 4111 quem
2622 4061 2775 4113 prope
2802 4057 3051 4097 mortuum
3089 4054 3281 4098 constat
3308 4048 3522 4099 accitum
3562 4048 3705 4116 (nam

2154 4142 2367 4183 tractum
2385 4148 2489 4184 esse
2515 4132 2762 4185 nolentem
2789 4137 2921 4186 senis
2939 4136 3182 4201 (egritudo
3208 4138 3439 4204 testatur)
3461 4138 3511 4188 in
3539 4138 3709 4189 locum

2150 4224 2244 4275 sibi
2288 4239 2387 4275 non
2433 4223 2685 4285 debitum,
2720 4224 3019 4275 incustodito
3063 4226 3321 4295 religionis
3362 4228 3573 4291 ordine,
3617 4244 3707 4294 per

2150 4313 2390 4365 ambitum
2428 4314 2723 4382 proruisset,
2751 4314 2894 4381 carpit
2940 4314 3128 4381 factum
3164 4330 3308 4366 suum
3351 4333 3437 4382 per
3476 4318 3709 4368 homines

2152 4402 2433 4469 disciplina:
2460 4404 2642 4455 inscios
2686 4419 2743 4456 ac
2779 4404 3035 4471 religionis
3064 4405 3349 4457 indecenter
3381 4407 3542 4468 tueri,
3568 4410 3709 4458 testi-

2152 4508 2293 4544 mans
2309 4493 2541 4545 humanis
2558 4493 3005 4561 perturbationibus
3016 4510 3067 4545 se
3085 4496 3391 4562 confundere
3407 4496 3709 4549 sententiam

2150 4599 2294 4649 posse
2320 4582 2557 4634 divinam.
2588 4581 2652 4633 Et
2672 4584 2907 4649 quoniam
2934 4583 3247 4636 clementiam
3272 4594 3485 4637 uestram
3505 4597 3709 4637 Constat

2148 4672 2383 4740 falsidica
2402 4672 2643 4723 relatione
2661 4672 2935 4738 deceptam,
2968 4682 3018 4722 ut
3047 4675 3211 4725 nescio
3231 4674 3351 4741 quid
3378 4674 3430 4726 in
3456 4675 3709 4743 injms'am

2146 4763 2300 4813 divini
2340 4762 2559 4815 numinis
2601 4762 2857 4812 sanciretis
2904 4762 3042 4829 (nam
3083 4763 3304 4815 divinum
3344 4774 3416 4815 est
3453 4766 3709 4832 quidquid

2147 4862 2397 4906 tantorum
2444 4854 2609 4919 firmat
2639 4854 2857 4919 electio),
2896 4855 3101 4919 petimus
3142 4856 3375 4921 pietatem
3399 4866 3621 4908 vestram
3648 4866 3706 4908 ut

2142 4942 2391 4994 removeri
2420 4944 2589 5009 priora
2634 4944 2901 4993 constituta
2934 4943 3172 5007 jtibeittis,
3206 4954 3363 5011 atque
3405 4943 3703 5007 Eulalissrtt,

2140 5035 2227 5099 qui
2248 5033 2300 5085 in
2326 5025 2490 5083 locum
2516 5036 2755 5102 surrepsit
2783 5038 3021 5096 alienum,
3053 5034 3117 5085 ad
3140 5035 3431 5086 comitatum
3450 5037 3705 5089 serenita-

2136 5124 2197 5175 tis
2224 5132 2398 5174 vestrm
2424 5140 2535 5174 cum
2561 5126 2845 5175 auctoribus
2868 5124 2969 5175 suis
3000 5125 3174 5177 debere
3193 5127 3402 5179 adduci.
3429 5126 3540 5182 Nos
3562 5126 3707 5183 enim

2136 5214 2427 5279 proﬁtemur
2460 5213 2519 5266 S.
2552 5229 2734 5281 papam
2768 5211 3085 5279 Bonifatium
3109 5216 3294 5268 nostris
3319 5232 3433 5268 cum
3455 5224 3705 5274 sacerdo-
3784 5216 3785 5257 ἶ

2136 5304 2265 5353 tibus
2292 5301 2585 5369 adfuturum
2608 5320 2625 5355 :
2652 5304 2836 5354 relictis
2868 5305 3073 5369 singulis
3098 5306 3259 5358 titulis
3280 5309 3555 5376 presbyteri
3576 5326 3705 5363 osu-

2134 5408 2219 5444 nes
2240 5392 2471 5454 aderunt,
2495 5392 2577 5458 qui
2598 5392 2801 5443 uolunta
2824 5406 2898 5444 cm
2919 5410 3081 5460 suam,
3105 5395 3196 5447 hoc
3216 5404 3305 5459 est,
3332 5390 3703 5467 Deijudicissm

2132 5484 2514 5551 prologuantur.
2555 5480 2735 5535 lubeat
2779 5488 2927 5537 etiam
2985 5496 3147 5539 uestra
3204 5488 3469 5542 clementia
3518 5507 3705 5546 omnes

2133 5576 2309 5625 adesse
2332 5588 2455 5640 quos
2486 5588 2638 5623 causa
2660 5575 2986 5639 constringit,
3028 5577 3142 5644 ε’λὶςὶ
3176 5578 3329 5630 etiam
3356 5580 3553 5633 ciuitate
3602 5599 3703 5636 ne.
3784 5568 3785 5631 ι

2133 5664 2305 5727 lentes,
2349 5665 2435 5731 qui
2472 5681 2521 5717 se
2556 5682 2651 5732 non
2692 5668 2937 5733 patientur
2976 5666 3184 5721 adduci.
3227 5667 3523 5735 Invenietis,
3567 5688 3703 5727 cum

2134 5755 2329 5822 ρωρστξι
2360 5758 2542 5823 agitari
2586 5756 2771 5809 incerta
2800 5758 3058 5821 discussit),
3082 5760 3215 5827 quod
3240 5762 3471 5819 omnibus
3500 5764 3701 5818 divinis
