3820 6394
536 503 636 561 ,ιεδ

1679 499 1741 563 ρ.
1784 497 2122 554 AUliELIUS
2161 499 2590 558 SYMMACHUS.

3643 505 3725 561 l0-l

536 610 825 666 $.Acliillei
849 611 1146 676 praesentia,
1166 569 1221 660 ul
1246 606 1746 676 quaejussaluerant
1771 609 2082 677 publicaret,
2113 620 2166 675 Α
2194 611 2498 680 Symmache
2528 590 2708 679 parens
2733 613 3011 666 carissime.
3042 611 3188 666 Unde
3220 613 3502 667 sublimitas
3538 623 3624 667 tua
3649 616 3724 669 hoc

537 700 871 754 multitudine
901 699 1190 764 resistente,
1224 701 1400 754 venire
1426 713 1530 753 non
1563 700 1750 767 potuit.
1783 699 1848 753 Et
1871 715 1990 755 eum
2019 701 2087 756 ad

537 794 705 846 lorum
735 791 1036 860 \'e5pasiani
1067 801 1169 844 tam
1199 805 1295 858 ego
1317 805 1474 859 quam
1503 790 1581 842 vir
1607 790 1913 858 Spectabilis
1940 790 2085 845 vica-

537 883 643 935 rius
683 891 994 950 perurgentc
1032 881 1224 951 populo
1253 880 1532 935 luiSsemus
1561 879 1816 950 ingressi,
1856 891 1913 936 ut
1937 882 2087 950 quie-

536 982 642 1046 ti-ui
682 972 950 1038 utriusque
978 970 1136 1038 partis
1165 970 1483 1025 multitudini
1512 972 1880 1036 suaderemus,
1912 971 2086 1028 subito

535 1065 720 1116 annali
747 1064 882 1117 servi
912 1064 1028 1117 telis
1055 1073 1106 1116 et
1135 1063 1296 1127 saxis,
1327 1065 1578 1133 aliquanti
1605 1064 1760 1118 etiam
1790 1064 1952 1128 ferro.
1984 1081 2082 1136 p0-

536 1157 686 1221 pulos
725 1154 886 1222 partis
926 1153 1110 1206 Eulalii
1142 1154 1370 1221 aggressi
1401 1164 1552 1219 sunt,
1581 1155 1668 1222 qui
1700 1155 1927 1208 inermes
1954 1169 2084 1208 cou-

533 1255 814 1310 vcnerant,
845 1253 899 1297 ut
924 1245 1060 1313 quod
1092 1256 1408 1312 praeceptum
1438 1245 1502 1298 de
1531 1245 1776 1314 episcopo
1810 1246 2080 1314 Spoletina

534 1344 673 1387 esset
711 1343 1094 1400 agnoscerent:
1143 1346 1377 1402 quosque
1429 1335 1495 1386 ita
1548 1335 1948 1398 sauciaverunt,
1993 1335 2081 1404 qui

523 1424 699 1489 parati
733 1421 1284 1503 adversusimparatos
1311 1435 1582 1487 venerant,
1607 1433 1663 1477 ut
1691 1439 1775 1478 me
1801 1440 2007 1494 quoque
2029 1435 2081 1480 et

533 1518 700 1568 virum
746 1513 1088 1582 spectabilem
1124 1513 1370 1567 vicarium
1413 1513 1688 1567 crederent
1730 1515 2075 1583 appetendos,

533 1608 655 1659 dum
697 1604 951 1659 seditioso
999 1603 1172 1656 furore
1203 1603 1397 1658 nullam
1429 1601 1709 1657 adminunt
1746 1605 1952 1673 penitus
1996 1621 2072 1659 ra-

532 1701 757 1764 tionem,
791 1697 888 1751 nisi
915 1697 978 1750 ad
1011 1697 1338 1751 liberandum
1374 1713 1468 1751 nos
1505 1699 1753 1753 divinitas
1793 1699 2074 1765 adluissm,

532 1791 837 1857 egrch-ique
873 1803 964 1856 per
1005 1789 1343 1842 secretiorem
1391 1798 1588 1855 partem
1638 1787 1795 1843 ictum
1828 1805 2075 1844 saxorum

530 1892 583 1932 et
625 1880 872 1946 impetum
928 1879 1282 1946 conspirantis
1329 1879 1675 1933 multitudinis
1725 1880 2070 1946 vitassemus,

2188 716 2279 754 nos
2317 703 2552 754 statuisse
2587 712 2885 771 cognoscat,
2914 712 2968 755 ut
3010 712 3057 757 et
3098 701 3318 757 salubris
3358 706 3592 772 superior
3624 709 3724 760 ordo

2187 791 2444 860 prwcepti,
2470 799 2514 844 et
2547 791 2802 845 moderata
2831 793 3012 860 synodi
3054 793 3308 846 ordinatio
3334 794 3536 848 deberet
3576 805 3720 848 custo-

2188 883 2317 943 diri,
2347 884 2482 950 quod
2510 881 2656 936 aliter
2686 884 2796 951 ﬁeri
2837 899 2938 936 non
2969 899 3114 952 posse
3141 900 3419 949 censemus,
3451 886 3549 940 nisi
3586 884 3723 940 Eula-

2186 974 2284 1027 lius
2315 976 2603 1028 amnimade
2647 987 2898 1045 urgeatur,
2940 987 3016 1045 ut,
3060 980 3195 1031 omni
3219 978 3472 1032 celeritate
3511 980 3574 1032 ab
3612 979 3725 1034 Urbs

2185 1065 2462 1131 discedens,
2508 1066 2743 1119 insolenti
2785 1066 2976 1135 papula
3016 1084 3234 1136 prcesens
3276 1055 3603 1124 incitamenta
3643 1088 3723 1124 non

2185 1155 2435 1220 pra‘bcat,
2470 1172 2558 1209 nec
2603 1157 2945 1211 innocentibus
2982 1173 3135 1212 causa
3180 1161 3354 1213 martis
3402 1161 3620 1225 existat;
3658 1162 3725 1215 cui

2183 1261 2288 1299 esse
2315 1248 2523 1298 dubium
2552 1263 2652 1300 non
2687 1247 2905 1312 debebit,
2932 1249 2975 1301 si
3003 1250 3056 1301 in
3093 1252 3188 1302 hac
3225 1252 3630 1323 praesumptionis
3652 1253 3720 1304 ob—

2181 1340 2450 1391 stinatioue
2475 1340 2722 1392 durat-eri:
2743 1380 2757 1404 ,
2785 1356 2886 1393 non
2911 1341 3076 1394 solum
3115 1343 3178 1394 de
3205 1350 3340 1394 statu
3375 1358 3467 1395 sua
3486 1343 3724 1414 judicium

2171 1433 2288 1500 jam
2317 1430 2601 1499 prolatum,
2630 1447 2800 1484 rerum
2832 1433 2982 1484 etiant
3013 1432 3075 1485 de
3103 1433 3282 1486 salutis
3313 1433 3602 1486 discrimine
3625 1449 3725 1502 pro-

2179 1521 2458 1588 ferendum.
2492 1517 2656 1587 Culpa
2695 1521 2829 1574 enim
2875 1522 3070 1574 nullam
3112 1523 3305 1576 ueniam
3344 1524 3461 1591 jam
3505 1531 3724 1589 meretur,

2179 1625 2292 1678 quia
2323 1627 2436 1663 cum
2468 1610 2780 1676 prmdicitur,
2814 1626 2914 1664 non
2944 1624 3166 1666 cavetur.
3201 1610 3350 1664 Nihil
3380 1627 3443 1666 ea:
3469 1611 3563 1666 hoc
3593 1629 3723 1666 escu-

2178 1702 2385 1754 sationis
2415 1701 2696 1767 habiturus,
2729 1702 2863 1770 quod
2890 1716 2949 1754 ea
2992 1702 3146 1755 inrito
3185 1719 3217 1754 a
3265 1703 3404 1770 plebe
3445 1712 3632 1757 asserat
3658 1720 3719 1758 re-

2180 1791 2386 1845 tentari.
2416 1791 2477 1844 Si
2503 1792 2586 1860 qui
2615 1801 2780 1844 autem
2808 1807 2869 1844 ex
2897 1807 3106 1845 numero
3133 1791 3433 1846 clericorum
3463 1795 3722 1847 communi-

2179 1881 2396 1934 candum
2437 1877 2663 1943 Eulalia,
2698 1881 2897 1948 judicia
2923 1881 3188 1950 pendente,
3217 1882 3494 1948 censuerit,
3539 1883 3647 1952 pari
3677 1898 3730 1958 se.

531 1970 749 2022 minime
804 1975 1154 2037 potuissemus
1207 1971 1431 2023 evadere
1469 1989 1481 2021 :
1541 1985 1761 2038 quorum
1822 1971 2078 2037 majorem
2111 1970 2156 2028 B
2183 1973 2306 2025 sciat
2333 1973 2575 2026 sententia
2603 1987 2709 2025 esse
2735 1972 3100 2026 damnandum.
3136 1971 3319 2028 Laicos
3349 1975 3463 2028 c‘ero
3501 1976 3585 2043 qui
3629 1982 3725 2043 post

531 2070 729 2129 partem
764 2061 814 2113 in
853 2061 1020 2114 servis
1052 2070 1258 2114 constat
1297 2060 1477 2122 luisse,
1510 2075 1576 2113 es
1611 2060 1799 2129 quibus
1823 2061 2078 2128 aliquanti

530 2158 688 2224 agniti
725 2165 878 2222 atque
911 2155 1038 2208 tenti
1073 2163 1192 2208 sunt
1228 2153 1494 2208 audiendi.
1522 2153 1670 2208 Unde
1697 2153 1818 2222 quid
1851 2155 2074 2223 partium

529 2261 764 2301 mearum
793 2245 920 2311 luit,
944 2245 1271 2298 excellentiiu
1303 2254 1490 2298 vestra:
1518 2258 1797 2312 suggerere
1829 2259 2079 2313 propera-

532 2339 578 2390 vi
602 2377 617 2402 ,
645 2347 697 2388 ut
724 2345 923 2390 certum
955 2337 1140 2399 linem,
1184 2335 1336 2388 rebus
1371 2335 1592 2403 cognitis
1624 2349 1741 2403 quze
1766 2343 1911 2403 gesta
1933 2344 2074 2396 sunt,

529 2424 831 2494 magnitudo
848 2431 1017 2477 vestra
1041 2422 1307 2476 decernat.
1327 2421 1456 2476 Cum
1476 2423 1543 2474 ita
1566 2422 1621 2475 S.
1645 2421 1878 2476 Eulalius
1895 2421 2076 2477 luisset

529 2518 814 2584 ingressus,
838 2515 1059 2568 ettertia
1087 2513 1170 2567 die
1194 2521 1406 2567 secutus
1425 2525 1563 2566 esset
1586 2512 1862 2581 episcopus
1890 2513 2074 2581 Spole-

528 2608 684 2668 tinus,
714 2619 808 2658 nec
833 2603 1084 2672 aliquaad
1113 2617 1194 2656 me
1215 2604 1333 2655 data
1358 2603 1604 2657 virtutum
1623 2614 1933 2663 vestrarum,
1961 2610 2094 2672 quas

526 2711 794 2764 sequerer,
830 2703 1086 2763 pra-cepta
1107 2694 1398 2756 venissent,
1430 2693 1750 2762 perturbatio
1780 2695 1938 2747 totius
1970 2695 2078 2763 ple-

527 2786 627 2847 lxis,
647 2799 760 2853 que
785 2784 834 2838 in
858 2798 914 2836 se
939 2792 991 2835 et
1023 2785 1072 2836 in
1098 2783 1628 2850 periculuinjudicum
1649 2784 1877 2847 smviret,
1894 2794 2076 2838 exorta

527 2894 575 2930 c.-
589 2885 606 2929 t
620 2892 633 2929 ε
649 2887 699 2930 et
714 2876 761 2928 ni
776 2873 934 2927 celeri
951 2887 1198 2941 responsi:
1211 2885 1332 2927 ante
1344 2873 1479 2926 diem
1497 2872 1846 2927 venerabilem
1863 2874 2077 2929 Pascha:

525 2972 646 3039 quid
687 2969 800 3022 lieri
829 2965 1018 3020 debeat
1044 2965 1328 3032 iusseritis,
1359 2969 1622 3019 minantur
1647 2982 1702 3021 se
1734 2968 1908 3036 populi
1941 2969 2076 3023 invi-

526 3077 638 3115 cem
672 3066 1011 3127 pugnaturos,
1034 3055 1158 3108 dum
1188 3055 1254 3109 de
1281 3054 1620 3123 Lateraqensi
1649 3056 1862 3110 basilica
1889 3057 2080 3112 alterno

526 3165 664 3204 trtun
705 3164 763 3201 se
793 3146 1096 3200 existimant
1133 3145 1518 3199 excludendos.
1551 3144 1624 3199 Ne
1651 3145 1771 3214 quid
1803 3146 1958 3214 igitur
1983 3147 2078 3201 ad-

530 3242 665 3296 versi
696 3238 855 3308 (quod
884 3237 1220 3292 sublimitatis
1253 3247 1437 3290 vestra:
1466 3237 1684 3290 felicitas
1709 3238 1933 3306 avertat)
1955 3253 2078 3293 eve-

2182 2063 2500 2115 interdictum
2530 2062 2925 2116 mansuetudinis
2961 2072 3146 2116 nostra:
3189 2066 3587 2118 communionem
3632 2063 3724 2117 Eu-

2181 2151 2292 2204 lalii
2327 2151 2606 2221 putauerint
2656 2150 3017 2218 expetendum,
3071 2151 3369 2205 honestiaris
3411 2153 3510 2204 loci
3547 2168 3724 2219 pcenant

2179 2243 2582 2310 proscriptionis,
2614 2256 2780 2294 seruas
2809 2257 2925 2296 vero
2963 2243 3146 2310 capitis.
3185 2258 3290 2296 esse
3334 2245 3620 2308 subituros,
3649 2260 3724 2296 nec

2179 2332 2240 2386 ab
2265 2332 2359 2384 Itoc
2388 2333 2612 2402 pericula
2648 2333 2874 2385 dominas
2919 2333 3187 2387 eruendas.
3218 2331 3471 2387 Primatrs
3512 2351 3625 2388 acra
3659 2352 3726 2388 rc-

2178 2409 2563 2490 gianum,vnisi
2593 2414 2595 2417 ’
2627 2423 2861 2492 spiritum
2916 2423 3070 2490 plebis
3120 2424 3390 2477 incondita:
3454 2425 3722 2477 domuerint

2179 2527 2239 2564 ac
2265 2513 2542 2580 frenarint,
2571 2511 2732 2565 sciant
2756 2527 2810 2566 se
2839 2521 3031 2583 raptas,
3063 2513 3239 2566 ultimo
3259 2514 3461 2582 judicio
3489 2529 3592 2567 esse
3621 2513 3726 2565 sub-

2183 2604 2376 2657 dendos
2408 2620 2426 2656 :
2471 2604 2765 2672 Spoletinus
2818 2614 2985 2657 autem
3027 2606 3292 2670 episcopus
3339 2604 3498 2674 (sicut
3547 2604 3725 2656 dudum

2180 2695 2347 2761 fuerat
2373 2693 2654 2763 deﬁnitum)
2684 2695 2868 2747 sanctis
2899 2693 3112 2748 Pascha:
3139 2693 3312 2748 diebus
3341 2696 3564 2747 ordinem
3599 2695 3727 2763 festa

2177 2785 2504 2853 solentuitatis
2542 2785 2792 2855 implebit,
2821 2786 2900 2838 cui
2933 2785 3000 2836 ad
3037 2786 3334 2839 celebranda
3372 2787 3606 2855 mysteria
3634 2783 3724 2837 La-

2180 2885 2492 2928 terancusem
2525 2876 2786 2929 ecclesiam
2816 2877 2912 2928 soli
2941 2885 3110 2943 patere
3153 2875 3489 2938 decernimus,
3531 2875 3723 2942 reliquis

2178 2967 2268 3035 qui
2321 2966 2414 3019 ltac
2475 2981 2773 3035 pra'sumerc
2827 2967 3074 3018 coluerint
3123 2966 3450 3034 prapulsatis.
3499 2965 3637 3019 Sane
3678 2973 3726 3016 ut

2179 3057 2448 3126 pradictus
2495 3058 2727 3111 sacerdos
2775 3057 3055 3125 Spoletina:
3105 3058 3316 3110 civitatis
3369 3057 3422 3108 in
3472 3057 3578 3109 loco
3625 3059 3727 3125 ejus

2178 3158 2466 3202 sanctorum
2515 3150 2861 3218 mysteriorum
2909 3149 3137 3200 ordinem
3173 3149 3509 3215 completurus
3552 3145 3728 3213 suscipi

2180 3239 2382 3304 debeat,
2410 3241 2754 3293 admonemus.
2789 3238 2889 3292 Per
2927 3255 3096 3291 omnes
3141 3254 3254 3290 vero
3294 3237 3467 3290 titulos
3508 3246 3554 3292 et
3591 3237 3727 3298 loca,

464 3344 468 3349 ‘
525 3335 634 3386 niat
662 3374 674 3396 ,
725 3341 846 3399 pcto
895 3337 952 3382 ut
1009 3327 1238 3382 evidenti
1295 3339 1557 3396 praecepto
1609 3329 1817 3383 excludi
1861 3328 2074 3386 furiosa:
2099 3327 2144 3388 C
2177 3348 2290 3402 qua:
2327 3343 2565 3386 concentu
2606 3332 2786 3384 celebri
2825 3333 3223 3398 frequentantur,
3256 3331 3362 3382 [nec
3395 3345 3508 3396 qua:
3545 3331 3728 3383 statui-

523 3418 878 3477 coutentiouis
900 3418 1249 3487 periculosam
1280 3417 1618 3486 pertinaciam
1647 3421 1924 3475 censeatis.
1953 3420 2070 3479 Dat.

527 3529 594 3566 xit
621 3513 721 3566 cal.
748 3511 914 3578 April.

489 3599 494 3602 “
1058 3599 1267 3654 EPlST.
1313 3599 1537 3655 LXXIX.

781 3706 1162 3747 ιυλετλκτιδυε
1194 3705 1469 3746 ευιδιλωο
1496 3707 1665 3745 Ριιεεϊ.
1698 3708 1810 3748 υιιι.

597 3787 660 3838 lt
688 3767 822 3837 certa
855 3803 884 3850 p
906 3784 1098 3834 ‘ssiinus
1128 3797 1335 3850 quicque
1365 3797 1680 3850 cognoscere,
1723 3771 1768 3834 et
1798 3783 2073 3851 factionum

523 3890 750 3930 auctores
787 3876 923 3944 fulcli
966 3874 1140 3928 nuntio
1175 3883 1221 3925 et
1254 3874 1529 3942 inspectore
1565 3889 1665 3926 non
1703 3874 1915 3938 lateant,
1947 3891 2072 3927 cau-

524 3969 782 4022 cellminm
823 3977 1041 4018 nostrum
1079 3962 1297 4017 Vitulum
1330 3965 1623 4029 direximus,
1651 3975 1703 4020 ut
1749 3963 1950 4019 Domini
1992 3970 2073 4020 in-

523 4059 776 4111 t'ictissimi
803 4058 1043 4126 principis
1081 4055 1284 4122 affatus,
1317 4063 1463 4122 atque
1483 4056 1735 4127 judicium
1772 4057 1838 4107 ad
1870 4058 2074 4110 eximie-

522 4159 687 4202 tatem
706 4159 840 4198 tuam
875 4156 919 4199 et
947 4148 1012 4198 ad
1043 4149 1284 4216 populum
1313 4146 1459 4199 celeri
1487 4148 1806 4215 festinatione
1835 4147 2069 4214 deferret.

524 4237 760 4305 Illudque
805 4253 1078 4300 mouemus,
1117 4245 1169 4288 ut
1203 4236 1446 4305 quidquid
1490 4239 1645 4290 sacris
1692 4239 2074 4291 auctoritatibus

521 4332 818 4392 continetur,
850 4330 985 4381 nulla
1019 4330 1291 4380 temeritate
1331 4328 1556 4388 iioletur,
1588 4337 1634 4378 et
1671 4343 1778 4394 qute
1826 4339 2073 4397 pra'cepta

521 4431 636 4476 sunt
665 4419 864 4484 effectui
907 4419 1052 4470 celeri
1101 4421 1399 4471 mandentur
1437 4420 1713 4483 instantia;
1761 4435 1821 4471 ne
1860 4421 2074 4490 Augusti

521 4514 800 4575 clementia,
826 4511 959 4580 quod
982 4527 1115 4562 nunc
1140 4512 1364 4578 agnoscit
1393 4510 1666 4576 distulisse,
1695 4521 1941 4563 commoto
1966 4512 2073 4563 nta-

523 4606 712 4675 iesiatis
734 4619 839 4656 sua?
862 4604 1046 4670 rigore,
1076 4602 1342 4652 emendare
1365 4616 1462 4652 nou
1487 4597 1703 4664 di/ferat.

1063 4689 1272 4742 EPIST.
1317 4689 1523 4742 LXXX.

708 4799 809 4836 l\lP.
847 4793 1098 4833 IIONORH'S
1125 4794 1242 4833 Αυο.
1277 4794 1547 4832 διαμηριιο
1573 4795 1734 4832 ΡΒμΕῐῖι
1767 4795 1883 4833 [ΗΒ.

596 4876 726 4927 Dum
768 4876 831 4926 ad
883 4872 1162 4924 sanandum
1207 4872 1381 4939 primcc
1421 4871 1811 4939 perturbationis
1852 4887 2068 4923 erroren

517 4969 607 5017 hac
655 4979 809 5032 genus
857 4962 1050 5012 consilii
1085 4961 1346 5013 clementia
1385 4971 1554 5013 nostra
1592 4961 1887 5029 reparandtc
1934 4961 2069 5024 pacis

517 5056 701 5124 cupida
747 5052 1034 5120 reperisset,
1075 5060 1124 5099 ut
1169 5051 1323 5101 donec
1361 5051 1422 5101 de
1471 5051 1848 5115 confirmatione
1891 5051 2066 5102 urbani

515 5146 778 5202 sn‘erdatii
819 5144 1057 5196 sententia
1100 5145 1384 5211 procederet
1432 5143 1690 5206 absoluta,
1735 5146 1940 5211 uterque
1985 5162 2066 5197 eo-

513 5255 622 5291 rum
653 5252 864 5303 quarum
893 5249 1042 5285 causa
1082 5232 1321 5284 tttntultus
1349 5245 1493 5286 autca
1523 5235 1845 5285 concrevisse!
1865 5274 1878 5296 ,
1912 5249 1940 5282 a
1980 5249 2063 5283 sa-

514 5327 793 5378 cratissima
828 5323 957 5377 L'rbe
985 5324 1352 5374 eunt'ersatione
1379 5325 1653 5388 sejunctas,
1691 5321 1848 5388 futuri
1883 5323 2063 5386 iudicii

513 5417 876 5482 e.t.~pectntione
922 5413 1188 5483 penderet,
1219 5413 1379 5478 spatio
1409 5427 1506 5479 quo
1547 5411 1877 5461 conlimrctnr
1912 5415 2061 5464 alter-

513 5520 618 5559 uter
657 5507 901 5556 ccnlcuter
939 5517 1171 5571 expresso
1195 5542 1209 5565 ,
1243 5518 1382 5566 (equo
1411 5502 1578 5552 animo
1609 5501 1926 5553 dissimulare
1962 5518 2060 5553 non

511 5611 772 5665 possumus
815 5595 966 5662 captis
1005 5591 1281 5645 clementite
1317 5603 1498 5644 nostra:
1523 5591 1775 5659 publicum
1806 5609 1927 5660 pene
1957 5592 2057 5644 bcl-

510 5697 638 5750 lum,
670 5703 764 5751 quo
794 5685 1128 5744 ealcnrcntur,
1179 5682 1418 5734 indictnnt
1446 5700 1462 5746 ;
1503 5683 1725 5735 "licendi
1751 5685 1856 5753 ejus
1906 5693 2053 5750 caput

511 5777 798 5839 Eulalium,
839 5777 920 5843 qni
943 5776 1089 5843 jussu
1133 5776 1457 5837 transcendit,
1489 5775 1751 5837 exstitisse,
1784 5776 2053 5827 secundum

511 5870 731 5921 ordinem
765 5877 1119 5936 pra'ct'ptorum
1169 5867 1422 5933 paulisper
1465 5868 1631 5920 abesse
1672 5885 1766 5920 non
1816 5886 2049 5931 passum,

2176 3438 2286 3474 mus
2316 3431 2682 3490 proponantur,
2713 3431 2764 3472 ut
2796 3421 3036 3474 universis
3067 3422 3282 3490 liqueat,
3313 3427 3358 3472 et
3398 3421 3618 3472 uoluis~e
3646 3433 3729 3470 uas

2175 3511 2433 3564 turbidum
2459 3511 2654 3576 aliquid
2680 3521 2986 3581 perpetrare,
3014 3521 3058 3561 et
3091 3510 3254 3562 adhuc
3283 3519 3338 3561 ut
3367 3510 3567 3563 turbata
3597 3526 3728 3562 cam.

2175 3603 2296 3670 pani
2331 3602 2539 3656 debeant
2577 3602 2817 3671 opperiri.
2861 3599 3002 3653 Sciat
3041 3615 3164 3654 sane
3198 3599 3482 3652 sublimitas
3521 3610 3604 3652 tua
3633 3600 3730 3668 pri-

2176 3692 2489 3744 miscrinium
2531 3700 2575 3744 et
2624 3691 2872 3758 reliquum
2915 3689 3160 3757 afﬁciunt,
3211 3689 3348 3759 quod
3389 3690 3490 3742 tuis
3534 3691 3724 3742 actibus

2177 3783 2507 3848 obseeundat,
2543 3798 2639 3834 non
2687 3782 2850 3834 solum
2892 3782 3200 3852 grauissimic
3229 3779 3431 3834 mulcta'
3459 3781 3671 3848 dispend
3692 3783 3730 3832 is

2176 3875 2489 3943 aﬂligendum
2507 3915 2520 3939 ,
2548 3875 2634 3925 sed
2660 3881 2706 3924 et
2734 3872 3038 3940 supplicium
3063 3871 3244 3936 capitis
3283 3873 3606 3936 sortiturum,
3639 3871 3730 3922 nisi

2175 3964 2308 4016 enixi
2338 3979 2488 4032 opera
2516 3963 2830 4015 commodata
2861 3960 3060 4015 statutis
3087 3960 3364 4014 clenuutiaz
3399 3973 3580 4014 nostra
3604 3973 3732 4031 prce.

2175 4053 2286 4105 bere
2322 4053 2582 4105 maturarit
2620 4051 2869 4118 e/fectutn.
2923 4051 3041 4106 Dat.
3073 4067 3196 4105 mit
3231 4053 3331 4105 cal.
3370 4053 3580 4118 Aprilis,
3631 4051 3731 4105 Bas

2177 4158 2365 4196 rcnuce.

2713 4230 2922 4285 EPIST.
2965 4230 3199 4285 LXXXI.

2175 4335 2365 4376 DOMIVO
2402 4338 2600 4376 SEMPER
2645 4337 2877 4376 ILLUSTRI
2930 4339 2992 4376 ετ
3032 4338 3129 4375 PER
3174 4337 3378 4377 CUSCTA
3430 4337 3725 4383 ωςκιτιςο,

2243 4402 2541 4456 κεηιῑῡρυε
2567 4409 2642 4447 ευ.
2667 4409 2774 4448 LI)”
2801 4408 2865 4448 AC
2893 4407 3164 4447 Pl:.£CL‘LSO
3196 4408 3515 4449 CONSTANTIO
3538 4409 3730 4448 Si!!!“

2244 4477 2374 4519 cuus
2404 4479 2568 4518 eam.
2602 4479 2720 4525 una.

2245 4593 2339 4648 Ubi
2373 4597 2594 4662 primum
2621 4610 2768 4650 sacra
2796 4595 3006 4650 Domini
3039 4597 3203 4652 nostri
3230 4598 3559 4654 invictissimi
3586 4599 3730 4668 prim

2095 4685 2149 4745 D
2172 4682 2303 4753 cipis
2329 4694 2589 4755 precepts
2625 4688 2823 4755 perlata
2853 4696 3012 4752 sunt,
3044 4689 3220 4742 statim
3262 4691 3344 4758 (ut
3375 4691 3729 4756 convenerat)

2175 4776 2408 4830 debitqu
2448 4777 2605 4832 tribui
2643 4777 2972 4832 famulatum.
3021 4778 3125 4832 Sed
3179 4777 3411 4832 Eulalius
3452 4793 3512 4832 ea
3558 4779 3730 4832 obsti-

2177 4870 2387 4926 natione
2424 4887 2526 4944 qua
2564 4872 2678 4926 sine
2716 4881 2982 4940 praecepto
3022 4885 3176 4926 sacro
3217 4871 3410 4927 Urbem
3457 4872 3730 4940 ingressus

2174 4969 2285 5023 est,
2313 4963 2470 5015 etiam
2512 4961 2687 5030 egredi
2717 4964 3032 5017 constrictus
3076 4978 3167 5032 per
3211 4977 3398 5015 omnes
3446 4970 3732 5029 potestates

2175 5054 2282 5120 pari
2310 5053 2589 5120 pertinacia
2613 5053 2946 5107 detrectavit.
2971 5053 3100 5107 Nam
3126 5052 3441 5119 vestiortinis
3467 5052 3608 5104 horis
3639 5066 3733 5120 per

2171 5142 2402 5196 ollicium
2432 5143 2696 5202 Urbanum
2735 5145 2784 5197 id
2820 5144 2958 5212 quod
2992 5152 3318 5212 prmceperat
3350 5142 3733 5196 invictissimus

2166 5234 2470 5301 imperatur,
2510 5249 2571 5287 ea
2618 5234 2700 5287 die
2744 5248 2843 5301 qua
2890 5234 3152 5301 perlatum
3193 5244 3304 5298 est,
3338 5233 3385 5285 ei
3436 5232 3736 5286 innotuisse

2164 5325 2484 5389 agnoscitur,
2525 5322 2742 5375 Domine
2788 5337 2998 5390 semper
3050 5323 3437 5387 illustrissime,
3470 5322 3728 5376 sacratis-

2164 5415 2327 5477 sime,
2369 5414 2674 5484 tnagnilice,
2736 5415 3024 5484 meritoque
3079 5414 3320 5470 sublimis
3361 5429 3422 5468 ac
3472 5416 3731 5482 praecelsa

2164 5513 2404 5570 patrone.
2440 5507 2556 5570 Quo
2599 5504 2754 5567 lecto,
2787 5504 3055 5558 mandavit
3097 5520 3155 5558 se
3189 5503 3491 5572 diligentius
3531 5513 3733 5557 tracta-
3788 5523 3789 5532 ι

2163 5603 2356 5660 turum,
2389 5611 2484 5650 nec
2513 5605 2698 5672 tamen
2729 5595 2984 5650 instanter
3004 5595 3305 5648 admonitus
3333 5595 3477 5648 exire
3497 5591 3730 5647 curavit.

2161 5687 2276 5740 Alia
2299 5702 2423 5742 vero
2445 5687 2530 5740 die
2557 5699 2764 5738 rursum
2795 5701 2890 5753 per
2912 5701 3123 5741 omnem
3150 5686 3535 5754 apparitiouem
3561 5685 3732 5738 etiam

2162 5782 2432 5833 nocturnis
2460 5777 2603 5832 boris
2633 5779 2949 5845 admonitus,
2981 5777 3205 5832 collecta
3238 5777 3592 5836 multitudine,
3629 5774 3705 5828 La

2162 5881 2209 5926 tc
2242 5885 2488 5928 ancnscm
2529 5870 2793 5925 basilicam
2826 5883 2958 5924 ausu
2989 5868 3270 5926 temerario
3305 5868 3529 5927 credidit
3567 5864 3730 5923 inva~
3788 5919 3789 5930 ,
