3820 6398
496 418 593 471 (.07

1877 416 2341 473 nauigamus.
2418 378 2421 379 ί

3614 416 3713 472 408

496 525 660 593 quod,
686 522 887 577 relictis
918 532 1125 589 tempus
1163 531 1212 574 et
1246 523 1499 590 neglectis
1530 524 1789 591 majorum
1838 540 2053 578 suorum
2085 542 2133 596 Α
2164 528 2290 593 ipsis
2319 528 2555 594 epistolis
2583 526 2854 595 desumpta
2884 502 3007 581 esse
3032 526 3155 595 quis
3178 541 3280 581 non
3312 528 3490 583 videt?
3515 529 3638 597 quin
3664 539 3712 586 et

496 629 757 678 mammis,
784 612 1052 664 hominum
1082 622 1407 664 mortuorum
1437 613 1589 666 busta
1614 613 1777 666 stulto
1806 612 2053 681 [Herlucu-

496 713 683 757 laretll.
735 702 866 755 Iline
909 708 1170 771 martyres
1220 702 1475 769 quosdam
1524 701 1736 756 Punicis
1784 704 2056 758 vocabulis

496 788 766 859 insignitas
812 792 1036 847 ludibrio
1090 793 1340 860 exponit,
1390 792 1697 863 Mygdonem
1734 808 1824 847 seu
1868 792 2056 863 Miggi-

494 901 627 949 rtem,
652 883 894 947 Sanaetn,
924 884 1177 949 Lucitam,
1211 892 1264 936 et
1311 898 1418 951 [me
1439 884 1689 937 omnibus
1722 885 2054 953 archimarty-

492 990 597 1024 rem
644 972 1102 1041 Namphanionem.
1151 973 1252 1025 Per
1299 972 1748 1039 Namphanionem
1802 974 1921 1042 quis
1971 973 2057 1026 Itic

454 1101 461 1123 λ
493 1067 791 1123 denotetur,
824 1064 961 1116 haud
982 1062 1148 1115 laedis
1167 1072 1245 1115 est
1274 1063 1394 1129 conj
1433 1070 1719 1126 etura,nec
1738 1077 1765 1113 a
1793 1076 2057 1130 quoquam
2082 1062 2083 1065 “

494 1155 542 1205 id
577 1163 830 1207 tentatum
858 1152 1094 1209 memini.
1128 1152 1182 1206 Si
1224 1154 1275 1206 in
1309 1168 1366 1206 re
1396 1153 1620 1206 obscura
1651 1154 1953 1222 conjectare
1980 1153 2058 1207 fas

492 1246 628 1306 crit,
658 1260 758 1297 non
803 1244 964 1296 alium
994 1259 1149 1313 quam
1196 1243 1464 1296 Christum
1495 1245 1773 1298 Dominum
1817 1256 2056 1299 nostrum

492 1331 758 1400 designati
803 1341 982 1397 putem
1014 1345 1026 1383 :
1067 1332 1254 1399 partim
1298 1335 1437 1400 quod
1465 1336 1799 1401 are/timartyr
1827 1333 2059 1401 appelle-

495 1433 599 1485 tnr,
632 1420 718 1487 qui
746 1419 904 1472 modo
934 1421 1135 1485 scilicet
1164 1420 1500 1474 eminentiori
1532 1437 1639 1488 pra:
1666 1421 1784 1475 aliis
1813 1420 2058 1488 martyri—

497 1513 611 1572 bus,
646 1525 737 1576 pro
777 1508 1031 1576 religione
1074 1523 1102 1559 a
1132 1524 1189 1561 se
1217 1508 1454 1561 inStituta
1501 1524 1685 1577 pasus
1711 1520 1819 1571 est;
1865 1518 1982 1577 part
2006 1523 2055 1561 tn

494 1602 630 1667 quod
673 1615 789 1652 cum
836 1599 924 1651 alii
977 1598 1095 1652 huic
1138 1600 1221 1651 vel
1269 1600 1350 1655 illi
1391 1599 1593 1653 numini
1644 1600 1991 1666 pt'mferantur
2042 1616 2053 1649 :

498 1693 670 1755 llnnc,
705 1692 893 1759 inquit,
924 1694 1050 1755 proh
1089 1694 1264 1759 nefas!
1293 1693 1389 1743 diis
1422 1693 1792 1744 inmortalibus
1821 1691 2057 1760 praetule—

495 1784 594 1831 rint
648 1781 917 1832 Christiani
944 1796 961 1841 ;
995 1782 1180 1847 partim
1209 1780 1435 1849 denique
1464 1781 1602 1850 quod
1630 1780 1915 1848 interprete
1948 1783 2057 1833 Λυ-

2160 617 2212 670 in
2246 618 2384 671 notis
2411 618 2520 669 suis
2560 616 2756 671 diserte
2798 617 2988 671 fatetur
3016 617 3410 672 illustrissimus
3440 617 3708 673 Baronius.

2158 705 2723 769 ConcluditMaximus,
2742 706 2964 761 solemni
2979 707 3222 772 formula,
3240 705 3323 758 Dii
3335 716 3611 770 reservent,
3628 722 3713 775 per

2159 812 2281 863 quos
2306 805 2349 848 et
2378 812 2575 861 eorum,
2598 805 2747 864 atque
2774 806 3069 849 cunctorum
3092 797 3377 849 mortalium
3405 812 3711 849 communem

2162 884 2401 950 Patrem,
2450 886 2666 938 universi
2687 886 2921 939 mortales
2944 928 2957 950 ,
2994 894 3113 953 quot
3155 895 3289 939 terra
3315 886 3549 951 sustinet,
3580 886 3712 939 mille
3741 910 3744 914 ν

2160 976 2323 1029 modis
2372 975 2611 1028 concordi
2653 976 2909 1029 discordia
2951 989 3241 1029 veneramur
3278 986 3323 1028 et
3352 976 3581 1028 colimus.
3631 974 3715 1029 llis

2159 1065 2489 1133 respondens
2519 1066 2848 1134 ’Augustinus
2890 1065 3111 1131 epistola
3142 1066 3416 1134 sequenti,
3450 1064 3709 1119 hominem

2158 1154 2420 1207 acerrime
2464 1153 2787 1221 persuingit,
2833 1153 3169 1221 ostenditque
3214 1153 3260 1207 si
3314 1153 3516 1207 ludicra
3565 1166 3717 1222 agere

2158 1242 2336 1307 vellet,
2371 1256 2428 1295 se
2455 1256 2548 1309 par
2574 1243 2687 1309 pari
2719 1241 2919 1296 referre
2960 1256 3146 1311 posse;
3172 1244 3439 1297 hominem
3462 1258 3587 1297 vero
3604 1257 3715 1313 gra-

2160 1330 2296 1385 viter
2346 1340 2529 1385 monet
2586 1339 2641 1384 ut
2676 1331 2727 1384 in
2780 1330 2879 1385 ltoc
2918 1341 3227 1399 argumento
3270 1333 3411 1387 serio
3452 1342 3716 1394 versetur;

2162 1434 2399 1493 paratum
2436 1438 2494 1477 se
2540 1422 2669 1487 fore,
2704 1422 2770 1475 de
2802 1424 2885 1478 his
2925 1438 3020 1491 pro
3045 1425 3339 1492 argumenti
3369 1423 3621 1493 dignitate
3639 1424 3716 1477 tli-

2159 1525 2545 1581 sceptaturum.
2576 1511 2783 1567 Claudii
2804 1513 3083 1581 epistolam
3109 1514 3189 1567 bis
3209 1513 3384 1567 verbis
3410 1530 3427 1566 :
3452 1513 3533 1567 Ne
3563 1524 3608 1565 te
3628 1512 3716 1565 hoc

2161 1606 2335 1668 lateat,
2380 1613 2428 1655 et
2473 1604 2525 1654 in
2568 1603 2815 1672 sacrilega
2849 1602 3071 1655 convicia
3116 1603 3485 1671 imprudentem
3535 1603 3717 1664 trahat,

2141 1696 2285 1749 ἐσίω
2313 1711 2344 1746 a
2372 1693 2671 1747 Christianis
2707 1694 2985 1758 catholicis,
3018 1710 3229 1762 quorum
3266 1695 3320 1747 in
3346 1704 3509 1748 vestro
3536 1695 3717 1764 oppido

2158 1785 2311 1838 etiam
2337 1782 2567 1837 Ecclesia
2602 1784 2871 1837 constituta
2899 1795 2991 1849 est,
3023 1785 3222 1837 nullum
3261 1785 3360 1838 cali
3379 1794 3713 1849 mortuorum,

444 1880 449 1883 ‘
494 1873 703 1937 gustino
748 1872 797 1921 in
856 1870 1044 1923 litteris
1085 1872 1436 1937 reSpousuriis
1462 1912 1477 1935 ,
1512 1870 1837 1939 Namplianio
1887 1871 2059 1937 lingua
2090 1874 2137 1934 B
2163 1873 2292 1927 nihil
2331 1874 2544 1941 denique
2589 1884 2643 1928 ut
2681 1890 2860 1927 numen
2902 1878 3139 1941 adorari,
3186 1875 3321 1943 quod
3348 1878 3415 1928 sit
3458 1876 3651 1951 factum
3677 1883 3718 1928 et

496 1960 689 2012 Punica
728 1959 857 2011 nihil
889 1959 1030 2011 aliud
1071 1960 1334 2026 significet
1374 1976 1529 2027 quam
1564 1960 1677 2013 boni
1718 1961 1862 2027 pedis
1894 1960 2062 2013 ltomi-

497 2066 639 2112 nem,
675 2050 721 2101 id
748 2059 829 2101 est
851 2090 864 2112 ,
898 2052 1299 2119 cujnsadt'enlus
1338 2048 1524 2116 a/ferat
1544 2050 1742 2118 aliquid
1767 2050 2062 2119 felicitatis;

496 2152 621 2190 lelll
652 2141 863 2190 solemus
892 2140 1055 2207 dicere
1079 2143 1295 2190 secundo
1330 2141 1452 2207 pede
1479 2139 1754 2201 intraiisse,
1782 2140 1930 2208 cujus
1984 2137 2063 2189 in-

495 2230 699 2280 :ruituat
740 2230 1045 2295 prosperitas
1090 2228 1262 2295 aliqua
1306 2238 1476 2279 secuta
1524 2229 1608 2279 sit.
1645 2226 1799 2292 Quod
1841 2226 2065 2281 Domino

495 2328 677 2371 nostro
718 2318 958 2387 apprime
987 2318 1270 2386 convenit,
1322 2319 1410 2388 qui
1442 2328 1625 2386 Optato
1656 2318 1789 2386 pede
1832 2316 1882 2370 in
1913 2331 2065 2370 mun-

493 2409 617 2461 dum
644 2409 803 2472 venit,
828 2419 879 2462 et
900 2409 1261 2463 ohamhulavit
1291 2412 1582 2485 εὐεργετῶν.
1610 2410 1686 2464 De
1710 2425 1815 2478 quo
1836 2408 2063 2477 prophe-

495 2502 654 2550 tieutn
683 2498 806 2550 illud
837 2500 1098 2567 imprimis
1127 2499 1325 2552 dictum
1350 2511 1430 2554 est
1461 2519 1471 2552 :
1497 2501 1659 2566 Quam
1680 2501 1883 2571 pulchri
1909 2516 2063 2570 super

495 2598 687 2641 montis
743 2596 856 2640 sunt
904 2589 1053 2657 pedes
1078 2590 1404 2658 pra'dicanlis
1463 2605 1637 2659 pacem
1661 2630 1676 2655 ,
1706 2589 2062 2642 annuntiantis

495 2681 696 2742 bonum,
723 2681 1043 2747 pra‘dit‘anlis
1071 2682 1283 2733 salutem
1299 2682 1318 2732 .'
1340 2681 1559 2734 Nescius
1583 2695 1689 2735 non
1710 2695 1825 2735 sum
1849 2682 1901 2734 in
1926 2680 2059 2737 Illar-

500 2771 752 2838 tyrologio
795 2771 1033 2823 llomano
1074 2770 1195 2822 .lulii
1250 2772 1283 2825 4
1337 2770 1595 2825 celebrari
1645 2770 1954 2825 memoriam
1998 2770 2056 2826 S.

444 2912 450 2916 ,
492 2842 1182 2929 ‘Vamphauionismartyris
1207 2870 1258 2912 et
1284 2860 1572 2923 sociorum,
1601 2876 1728 2927 quos
1741 2859 1827 2913 ille
1853 2861 2063 2912 robora-

496 2948 557 2998 sit
586 2948 652 2998 ad
698 2964 920 3019 pugnant
973 2960 1019 3001 rt
1070 2952 1137 3000 ad
1178 2966 1415 3002 coronam
1444 2952 1698 3019 ρηυρετὶί,
1740 2951 1923 3021 quique
1950 2950 2065 3004 Ma-

497 3039 638 3088 danri
668 3040 716 3089 in
747 3037 921 3103 Africa
955 3038 1091 3104 passi
1112 3047 1248 3093 sunt.
1285 3039 1472 3091 Verum
1500 3038 1611 3093 [περ
1655 3040 1855 3107 omnia,
1888 3056 1950 3094 ex
1984 3042 2067 3097 his

510 3152 689 3166 *ο

2160 1965 2419 2018 conditum
2464 1980 2496 2017 α
2538 1962 2666 2029 Deo,
2711 1964 2800 2018 scd
2829 1980 2983 2017 unum
3022 1966 3186 2035 ipsum
3212 1963 3374 2019 Deum
3419 1967 3507 2034 qui
3545 1966 3719 2034 [ταῦτα

2162 2056 2390 2109 condidit
2421 2058 2607 2109 omnia.
2636 2055 2711 2109 De
2741 2066 2977 2122 tempore
2997 2072 3102 2126 quo
3128 2057 3340 2126 scripta:
3367 2056 3473 2110 sint
3504 2057 3586 2111 Ine
3617 2055 3720 2122 epi-

2162 2147 2313 2202 stola:
2344 2160 2448 2199 non
2470 2154 2696 2200 constat.
2718 2142 2971 2201 Referunt
2990 2161 3080 2201 eas
3103 2145 3375 2200 novissimi
3398 2145 3634 2201 editores
3664 2143 3721 2197 ad

2165 2251 2360 2291 annum
2399 2236 2532 2300 390,
2571 2250 2689 2290 cum
2714 2236 2953 2306 sequenti
2986 2236 3246 2290 idolorum
3283 2234 3456 2289 cultus
3503 2235 3721 2303 impera-

2172 2335 2347 2380 torum
2390 2326 2505 2395 lege
2542 2326 2845 2396 prohibitus
2870 2326 2959 2379 sit.
2982 2324 3086 2380 Sed
3108 2325 3306 2378 nullum
3335 2324 3457 2378 inde
3487 2321 3723 2390 duci‘po-

2170 2424 2273 2471 test
2299 2423 2690 2485 argumentum,
2719 2430 2838 2469 cum
2865 2429 2969 2469 non
2993 2414 3094 2469 hoc
3123 2414 3297 2479 modo,
3329 2414 3423 2485 sed
3460 2423 3517 2466 et
3544 2411 3722 2480 quovis

2127 2509 2136 2566 ‘_
2167 2504 2279 2557 fere
2304 2474 2445 2558 anvno
2488 2505 2728 2572 sequenti
2771 2503 3187 2558 Constitutiones
3214 2474 3514 2571 impei'iales
3538 2500 3639 2555 hac
3663 2502 3722 2555 de

2165 2609 2223 2650 re
2252 2595 2371 2650 lata:
2400 2590 2537 2659 sint,
2589 2603 2645 2648 ut
2691 2594 2745 2649 in
2775 2594 2955 2649 codice
2995 2594 3367 2648 Theodosiano
3412 2592 3597 2646 videre
3625 2600 3720 2653 est,

2166 2700 2359 2755 nempe
2399 2700 2524 2740 ann.
2573 2685 2697 2750 592,
2716 2684 2842 2751 395,
2871 2684 3005 2749 596;
3035 2698 3173 2737 anno
3199 2682 3300 2738 399
3324 2694 3569 2751 quatuor,
3602 2696 3724 2752 qua-

2167 2792 2286 2831 rum
2331 2777 2449 2832 dua:
2484 2776 2551 2830 ad
2605 2776 2836 2831 Africam
2883 2777 3094 2843 pr0prie
3141 2782 3397 2842 Spectant,
3437 2774 3725 2842 iterumque

2166 2881 2306 2920 anno
2332 2865 2457 2930 408,
2490 2881 2557 2921 ne
2583 2866 2802 2920 ulterius
2831 2880 3064 2934 pergam.
3089 2864 3360 2919 Habentur
3376 2865 3457 2917 ha:
3486 2863 3719 2930 epistolae

2166 2954 2296 3010 edit.
2328 2956 2530 3011 noviss.
2558 2957 2644 3020 I6,
2676 2958 2760 3018 l7,
2786 2957 2837 3011 in
2871 2956 3171 3024 vulgaribus
3204 2953 3520 3007 editionihus
3570 2967 3712 3006 num.

2170 3047 2260 3113 45,
2290 3048 2377 3103 44.

865 3314 876 3324 _
926 3225 1376 3305 MAXIMI
1448 3228 2001 3315 EPISTOLA

2165 3235 2232 3317 D
2308 3234 2392 3317 S.
2472 3233 3293 3318 AUGUSTINUM.

571 3355 694 3406 Vide
717 3355 846 3407 hunc
869 3356 1134 3425 epistolam
1164 3359 1291 3411 inter
1314 3360 1729 3429 Augustinianas,
1753 3362 1842 3415 sub
1871 3378 2080 3419 numero
2105 3365 2193 3432 16,
2222 3377 2356 3420 tanta
2386 3366 2599 3421 XXXIII
2625 3376 2810 3420 nostris
2836 3366 3062 3433 Patrol.,
3089 3368 3188 3422 col.
3213 3368 3300 3423 8|.
3330 3369 3483 3424 Eon.

515 3468 3701 3529 ΕΜ

1748 3585 1912 3629 anno
1944 3587 2175 3632 nostra:
2217 3574 2481 3654 CCCLXli.

2972 3560 2979 3567 ο

947 3719 3272 4109 MAMeanNUs.

726 4146 828 4248 DE
874 4184 1239 4247 AUCTORE
1284 4186 1764 4251 PANEGYRICI
1805 4190 1909 4250 ET
1952 4188 2113 4265 QUO
2156 4174 2532 4248 TEMI’ORE
2576 4187 2675 4247 AC
2719 4186 2927 4250 LOCO
2970 4188 3306 4252 HABITUS
3347 4192 3494 4255 SIT.

562 4327 927 4390 Mamertinus,
956 4340 987 4380 a
1016 4326 1222 4380 Juliano
1251 4326 1490 4396 Augusto
1520 4329 1705 4383 consul
1737 4328 1925 4396 factus,
1961 4329 2059 4383 hac
2085 4325 2130 4387 C
2166 4321 2469 4391 [ιτεεΐιόιυὶη
2496 4304 2743 4391 praetorio
2767 4339 2858 4392 per
2884 4326 3169 4397 Illyricum,
3194 4330 3245 4383 in
3273 4332 3421 4400 cujus
3445 4334 3725 4402 provincia

497 4418 732 4471 hratione
763 4416 987 4484 principi
1029 4416 1228 4483 gratias
1273 4419 1399 4483 agit.
1436 4418 1779 4473 Pronuntiata
1810 4430 1893 4473 est
1922 4434 2063 4474 anno

496 4503 689 4558 t.hristi
721 4502 842 4569 502,
873 4518 1016 4567 eum,
1052 4510 1107 4555 ut
1128 4517 1195 4575 ex,
1237 4502 1387 4556 fastis
1424 4516 1684 4573 apparet,
1730 4498 2063 4562 consulatum

498 4604 700 4657 gereret
730 4590 912 4643 Nevitta
943 4591 1168 4659 collega.
1200 4592 1329 4658 Quis
1375 4608 1535 4661 porro
1581 4594 1926 4651 Mamertinus
1976 4599 2065 4652 ille

422 4736 425 4739 Α
498 4683 675 4747 fuerit,
708 4696 769 4735 ex
802 4697 902 4751 qua
949 4682 1113 4751 patria
1160 4684 1439 4747 oriundus,
1470 4684 1677 4747 nullihi,
1706 4688 1843 4754 quod
1875 4690 2061 4741 sciam.

500 4776 759 4841 proditum
790 4782 891 4827 est.
924 4773 1033 4841 Ego
1064 4773 1214 4827 facile
1243 4783 1422 4842 putem
1452 4775 1590 4829 hunc
1612 4776 1854 4832 Messztna
1884 4779 2066 4832 oriun-

497 4870 619 4918 dum
660 4866 864 4929 fuisse;
905 4865 983 4919 sic
1010 4865 1153 4917 enim
1182 4865 1552 4921 Messaneuses
1601 4877 1817 4936 propter
1844 4870 2067 4924 Mamer-

500 4956 635 5011 tinos
685 4954 916 5021 ho~pitio
961 4963 1214 5022 exceptos
1252 4953 1379 5007 dicti
1425 4964 1550 5009 sunt
1590 4956 1909 5012 Mamertini.
1942 4962 2067 5027 Ejus

501 5048 700 5101 mentio
742 5048 800 5098 fit
846 5046 900 5099 in
943 5045 1101 5122 griis
1130 5046 1262 5100 locis
1290 5046 1430 5116 apud
1460 5048 1820 5113 Ammianum,
1851 5050 1943 5103 lib.
1990 5067 2063 5115 vt,

501 5138 592 5191 lib.
623 5152 730 5199 ut,
761 5136 852 5189 lib.
879 5150 1029 5190 unt.
1063 5137 1233 5204 Atque
1257 5137 1417 5191 etiam
1445 5138 1556 5207 ipse
1584 5139 1651 5193 de
1678 5154 1737 5193 se
1766 5156 1870 5194 non
1901 5142 2067 5197 semel

502 5227 732 5294 loquitur
759 5228 859 5280 hoc
886 5224 937 5283 in
966 5226 1317 5297 Panegyrico;
1350 5218 1422 5282 ex
1449 5228 1642 5291 quibus
1672 5229 1802 5283 locis
1823 5233 2068 5287 omnibus

503 5323 711 5368 consmt
739 5313 1107 5368 Mamertinum
1159 5313 1464 5384 pmfectum
1510 5318 1701 5373 aerario
1745 5321 1927 5389 fuisse,
1957 5331 2067 5377 tum

2171 4414 2629 4469 administratione
2659 4419 2931 4484 peculatus
2959 4434 3080 4473 rcus
3106 4422 3378 4476 absolutus
3400 4435 3501 4487 εει,
3528 4438 3589 4477 ac
3618 4433 3727 4478 tan-

2167 4504 2288 4557 dem
2317 4519 2343 4554 a
2372 4503 2580 4557 Juliano
2620 4507 2805 4560 consul
2852 4508 3038 4563 factus.
3089 4516 3167 4565 An
3216 4529 3343 4567 vero
3392 4515 3729 4569 Mamertinus

2170 4596 2255 4651 hic
2298 4596 2436 4651 idem
2467 4596 2623 4650 fuerit
2648 4609 2807 4666 atque
2837 4600 2923 4653 ille
2952 4602 3037 4655 cui
3068 4605 3367 4673 panegyrici
3410 4604 3444 4657 2
3472 4614 3526 4660 et
3550 4605 3586 4657 5
3619 4606 3725 4660 lla-

2167 4692 2401 4744 ximiano
2452 4691 2574 4745 dicti
2607 4692 2986 4757 attribuuntur,
3021 4709 3190 4762 neque
3234 4696 3390 4750 velim
3442 4696 3725 4760 afﬁrmare.

2172 4788 2231 4833 ut
2271 4780 2335 4833 ad
2379 4781 2477 4835 hos
2508 4783 2852 4851 panegyricos
2888 4785 3197 4847 observavi,
3249 4798 3463 4855 pr0ptcr
3508 4789 3725 4861 spatium

2175 4874 2506 4941 septuaginta
2538 4888 2797 4927 annorum
2827 4876 2965 4930 inter
2992 4877 3202 4932 illorum
3232 4890 3287 4939 et
3312 4880 3467 4951 hujus
3508 4894 3727 4950 panegy-

2178 4965 2274 5018 riti
2303 4974 2537 5032 tempora
2563 4980 2575 5028 ;
2602 4980 2771 5034 neque
2792 4966 2959 5020 ausim
2984 4981 3199 5034 prorsus
3230 4978 3443 5036 negare,
3473 4982 3589 5035 nam
3621 4977 3725 5022 tum

2173 5070 2293 5109 cum
2344 5053 2481 5108 hanc
2520 5058 2812 5111 orationem
2860 5056 2997 5109 dixit
3041 5056 3323 5110 admodum
3364 5073 3525 5112 senex
3552 5038 3728 5112 luisse

2174 5146 2403 5213 videtur,
2436 5157 2490 5199 ut
2513 5158 2720 5200 constat
2746 5162 2814 5201 ex
2843 5161 3027 5214 paneg.
3058 5163 3202 5201 num.
3235 5150 3300 5207 ΓΙ
3331 5167 3342 5201 :
3369 5149 3475 5203 Sed
3500 5164 3530 5201 α
3553 5149 3731 5203 ωιεώ

2172 5239 2318 5290 annis
2352 5240 2413 5290 ab
2448 5248 2598 5291 (etate
2640 5239 2825 5303 puerili
2855 5238 2922 5291 ad
2951 5221 3081 5292 hanc
3112 5256 3269 5309 usque
3295 5240 3528 5301 canitiem
3553 5256 3729 5301 constt—

2171 5328 2306 5381 latus
2326 5344 2497 5382 amore
2520 5329 2751 5397 ﬂagravi.

511 5436 2566 5477 mm

1669 5522 2035 5587 SYNOPSIS
2077 5526 2578 5590 PANEGYRICI.

578 5694 581 5699 .
1084 5640 1149 5694 IN
1181 5640 1503 5697 EXOIIDIO.

580 5731 765 5785 Reddit
796 5729 1053 5785 rationem
1076 5745 1167 5785 cur
1197 5745 1295 5799 pro
1323 5731 1641 5796 praefectura
1664 5738 1836 5791 aerarii
1864 5748 1911 5793 et
1940 5755 2045 5809 pra:

2188 5661 2301 5703 tura
2344 5666 2465 5705 eum
2515 5650 2726 5706 Iuliano
2770 5654 3071 5723 imperatori
3114 5652 3309 5721 gratias
3338 5652 3606 5727 hucusque
3632 5668 3732 5708 non

2188 5743 2352 5811 egerit
2381 5784 2393 5809 ,
2441 5742 2491 5796 id
2520 5758 2675 5813 agere
2702 5746 2883 5801 consul
2913 5742 3265 5813 aggrediatur.
3299 5747 3449 5813 Quod
3476 5757 3662 5832 nes-pe
3682 5742 3733 5799 in
