3820 6364
479 519 572 572 ΗΙ
1846 501 2305 559 MAMERTINUS.
3592 498 3685 553 ιιι

479 628 757 692 tutela-que
782 619 1067 685 mandasti,
1120 607 1306 688 ingens
1331 617 1510 687 jttdicii
1550 615 1623 669 tui
1662 614 1756 669 fuit
1806 630 2025 677 munus;
2058 621 2105 676 Α
2135 623 2360 697 ratmem
2398 610 2740 663 inclementer
2766 618 2819 663 et
2846 609 3003 676 impie
3044 608 3266 678 cogitata
3310 619 3468 677 atque
3494 624 3683 665 susce-

480 714 611 767 ιδεά
644 716 692 765 in
716 727 781 766 eo
808 726 912 764 non
935 710 1061 763 mihi
1089 709 1257 762 solum
1273 722 1427 776 quem
1460 716 1601 758 tanta
1626 714 1883 774 potestate
1912 719 2029 757 sue-
2137 715 2221 770 pta
2252 711 2393 765 sunt,
2425 704 2445 734 ε’
2470 702 2512 754 si
2539 700 2695 753 etiatu
2728 714 2867 754 nunc
2897 700 3162 753 hominum
3187 710 3354 754 coetus
3378 702 3532 753 divos
3557 701 3683 755 Con-

477 805 743 868 ciuxeras,
800 815 983 853 verum
1029 799 1189 852 etiam
1244 797 1469 866 negotiis
1517 796 1619 849 tuis
1664 795 2029 850 commodasse
2130 792 2354 846 stantius
2386 791 2763 858 frequentaret.
2810 791 3082 859 Nunquam
3118 791 3352 859 profecto
3382 790 3533 846 liberi
3562 794 3685 845 civis

479 894 813 959 aliquatenus
843 876 1114 943 videbai’e.
2128 894 2183 937 et
2210 883 2328 935 boni
2356 881 2614 935 senatoris
2640 882 2813 933 oflicio
2847 878 3129 933 defuissem
3156 919 3170 943 ,
3207 882 3485 949 quominus
3514 881 3684 934 redar-

550 984 610 1036 ιι.
642 982 807 1035 Porro
834 980 885 1033 in
909 976 1246 1032 decernendo
1273 976 1545 1029 consulatu
1588 974 1805 1028 remotis
1837 973 2031 1025 ntilita-
2131 986 2347 1039 guercm
2383 978 2433 1023 et
2461 971 2829 1024 comincerem
2857 985 2945 1023 eas
2974 968 3046 1023 illi
3076 970 3124 1022 in
3154 979 3204 1024 te
3247 972 3350 1024 odii
3381 971 3545 1026 fuisse
3566 970 3691 1026 can-

481 1072 619 1125 tibus
649 1073 751 1123 tuis
798 1069 1056 1121 rationem
1100 1081 1230 1120 mea:
1264 1066 1435 1117 solum
1468 1064 1734 1130 dignitatis
1780 1062 2025 1117 habuisti.
2132 1075 2238 1124 sas,
2268 1071 2289 1096 ε
2313 1075 2428 1127 quae
2457 1061 2648 1113 amoris
2677 1059 3101 1114 iullarnmatrices
3121 1070 3172 1115 et
3195 1062 3311 1115 lidei
3340 1063 3554 1116 obsides
3577 1076 3685 1116 esse

480 1161 608 1212 Nam
640 1160 689 1211 in
721 1158 1262 1211 administrationibus
1294 1156 1441 1209 labor
1473 1154 1656 1206 honori
1687 1152 2025 1220 adjungitar:
2128 1154 2441 1206 del-uerunt.

480 1251 528 1303 in
559 1250 832 1303 consulatu
864 1247 1032 1316 honos
1061 1245 1177 1298 sine
1206 1244 1386 1298 labmc
1428 1244 1727 1311 suscipitur.
1768 1242 1820 1296 lu
1862 1244 1963 1295 illis
1984 1243 2027 1294 si
2196 1245 2284 1298 IV.
2316 1244 2733 1297 Florentiss‘mas
2755 1246 3012 1312 quondam
3036 1242 3529 1311 ant'quissimasque
3548 1242 3683 1293 “nr—

481 1341 692 1401 heteris,
724 1337 927 1404 cupida:
954 1335 1260 1389 atuhitiOuis
1286 1351 1401 1389 esse
1435 1336 1693 1397 videaris;
1730 1334 1779 1385 in
1811 1335 1908 1386 hoc
1931 1332 2029 1385 nisi
2133 1337 2223 1391 bes
2254 1339 2460 1390 barbari
2495 1337 2858 1404 possidebant,
2893 1337 2984 1390 Gal
3010 1352 3157 1388 orum
3188 1336 3271 1388 ΠΙ..
3303 1335 3570 1389 cerebrm;
3600 1351 3686 1387 ιιυ-

478 1442 657 1500 aperte
687 1442 736 1484 et
765 1429 1030 1497 propalam
1059 1429 1273 1493 laeteris,
1307 1428 1542 1497 ingratus
1564 1427 1656 1480 sis.
1694 1428 1801 1479 llue
1828 1425 2030 1478 accedit
2132 1428 2305 1484 bilitas
2347 1440 2437 1482 aut
2486 1431 2624 1482 ferro
2673 1428 2935 1482 occiderat
2963 1470 2977 1492 ,
3022 1438 3112 1481 a:.t
3156 1428 3442 1481 immitibus
3484 1427 3684 1481 addicta

478 1521 616 1589 quod
641 1522 753 1588 ipsa
783 1522 796 1550 '
824 1513 935 1573 haec
965 1520 1109 1578 urbs.
1142 1528 1297 1585 atque
1328 1518 1427 1570 hoc
1449 1517 1873 1582 augustissimum
1905 1530 2029 1589 con-
2130 1517 2358 1571 dominis
2383 1518 2663 1571 serviebat.
2692 1517 2855 1570 Porro
2876 1517 2993 1570 alite
3022 1531 3148 1585 quas
3177 1532 3205 1569 a
3234 1518 3477 1571 vasutate
3508 1516 3687 1569 barba-

480 1588 581 1664 silii
614 1609 805 1679 publici
838 1608 1093 1675 templum
1133 1607 1362 1660 oflicinm
1409 1607 1561 1675 hujus
1598 1608 1853 1660 orationis
1885 1588 2029 1660 eflla-
2131 1608 2239 1661 rica
2283 1616 2540 1661 terrarum
2586 1606 2859 1661 intervalla
2886 1606 3197 1660 distulerant
3221 1605 3453 1674 judicum
3485 1606 3688 1659 nomine

479 1702 665 1767 gitant.
717 1700 839 1753 llaec
889 1699 1003 1765 tibi,
1057 1697 1282 1751 nominis
1326 1698 1465 1762 novi,
1513 1700 1604 1751 sed
1652 1699 2032 1765 antiquissima:
2134 1698 2397 1752 anefariis
2428 1700 2713 1753 latronibus
2732 1699 3129 1761 obtinebantur;
3163 1696 3691 1766 ingenua“iudiguis

481 1789 790 1853 nobilitatis,
834 1788 1021 1840 civitas
1055 1798 1135 1841 est
1176 1788 1342 1855 patria
1370 1804 1381 1838 ;
1417 1789 1435 1815 ²
1465 1788 1547 1838 hie
1587 1787 1810 1863 primum
1836 1786 2028 1851 editus,
2134 1793 2455 1846 cruciatibus
2483 1805 2736 1859 corpora;
2770 1805 2923 1844 nemo
2949 1790 3015 1844 ab
3044 1790 3230 1857 injuria
3261 1790 3415 1854 liber,
3439 1804 3596 1843 nemo
3622 1789 3691 1842 in.

484 1879 567 1932 bic
610 1880 759 1945 quasi
809 1878 1070 1945 quoddam
1115 1878 1347 1931 salutare
1387 1877 1614 1930 humano
1661 1879 1836 1946 generi
1886 1878 2033 1932 sidus
2141 1893 2307 1937 tactus
2336 1898 2364 1934 a
2394 1882 2751 1947 contumelia,
2784 1883 2883 1935 nisi
2911 1882 2997 1951 qui
3029 1881 3393 1935 crudelitatem
3439 1879 3696 1947 pnedonis

482 1981 719 2024 exortus.
766 1970 827 2023 lli
856 1970 1002 2022 cives
1030 1978 1082 2023 et
1113 1970 1393 2038 populares
1426 1972 1494 2021 tui
1539 1958 1695 2022 silere
1726 1985 1809 2023 me
1831 1986 1933 2022 non
1962 1970 2035 2021 si-
2069 1961 2115 2019 B
2143 1971 2167 2011 δ
2198 1974 2363 2042 pretio
2410 1975 2697 2043 mitigasset
2730 1991 2743 2025 :
2773 1983 2829 2027 ut
2851 1972 2957 2040 jam
2999 1971 3205 2026 barbari
3252 1967 3694 2031 desiderarentur.

488 2074 638 2129 nunt,
669 2077 763 2115 nec
793 2062 1060 2129 patiuntur
1088 2072 1141 2114 ut
1169 2063 1443 2130 quisquam
1476 2063 1610 2115 alius
1633 2063 1651 2093 ³
1680 2063 2042 2130 auspicatissi-
2144 2075 2199 2119 ut
2238 2075 2618 2134 prm0ptaretur
2657 2079 2687 2117 a
2724 2064 2931 2119 miseris
2961 2063 3167 2116 fortuna
3195 2060 3487 2131 captorum.
3521 2062 3575 2114 lu
3606 2061 3696 2113 hoc

492 2169 579 2206 ιιιο
628 2154 713 2205 (³ίο
752 2151 890 2220 θριιιι
933 2160 982 2204 ιο
1029 2166 1090 2204 ac
1129 2152 1194 2205 de
1235 2160 1285 2205 le
1313 2151 1556 2219 ιυιιυοηιιί
1585 2167 1775 2206 munus
1806 2163 2040 2220 υόυτρειι
2143 2169 2281 2213 statu
2323 2161 2608 2228 imperator
2638 2168 2817 2210 noster
2843 2156 3038 2211 Gallias
3077 2164 3260 2208 nactus
3302 2155 3577 2208 minimum
3610 2153 3697 2205 ha-

485 2258 639 2310 quam
668 2244 710 2295 is
741 2242 827 2309 qui
852 2242 1181 2308 amplissimo
1210 2243 1277 2294 sit
1308 2242 1557 2309 praeditus
1580 2244 1912 2309 magistratu.
1944 2242 2046 2295 Pu-
2145 2250 2256 2303 buit
2285 2249 2535 2302 adversus
2562 2248 2764 2301 hostem
2795 2241 2989 2300 laboris
3013 2256 3167 2315 atque
3198 2238 3521 2298 disciiminis
3546 2283 3561 2307 ,
3603 2257 3700 2296 una

488 2346 594 2387 tant
624 2335 816 2401 aliquid
847 2334 1082 2401 adjicere
1123 2334 1559 2399 adsplendorem
1595 2335 1804 2388 laudum
1839 2345 2046 2388 tuarum
2144 2342 2256 2394 acie
2284 2338 2564 2394 Germania
2596 2338 2836 2391 universa
2869 2336 3037 2390 delt-ta
3065 2343 3164 2398 est,
3200 2337 3239 2410 ’ξ
3271 2349 3376 2387 uno
3406 2336 3587 2403 pretio
3616 2333 3698 2387 ac.

484 2424 719 2477 consulis
750 2439 960 2487 nomen,
994 2432 1046 2476 et
1075 2434 1216 2476 recte
1249 2434 1451 2491 putant.
1484 2425 1739 2493 Atlj’citur
1765 2427 1902 2479 enim
1932 2426 2045 2478 lau-
2146 2430 2419 2493 bellatum,
2443 2429 2534 2481 sed
2565 2428 2865 2482 emendatio
2896 2442 3121 2491 morum,
3142 2427 3566 2494 iudiciorumque
3591 2440 3699 2479 cor-

486 2514 612 2567 dum
662 2515 899 2582 dignitati
948 2513 1148 2567 honore
1194 2514 1473 2567 laudantis.
1522 2517 1596 2569 Ac
1627 2516 1766 2580 licet,
1814 2516 2042 2571 maxime
2146 2521 2313 2576 rectio
2341 2528 2393 2575 et
2423 2530 2444 2557 θ
2475 2518 2689 2573 difﬁcile
2720 2520 2977 2573 luctamen
2998 2561 3013 2585 ,
3044 2528 3093 2571 et
3130 2518 3346 2586 periculi
3380 2519 3590 2585 plenum
3619 2532 3700 2571 ue.

489 2607 801 2674 imperator,
830 2606 1041 2673 publico
1066 2606 1264 2672 judicio
1288 2615 1340 2660 et
1372 2607 1585 2659 nomine
1614 2620 1769 2674 agere
1801 2606 1892 2660 tibi
1924 2622 2049 2676 graa
2149 2607 2345 2678 gotiuin
2377 2609 2491 2662 fuit.
2521 2610 2649 2662 Nam
2678 2618 2735 2661 ut
2762 2609 2982 2676 quisque
3016 2608 3437 2675 improbissimus
3476 2616 3611 2672 erat,
3641 2608 3703 2661 ita

489 2699 587 2751 tias
627 2698 866 2759 debeam,
907 2707 1080 2750 tamen
1128 2696 1214 2749 illa
1260 2712 1389 2783 qure‘
1428 2711 1520 2764 pro
1562 2711 1764 2749 sununa
1816 2711 1876 2750 re
1907 2696 2052 2751 domi
2152 2702 2381 2755 maxime
2407 2698 2629 2753 Carsaris
2660 2700 2815 2752 rebus
2846 2697 3372 2767 initui‘cusgvitandls
3404 2698 3575 2763 legum
3605 2712 3704 2764 po:-

492 2788 725 2857 forisque
754 2786 988 2855 gessisti,
1031 2802 1171 2839 nunc
1196 2800 1262 2839 ex
1305 2795 1453 2853 parte
1482 2788 1707 2840 maxima
1732 2788 2049 2855 praetermit-
2152 2794 2234 2847 nis
2258 2792 2323 2846 de
2345 2806 2483 2846 novo
2504 2792 2705 2845 scelere
2734 2790 2962 2844 remedia
2986 2789 3283 2856 quaerebat,
3312 2795 3364 2841 et
3389 2788 3509 2856 quia
3534 2786 3705 2840 defen-

496 2889 625 2941 tam,
652 2888 709 2931 ut
739 2877 757 2906 ⁸
790 2876 1100 2945 quantocius
1131 2876 1197 2929 ad
1226 2890 1284 2930 ea
1313 2892 1429 2945 qua:
1460 2879 1669 2946 propria
1696 2886 1836 2944 sunt,
1869 2884 2052 2948 perveo

2182 2886 2281 2939 iere
2312 2882 2538 2936 admissa
2570 2880 2761 2948 flagitia
2790 2896 2891 2933 non
2923 2889 3155 2948 poterat,
3188 2879 3239 2932 in
3275 2877 3291 2915 τ
3327 2879 3554 2931 ultorem
3580 2878 3707 2945 juris

494 2972 604 3024 nini
629 2970 820 3022 οωιίο·
2155 2974 2404 3029 invidiam
2434 2972 2769 3040 congerebat.
2809 2971 2869 3024 Et
2898 2986 3015 3022 tum
3048 2968 3212 3023 sancti
3253 2969 3504 3037 principis
3544 2980 3713 3019 mores

504 3128 509 3135 ἱ
558 3058 643 3113 Ill.
684 3060 762 3111 An
785 3072 883 3125 ego
909 3057 1336 3124 nutic‘receptas
1367 3056 1556 3110 virtute
1579 3063 1663 3109 tua
1681 3056 2055 3121 Gallias,“bar—

2182 3073 2312 3133 tque
2343 3064 2579 3117 instituta
2614 3062 2857 3115 falsarum
2886 3062 3189 3129 opinionum
3220 3101 3234 3124 ,
3276 3059 3711 3126 vituperationem

490 3148 687 3202 baria'lll
715 3163 925 3202 omnem
954 3148 1221 3203 subactam
1255 3162 1463 3217 pergam
1494 3149 1639 3216 (1035i
1667 3164 1797 3201 nova
1826 3160 1877 3203 el
1908 3151 2056 3204 inau-
2157 3155 2421 3211 licentiam
2444 3153 2837 3215 submoverent,
2856 3151 3046 3205 callido
3067 3150 3288 3204 nocendi
3316 3148 3541 3203 artiﬁcio
3566 3163 3710 3204 accu-

491 3242 595 3294 dita
633 3254 929 3295 memorare
953 3279 968 3302 ,
1015 3254 1133 3307 qua:
1174 3240 1227 3292 in
1276 3239 1373 3292 hac
1415 3240 1634 3292 Romani
1675 3240 1878 3306 lmperii
1909 3251 2055 3309 parte
2095 3305 2124 3309 _
2158 3247 2404 3299 satoriam
2436 3245 2697 3297 diritatem
2726 3250 2749 3287 ες
2781 3241 2823 3272 ³⁸
2852 3242 3061 3295 laudum
3091 3241 3254 3293 titulis
3296 3240 3642 3308 peragebant,
3664 3241 3711 3292 in

491 3330 871 3399 gloriOSiSSima
902 3328 1010 3381 εἰηῑ
1038 3327 1189 3380 fama:
1219 3328 1370 3381 Ιίὶιῖάθ
1410 3329 1672 3382 celebra“!
1697 3370 1710 3391 ι
1754 3330 1806 3382 in
1854 3339 2053 3383 lanium
2082 3305 2127 3367 Ο
2158 3337 2402 3391 omnibus
2428 3332 2815 3399 conventiculis
2858 3330 3005 3399 quasi
3041 3346 3133 3399 per
3170 3331 3588 3384 benevolentiam
3633 3330 3712 3382 illa

497 3433 552 3475 ut
576 3423 595 3451 "
625 3420 799 3474 fratris
848 3420 1180 3487 imperatoris
1222 3430 1547 3474 mererentur
1588 3420 1883 3484 invidiam!
1920 3413 2053 3488 Quid
2158 3428 2436 3499 jactantes,
2467 3424 2707 3478 lulianus
2731 3422 3088 3475 Alamanniam
3118 3421 3340 3488 domuit,
3362 3421 3602 3476 Julianus
3627 3435 3713 3474 ur-

493 3512 633 3566 enim
664 3526 693 3562 a
727 3520 776 3564 te
806 3508 947 3563 aliud
971 3512 992 3541 ⁸
1020 3508 1281 3564 cmiso‘rtis
1309 3510 1639 3579 imperatoris
1668 3513 1914 3566 alienavit
1940 3515 2052 3565 ani-
2156 3516 2250 3570 bes
2274 3516 2455 3569 Gallia-
2485 3530 2545 3568 ex
2581 3514 2773 3567 favillis
2803 3524 2853 3568 et
2882 3514 3144 3567 cineribus
3173 3514 3441 3566 excitavit.
3468 3513 3571 3565 Illic
3600 3527 3715 3579 pro-

463 3648 467 3653 .
494 3614 660 3665 mum,
689 3602 786 3654 nisi
816 3601 999 3668 glori-.0
1022 3608 1123 3653 tute
1154 3601 1440 3668 splendor?
1484 3602 1673 3656 Testor
1703 3605 2050 3658 immortalem
2157 3608 2343 3663 vincite
2390 3607 2649 3669 obsesste,
2677 3586 2995 3673 expugnata:
3018 3646 3034 3669 ,
3069 3606 3207 3658 ferro
3251 3604 3460 3671 ignique
3505 3613 3716 3659 vastata:

496 3692 685 3759 Deum,
720 3695 884 3747 testor
912 3688 939 3728 δ
967 3690 1031 3745 ad
1064 3694 1229 3747 vicem
1259 3694 1489 3747 numinis
1504 3695 1631 3748 mihi
1661 3705 1896 3749 sanctam
1924 3712 2053 3750 eon-
2159 3698 2423 3754 beatiores
2450 3704 2572 3749 sunt
2612 3696 2693 3749 his
2717 3686 2924 3764 oppidis
2944 3709 3061 3764 quae
3088 3694 3243 3748 habet
3264 3696 3381 3747 sine
3407 3695 3557 3749 ho~te
3582 3695 3717 3748 Con-

493 3783 764 3838 scientiam
794 3788 962 3837 tnealn
986 3820 1004 3846 ,
1044 3798 1129 3836 me
1158 3783 1319 3837 multa
1358 3794 1662 3840 constanter
1705 3787 1756 3840 in
1793 3786 1889 3841 hac
1927 3787 2057 3841 urbe
2161 3791 2405 3844 stantius.
2437 3788 2477 3819 “
2500 3787 2943 3843 IEslatesomnes
2970 3787 3021 3839 in
3049 3788 3267 3849 castris,
3299 3785 3502 3839 hiemes
3530 3785 3581 3840 in
3626 3786 3719 3838 tri-

495 3876 655 3931 fuisse
684 3875 946 3929 dicturum
972 3874 1040 3928 dc
1068 3874 1150 3928 his
1173 3887 1293 3944 qua:
1320 3876 1575 3931 adversus
1602 3880 1855 3946 optimum
1890 3880 2059 3949 impe-
2146 3880 2436 3935 ,bunalibus
2463 3878 2622 3947 degit.
2649 3878 2719 3931 lta
2746 3878 2819 3931 illi
2850 3876 2973 3930 anni
2996 3876 3164 3945 spatia
3191 3875 3361 3931 divisa
3394 3885 3539 3942 sunt,
3558 3888 3612 3929 ut
3634 3882 3723 3929 aut

567 4008 584 4039 ⁸
609 3998 1103 4082 constantiuopolis
1138 4020 1275 4060 novo
1322 4009 1537 4063 nomine
1579 4010 1875 4080 appellata,
1929 4028 2047 4082 que

495 4076 621 4132 olim
649 4076 948 4146 Byzantium
970 4076 1263 4146 dicebatur.

567 4150 588 4178 ⁸
616 4142 1138 4215 JulianusAugustus
1151 4142 1608 4215 Constantinopoli
1637 4154 1788 4203 natus
1812 4157 1891 4205 est
1911 4164 2051 4205 anno

496 4214 691 4269 Christi
716 4217 811 4270 331
827 4255 843 4277 ,
872 4227 1061 4269 octavo
1081 4214 1195 4268 idus
1219 4214 1563 4273 Novembres.

567 4284 588 4315 ³
614 4284 726 4338 Cal.
758 4284 1013 4343 Januarii,
1057 4284 1247 4350 quibus
1277 4286 1617 4341 Mamertinus
1645 4302 1749 4343 una
1793 4304 1915 4344 cum
1940 4289 2045 4345 Ne-

500 4354 603 4408 vita
634 4353 833 4424 collega
864 4353 1195 4409 consulatum
1225 4355 1612 4424 auspicabatur.

570 4424 591 4454 ⁸
628 4423 913 4478 Citissime.
1166 4464 1177 4474 .

569 4495 591 4525 ⁵
631 4494 855 4569 Ereptas
902 4508 970 4569 ex_
1006 4495 1403 4569 barbaris,_qui
1431 4510 1457 4545 a
1484 4494 1789 4569 Constantio
1821 4499 2054 4569 Angusto

500 4571 685 4616 contra
714 4564 1065 4631 Magnentitm
1096 4564 1299 4618 evocati
1326 4604 1340 4627 ,
1386 4580 1503 4617 cum
1546 4567 1670 4618 nulli
1700 4568 1815 4620 usui
1843 4564 2053 4623 ad'eam

502 4647 614 4686 rem
637 4646 755 4687 esse
776 4646 833 4687 se
856 4633 1113 4702 viderent,
1134 4632 1327 4687 Gallias
1353 4635 1749 4702 pepulabantur.
1774 4640 2053 4694 Solamen.

503 4702 595 4756 lib.
628 4714 690 4763 ν,
715 4715 831 4768 cap.
870 4700 925 4755 2.
966 4703 1188 4772 Jamque
1230 4700 1431 4772 oppida
1468 4704 1631 4759 lenne
1672 4707 1741 4760 45
1785 4720 2053 4776 ceperant,

503 4770 674 4826 inauit
700 4771 959 4826 Julianus.
1064 4780 1073 4789 ‘

502 4780 674 4836 inquit
700 4780 959 4826 Julianus.
1064 4780 1073 4789 ’

574 4841 595 4871 ⁸
637 4842 868 4905 Francos
896 4842 947 4896 in
980 4842 1163 4909 primis
1190 4856 1252 4896 ae
1275 4840 1566 4895 Germanos
1591 4858 1792 4897 omnes.

574 4912 593 4939 '
632 4911 926 4966 Constantii
960 4913 1215 4981 Augusti,
1270 4927 1424 4978 quem
1466 4912 1657 4966 .luliaui
1713 4914 1926 4969 fratrem
1959 4932 2056 4971 vo-

507 4988 609 5043 cat,
639 4996 731 5035 seu
760 4982 898 5049 quod
928 4984 1191 5049 patrueles
1211 4990 1408 5043 essent,
1438 4983 1485 5034 id
1511 4993 1613 5046 est,
1636 4985 1876 5038 eumdem
1903 4988 2062 5041 hahe-

508 5061 625 5103 rient
650 5065 807 5103 avum
838 5050 1227 5113 Constantium,
1258 5064 1352 5104 seu
1381 5052 1518 5120 quod
1544 5051 1782 5109 Julianus
1812 5056 2061 5112 llelenam

508 5120 797 5174 Constantii
829 5136 1065 5175 sororem
1099 5124 1353 5175 duxisset.

577 5192 597 5220 "
640 5191 955 5245 Constantii.

577 5260 598 5290 ’
640 5260 693 5312 Si
754 5261 954 5315 viveret
1004 5260 1179 5315 adhuc
1231 5260 1591 5316 Consmntius.
1638 5262 1683 5315 ls
1724 5272 1895 5318 autem
1940 5273 2062 5319 ante

510 5344 703 5385 amvzm
733 5331 934 5383 obierat
979 5331 1133 5386 tertio
1175 5345 1341 5385 nouas
1370 5334 1581 5397 Octob,
1630 5348 1790 5402 prope
1821 5336 2060 5399 Tarsum,

1838 5443 2398 5527 INTERPItETATIO.

593 5545 617 5571 α
637 5532 737 5591 Sed
764 5548 821 5584 ea
843 5532 895 5583 in
923 5548 975 5583 re
1003 5546 1101 5583 non
1135 5529 1257 5583 mihi
1286 5540 1501 5593 tantum,
1546 5548 1688 5600 quem
1715 5542 1850 5583 tanta
1881 5537 2065 5599 pra'fe-
2173 5550 2344 5587 rerum
2368 5536 2618 5589 servitute
2646 5548 2781 5599 esse,
2814 5538 2860 5587 et
2892 5532 3102 5584 miseria:
3130 5543 3239 5584 sua:
3269 5538 3623 5597 preponereul
3657 5544 3741 5583 ca-

514 5616 539 5651 c
566 5618 654 5650 ιιι-ιι
678 5601 1151 5665 ωΙιοηεειαι-υιμεά
1178 5604 1329 5653 etiam
1355 5601 1500 5654 rebus
1527 5604 1622 5654 tuis
1645 5603 1872 5656 serviisse
1897 5602 2065 5670 aliquo
2132 5632 2139 5638 ·
2174 5606 2425 5672 privarunt
2454 5616 2655 5657 sortem.

516 5673 663 5719 modo
693 5671 957 5723 videbaris.
2177 5671 2181 5672 ί
2247 5684 2269 5711 ε
2309 5675 2539 5726 Arduum
2568 5690 2710 5739 Opus.

587 5739 611 5775 δ
747 5741 825 5791 ιιιιί
854 5742 980 5815 loco.
1221 5810 1239 5815 Δ
1268 5811 1276 5815 Δ
1420 5812 1428 5815 _
1522 5812 1529 5815 _
1793 5812 1800 5815 Α
1840 5811 1848 5815 _
1905 5812 1913 5815 Α
2249 5742 2267 5780 ί
2310 5743 2556 5815 familiam
2587 5738 2833 5815 Conﬁrmat
2862 5739 2982 5815 huic
3007 5738 3252 5805 a‘quitalis
3278 5740 3480 5796 vindici.

591 5820 610 5881 σί
656 5810 779 5881 Qme
801 5810 867 5859 ad
892 5826 1111 5881 lunarem
1132 5819 1175 5881 et
1204 5810 1355 5877 ﬁdem
1382 5812 1680 5881 obstringere
1703 5821 1747 5864 te
1768 5811 2066 5863 debuissent.
2248 5824 2272 5861 ε
2311 5813 2579 5867 Laudandi
2606 5810 2767 5880 specie
2793 5812 3077 5871 obleqcbant

589 5875 611 5909 ά
656 5879 784 5932 Uula
804 5881 1020 5946 pecunia
1046 5875 1294 5943 leitiisSet',
1323 5882 1391 5934 ita
1414 5894 1463 5935 ut
1490 5875 1711 5943 optarent
1737 5898 1788 5935 se
1812 5883 1861 5937 iu
1892 5883 2059 5936 barba-

2152 4026 2273 4067 cum
2297 4009 2552 4064 adversus
2579 4008 2765 4062 Persas
2793 4005 3235 4076 proficisceretur.

2222 4083 2264 4114 ¹⁰
2304 4080 2657 4201 Quadraginta
2683 4078 2929 4148 quinque,
2978 4077 3021 4131 si
3051 4076 3259 4132 .Iuliano
3301 4076 3602 4139 credimus,
3638 4086 3719 4129 al-

2222 4168 2247 4201 e
2270 4168 2300 4201 α
2340 4168 2398 4201 eo
2424 4150 2593 4201 burais
2620 4158 2668 4201 et
2701 4150 2917 4201 castellis
2943 4146 3219 4201 minoribus
3261 4147 3477 4201 omissis.
3512 4146 3719 4201 Relimta

2150 4167 2247 4217 que
2270 4146 2398 4203 adeo
2424 4146 2593 4218 burgis
2620 4158 2668 4203 et
2697 4146 2917 4202 castellis
2943 4146 3219 4218 minoribus
3261 4147 3477 4201 omissis.
3512 4146 3729 4218 Reliqua

2151 4216 2266 4275 cera
2292 4219 2463 4275 Gallia
2491 4216 2817 4271 barbarorum
2844 4216 3254 4286 populationibus
3273 4225 3319 4269 et
3345 4217 3721 4269 excursionibus

2151 4300 2346 4343 vastata
2377 4298 2483 4343 erat
2510 4297 2557 4341 et
2579 4287 2790 4340 inculta.

2222 4362 2261 4390 “
2303 4359 2454 4421 Adde
2496 4357 2763 4421 suberant,
2814 4356 2895 4410 vel
2958 4355 3309 4409 lacerabantur
3338 4371 3358 4409 :
3387 4370 3543 4423 quam
3603 4356 3722 4407 ulti-

2159 4445 2298 4484 mam
2328 4444 2507 4483 vocem
2535 4428 2795 4482 excidisse
2822 4426 3120 4493 suspicatur
3154 4425 3442 4480 Livineius.
3481 4427 3584 4479 Aut
3614 4427 3726 4495 lege

2157 4515 2276 4553 cum
2306 4499 2563 4563 Acidalio,
2594 4498 2795 4566 ingenui
2824 4497 3045 4566 indignis
3072 4496 3303 4566 oneribus
3325 4497 3561 4566 correpti.

2230 4516 2276 4553 ΠΙ
2306 4516 2563 4563 Λυιαειιιο,
2594 4516 2647 4551 tn
2683 4516 2793 4551 enut
2824 4516 3045 4566 tnatgms
3072 4516 3303 4549 οιιεηυιιδ
3325 4516 3561 4562 correpti.

2230 4572 2269 4601 “
2309 4571 2364 4623 ln
2390 4570 2605 4637 campis.
2636 4516 3166 4636 Xrgentoratensibus
3209 4565 3354 4637 dato,
3378 4565 3726 4637 ub_i.lnlianus

2158 4653 2278 4693 cum
2309 4641 2486 4706 paucis
2512 4627 2766 4691 militibus
2791 4646 2991 4703 septem
3023 4636 3183 4706 totius
3210 4635 3509 4706 Germaniae
3540 4629 3727 4701 poten-

2160 4705 2392 4763 tissimos
2430 4722 2581 4775 reges
2627 4721 2747 4761 cum
2790 4705 3218 4758 numerosissime
3260 4719 3444 4775 eorum
3487 4706 3721 4757 exercitu

2161 4779 2316 4847 plane
2343 4771 2657 4847 proﬂigavit.
2690 4777 2762 4847 Ex
2775 4775 3356 4847 _bar_harisgczesausunt
3381 4771 3447 4836 6,
3481 4786 3537 4826 ut
3564 4774 3726 4847 vulgo

2091 4850 2141 4908 D
2163 4842 2450 4913 aiunt,'aut
2477 4842 2531 4901 ut
2556 4846 2746 4901 aSserit
2773 4844 3012 4899 Zosimus
3035 4842 3101 4897 60
3128 4842 3317 4909 millia;
3351 4853 3532 4909 captus
3564 4842 3731 4897 Fran-

2166 4934 2347 4973 corum
2378 4936 2468 4973 rex
2508 4915 2991 4979 Chodonomarios,
3026 4921 3223 4967 etcum
3256 4914 3529 4967 innumera
3558 4914 3731 4981 capti-

2168 5004 2351 5042 vorum
2384 5004 2539 5041 manu
2567 4988 2632 5040 ad
2670 4985 3029 5039 Constantium
3060 4983 3317 5036 abductus
3345 4992 3446 5037 est.

2238 5058 2279 5088 ¹³
2319 5059 2475 5123 Quasi
2516 5057 2709 5110 amoris
2749 5057 2925 5123 specie
2970 5054 3250 5123 laudabant
3293 5050 3593 5123 lulianum,
3638 5050 3729 5104 sed

2168 5120 2358 5181 revera
2387 5142 2439 5179 Ill
2482 5128 2635 5182 bilem
2664 5120 2935 5181 moverent
2960 5122 3294 5183 Constantio,
3322 5135 3428 5189 quo
3466 5120 3732 5177 obtrecta-

2171 5208 2342 5251 torum
2370 5213 2563 5266 genere
2591 5198 2787 5251 nullum
2819 5204 2899 5248 est
2927 5190 3346 5266 malevolentius.

2238 5267 2282 5300 “
2324 5262 2470 5323 ld'de
2497 5269 2702 5323 Juliano
2728 5266 2914 5319 asserit
2934 5262 3263 5317 Ammianus.
