  <div class='ocr_page' id='page_1' title='image "/cluster/home/n/w/nwhite01/storage/ocr_20150623/18-19/uva.x000826554/218.png"; bbox 0 0 3820 6362; ppageno 0'>
   <div class='ocr_carea' id='block_1_1' title="bbox 98 416 2621 519">
    <p class='ocr_par' dir='ltr' id='par_1_1' title="bbox 98 416 2621 519">
     <span class='ocr_line' id='line_1_1' title="bbox 98 416 2621 519; baseline -0.004 0"><span class='ocrx_word' id='word_1_1' title='bbox 98 466 178 519; x_wconf 69' lang='lat' dir='ltr'><strong>Illi</strong></span> <span class='ocrx_word' id='word_1_2' title='bbox 429 428 440 437; x_wconf 37' lang='lat'><strong><em>.</em></strong></span> <span class='ocrx_word' id='word_1_3' title='bbox 672 460 952 518; x_wconf 81' lang='lat' dir='ltr'><strong>JL&#39;LIANO</strong></span> <span class='ocrx_word' id='word_1_4' title='bbox 992 460 1305 518; x_wconf 77' lang='lat' dir='ltr'><strong>AUGUSTO</strong></span> <span class='ocrx_word' id='word_1_5' title='bbox 1342 416 1749 516; x_wconf 49' lang='lat' dir='ltr'><strong>GRATIARUM</strong></span> <span class='ocrx_word' id='word_1_6' title='bbox 1787 452 1987 509; x_wconf 75' lang='lat' dir='ltr'><strong>ACTIO</strong></span> <span class='ocrx_word' id='word_1_7' title='bbox 2023 454 2158 509; x_wconf 85' lang='lat' dir='ltr'><strong>PRO</strong></span> <span class='ocrx_word' id='word_1_8' title='bbox 2194 453 2621 512; x_wconf 77' lang='lat' dir='ltr'><strong>CONSULATU.</strong></span> 
     </span>
    </p>
   </div>
   <div class='ocr_carea' id='block_1_2' title="bbox 3165 455 3266 509">
    <p class='ocr_par' dir='ltr' id='par_1_2' title="bbox 3165 455 3266 509">
     <span class='ocr_line' id='line_1_2' title="bbox 3165 455 3266 509; baseline 0 0"><span class='ocrx_word' id='word_1_9' title='bbox 3165 455 3266 509; x_wconf 69' lang='grc' dir='ltr'><strong>4Ιᾶ</strong></span> 
     </span>
    </p>
   </div>
   <div class='ocr_carea' id='block_1_3' title="bbox 97 563 3269 639">
    <p class='ocr_par' dir='ltr' id='par_1_3' title="bbox 97 563 3269 639">
     <span class='ocr_line' id='line_1_3' title="bbox 97 563 3269 639; baseline -0.002 -12"><span class='ocrx_word' id='word_1_10' title='bbox 97 572 297 627; x_wconf 77' lang='lat' dir='ltr'><strong>barbaros</strong></span> <span class='ocrx_word' id='word_1_11' title='bbox 321 569 525 625; x_wconf 89' lang='lat' dir='ltr'><strong>domitet</strong></span> <span class='ocrx_word' id='word_1_12' title='bbox 551 614 565 638; x_wconf 92' lang='lat'><strong>,</strong></span> <span class='ocrx_word' id='word_1_13' title='bbox 600 580 691 623; x_wconf 88' lang='lat' dir='ltr'><strong>aut</strong></span> <span class='ocrx_word' id='word_1_14' title='bbox 716 572 918 624; x_wconf 83' lang='lat' dir='ltr'><strong>civibus</strong></span> <span class='ocrx_word' id='word_1_15' title='bbox 942 571 1058 639; x_wconf 87' lang='lat' dir='ltr'><strong>jura</strong></span> <span class='ocrx_word' id='word_1_16' title='bbox 1093 572 1371 637; x_wconf 79' lang='lat' dir='ltr'><strong>restituat,</strong></span> <span class='ocrx_word' id='word_1_17' title='bbox 1403 582 1589 638; x_wconf 88' lang='lat' dir='ltr'><strong>perpe-</strong></span> <span class='ocrx_word' id='word_1_18' title='bbox 1616 569 1666 626; x_wconf 78' lang='grc' dir='ltr'><strong>Α</strong></span> <span class='ocrx_word' id='word_1_19' title='bbox 1697 565 1955 620; x_wconf 81' lang='lat' dir='ltr'><strong>tientiam.</strong></span> <span class='ocrx_word' id='word_1_20' title='bbox 1987 565 2163 635; x_wconf 86' lang='lat' dir='ltr'><strong>Itaque</strong></span> <span class='ocrx_word' id='word_1_21' title='bbox 2188 579 2307 619; x_wconf 89' lang='lat' dir='ltr'><strong>cum</strong></span> <span class='ocrx_word' id='word_1_22' title='bbox 2338 567 2360 598; x_wconf 83' lang='grc'><strong>⁸</strong></span> <span class='ocrx_word' id='word_1_23' title='bbox 2390 566 2441 619; x_wconf 93' lang='lat' dir='ltr'><strong>in</strong></span> <span class='ocrx_word' id='word_1_24' title='bbox 2471 566 2585 633; x_wconf 89' lang='lat' dir='ltr'><strong>ipso</strong></span> <span class='ocrx_word' id='word_1_25' title='bbox 2616 563 2887 620; x_wconf 86' lang='lat' dir='ltr'><strong>molimine</strong></span> <span class='ocrx_word' id='word_1_26' title='bbox 2921 566 3269 634; x_wconf 85' lang='lat' dir='ltr'><strong>oppressisset</strong></span> 
     </span>
    </p>
   </div>
   <div class='ocr_carea' id='block_1_4' title="bbox 98 659 1596 728">
    <p class='ocr_par' dir='ltr' id='par_1_4' title="bbox 98 659 1596 728">
     <span class='ocr_line' id='line_1_4' title="bbox 98 659 1596 728; baseline -0.002 -14"><span class='ocrx_word' id='word_1_27' title='bbox 98 672 209 715; x_wconf 82' lang='lat' dir='ltr'><strong>tuum</strong></span> <span class='ocrx_word' id='word_1_28' title='bbox 232 660 467 728; x_wconf 63' lang='lat' dir='ltr'><strong>prttfissus</strong></span> <span class='ocrx_word' id='word_1_29' title='bbox 499 668 594 713; x_wconf 92' lang='lat' dir='ltr'><strong>aut</strong></span> <span class='ocrx_word' id='word_1_30' title='bbox 621 671 803 714; x_wconf 86' lang='lat' dir='ltr'><strong>contra</strong></span> <span class='ocrx_word' id='word_1_31' title='bbox 836 661 1083 725; x_wconf 78' lang='lat' dir='ltr'><strong>hostem,</strong></span> <span class='ocrx_word' id='word_1_32' title='bbox 1132 670 1223 714; x_wconf 92' lang='lat' dir='ltr'><strong>aut</strong></span> <span class='ocrx_word' id='word_1_33' title='bbox 1249 668 1433 713; x_wconf 87' lang='lat' dir='ltr'><strong>contra</strong></span> <span class='ocrx_word' id='word_1_34' title='bbox 1467 659 1596 714; x_wconf 85' lang='lat' dir='ltr'><strong>vitia</strong></span> 
     </span>
    </p>
   </div>
   <div class='ocr_carea' id='block_1_5' title="bbox 99 761 325 804">
    <p class='ocr_par' dir='ltr' id='par_1_5' title="bbox 99 761 325 804">
     <span class='ocr_line' id='line_1_5' title="bbox 99 761 325 804; baseline 0.004 -2"><span class='ocrx_word' id='word_1_35' title='bbox 99 761 325 804; x_wconf 81' lang='lat' dir='ltr'><strong>certamen.</strong></span> 
     </span>
    </p>
   </div>
   <div class='ocr_carea' id='block_1_6' title="bbox 151 836 1599 906">
    <p class='ocr_par' dir='ltr' id='par_1_6' title="bbox 151 836 1599 906">
     <span class='ocr_line' id='line_1_6' title="bbox 151 836 1599 906; baseline 0.002 -16"><span class='ocrx_word' id='word_1_36' title='bbox 151 840 201 893; x_wconf 70' lang='grc' dir='ltr'><strong>ν.</strong></span> <span class='ocrx_word' id='word_1_37' title='bbox 232 840 309 892; x_wconf 74' lang='lat' dir='ltr'><strong>lla:</strong></span> <span class='ocrx_word' id='word_1_38' title='bbox 331 854 479 895; x_wconf 80' lang='lat' dir='ltr'><strong>voces</strong></span> <span class='ocrx_word' id='word_1_39' title='bbox 509 840 723 895; x_wconf 90' lang='lat' dir='ltr'><strong>fuerunt</strong></span> <span class='ocrx_word' id='word_1_40' title='bbox 747 841 811 893; x_wconf 90' lang='lat' dir='ltr'><strong>ad</strong></span> <span class='ocrx_word' id='word_1_41' title='bbox 842 839 1211 895; x_wconf 90' lang='lat' dir='ltr'><strong>inﬂammanda</strong></span> <span class='ocrx_word' id='word_1_42' title='bbox 1240 839 1357 893; x_wconf 90' lang='lat' dir='ltr'><strong>odia</strong></span> <span class='ocrx_word' id='word_1_43' title='bbox 1391 836 1599 906; x_wconf 83' lang='lat' dir='ltr'><strong>probris</strong></span> 
     </span>
    </p>
   </div>
   <div class='ocr_carea' id='block_1_7' title="bbox 99 930 1601 1001">
    <p class='ocr_par' dir='ltr' id='par_1_7' title="bbox 99 930 1601 1001">
     <span class='ocr_line' id='line_1_7' title="bbox 99 930 1601 1001; baseline 0 -18"><span class='ocrx_word' id='word_1_44' title='bbox 99 930 290 984; x_wconf 79' lang='lat' dir='ltr'><strong>omnibus</strong></span> <span class='ocrx_word' id='word_1_45' title='bbox 315 932 657 1000; x_wconf 83' lang='lat' dir='ltr'><strong>potentiores.</strong></span> <span class='ocrx_word' id='word_1_46' title='bbox 699 934 751 986; x_wconf 88' lang='lat' dir='ltr'><strong>Si</strong></span> <span class='ocrx_word' id='word_1_47' title='bbox 781 934 918 986; x_wconf 90' lang='lat' dir='ltr'><strong>enim</strong></span> <span class='ocrx_word' id='word_1_48' title='bbox 947 932 1277 987; x_wconf 76' lang='lat' dir='ltr'><strong>comminisci</strong></span> <span class='ocrx_word' id='word_1_49' title='bbox 1307 932 1479 1001; x_wconf 87' lang='lat' dir='ltr'><strong>aliqua</strong></span> <span class='ocrx_word' id='word_1_50' title='bbox 1510 931 1601 984; x_wconf 84' lang='lat' dir='ltr'><strong>ﬂa-</strong></span> 
     </span>
    </p>
   </div>
   <div class='ocr_carea' id='block_1_8' title="bbox 98 1021 1600 1089">
    <p class='ocr_par' dir='ltr' id='par_1_8' title="bbox 98 1021 1600 1089">
     <span class='ocr_line' id='line_1_8' title="bbox 98 1021 1600 1089; baseline 0.003 -18"><span class='ocrx_word' id='word_1_51' title='bbox 98 1021 189 1086; x_wconf 73' lang='lat' dir='ltr'><strong>gitia</strong></span> <span class='ocrx_word' id='word_1_52' title='bbox 210 1030 488 1088; x_wconf 83' lang='lat' dir='ltr'><strong>tentassent,</strong></span> <span class='ocrx_word' id='word_1_53' title='bbox 514 1022 671 1075; x_wconf 78' lang='lat' dir='ltr'><strong>facile</strong></span> <span class='ocrx_word' id='word_1_54' title='bbox 695 1023 807 1089; x_wconf 86' lang='lat' dir='ltr'><strong>ipso</strong></span> <span class='ocrx_word' id='word_1_55' title='bbox 834 1023 1115 1089; x_wconf 76' lang='lat' dir='ltr'><strong>splendore</strong></span> <span class='ocrx_word' id='word_1_56' title='bbox 1144 1022 1311 1075; x_wconf 89' lang='lat' dir='ltr'><strong>laudis</strong></span> <span class='ocrx_word' id='word_1_57' title='bbox 1340 1032 1391 1075; x_wconf 92' lang='lat' dir='ltr'><strong>et</strong></span> <span class='ocrx_word' id='word_1_58' title='bbox 1418 1022 1600 1089; x_wconf 72' lang='lat' dir='ltr'><strong>gloria:</strong></span> 
     </span>
    </p>
   </div>
   <div class='ocr_carea' id='block_1_9' title="bbox 98 1110 1601 1180">
    <p class='ocr_par' dir='ltr' id='par_1_9' title="bbox 98 1110 1601 1180">
     <span class='ocr_line' id='line_1_9' title="bbox 98 1110 1601 1180; baseline 0.001 -19"><span class='ocrx_word' id='word_1_59' title='bbox 98 1111 403 1166; x_wconf 83' lang='lat' dir='ltr'><strong>refutarentur.</strong></span> <span class='ocrx_word' id='word_1_60' title='bbox 450 1113 773 1167; x_wconf 88' lang='lat' dir='ltr'><strong>Invenerunt</strong></span> <span class='ocrx_word' id='word_1_61' title='bbox 811 1111 1091 1165; x_wconf 76' lang='lat' dir='ltr'><strong>accusandi</strong></span> <span class='ocrx_word' id='word_1_62' title='bbox 1120 1126 1285 1179; x_wconf 83' lang='lat' dir='ltr'><strong>genus</strong></span> <span class='ocrx_word' id='word_1_63' title='bbox 1310 1110 1449 1180; x_wconf 91' lang='lat' dir='ltr'><strong>quod</strong></span> <span class='ocrx_word' id='word_1_64' title='bbox 1482 1110 1601 1163; x_wconf 89' lang='lat' dir='ltr'><strong>nul-</strong></span> 
     </span>
    </p>
   </div>
   <div class='ocr_carea' id='block_1_10' title="bbox 98 1203 1597 1274">
    <p class='ocr_par' dir='ltr' id='par_1_10' title="bbox 98 1203 1597 1274">
     <span class='ocr_line' id='line_1_10' title="bbox 98 1203 1597 1274; baseline 0.003 -21"><span class='ocrx_word' id='word_1_65' title='bbox 98 1203 157 1255; x_wconf 84' lang='lat' dir='ltr'><strong>lus</strong></span> <span class='ocrx_word' id='word_1_66' title='bbox 179 1204 424 1259; x_wconf 63' lang='lat' dir='ltr'><strong>refelle-ret.</strong></span> <span class='ocrx_word' id='word_1_67' title='bbox 466 1206 572 1261; x_wconf 89' lang='lat' dir='ltr'><strong>Sed</strong></span> <span class='ocrx_word' id='word_1_68' title='bbox 603 1205 751 1274; x_wconf 87' lang='lat' dir='ltr'><strong>quid,</strong></span> <span class='ocrx_word' id='word_1_69' title='bbox 781 1219 875 1258; x_wconf 86' lang='lat' dir='ltr'><strong>oro</strong></span> <span class='ocrx_word' id='word_1_70' title='bbox 898 1219 1009 1271; x_wconf 87' lang='lat' dir='ltr'><strong>vos,</strong></span> <span class='ocrx_word' id='word_1_71' title='bbox 1042 1206 1327 1273; x_wconf 81' lang='lat' dir='ltr'><strong>principem</strong></span> <span class='ocrx_word' id='word_1_72' title='bbox 1362 1213 1597 1258; x_wconf 89' lang='lat' dir='ltr'><strong>nostrum</strong></span> 
     </span>
    </p>
   </div>
   <div class='ocr_carea' id='block_1_11' title="bbox 100 1288 1660 1350">
    <p class='ocr_par' dir='ltr' id='par_1_11' title="bbox 100 1288 1660 1350">
     <span class='ocr_line' id='line_1_11' title="bbox 100 1288 1660 1350; baseline 0.002 -6"><span class='ocrx_word' id='word_1_73' title='bbox 100 1294 232 1347; x_wconf 81' lang='lat' dir='ltr'><strong>facere</strong></span> <span class='ocrx_word' id='word_1_74' title='bbox 266 1294 500 1349; x_wconf 74' lang='lat' dir='ltr'><strong>debuisse</strong></span> <span class='ocrx_word' id='word_1_75' title='bbox 541 1296 813 1350; x_wconf 73' lang='lat' dir='ltr'><strong>censetis?</strong></span> <span class='ocrx_word' id='word_1_76' title='bbox 862 1295 1126 1349; x_wconf 81' lang='lat' dir='ltr'><strong>Romanas</strong></span> <span class='ocrx_word' id='word_1_77' title='bbox 1170 1296 1326 1350; x_wconf 82' lang='lat' dir='ltr'><strong>urbes</strong></span> <span class='ocrx_word' id='word_1_78' title='bbox 1365 1294 1601 1349; x_wconf 83' lang='lat' dir='ltr'><strong>hostibus</strong></span> <span class='ocrx_word' id='word_1_79' title='bbox 1649 1288 1660 1297; x_wconf 79' lang='grc'><em>’</em></span> 
     </span>
    </p>
   </div>
   <div class='ocr_carea' id='block_1_12' title="bbox 98 1385 1601 1448">
    <p class='ocr_par' dir='ltr' id='par_1_12' title="bbox 98 1385 1601 1448">
     <span class='ocr_line' id='line_1_12' title="bbox 98 1385 1601 1448; baseline 0 -11"><span class='ocrx_word' id='word_1_80' title='bbox 98 1385 297 1448; x_wconf 80' lang='lat' dir='ltr'><strong>dederet,</strong></span> <span class='ocrx_word' id='word_1_81' title='bbox 330 1401 390 1441; x_wconf 88' lang='lat' dir='ltr'><strong>ne</strong></span> <span class='ocrx_word' id='word_1_82' title='bbox 430 1388 668 1441; x_wconf 87' lang='lat' dir='ltr'><strong>animum</strong></span> <span class='ocrx_word' id='word_1_83' title='bbox 712 1386 884 1440; x_wconf 80' lang='lat' dir='ltr'><strong>fratris</strong></span> <span class='ocrx_word' id='word_1_84' title='bbox 921 1386 1251 1441; x_wconf 79' lang='lat' dir='ltr'><strong>offenderet?</strong></span> <span class='ocrx_word' id='word_1_85' title='bbox 1299 1386 1601 1440; x_wconf 66' lang='lat' dir='ltr'><strong>Proxincias</strong></span> 
     </span>
    </p>
   </div>
   <div class='ocr_carea' id='block_1_13' title="bbox 98 1474 1600 1546">
    <p class='ocr_par' dir='ltr' id='par_1_13' title="bbox 98 1474 1600 1546">
     <span class='ocr_line' id='line_1_13' title="bbox 98 1474 1600 1546; baseline 0.002 -22"><span class='ocrx_word' id='word_1_86' title='bbox 98 1474 358 1528; x_wconf 78' lang='lat' dir='ltr'><strong>lirtnissiruas</strong></span> <span class='ocrx_word' id='word_1_87' title='bbox 379 1516 393 1539; x_wconf 91' lang='lat'><strong>,</strong></span> <span class='ocrx_word' id='word_1_88' title='bbox 429 1477 839 1546; x_wconf 86' lang='lat' dir='ltr'><strong>utilissimasque</strong></span> <span class='ocrx_word' id='word_1_89' title='bbox 870 1476 1169 1545; x_wconf 59' lang='lat' dir='ltr'><strong>reipublicte</strong></span> <span class='ocrx_word' id='word_1_90' title='bbox 1198 1475 1297 1530; x_wconf 90' lang='lat' dir='ltr'><strong>sub</strong></span> <span class='ocrx_word' id='word_1_91' title='bbox 1326 1476 1600 1529; x_wconf 81' lang='lat' dir='ltr'><strong>obtmibus</strong></span> 
     </span>
    </p>
   </div>
   <div class='ocr_carea' id='block_1_14' title="bbox 97 1565 1598 1635">
    <p class='ocr_par' dir='ltr' id='par_1_14' title="bbox 97 1565 1598 1635">
     <span class='ocr_line' id='line_1_14' title="bbox 97 1565 1598 1635; baseline 0.005 -23"><span class='ocrx_word' id='word_1_92' title='bbox 97 1578 139 1613; x_wconf 71' lang='lat' dir='ltr'><strong>tu</strong></span> <span class='ocrx_word' id='word_1_93' title='bbox 157 1577 177 1615; x_wconf 86' lang='lat' dir='ltr'><strong>s</strong></span> <span class='ocrx_word' id='word_1_94' title='bbox 197 1567 341 1618; x_wconf 77' lang='lat' dir='ltr'><strong>vexari</strong></span> <span class='ocrx_word' id='word_1_95' title='bbox 368 1581 433 1621; x_wconf 86' lang='lat' dir='ltr'><strong>ac</strong></span> <span class='ocrx_word' id='word_1_96' title='bbox 459 1567 618 1635; x_wconf 84' lang='lat' dir='ltr'><strong>diripi</strong></span> <span class='ocrx_word' id='word_1_97' title='bbox 662 1566 882 1634; x_wconf 89' lang='lat' dir='ltr'><strong>sineret,</strong></span> <span class='ocrx_word' id='word_1_98' title='bbox 914 1582 980 1620; x_wconf 88' lang='lat' dir='ltr'><strong>ne</strong></span> <span class='ocrx_word' id='word_1_99' title='bbox 1006 1567 1131 1634; x_wconf 88' lang='lat' dir='ltr'><strong>quid</strong></span> <span class='ocrx_word' id='word_1_100' title='bbox 1164 1566 1433 1634; x_wconf 79' lang='lat' dir='ltr'><strong>AuguStus</strong></span> <span class='ocrx_word' id='word_1_101' title='bbox 1462 1565 1598 1633; x_wconf 85' lang='lat' dir='ltr'><strong>quod</strong></span> 
     </span>
    </p>
   </div>
   <div class='ocr_carea' id='block_1_15' title="bbox 96 1654 1602 1729">
    <p class='ocr_par' dir='ltr' id='par_1_15' title="bbox 96 1654 1602 1729">
     <span class='ocr_line' id='line_1_15' title="bbox 96 1654 1602 1729; baseline 0.005 -24"><span class='ocrx_word' id='word_1_102' title='bbox 96 1654 221 1709; x_wconf 90' lang='lat' dir='ltr'><strong>nollet</strong></span> <span class='ocrx_word' id='word_1_103' title='bbox 242 1659 473 1713; x_wconf 83' lang='lat' dir='ltr'><strong>audiret?</strong></span> <span class='ocrx_word' id='word_1_104' title='bbox 523 1660 758 1729; x_wconf 72' lang='lat' dir='ltr'><strong>Flagitiis</strong></span> <span class='ocrx_word' id='word_1_105' title='bbox 792 1660 1274 1714; x_wconf 78' lang='lat' dir='ltr'><strong>administrantiutn</strong></span> <span class='ocrx_word' id='word_1_106' title='bbox 1309 1676 1411 1713; x_wconf 92' lang='lat' dir='ltr'><strong>non</strong></span> <span class='ocrx_word' id='word_1_107' title='bbox 1446 1660 1602 1714; x_wconf 91' lang='lat' dir='ltr'><strong>modo</strong></span> 
     </span>
    </p>
   </div>
   <div class='ocr_carea' id='block_1_16' title="bbox 96 1746 1601 1815">
    <p class='ocr_par' dir='ltr' id='par_1_16' title="bbox 96 1746 1601 1815">
     <span class='ocr_line' id='line_1_16' title="bbox 96 1746 1601 1815; baseline 0.006 -20"><span class='ocrx_word' id='word_1_108' title='bbox 96 1746 202 1798; x_wconf 82' lang='lat' dir='ltr'><strong>frena</strong></span> <span class='ocrx_word' id='word_1_109' title='bbox 229 1749 445 1814; x_wconf 80' lang='lat' dir='ltr'><strong>laxaret,</strong></span> <span class='ocrx_word' id='word_1_110' title='bbox 488 1750 583 1805; x_wconf 87' lang='lat' dir='ltr'><strong>sed</strong></span> <span class='ocrx_word' id='word_1_111' title='bbox 614 1753 772 1804; x_wconf 88' lang='lat' dir='ltr'><strong>etiam</strong></span> <span class='ocrx_word' id='word_1_112' title='bbox 803 1750 1101 1803; x_wconf 84' lang='lat' dir='ltr'><strong>stimulatur</strong></span> <span class='ocrx_word' id='word_1_113' title='bbox 1140 1750 1490 1815; x_wconf 89' lang='lat' dir='ltr'><strong>accenderet,</strong></span> <span class='ocrx_word' id='word_1_114' title='bbox 1536 1766 1601 1804; x_wconf 89' lang='lat' dir='ltr'><strong>ne</strong></span> 
     </span>
    </p>
   </div>
   <div class='ocr_carea' id='block_1_17' title="bbox 94 1837 1602 1907">
    <p class='ocr_par' dir='ltr' id='par_1_17' title="bbox 94 1837 1602 1907">
     <span class='ocr_line' id='line_1_17' title="bbox 94 1837 1602 1907; baseline 0.001 -18"><span class='ocrx_word' id='word_1_115' title='bbox 94 1837 201 1891; x_wconf 80' lang='lat' dir='ltr'><strong>inter</strong></span> <span class='ocrx_word' id='word_1_116' title='bbox 234 1842 482 1907; x_wconf 70' lang='lat' dir='ltr'><strong>pnucipcs</strong></span> <span class='ocrx_word' id='word_1_117' title='bbox 520 1840 718 1895; x_wconf 87' lang='lat' dir='ltr'><strong>faceret</strong></span> <span class='ocrx_word' id='word_1_118' title='bbox 747 1856 952 1893; x_wconf 89' lang='lat' dir='ltr'><strong>morum</strong></span> <span class='ocrx_word' id='word_1_119' title='bbox 995 1839 1370 1893; x_wconf 86' lang='lat' dir='ltr'><strong>dissimilitudo</strong></span> <span class='ocrx_word' id='word_1_120' title='bbox 1397 1841 1602 1893; x_wconf 84' lang='lat' dir='ltr'><strong>discor-</strong></span> 
     </span>
    </p>
   </div>
   <div class='ocr_carea' id='block_1_18' title="bbox 1700 657 3267 727">
    <p class='ocr_par' dir='ltr' id='par_1_18' title="bbox 1700 657 3267 727">
     <span class='ocr_line' id='line_1_18' title="bbox 1700 657 3267 727; baseline 0.003 -16"><span class='ocrx_word' id='word_1_121' title='bbox 1700 657 2066 711; x_wconf 85' lang='lat' dir='ltr'><strong>Alantanniatn</strong></span> <span class='ocrx_word' id='word_1_122' title='bbox 2110 658 2487 723; x_wconf 77' lang='lat' dir='ltr'><strong>rebellantem,</strong></span> <span class='ocrx_word' id='word_1_123' title='bbox 2517 662 2606 727; x_wconf 85' lang='lat' dir='ltr'><strong>qui</strong></span> <span class='ocrx_word' id='word_1_124' title='bbox 2642 658 2797 727; x_wconf 87' lang='lat' dir='ltr'><strong>paulo</strong></span> <span class='ocrx_word' id='word_1_125' title='bbox 2826 668 2948 713; x_wconf 85' lang='lat' dir='ltr'><strong>ante</strong></span> <span class='ocrx_word' id='word_1_126' title='bbox 2981 671 3002 698; x_wconf 74' lang='grc' dir='ltr'><strong>ε</strong></span> <span class='ocrx_word' id='word_1_127' title='bbox 3034 661 3267 716; x_wconf 79' lang='lat' dir='ltr'><strong>inaudita</strong></span> 
     </span>
    </p>
   </div>
   <div class='ocr_carea' id='block_1_19' title="bbox 1702 748 3267 817">
    <p class='ocr_par' dir='ltr' id='par_1_19' title="bbox 1702 748 3267 817">
     <span class='ocr_line' id='line_1_19' title="bbox 1702 748 3267 817; baseline 0.004 -17"><span class='ocrx_word' id='word_1_128' title='bbox 1702 750 1996 817; x_wconf 77' lang='lat' dir='ltr'><strong>regionum,</strong></span> <span class='ocrx_word' id='word_1_129' title='bbox 2030 748 2312 802; x_wconf 81' lang='lat' dir='ltr'><strong>ﬂuviorum</strong></span> <span class='ocrx_word' id='word_1_130' title='bbox 2335 792 2349 811; x_wconf 94' lang='lat'><strong>,</strong></span> <span class='ocrx_word' id='word_1_131' title='bbox 2382 750 2638 803; x_wconf 86' lang='lat' dir='ltr'><strong>montium</strong></span> <span class='ocrx_word' id='word_1_132' title='bbox 2669 751 2877 803; x_wconf 84' lang='lat' dir='ltr'><strong>nomina</strong></span> <span class='ocrx_word' id='word_1_133' title='bbox 2915 755 3153 807; x_wconf 85' lang='lat' dir='ltr'><strong>exercitu</strong></span> <span class='ocrx_word' id='word_1_134' title='bbox 3189 755 3267 807; x_wconf 90' lang='lat' dir='ltr'><strong>vi-</strong></span> 
     </span>
    </p>
   </div>
   <div class='ocr_carea' id='block_1_20' title="bbox 1699 840 3266 911">
    <p class='ocr_par' dir='ltr' id='par_1_20' title="bbox 1699 840 3266 911">
     <span class='ocr_line' id='line_1_20' title="bbox 1699 840 3266 911; baseline 0.001 -15"><span class='ocrx_word' id='word_1_135' title='bbox 1699 852 1846 896; x_wconf 83' lang='lat' dir='ltr'><strong>ctore</strong></span> <span class='ocrx_word' id='word_1_136' title='bbox 1903 850 2315 910; x_wconf 82' lang='lat' dir='ltr'><strong>peragraverat,</strong></span> <span class='ocrx_word' id='word_1_137' title='bbox 2362 856 2457 911; x_wconf 91' lang='lat' dir='ltr'><strong>per</strong></span> <span class='ocrx_word' id='word_1_138' title='bbox 2510 840 2692 895; x_wconf 90' lang='lat' dir='ltr'><strong>ultima</strong></span> <span class='ocrx_word' id='word_1_139' title='bbox 2744 841 2974 895; x_wconf 88' lang='lat' dir='ltr'><strong>ferarum</strong></span> <span class='ocrx_word' id='word_1_140' title='bbox 3031 843 3266 910; x_wconf 68' lang='lat' dir='ltr'><strong>gentium</strong></span> 
     </span>
    </p>
   </div>
   <div class='ocr_carea' id='block_1_21' title="bbox 1701 934 3267 1005">
    <p class='ocr_par' dir='ltr' id='par_1_21' title="bbox 1701 934 3267 1005">
     <span class='ocr_line' id='line_1_21' title="bbox 1701 934 3267 1005; baseline -0.001 -14"><span class='ocrx_word' id='word_1_141' title='bbox 1701 952 1860 1005; x_wconf 83' lang='lat' dir='ltr'><strong>regna</strong></span> <span class='ocrx_word' id='word_1_142' title='bbox 1887 980 1902 1004; x_wconf 90' lang='lat'><strong>,</strong></span> <span class='ocrx_word' id='word_1_143' title='bbox 1933 937 2133 991; x_wconf 88' lang='lat' dir='ltr'><strong>calcata</strong></span> <span class='ocrx_word' id='word_1_144' title='bbox 2170 951 2353 1004; x_wconf 86' lang='lat' dir='ltr'><strong>regum</strong></span> <span class='ocrx_word' id='word_1_145' title='bbox 2389 937 2560 1003; x_wconf 82' lang='lat' dir='ltr'><strong>capita</strong></span> <span class='ocrx_word' id='word_1_146' title='bbox 2603 936 2979 1003; x_wconf 78' lang='lat' dir='ltr'><strong>supervolans,</strong></span> <span class='ocrx_word' id='word_1_147' title='bbox 3006 934 3057 987; x_wconf 90' lang='lat' dir='ltr'><strong>in</strong></span> <span class='ocrx_word' id='word_1_148' title='bbox 3092 936 3267 990; x_wconf 88' lang='lat' dir='ltr'><strong>medio</strong></span> 
     </span>
    </p>
   </div>
   <div class='ocr_carea' id='block_1_22' title="bbox 1700 1023 3266 1098">
    <p class='ocr_par' dir='ltr' id='par_1_22' title="bbox 1700 1023 3266 1098">
     <span class='ocr_line' id='line_1_22' title="bbox 1700 1023 3266 1098; baseline -0.003 -16"><span class='ocrx_word' id='word_1_149' title='bbox 1700 1028 1892 1098; x_wconf 79' lang='lat' dir='ltr'><strong>Illyrici</strong></span> <span class='ocrx_word' id='word_1_150' title='bbox 1946 1030 2064 1081; x_wconf 84' lang='lat' dir='ltr'><strong>sinu</strong></span> <span class='ocrx_word' id='word_1_151' title='bbox 2126 1027 2442 1094; x_wconf 88' lang='lat' dir='ltr'><strong>improvisus</strong></span> <span class='ocrx_word' id='word_1_152' title='bbox 2490 1025 2753 1093; x_wconf 86' lang='lat' dir='ltr'><strong>apparuit.</strong></span> <span class='ocrx_word' id='word_1_153' title='bbox 2806 1023 3041 1077; x_wconf 72' lang='lat' dir='ltr'><strong>Vidimus</strong></span> <span class='ocrx_word' id='word_1_154' title='bbox 3088 1023 3266 1078; x_wconf 83' lang='lat' dir='ltr'><strong>felices</strong></span> 
     </span>
    </p>
   </div>
   <div class='ocr_carea' id='block_1_23' title="bbox 1701 1115 3264 1197">
    <p class='ocr_par' dir='ltr' id='par_1_23' title="bbox 1701 1115 3264 1197">
     <span class='ocr_line' id='line_1_23' title="bbox 1701 1115 3264 1197; baseline -0.008 -18"><span class='ocrx_word' id='word_1_155' title='bbox 1701 1124 1839 1179; x_wconf 93' lang='lat' dir='ltr'><strong>illius</strong></span> <span class='ocrx_word' id='word_1_156' title='bbox 1876 1121 2100 1175; x_wconf 83' lang='lat' dir='ltr'><strong>comites</strong></span> <span class='ocrx_word' id='word_1_157' title='bbox 2128 1121 2227 1172; x_wconf 76' lang='lat' dir='ltr'><strong>via:</strong></span> <span class='ocrx_word' id='word_1_158' title='bbox 2258 1127 2569 1185; x_wconf 81' lang='lat' dir='ltr'><strong>stupentes,</strong></span> <span class='ocrx_word' id='word_1_159' title='bbox 2599 1117 2811 1197; x_wconf 78' lang='lat' dir='ltr'><strong>urbium</strong></span> <span class='ocrx_word' id='word_1_160' title='bbox 2849 1116 3071 1185; x_wconf 86' lang='lat' dir='ltr'><strong>populos</strong></span> <span class='ocrx_word' id='word_1_161' title='bbox 3110 1115 3264 1169; x_wconf 87' lang='lat' dir='ltr'><strong>dubi-</strong></span> 
     </span>
    </p>
   </div>
   <div class='ocr_carea' id='block_1_24' title="bbox 1702 1206 3267 1276">
    <p class='ocr_par' dir='ltr' id='par_1_24' title="bbox 1702 1206 3267 1276">
     <span class='ocr_line' id='line_1_24' title="bbox 1702 1206 3267 1276; baseline -0.003 -10"><span class='ocrx_word' id='word_1_162' title='bbox 1702 1221 1843 1266; x_wconf 87' lang='lat' dir='ltr'><strong>tasse</strong></span> <span class='ocrx_word' id='word_1_163' title='bbox 1880 1209 2099 1265; x_wconf 88' lang='lat' dir='ltr'><strong>credere</strong></span> <span class='ocrx_word' id='word_1_164' title='bbox 2125 1224 2241 1276; x_wconf 68' lang='lat' dir='ltr'><strong>quae</strong></span> <span class='ocrx_word' id='word_1_165' title='bbox 2272 1208 2541 1261; x_wconf 84' lang='lat' dir='ltr'><strong>videbant.</strong></span> <span class='ocrx_word' id='word_1_166' title='bbox 2571 1206 2683 1261; x_wconf 78' lang='lat' dir='ltr'><strong>Non</strong></span> <span class='ocrx_word' id='word_1_167' title='bbox 2722 1208 2875 1260; x_wconf 89' lang='lat' dir='ltr'><strong>aliter</strong></span> <span class='ocrx_word' id='word_1_168' title='bbox 2907 1217 3267 1261; x_wconf 81' lang='lat' dir='ltr'><strong>con5ternatas</strong></span> 
     </span>
    </p>
   </div>
   <div class='ocr_carea' id='block_1_25' title="bbox 1701 1297 3265 1370">
    <p class='ocr_par' dir='ltr' id='par_1_25' title="bbox 1701 1297 3265 1370">
     <span class='ocr_line' id='line_1_25' title="bbox 1701 1297 3265 1370; baseline -0.004 -14"><span class='ocrx_word' id='word_1_169' title='bbox 1701 1305 1931 1359; x_wconf 83' lang='lat' dir='ltr'><strong>arbitror</strong></span> <span class='ocrx_word' id='word_1_170' title='bbox 1966 1310 2150 1368; x_wconf 83' lang='lat' dir='ltr'><strong>gentes</strong></span> <span class='ocrx_word' id='word_1_171' title='bbox 2173 1314 2288 1370; x_wconf 66' lang='lat' dir='ltr'><strong>qum</strong></span> <span class='ocrx_word' id='word_1_172' title='bbox 2326 1297 2629 1366; x_wconf 66' lang='lat' dir='ltr'><strong>prolapsum</strong></span> <span class='ocrx_word' id='word_1_173' title='bbox 2657 1298 2796 1351; x_wconf 65' lang='lat' dir='ltr'><strong>caelo</strong></span> <span class='ocrx_word' id='word_1_174' title='bbox 2817 1312 3075 1365; x_wconf 77' lang='lat' dir='ltr'><strong>excepere</strong></span> <span class='ocrx_word' id='word_1_175' title='bbox 3103 1301 3123 1330; x_wconf 82' lang='lat'><strong>’</strong></span> <span class='ocrx_word' id='word_1_176' title='bbox 3150 1298 3265 1351; x_wconf 88' lang='lat' dir='ltr'><strong>Pal-</strong></span> 
     </span>
    </p>
   </div>
   <div class='ocr_carea' id='block_1_26' title="bbox 1701 1386 3266 1461">
    <p class='ocr_par' dir='ltr' id='par_1_26' title="bbox 1701 1386 3266 1461">
     <span class='ocr_line' id='line_1_26' title="bbox 1701 1386 3266 1461; baseline -0.007 -11"><span class='ocrx_word' id='word_1_177' title='bbox 1701 1396 1918 1450; x_wconf 87' lang='lat' dir='ltr'><strong>ladium.</strong></span> <span class='ocrx_word' id='word_1_178' title='bbox 1950 1392 2213 1461; x_wconf 77' lang='lat' dir='ltr'><strong>Virgines,</strong></span> <span class='ocrx_word' id='word_1_179' title='bbox 2242 1389 2410 1457; x_wconf 90' lang='lat' dir='ltr'><strong>pueri,</strong></span> <span class='ocrx_word' id='word_1_180' title='bbox 2440 1387 2665 1450; x_wconf 65' lang='lat' dir='ltr'><strong>feminas,</strong></span> <span class='ocrx_word' id='word_1_181' title='bbox 2700 1386 2936 1439; x_wconf 83' lang='lat' dir='ltr'><strong>tremulae</strong></span> <span class='ocrx_word' id='word_1_182' title='bbox 2957 1401 3110 1452; x_wconf 88' lang='lat' dir='ltr'><strong>anus,</strong></span> <span class='ocrx_word' id='word_1_183' title='bbox 3146 1386 3266 1439; x_wconf 79' lang='lat' dir='ltr'><strong>titu-</strong></span> 
     </span>
    </p>
   </div>
   <div class='ocr_carea' id='block_1_27' title="bbox 1700 1477 3266 1547">
    <p class='ocr_par' dir='ltr' id='par_1_27' title="bbox 1700 1477 3266 1547">
     <span class='ocr_line' id='line_1_27' title="bbox 1700 1477 3266 1547; baseline -0.005 -8"><span class='ocrx_word' id='word_1_184' title='bbox 1700 1487 1891 1540; x_wconf 88' lang='lat' dir='ltr'><strong>bantes</strong></span> <span class='ocrx_word' id='word_1_185' title='bbox 1920 1497 2078 1539; x_wconf 88' lang='lat' dir='ltr'><strong>senes</strong></span> <span class='ocrx_word' id='word_1_186' title='bbox 2102 1483 2142 1513; x_wconf 88' lang='grc'><strong>¹⁰</strong></span> <span class='ocrx_word' id='word_1_187' title='bbox 2166 1497 2272 1535; x_wconf 88' lang='lat' dir='ltr'><strong>non</strong></span> <span class='ocrx_word' id='word_1_188' title='bbox 2302 1482 2421 1535; x_wconf 89' lang='lat' dir='ltr'><strong>sine</strong></span> <span class='ocrx_word' id='word_1_189' title='bbox 2450 1493 2642 1547; x_wconf 84' lang='lat' dir='ltr'><strong>magno</strong></span> <span class='ocrx_word' id='word_1_190' title='bbox 2663 1479 2867 1531; x_wconf 77' lang='lat' dir='ltr'><strong>attoniti</strong></span> <span class='ocrx_word' id='word_1_191' title='bbox 2898 1477 3120 1532; x_wconf 81' lang='lat' dir='ltr'><strong>horrore</strong></span> <span class='ocrx_word' id='word_1_192' title='bbox 3150 1494 3266 1533; x_wconf 79' lang='lat' dir='ltr'><strong>cer-</strong></span> 
     </span>
    </p>
   </div>
   <div class='ocr_carea' id='block_1_28' title="bbox 1704 1569 3266 1640">
    <p class='ocr_par' dir='ltr' id='par_1_28' title="bbox 1704 1569 3266 1640">
     <span class='ocr_line' id='line_1_28' title="bbox 1704 1569 3266 1640; baseline -0.004 -11"><span class='ocrx_word' id='word_1_193' title='bbox 1704 1577 1897 1630; x_wconf 89' lang='lat' dir='ltr'><strong>nebant</strong></span> <span class='ocrx_word' id='word_1_194' title='bbox 1938 1575 2310 1640; x_wconf 77' lang='lat' dir='ltr'><strong>imperatorem</strong></span> <span class='ocrx_word' id='word_1_195' title='bbox 2350 1571 2557 1637; x_wconf 83' lang='lat' dir='ltr'><strong>longam</strong></span> <span class='ocrx_word' id='word_1_196' title='bbox 2590 1571 2728 1622; x_wconf 87' lang='lat' dir='ltr'><strong>viam</strong></span> <span class='ocrx_word' id='word_1_197' title='bbox 2769 1570 2868 1623; x_wconf 88' lang='lat' dir='ltr'><strong>sub</strong></span> <span class='ocrx_word' id='word_1_198' title='bbox 2906 1569 3141 1636; x_wconf 68' lang='lat' dir='ltr'><strong>gravium</strong></span> <span class='ocrx_word' id='word_1_199' title='bbox 3182 1585 3266 1622; x_wconf 86' lang='lat' dir='ltr'><strong>ar-</strong></span> 
     </span>
    </p>
   </div>
   <div class='ocr_carea' id='block_1_29' title="bbox 1703 1659 3266 1730">
    <p class='ocr_par' dir='ltr' id='par_1_29' title="bbox 1703 1659 3266 1730">
     <span class='ocr_line' id='line_1_29' title="bbox 1703 1659 3266 1730; baseline -0.002 -9"><span class='ocrx_word' id='word_1_200' title='bbox 1703 1682 1906 1721; x_wconf 91' lang='lat' dir='ltr'><strong>morum</strong></span> <span class='ocrx_word' id='word_1_201' title='bbox 1924 1678 2087 1720; x_wconf 90' lang='lat' dir='ltr'><strong>onere</strong></span> <span class='ocrx_word' id='word_1_202' title='bbox 2106 1672 2428 1727; x_wconf 81' lang='lat' dir='ltr'><strong>currentem,</strong></span> <span class='ocrx_word' id='word_1_203' title='bbox 2453 1662 2781 1730; x_wconf 82' lang='lat' dir='ltr'><strong>properantis</strong></span> <span class='ocrx_word' id='word_1_204' title='bbox 2803 1660 3091 1716; x_wconf 87' lang='lat' dir='ltr'><strong>anhelitum</strong></span> <span class='ocrx_word' id='word_1_205' title='bbox 3107 1659 3131 1697; x_wconf 73' lang='grc' dir='ltr'>ἀ</span> <span class='ocrx_word' id='word_1_206' title='bbox 3151 1665 3266 1718; x_wconf 88' lang='lat' dir='ltr'><strong>sine</strong></span> 
     </span>
    </p>
   </div>
   <div class='ocr_carea' id='block_1_30' title="bbox 1701 1752 3268 1821">
    <p class='ocr_par' dir='ltr' id='par_1_30' title="bbox 1701 1752 3268 1821">
     <span class='ocr_line' id='line_1_30' title="bbox 1701 1752 3268 1821; baseline -0.001 -11"><span class='ocrx_word' id='word_1_207' title='bbox 1701 1772 1860 1811; x_wconf 83' lang='lat' dir='ltr'><strong>sensu</strong></span> <span class='ocrx_word' id='word_1_208' title='bbox 1910 1754 2235 1809; x_wconf 86' lang='lat' dir='ltr'><strong>lassitudinis</strong></span> <span class='ocrx_word' id='word_1_209' title='bbox 2269 1796 2284 1821; x_wconf 95' lang='lat'><strong>,</strong></span> <span class='ocrx_word' id='word_1_210' title='bbox 2333 1752 2630 1807; x_wconf 85' lang='lat' dir='ltr'><strong>crebriores</strong></span> <span class='ocrx_word' id='word_1_211' title='bbox 2678 1752 2931 1806; x_wconf 90' lang='lat' dir='ltr'><strong>sudorum</strong></span> <span class='ocrx_word' id='word_1_212' title='bbox 2984 1755 3123 1808; x_wconf 89' lang='lat' dir='ltr'><strong>rivos</strong></span> <span class='ocrx_word' id='word_1_213' title='bbox 3178 1770 3268 1821; x_wconf 86' lang='lat' dir='ltr'><strong>per</strong></span> 
     </span>
    </p>
   </div>
   <div class='ocr_carea' id='block_1_31' title="bbox 1705 1843 3269 1913">
    <p class='ocr_par' dir='ltr' id='par_1_31' title="bbox 1705 1843 3269 1913">
     <span class='ocr_line' id='line_1_31' title="bbox 1705 1843 3269 1913; baseline 0.002 -16"><span class='ocrx_word' id='word_1_214' title='bbox 1705 1844 1855 1898; x_wconf 80' lang='lat' dir='ltr'><strong>fortia</strong></span> <span class='ocrx_word' id='word_1_215' title='bbox 1896 1843 2032 1897; x_wconf 90' lang='lat' dir='ltr'><strong>colla</strong></span> <span class='ocrx_word' id='word_1_216' title='bbox 2073 1852 2377 1907; x_wconf 87' lang='lat' dir='ltr'><strong>manantes,</strong></span> <span class='ocrx_word' id='word_1_217' title='bbox 2411 1852 2465 1896; x_wconf 93' lang='lat' dir='ltr'><strong>et</strong></span> <span class='ocrx_word' id='word_1_218' title='bbox 2493 1852 2515 1877; x_wconf 69' lang='grc'><strong>⁸</strong></span> <span class='ocrx_word' id='word_1_219' title='bbox 2547 1843 2684 1896; x_wconf 91' lang='lat' dir='ltr'><strong>inter</strong></span> <span class='ocrx_word' id='word_1_220' title='bbox 2714 1843 2858 1895; x_wconf 90' lang='lat' dir='ltr'><strong>illum</strong></span> <span class='ocrx_word' id='word_1_221' title='bbox 2905 1844 3141 1911; x_wconf 85' lang='lat' dir='ltr'><strong>pulveris</strong></span> <span class='ocrx_word' id='word_1_222' title='bbox 3182 1845 3269 1913; x_wconf 92' lang='lat' dir='ltr'><strong>qui</strong></span> 
     </span>
    </p>
   </div>
   <div class='ocr_carea' id='block_1_32' title="bbox 94 1926 3267 2003">
    <p class='ocr_par' dir='ltr' id='par_1_32' title="bbox 94 1926 3267 2003">
     <span class='ocr_line' id='line_1_32' title="bbox 94 1926 3267 2003; baseline 0.004 -25"><span class='ocrx_word' id='word_1_223' title='bbox 94 1928 229 1981; x_wconf 80' lang='lat' dir='ltr'><strong>dam!</strong></span> <span class='ocrx_word' id='word_1_224' title='bbox 258 1930 483 1986; x_wconf 73' lang='lat' dir='ltr'><strong>Nobilem</strong></span> <span class='ocrx_word' id='word_1_225' title='bbox 511 1934 536 1965; x_wconf 48' lang='grc' dir='ltr'><strong>θ’</strong></span> <span class='ocrx_word' id='word_1_226' title='bbox 576 1932 801 1985; x_wconf 75' lang='lat' dir='ltr'><strong>Etruria:</strong></span> <span class='ocrx_word' id='word_1_227' title='bbox 831 1930 1219 1985; x_wconf 82' lang='lat' dir='ltr'><strong>adolescentem</strong></span> <span class='ocrx_word' id='word_1_228' title='bbox 1248 1928 1451 1995; x_wconf 88' lang='lat' dir='ltr'><strong>ferunt,</strong></span> <span class='ocrx_word' id='word_1_229' title='bbox 1479 1944 1596 1983; x_wconf 90' lang='lat' dir='ltr'><strong>cum</strong></span> <span class='ocrx_word' id='word_1_230' title='bbox 1630 1926 1674 1983; x_wconf 88' lang='grc' dir='ltr'>Β</span> <span class='ocrx_word' id='word_1_231' title='bbox 1706 1935 1922 1989; x_wconf 84' lang='lat' dir='ltr'><strong>barbam</strong></span> <span class='ocrx_word' id='word_1_232' title='bbox 1964 1944 2018 1988; x_wconf 88' lang='lat' dir='ltr'><strong>et</strong></span> <span class='ocrx_word' id='word_1_233' title='bbox 2051 1936 2299 2003; x_wconf 85' lang='lat' dir='ltr'><strong>capillum</strong></span> <span class='ocrx_word' id='word_1_234' title='bbox 2331 1943 2575 1988; x_wconf 89' lang='lat' dir='ltr'><strong>onerarat</strong></span> <span class='ocrx_word' id='word_1_235' title='bbox 2606 1934 2878 1988; x_wconf 81' lang='lat' dir='ltr'><strong>horrorem</strong></span> <span class='ocrx_word' id='word_1_236' title='bbox 2925 1938 3169 1990; x_wconf 85' lang='lat' dir='ltr'><strong>micantia</strong></span> <span class='ocrx_word' id='word_1_237' title='bbox 3200 1940 3267 1991; x_wconf 81' lang='lat' dir='ltr'><strong>si-</strong></span> 
     </span>
    </p>
   </div>
   <div class='ocr_carea' id='block_1_33' title="bbox 94 2023 1603 2091">
    <p class='ocr_par' dir='ltr' id='par_1_33' title="bbox 94 2023 1603 2091">
     <span class='ocr_line' id='line_1_33' title="bbox 94 2023 1603 2091; baseline 0.004 -20"><span class='ocrx_word' id='word_1_238' title='bbox 94 2030 258 2088; x_wconf 82' lang='lat' dir='ltr'><strong>propter</strong></span> <span class='ocrx_word' id='word_1_239' title='bbox 279 2025 517 2076; x_wconf 65' lang='lat' dir='ltr'><strong>eximiam</strong></span> <span class='ocrx_word' id='word_1_240' title='bbox 560 2024 743 2077; x_wconf 76' lang='lat' dir='ltr'><strong>fortine</strong></span> <span class='ocrx_word' id='word_1_241' title='bbox 781 2023 1085 2091; x_wconf 86' lang='lat' dir='ltr'><strong>dignitatem</strong></span> <span class='ocrx_word' id='word_1_242' title='bbox 1127 2023 1414 2077; x_wconf 85' lang='lat' dir='ltr'><strong>multarunt</strong></span> <span class='ocrx_word' id='word_1_243' title='bbox 1454 2024 1503 2075; x_wconf 87' lang='lat' dir='ltr'><strong>itt</strong></span> <span class='ocrx_word' id='word_1_244' title='bbox 1542 2037 1603 2077; x_wconf 86' lang='lat' dir='ltr'><strong>se</strong></span> 
     </span>
    </p>
   </div>
   <div class='ocr_carea' id='block_1_34' title="bbox 93 2111 1602 2177">
    <p class='ocr_par' dir='ltr' id='par_1_34' title="bbox 93 2111 1602 2177">
     <span class='ocr_line' id='line_1_34' title="bbox 93 2111 1602 2177; baseline 0.003 -15"><span class='ocrx_word' id='word_1_245' title='bbox 93 2111 345 2170; x_wconf 82' lang='lat' dir='ltr'><strong>feminarum</strong></span> <span class='ocrx_word' id='word_1_246' title='bbox 379 2132 584 2169; x_wconf 85' lang='lat' dir='ltr'><strong>amores</strong></span> <span class='ocrx_word' id='word_1_247' title='bbox 616 2114 914 2177; x_wconf 76' lang='lat' dir='ltr'><strong>excitaret,</strong></span> <span class='ocrx_word' id='word_1_248' title='bbox 957 2114 1147 2170; x_wconf 80' lang='lat' dir='ltr'><strong>faciem</strong></span> <span class='ocrx_word' id='word_1_249' title='bbox 1189 2128 1335 2168; x_wconf 85' lang='lat' dir='ltr'><strong>suam</strong></span> <span class='ocrx_word' id='word_1_250' title='bbox 1376 2114 1440 2167; x_wconf 87' lang='lat' dir='ltr'><strong>ad</strong></span> <span class='ocrx_word' id='word_1_251' title='bbox 1471 2113 1602 2167; x_wconf 83' lang='lat' dir='ltr'><strong>obli-</strong></span> 
     </span>
    </p>
   </div>
   <div class='ocr_carea' id='block_1_35' title="bbox 94 2205 1600 2276">
    <p class='ocr_par' dir='ltr' id='par_1_35' title="bbox 94 2205 1600 2276">
     <span class='ocr_line' id='line_1_35' title="bbox 94 2205 1600 2276; baseline 0.005 -24"><span class='ocrx_word' id='word_1_252' title='bbox 94 2206 306 2259; x_wconf 81' lang='lat' dir='ltr'><strong>terandam</strong></span> <span class='ocrx_word' id='word_1_253' title='bbox 335 2207 781 2276; x_wconf 76' lang='lat' dir='ltr'><strong>pulchritudinem</strong></span> <span class='ocrx_word' id='word_1_254' title='bbox 823 2206 1125 2261; x_wconf 84' lang='lat' dir='ltr'><strong>vulneribus</strong></span> <span class='ocrx_word' id='word_1_255' title='bbox 1163 2206 1450 2261; x_wconf 88' lang='lat' dir='ltr'><strong>sauciasse.</strong></span> <span class='ocrx_word' id='word_1_256' title='bbox 1497 2205 1600 2260; x_wconf 89' lang='lat' dir='ltr'><strong>Sed</strong></span> 
     </span>
    </p>
   </div>
   <div class='ocr_carea' id='block_1_36' title="bbox 91 2293 1601 2367">
    <p class='ocr_par' dir='ltr' id='par_1_36' title="bbox 91 2293 1601 2367">
     <span class='ocr_line' id='line_1_36' title="bbox 91 2293 1601 2367; baseline 0.005 -26"><span class='ocrx_word' id='word_1_257' title='bbox 91 2293 203 2347; x_wconf 70' lang='lat' dir='ltr'><strong>facile</strong></span> <span class='ocrx_word' id='word_1_258' title='bbox 236 2299 315 2350; x_wconf 89' lang='lat' dir='ltr'><strong>luit</strong></span> <span class='ocrx_word' id='word_1_259' title='bbox 351 2298 533 2366; x_wconf 85' lang='lat' dir='ltr'><strong>juveni</strong></span> <span class='ocrx_word' id='word_1_260' title='bbox 572 2298 813 2367; x_wconf 70' lang='lat' dir='ltr'><strong>dignitati</strong></span> <span class='ocrx_word' id='word_1_261' title='bbox 861 2297 1098 2365; x_wconf 84' lang='lat' dir='ltr'><strong>corporis</strong></span> <span class='ocrx_word' id='word_1_262' title='bbox 1146 2298 1391 2351; x_wconf 87' lang='lat' dir='ltr'><strong>decorem</strong></span> <span class='ocrx_word' id='word_1_263' title='bbox 1439 2294 1601 2349; x_wconf 86' lang='lat' dir='ltr'><strong>animi</strong></span> 
     </span>
    </p>
   </div>
   <div class='ocr_carea' id='block_1_37' title="bbox 92 2389 1599 2454">
    <p class='ocr_par' dir='ltr' id='par_1_37' title="bbox 92 2389 1599 2454">
     <span class='ocr_line' id='line_1_37' title="bbox 92 2389 1599 2454; baseline 0.003 -18"><span class='ocrx_word' id='word_1_264' title='bbox 92 2390 354 2453; x_wconf 70' lang='lat' dir='ltr'><strong>prrponenti</strong></span> <span class='ocrx_word' id='word_1_265' title='bbox 383 2399 433 2441; x_wconf 91' lang='lat' dir='ltr'><strong>et</strong></span> <span class='ocrx_word' id='word_1_266' title='bbox 462 2390 748 2443; x_wconf 82' lang='lat' dir='ltr'><strong>candorem</strong></span> <span class='ocrx_word' id='word_1_267' title='bbox 780 2389 1093 2444; x_wconf 78' lang='lat' dir='ltr'><strong>deoclorare</strong></span> <span class='ocrx_word' id='word_1_268' title='bbox 1113 2428 1129 2454; x_wconf 92' lang='lat'><strong>,</strong></span> <span class='ocrx_word' id='word_1_269' title='bbox 1161 2400 1213 2443; x_wconf 89' lang='lat' dir='ltr'><strong>et</strong></span> <span class='ocrx_word' id='word_1_270' title='bbox 1238 2390 1345 2441; x_wconf 86' lang='lat' dir='ltr'><strong>oris</strong></span> <span class='ocrx_word' id='word_1_271' title='bbox 1375 2389 1599 2442; x_wconf 82' lang='lat' dir='ltr'><strong>niterent</strong></span> 
     </span>
    </p>
   </div>
   <div class='ocr_carea' id='block_1_38' title="bbox 88 2464 1597 2547">
    <p class='ocr_par' dir='ltr' id='par_1_38' title="bbox 88 2464 1597 2547">
     <span class='ocr_line' id='line_1_38' title="bbox 88 2464 1597 2547; baseline 0.005 -22"><span class='ocrx_word' id='word_1_272' title='bbox 88 2475 166 2529; x_wconf 78' lang='lat' dir='ltr'><strong>alte</strong></span> <span class='ocrx_word' id='word_1_273' title='bbox 183 2476 421 2546; x_wconf 85' lang='lat' dir='ltr'><strong>impressis</strong></span> <span class='ocrx_word' id='word_1_274' title='bbox 444 2479 781 2534; x_wconf 65' lang='lat' dir='ltr'><strong>cicatricibus</strong></span> <span class='ocrx_word' id='word_1_275' title='bbox 802 2482 820 2509; x_wconf 88' lang='grc'>¹</span> <span class='ocrx_word' id='word_1_276' title='bbox 844 2480 1209 2534; x_wconf 83' lang='lat' dir='ltr'><strong>devenustare.</strong></span> <span class='ocrx_word' id='word_1_277' title='bbox 1242 2464 1372 2533; x_wconf 55' lang='lat' dir='ltr'><strong>Nunt</strong></span> <span class='ocrx_word' id='word_1_278' title='bbox 1401 2478 1597 2547; x_wconf 84' lang='lat' dir='ltr'><strong>aliquid</strong></span> 
     </span>
    </p>
   </div>
   <div class='ocr_carea' id='block_1_39' title="bbox 90 2564 1600 2631">
    <p class='ocr_par' dir='ltr' id='par_1_39' title="bbox 90 2564 1600 2631">
     <span class='ocr_line' id='line_1_39' title="bbox 90 2564 1600 2631; baseline 0.003 -14"><span class='ocrx_word' id='word_1_279' title='bbox 90 2564 330 2631; x_wconf 73' lang='lat' dir='ltr'><strong>huiusmodi</strong></span> <span class='ocrx_word' id='word_1_280' title='bbox 376 2570 631 2625; x_wconf 86' lang='lat' dir='ltr'><strong>adversus</strong></span> <span class='ocrx_word' id='word_1_281' title='bbox 680 2586 912 2624; x_wconf 90' lang='lat' dir='ltr'><strong>amorem</strong></span> <span class='ocrx_word' id='word_1_282' title='bbox 957 2571 1148 2625; x_wconf 86' lang='lat' dir='ltr'><strong>civium</strong></span> <span class='ocrx_word' id='word_1_283' title='bbox 1195 2569 1373 2624; x_wconf 87' lang='lat' dir='ltr'><strong>facere</strong></span> <span class='ocrx_word' id='word_1_284' title='bbox 1419 2568 1600 2623; x_wconf 91' lang='lat' dir='ltr'><strong>debuit</strong></span> 
     </span>
    </p>
   </div>
   <div class='ocr_carea' id='block_1_40' title="bbox 88 2655 1595 2731">
    <p class='ocr_par' dir='ltr' id='par_1_40' title="bbox 88 2655 1595 2731">
     <span class='ocr_line' id='line_1_40' title="bbox 88 2655 1595 2731; baseline 0.003 -23"><span class='ocrx_word' id='word_1_285' title='bbox 88 2655 303 2714; x_wconf 76' lang='lat' dir='ltr'><strong>lulianus?</strong></span> <span class='ocrx_word' id='word_1_286' title='bbox 327 2666 400 2718; x_wconf 76' lang='lat' dir='ltr'><strong>Ac</strong></span> <span class='ocrx_word' id='word_1_287' title='bbox 430 2679 500 2718; x_wconf 89' lang='lat' dir='ltr'><strong>ne</strong></span> <span class='ocrx_word' id='word_1_288' title='bbox 533 2664 700 2731; x_wconf 87' lang='lat' dir='ltr'><strong>potuit</strong></span> <span class='ocrx_word' id='word_1_289' title='bbox 732 2662 978 2731; x_wconf 87' lang='lat' dir='ltr'><strong>quidem;</strong></span> <span class='ocrx_word' id='word_1_290' title='bbox 1022 2664 1118 2716; x_wconf 91' lang='lat' dir='ltr'><strong>nisi</strong></span> <span class='ocrx_word' id='word_1_291' title='bbox 1150 2662 1285 2716; x_wconf 89' lang='lat' dir='ltr'><strong>forte</strong></span> <span class='ocrx_word' id='word_1_292' title='bbox 1326 2662 1595 2717; x_wconf 86' lang='lat' dir='ltr'><strong>existima-</strong></span> 
     </span>
    </p>
   </div>
   <div class='ocr_carea' id='block_1_41' title="bbox 90 2752 1598 2817">
    <p class='ocr_par' dir='ltr' id='par_1_41' title="bbox 90 2752 1598 2817">
     <span class='ocr_line' id='line_1_41' title="bbox 90 2752 1598 2817; baseline 0.004 -18"><span class='ocrx_word' id='word_1_293' title='bbox 90 2762 178 2802; x_wconf 81' lang='lat' dir='ltr'><strong>mus</strong></span> <span class='ocrx_word' id='word_1_294' title='bbox 200 2753 431 2817; x_wconf 83' lang='lat' dir='ltr'><strong>patientes</strong></span> <span class='ocrx_word' id='word_1_295' title='bbox 462 2755 738 2808; x_wconf 83' lang='lat' dir='ltr'><strong>vulnerum</strong></span> <span class='ocrx_word' id='word_1_296' title='bbox 773 2753 967 2807; x_wconf 83' lang='lat' dir='ltr'><strong>formas</strong></span> <span class='ocrx_word' id='word_1_297' title='bbox 996 2768 1115 2808; x_wconf 90' lang='lat' dir='ltr'><strong>esse</strong></span> <span class='ocrx_word' id='word_1_298' title='bbox 1145 2754 1414 2807; x_wconf 89' lang='lat' dir='ltr'><strong>virtutum.</strong></span> <span class='ocrx_word' id='word_1_299' title='bbox 1444 2752 1598 2807; x_wconf 87' lang='lat' dir='ltr'><strong>Scili-</strong></span> 
     </span>
    </p>
   </div>
   <div class='ocr_carea' id='block_1_42' title="bbox 89 2844 1596 2912">
    <p class='ocr_par' dir='ltr' id='par_1_42' title="bbox 89 2844 1596 2912">
     <span class='ocr_line' id='line_1_42' title="bbox 89 2844 1596 2912; baseline 0.004 -22"><span class='ocrx_word' id='word_1_300' title='bbox 89 2851 149 2892; x_wconf 80' lang='lat' dir='ltr'><strong>cet</strong></span> <span class='ocrx_word' id='word_1_301' title='bbox 172 2853 216 2894; x_wconf 92' lang='lat' dir='ltr'><strong>et</strong></span> <span class='ocrx_word' id='word_1_302' title='bbox 242 2844 513 2898; x_wconf 84' lang='lat' dir='ltr'><strong>candorem</strong></span> <span class='ocrx_word' id='word_1_303' title='bbox 553 2844 819 2912; x_wconf 64' lang='lat' dir='ltr'><strong>aequitath</strong></span> <span class='ocrx_word' id='word_1_304' title='bbox 865 2844 1032 2911; x_wconf 85' lang='lat' dir='ltr'><strong>potuit</strong></span> <span class='ocrx_word' id='word_1_305' title='bbox 1077 2844 1397 2897; x_wconf 83' lang='lat' dir='ltr'><strong>obumbrare</strong></span> <span class='ocrx_word' id='word_1_306' title='bbox 1422 2886 1436 2909; x_wconf 96' lang='lat'><strong>,</strong></span> <span class='ocrx_word' id='word_1_307' title='bbox 1480 2852 1532 2896; x_wconf 91' lang='lat' dir='ltr'><strong>et</strong></span> <span class='ocrx_word' id='word_1_308' title='bbox 1566 2857 1596 2896; x_wconf 90' lang='lat' dir='ltr'><strong>a</strong></span> 
     </span>
    </p>
   </div>
   <div class='ocr_carea' id='block_1_43' title="bbox 90 2932 1593 3002">
    <p class='ocr_par' dir='ltr' id='par_1_43' title="bbox 90 2932 1593 3002">
     <span class='ocr_line' id='line_1_43' title="bbox 90 2932 1593 3002; baseline 0.005 -23"><span class='ocrx_word' id='word_1_309' title='bbox 90 2932 371 2998; x_wconf 82' lang='lat' dir='ltr'><strong>temperantia</strong></span> <span class='ocrx_word' id='word_1_310' title='bbox 426 2943 451 2969; x_wconf 71' lang='grc' dir='ltr'>ι</span> <span class='ocrx_word' id='word_1_311' title='bbox 509 2950 795 3002; x_wconf 83' lang='lat' dir='ltr'><strong>purpuram</strong></span> <span class='ocrx_word' id='word_1_312' title='bbox 863 2934 1029 2987; x_wconf 88' lang='lat' dir='ltr'><strong>sancti</strong></span> <span class='ocrx_word' id='word_1_313' title='bbox 1094 2934 1302 2987; x_wconf 86' lang='lat' dir='ltr'><strong>ruboris</strong></span> <span class='ocrx_word' id='word_1_314' title='bbox 1359 2934 1593 2998; x_wconf 86' lang='lat' dir='ltr'><strong>abolere,</strong></span> 
     </span>
    </p>
   </div>
   <div class='ocr_carea' id='block_1_44' title="bbox 89 3017 1595 3093">
    <p class='ocr_par' dir='ltr' id='par_1_44' title="bbox 89 3017 1595 3093">
     <span class='ocr_line' id='line_1_44' title="bbox 89 3017 1595 3093; baseline 0.004 -22"><span class='ocrx_word' id='word_1_315' title='bbox 89 3017 261 3077; x_wconf 85' lang='lat' dir='ltr'><strong>’vicem</strong></span> <span class='ocrx_word' id='word_1_316' title='bbox 313 3025 631 3080; x_wconf 87' lang='lat' dir='ltr'><strong>fortitudinis</strong></span> <span class='ocrx_word' id='word_1_317' title='bbox 677 3025 903 3093; x_wconf 87' lang='lat' dir='ltr'><strong>indignis</strong></span> <span class='ocrx_word' id='word_1_318' title='bbox 942 3024 1227 3079; x_wconf 82' lang='lat' dir='ltr'><strong>confodere</strong></span> <span class='ocrx_word' id='word_1_319' title='bbox 1272 3025 1595 3091; x_wconf 85' lang='lat' dir='ltr'><strong>vulneribus,</strong></span> 
     </span>
    </p>
   </div>
   <div class='ocr_carea' id='block_1_45' title="bbox 91 3114 1595 3183">
    <p class='ocr_par' dir='ltr' id='par_1_45' title="bbox 91 3114 1595 3183">
     <span class='ocr_line' id='line_1_45' title="bbox 91 3114 1595 3183; baseline 0.005 -23"><span class='ocrx_word' id='word_1_320' title='bbox 91 3123 230 3166; x_wconf 76' lang='lat' dir='ltr'><strong>eruere</strong></span> <span class='ocrx_word' id='word_1_321' title='bbox 261 3117 429 3168; x_wconf 90' lang='lat' dir='ltr'><strong>oculos</strong></span> <span class='ocrx_word' id='word_1_322' title='bbox 470 3114 855 3183; x_wconf 62' lang='lat' dir='ltr'><strong>providentiae!</strong></span> <span class='ocrx_word' id='word_1_323' title='bbox 903 3114 1105 3168; x_wconf 90' lang='lat' dir='ltr'><strong>Deinde</strong></span> <span class='ocrx_word' id='word_1_324' title='bbox 1144 3115 1244 3167; x_wconf 88' lang='lat' dir='ltr'><strong>nisi</strong></span> <span class='ocrx_word' id='word_1_325' title='bbox 1292 3115 1379 3168; x_wconf 84' lang='lat' dir='ltr'><strong>ille</strong></span> <span class='ocrx_word' id='word_1_326' title='bbox 1414 3114 1595 3168; x_wconf 82' lang='lat' dir='ltr'><strong>adole-</strong></span> 
     </span>
    </p>
   </div>
   <div class='ocr_carea' id='block_1_46' title="bbox 90 3204 1591 3274">
    <p class='ocr_par' dir='ltr' id='par_1_46' title="bbox 90 3204 1591 3274">
     <span class='ocr_line' id='line_1_46' title="bbox 90 3204 1591 3274; baseline 0.002 -21"><span class='ocrx_word' id='word_1_327' title='bbox 90 3212 207 3274; x_wconf 64' lang='lat' dir='ltr'><strong>acetis</strong></span> <span class='ocrx_word' id='word_1_328' title='bbox 226 3219 439 3259; x_wconf 77' lang='lat' dir='ltr'><strong>severam</strong></span> <span class='ocrx_word' id='word_1_329' title='bbox 488 3221 703 3259; x_wconf 90' lang='lat' dir='ltr'><strong>manum</strong></span> <span class='ocrx_word' id='word_1_330' title='bbox 756 3206 978 3274; x_wconf 89' lang='lat' dir='ltr'><strong>propriis</strong></span> <span class='ocrx_word' id='word_1_331' title='bbox 1033 3206 1261 3259; x_wconf 84' lang='lat' dir='ltr'><strong>vuitibns</strong></span> <span class='ocrx_word' id='word_1_332' title='bbox 1311 3204 1591 3269; x_wconf 73' lang='lat' dir='ltr'><strong>intulisset,</strong></span> 
     </span>
    </p>
   </div>
   <div class='ocr_carea' id='block_1_47' title="bbox 1703 2023 3268 2094">
    <p class='ocr_par' dir='ltr' id='par_1_47' title="bbox 1703 2023 3268 2094">
     <span class='ocr_line' id='line_1_47' title="bbox 1703 2023 3268 2094; baseline 0.004 -17"><span class='ocrx_word' id='word_1_333' title='bbox 1703 2023 1881 2078; x_wconf 90' lang='lat' dir='ltr'><strong>dereis</strong></span> <span class='ocrx_word' id='word_1_334' title='bbox 1916 2024 2125 2091; x_wconf 76' lang='lat' dir='ltr'><strong>ignibus</strong></span> <span class='ocrx_word' id='word_1_335' title='bbox 2154 2024 2371 2077; x_wconf 89' lang='lat' dir='ltr'><strong>Iumina.</strong></span> <span class='ocrx_word' id='word_1_336' title='bbox 2414 2023 2581 2079; x_wconf 79' lang='lat' dir='ltr'><strong>Voces</strong></span> <span class='ocrx_word' id='word_1_337' title='bbox 2622 2025 2961 2093; x_wconf 80' lang='lat' dir='ltr'><strong>gaudentium</strong></span> <span class='ocrx_word' id='word_1_338' title='bbox 2992 2041 3268 2094; x_wconf 61' lang='lat' dir='ltr'><strong>oppresse-</strong></span> 
     </span>
    </p>
   </div>
   <div class='ocr_carea' id='block_1_48' title="bbox 1703 2112 3270 2181">
    <p class='ocr_par' dir='ltr' id='par_1_48' title="bbox 1703 2112 3270 2181">
     <span class='ocr_line' id='line_1_48' title="bbox 1703 2112 3270 2181; baseline 0.007 -16"><span class='ocrx_word' id='word_1_339' title='bbox 1703 2121 1785 2165; x_wconf 83' lang='lat' dir='ltr'><strong>rat</strong></span> <span class='ocrx_word' id='word_1_340' title='bbox 1821 2113 2061 2166; x_wconf 79' lang='lat' dir='ltr'><strong>miraculi</strong></span> <span class='ocrx_word' id='word_1_341' title='bbox 2106 2114 2432 2181; x_wconf 80' lang='lat' dir='ltr'><strong>magnitudo.</strong></span> <span class='ocrx_word' id='word_1_342' title='bbox 2473 2112 2761 2168; x_wconf 86' lang='lat' dir='ltr'><strong>Cessabant</strong></span> <span class='ocrx_word' id='word_1_343' title='bbox 2807 2115 2980 2170; x_wconf 87' lang='lat' dir='ltr'><strong>oflicia</strong></span> <span class='ocrx_word' id='word_1_344' title='bbox 3027 2118 3270 2176; x_wconf 84' lang='lat' dir='ltr'><strong>laudandi</strong></span> 
     </span>
    </p>
   </div>
   <div class='ocr_carea' id='block_1_49' title="bbox 1672 2203 2675 2272">
    <p class='ocr_par' dir='ltr' id='par_1_49' title="bbox 1672 2203 2675 2272">
     <span class='ocr_line' id='line_1_49' title="bbox 1672 2203 2675 2272; baseline 0.003 -18"><span class='ocrx_word' id='word_1_345' title='bbox 1672 2224 1673 2227; x_wconf 50' lang='grc' dir='ltr'><strong>η</strong></span> <span class='ocrx_word' id='word_1_346' title='bbox 1700 2203 1820 2272; x_wconf 83' lang='lat' dir='ltr'><strong>plus</strong></span> <span class='ocrx_word' id='word_1_347' title='bbox 1851 2216 2006 2271; x_wconf 79' lang='lat' dir='ltr'><strong>quam</strong></span> <span class='ocrx_word' id='word_1_348' title='bbox 2036 2204 2293 2256; x_wconf 83' lang='lat' dir='ltr'><strong>laudanda</strong></span> <span class='ocrx_word' id='word_1_349' title='bbox 2317 2206 2675 2259; x_wconf 87' lang='lat' dir='ltr'><strong>cernentibus.</strong></span> 
     </span>
    </p>
   </div>
   <div class='ocr_carea' id='block_1_50' title="bbox 1771 2293 3271 2365">
    <p class='ocr_par' dir='ltr' id='par_1_50' title="bbox 1771 2293 3271 2365">
     <span class='ocr_line' id='line_1_50' title="bbox 1771 2293 3271 2365; baseline 0.005 -20"><span class='ocrx_word' id='word_1_350' title='bbox 1771 2294 1879 2347; x_wconf 78' lang='lat' dir='ltr'><strong>\‘ll.</strong></span> <span class='ocrx_word' id='word_1_351' title='bbox 1911 2293 2194 2349; x_wconf 79' lang='lat' dir='ltr'><strong>Sufficeret</strong></span> <span class='ocrx_word' id='word_1_352' title='bbox 2232 2295 2445 2364; x_wconf 85' lang='lat' dir='ltr'><strong>quidem</strong></span> <span class='ocrx_word' id='word_1_353' title='bbox 2491 2295 2557 2348; x_wconf 89' lang='lat' dir='ltr'><strong>ad</strong></span> <span class='ocrx_word' id='word_1_354' title='bbox 2600 2294 2997 2362; x_wconf 77' lang='lat' dir='ltr'><strong>expeditionem</strong></span> <span class='ocrx_word' id='word_1_355' title='bbox 3041 2312 3271 2365; x_wconf 70' lang='lat' dir='ltr'><strong>prmseu-</strong></span> 
     </span>
    </p>
   </div>
   <div class='ocr_carea' id='block_1_51' title="bbox 1702 2384 3274 2459">
    <p class='ocr_par' dir='ltr' id='par_1_51' title="bbox 1702 2384 3274 2459">
     <span class='ocr_line' id='line_1_51' title="bbox 1702 2384 3274 2459; baseline 0.003 -20"><span class='ocrx_word' id='word_1_356' title='bbox 1702 2386 1829 2439; x_wconf 89' lang='lat' dir='ltr'><strong>tium</strong></span> <span class='ocrx_word' id='word_1_357' title='bbox 1882 2386 2209 2453; x_wconf 83' lang='lat' dir='ltr'><strong>negotiorum</strong></span> <span class='ocrx_word' id='word_1_358' title='bbox 2258 2385 2368 2438; x_wconf 90' lang='lat' dir='ltr'><strong>sola</strong></span> <span class='ocrx_word' id='word_1_359' title='bbox 2418 2387 2754 2453; x_wconf 83' lang='lat' dir='ltr'><strong>preperatio,</strong></span> <span class='ocrx_word' id='word_1_360' title='bbox 2793 2384 2886 2439; x_wconf 86' lang='lat' dir='ltr'><strong>sed</strong></span> <span class='ocrx_word' id='word_1_361' title='bbox 2932 2401 3040 2459; x_wconf 66' lang='lat' dir='ltr'><strong>nor;</strong></span> <span class='ocrx_word' id='word_1_362' title='bbox 3077 2388 3274 2443; x_wconf 83' lang='lat' dir='ltr'><strong>sufficit</strong></span> 
     </span>
    </p>
   </div>
   <div class='ocr_carea' id='block_1_52' title="bbox 1701 2476 3271 2544">
    <p class='ocr_par' dir='ltr' id='par_1_52' title="bbox 1701 2476 3271 2544">
     <span class='ocr_line' id='line_1_52' title="bbox 1701 2476 3271 2544; baseline 0.003 -15"><span class='ocrx_word' id='word_1_363' title='bbox 1701 2476 1922 2544; x_wconf 89' lang='lat' dir='ltr'><strong>principi</strong></span> <span class='ocrx_word' id='word_1_364' title='bbox 1983 2486 2167 2530; x_wconf 89' lang='lat' dir='ltr'><strong>nostro</strong></span> <span class='ocrx_word' id='word_1_365' title='bbox 2217 2477 2522 2543; x_wconf 60' lang='lat' dir='ltr'><strong>reipublicae</strong></span> <span class='ocrx_word' id='word_1_366' title='bbox 2574 2493 2673 2530; x_wconf 91' lang='lat' dir='ltr'><strong>una</strong></span> <span class='ocrx_word' id='word_1_367' title='bbox 2725 2478 2928 2531; x_wconf 80' lang='lat' dir='ltr'><strong>ratione</strong></span> <span class='ocrx_word' id='word_1_368' title='bbox 2977 2480 3271 2534; x_wconf 87' lang='lat' dir='ltr'><strong>consulere.</strong></span> 
     </span>
    </p>
   </div>
   <div class='ocr_carea' id='block_1_53' title="bbox 1699 2568 3273 2641">
    <p class='ocr_par' dir='ltr' id='par_1_53' title="bbox 1699 2568 3273 2641">
     <span class='ocr_line' id='line_1_53' title="bbox 1699 2568 3273 2641; baseline 0.004 -20"><span class='ocrx_word' id='word_1_369' title='bbox 1699 2569 1857 2621; x_wconf 84' lang='lat' dir='ltr'><strong>Multa</strong></span> <span class='ocrx_word' id='word_1_370' title='bbox 1899 2569 2096 2637; x_wconf 85' lang='lat' dir='ltr'><strong>pariter</strong></span> <span class='ocrx_word' id='word_1_371' title='bbox 2121 2568 2421 2639; x_wconf 84' lang='lat' dir='ltr'><strong>aggreditur</strong></span> <span class='ocrx_word' id='word_1_372' title='bbox 2453 2579 2638 2637; x_wconf 90' lang='lat' dir='ltr'><strong>pectus</strong></span> <span class='ocrx_word' id='word_1_373' title='bbox 2671 2572 2709 2601; x_wconf 83' lang='lat'>“</span> <span class='ocrx_word' id='word_1_374' title='bbox 2745 2571 2905 2625; x_wconf 89' lang='lat' dir='ltr'><strong>nullis</strong></span> <span class='ocrx_word' id='word_1_375' title='bbox 2937 2588 3163 2641; x_wconf 87' lang='lat' dir='ltr'><strong>unquam</strong></span> <span class='ocrx_word' id='word_1_376' title='bbox 3195 2574 3273 2627; x_wconf 81' lang='lat' dir='ltr'><strong>Ia-</strong></span> 
     </span>
    </p>
   </div>
   <div class='ocr_carea' id='block_1_54' title="bbox 1704 2657 3275 2730">
    <p class='ocr_par' dir='ltr' id='par_1_54' title="bbox 1704 2657 3275 2730">
     <span class='ocr_line' id='line_1_54' title="bbox 1704 2657 3275 2730; baseline 0.006 -19"><span class='ocrx_word' id='word_1_377' title='bbox 1704 2658 1919 2712; x_wconf 90' lang='lat' dir='ltr'><strong>boribus</strong></span> <span class='ocrx_word' id='word_1_378' title='bbox 1968 2657 2259 2725; x_wconf 85' lang='lat' dir='ltr'><strong>fatigatum.</strong></span> <span class='ocrx_word' id='word_1_379' title='bbox 2314 2659 2379 2713; x_wconf 89' lang='lat' dir='ltr'><strong>Ut</strong></span> <span class='ocrx_word' id='word_1_380' title='bbox 2428 2674 2532 2712; x_wconf 92' lang='lat' dir='ltr'><strong>uno</strong></span> <span class='ocrx_word' id='word_1_381' title='bbox 2585 2660 2881 2728; x_wconf 72' lang='lat' dir='ltr'><strong>eodemque</strong></span> <span class='ocrx_word' id='word_1_382' title='bbox 2930 2672 3166 2730; x_wconf 86' lang='lat' dir='ltr'><strong>tempore</strong></span> <span class='ocrx_word' id='word_1_383' title='bbox 3223 2675 3275 2720; x_wconf 92' lang='lat' dir='ltr'><strong>et</strong></span> 
     </span>
    </p>
   </div>
   <div class='ocr_carea' id='block_1_55' title="bbox 1702 2751 3273 2823">
    <p class='ocr_par' dir='ltr' id='par_1_55' title="bbox 1702 2751 3273 2823">
     <span class='ocr_line' id='line_1_55' title="bbox 1702 2751 3273 2823; baseline 0.005 -18"><span class='ocrx_word' id='word_1_384' title='bbox 1702 2751 2045 2819; x_wconf 78' lang='lat' dir='ltr'><strong>componeret</strong></span> <span class='ocrx_word' id='word_1_385' title='bbox 2092 2751 2466 2805; x_wconf 86' lang='lat' dir='ltr'><strong>lidissimarum</strong></span> <span class='ocrx_word' id='word_1_386' title='bbox 2515 2754 2902 2820; x_wconf 86' lang='lat' dir='ltr'><strong>provinciarum</strong></span> <span class='ocrx_word' id='word_1_387' title='bbox 2949 2766 3176 2823; x_wconf 86' lang='lat' dir='ltr'><strong>statum,</strong></span> <span class='ocrx_word' id='word_1_388' title='bbox 3220 2769 3273 2813; x_wconf 86' lang='lat' dir='ltr'><strong>et</strong></span> 
     </span>
    </p>
   </div>
   <div class='ocr_carea' id='block_1_56' title="bbox 1700 2841 3275 2913">
    <p class='ocr_par' dir='ltr' id='par_1_56' title="bbox 1700 2841 3275 2913">
     <span class='ocr_line' id='line_1_56' title="bbox 1700 2841 3275 2913; baseline 0.004 -17"><span class='ocrx_word' id='word_1_389' title='bbox 1700 2841 1998 2897; x_wconf 83' lang='lat' dir='ltr'><strong>barbariam</strong></span> <span class='ocrx_word' id='word_1_390' title='bbox 2041 2857 2250 2896; x_wconf 89' lang='lat' dir='ltr'><strong>omnem</strong></span> <span class='ocrx_word' id='word_1_391' title='bbox 2289 2844 2503 2898; x_wconf 90' lang='lat' dir='ltr'><strong>admoto</strong></span> <span class='ocrx_word' id='word_1_392' title='bbox 2561 2844 2780 2913; x_wconf 81' lang='lat' dir='ltr'><strong>propius</strong></span> <span class='ocrx_word' id='word_1_393' title='bbox 2831 2856 3032 2901; x_wconf 87' lang='lat' dir='ltr'><strong>terrore</strong></span> <span class='ocrx_word' id='word_1_394' title='bbox 3073 2850 3275 2912; x_wconf 87' lang='lat' dir='ltr'><strong>petch-</strong></span> 
     </span>
    </p>
   </div>
   <div class='ocr_carea' id='block_1_57' title="bbox 1700 2924 3272 3003">
    <p class='ocr_par' dir='ltr' id='par_1_57' title="bbox 1700 2924 3272 3003">
     <span class='ocr_line' id='line_1_57' title="bbox 1700 2924 3272 3003; baseline 0.003 -17"><span class='ocrx_word' id='word_1_395' title='bbox 1700 2932 1853 2997; x_wconf 85' lang='lat' dir='ltr'><strong>leret,</strong></span> <span class='ocrx_word' id='word_1_396' title='bbox 1873 2933 2180 3002; x_wconf 88' lang='lat' dir='ltr'><strong>longissimo</strong></span> <span class='ocrx_word' id='word_1_397' title='bbox 2194 2948 2351 2988; x_wconf 83' lang='lat' dir='ltr'><strong>cursu</strong></span> <span class='ocrx_word' id='word_1_398' title='bbox 2372 2933 2557 2987; x_wconf 80' lang='lat' dir='ltr'><strong>Istrum</strong></span> <span class='ocrx_word' id='word_1_399' title='bbox 2583 2935 2781 3001; x_wconf 87' lang='lat' dir='ltr'><strong>placuit</strong></span> <span class='ocrx_word' id='word_1_400' title='bbox 2797 2950 2885 2988; x_wconf 63' lang='grc' dir='ltr'><strong>[ιω</strong></span> <span class='ocrx_word' id='word_1_401' title='bbox 2902 2936 3047 3003; x_wconf 87' lang='lat' dir='ltr'><strong>igari.</strong></span> <span class='ocrx_word' id='word_1_402' title='bbox 3071 2937 3109 2965; x_wconf 83' lang='grc'>¹²</span> <span class='ocrx_word' id='word_1_403' title='bbox 3130 2924 3272 2991; x_wconf 76' lang='lat' dir='ltr'><strong>Prolt</strong></span> 
     </span>
    </p>
   </div>
   <div class='ocr_carea' id='block_1_58' title="bbox 1698 3024 3273 3095">
    <p class='ocr_par' dir='ltr' id='par_1_58' title="bbox 1698 3024 3273 3095">
     <span class='ocr_line' id='line_1_58' title="bbox 1698 3024 3273 3095; baseline -0.001 -14"><span class='ocrx_word' id='word_1_404' title='bbox 1698 3035 1877 3081; x_wconf 89' lang='lat' dir='ltr'><strong>sancta</strong></span> <span class='ocrx_word' id='word_1_405' title='bbox 1907 3025 2184 3078; x_wconf 85' lang='lat' dir='ltr'><strong>divinitas!</strong></span> <span class='ocrx_word' id='word_1_406' title='bbox 2220 3025 2348 3091; x_wconf 69' lang='lat' dir='ltr'><strong>Qum</strong></span> <span class='ocrx_word' id='word_1_407' title='bbox 2384 3024 2730 3091; x_wconf 85' lang='lat' dir='ltr'><strong>navigationis</strong></span> <span class='ocrx_word' id='word_1_408' title='bbox 2761 3024 2901 3078; x_wconf 90' lang='lat' dir='ltr'><strong>illius</strong></span> <span class='ocrx_word' id='word_1_409' title='bbox 2934 3024 3031 3078; x_wconf 89' lang='lat' dir='ltr'><strong>fuit</strong></span> <span class='ocrx_word' id='word_1_410' title='bbox 3061 3041 3273 3095; x_wconf 86' lang='lat' dir='ltr'><strong>pompa,</strong></span> 
     </span>
    </p>
   </div>
   <div class='ocr_carea' id='block_1_59' title="bbox 1696 3114 3274 3185">
    <p class='ocr_par' dir='ltr' id='par_1_59' title="bbox 1696 3114 3274 3185">
     <span class='ocr_line' id='line_1_59' title="bbox 1696 3114 3274 3185; baseline 0.002 -14"><span class='ocrx_word' id='word_1_411' title='bbox 1696 3132 1816 3171; x_wconf 89' lang='lat' dir='ltr'><strong>cum</strong></span> <span class='ocrx_word' id='word_1_412' title='bbox 1865 3116 2221 3171; x_wconf 80' lang='lat' dir='ltr'><strong>dexteriorem</strong></span> <span class='ocrx_word' id='word_1_413' title='bbox 2271 3115 2457 3183; x_wconf 85' lang='lat' dir='ltr'><strong>inclyti</strong></span> <span class='ocrx_word' id='word_1_414' title='bbox 2504 3114 2737 3167; x_wconf 86' lang='lat' dir='ltr'><strong>ﬂuminis</strong></span> <span class='ocrx_word' id='word_1_415' title='bbox 2790 3116 2956 3184; x_wconf 87' lang='lat' dir='ltr'><strong>ripam</strong></span> <span class='ocrx_word' id='word_1_416' title='bbox 3006 3118 3274 3185; x_wconf 82' lang='lat' dir='ltr'><strong>utriusque</strong></span> 
     </span>
    </p>
   </div>
   <div class='ocr_carea' id='block_1_60' title="bbox 1697 3204 3273 3273">
    <p class='ocr_par' dir='ltr' id='par_1_60' title="bbox 1697 3204 3273 3273">
     <span class='ocr_line' id='line_1_60' title="bbox 1697 3204 3273 3273; baseline 0.001 -13"><span class='ocrx_word' id='word_1_417' title='bbox 1697 3221 1876 3273; x_wconf 88' lang='lat' dir='ltr'><strong>sexus,</strong></span> <span class='ocrx_word' id='word_1_418' title='bbox 1909 3205 2144 3259; x_wconf 88' lang='lat' dir='ltr'><strong>omnium</strong></span> <span class='ocrx_word' id='word_1_419' title='bbox 2168 3204 2435 3267; x_wconf 88' lang='lat' dir='ltr'><strong>ordinum,</strong></span> <span class='ocrx_word' id='word_1_420' title='bbox 2460 3213 2783 3257; x_wconf 87' lang='lat' dir='ltr'><strong>armatorum</strong></span> <span class='ocrx_word' id='word_1_421' title='bbox 2809 3215 2966 3272; x_wconf 84' lang='lat' dir='ltr'><strong>atque</strong></span> <span class='ocrx_word' id='word_1_422' title='bbox 2993 3207 3273 3262; x_wconf 89' lang='lat' dir='ltr'><strong>inermium</strong></span> 
     </span>
    </p>
   </div>
   <div class='ocr_carea' id='block_1_61' title="bbox 95 3270 3273 3368">
    <p class='ocr_par' dir='ltr' id='par_1_61' title="bbox 95 3270 3273 3368">
     <span class='ocr_line' id='line_1_61' title="bbox 95 3270 3273 3368; baseline 0.002 -20"><span class='ocrx_word' id='word_1_423' title='bbox 95 3270 215 3347; x_wconf 35' lang='lat' dir='ltr'><strong>idies</strong></span> <span class='ocrx_word' id='word_1_424' title='bbox 242 3309 287 3351; x_wconf 91' lang='lat' dir='ltr'><strong>et</strong></span> <span class='ocrx_word' id='word_1_425' title='bbox 312 3315 451 3353; x_wconf 82' lang='lat' dir='ltr'><strong>mora</strong></span> <span class='ocrx_word' id='word_1_426' title='bbox 478 3341 494 3365; x_wconf 97' lang='lat'><strong>,</strong></span> <span class='ocrx_word' id='word_1_427' title='bbox 535 3314 642 3354; x_wconf 91' lang='lat' dir='ltr'><strong>non</strong></span> <span class='ocrx_word' id='word_1_428' title='bbox 675 3299 827 3368; x_wconf 86' lang='lat' dir='ltr'><strong>longa</strong></span> <span class='ocrx_word' id='word_1_429' title='bbox 870 3298 1043 3353; x_wconf 80' lang='lat' dir='ltr'><strong>aetatis</strong></span> <span class='ocrx_word' id='word_1_430' title='bbox 1090 3298 1358 3353; x_wconf 83' lang='lat' dir='ltr'><strong>successio</strong></span> <span class='ocrx_word' id='word_1_431' title='bbox 1386 3311 1597 3352; x_wconf 87' lang='lat' dir='ltr'><strong>omnem</strong></span> <span class='ocrx_word' id='word_1_432' title='bbox 1624 3276 1671 3338; x_wconf 67' lang='grc' dir='ltr'>ε</span> <span class='ocrx_word' id='word_1_433' title='bbox 1705 3305 1991 3365; x_wconf 89' lang='lat' dir='ltr'><strong>perpetuus</strong></span> <span class='ocrx_word' id='word_1_434' title='bbox 2027 3296 2159 3347; x_wconf 93' lang='lat' dir='ltr'><strong>ordo</strong></span> <span class='ocrx_word' id='word_1_435' title='bbox 2201 3304 2536 3363; x_wconf 68' lang='lat' dir='ltr'><strong>prmtexeret,</strong></span> <span class='ocrx_word' id='word_1_436' title='bbox 2575 3296 2939 3363; x_wconf 83' lang='lat' dir='ltr'><strong>despiceretur</strong></span> <span class='ocrx_word' id='word_1_437' title='bbox 2977 3298 3043 3351; x_wconf 88' lang='lat' dir='ltr'><strong>ad</strong></span> <span class='ocrx_word' id='word_1_438' title='bbox 3090 3298 3273 3354; x_wconf 61' lang='lat' dir='ltr'><strong>laevam</strong></span> 
     </span>
    </p>
   </div>
   <div class='ocr_carea' id='block_1_62' title="bbox 90 3383 1598 3460">
    <p class='ocr_par' dir='ltr' id='par_1_62' title="bbox 90 3383 1598 3460">
     <span class='ocr_line' id='line_1_62' title="bbox 90 3383 1598 3460; baseline 0.008 -25"><span class='ocrx_word' id='word_1_439' title='bbox 90 3383 202 3441; x_wconf 88' lang='lat' dir='ltr'><strong>illum</strong></span> <span class='ocrx_word' id='word_1_440' title='bbox 233 3390 395 3446; x_wconf 84' lang='lat' dir='ltr'><strong>ﬂorem</strong></span> <span class='ocrx_word' id='word_1_441' title='bbox 438 3393 683 3460; x_wconf 85' lang='lat' dir='ltr'><strong>corporis</strong></span> <span class='ocrx_word' id='word_1_442' title='bbox 728 3394 1057 3459; x_wconf 87' lang='lat' dir='ltr'><strong>peremisset.</strong></span> <span class='ocrx_word' id='word_1_443' title='bbox 1089 3394 1110 3423; x_wconf 82' lang='grc'>³</span> <span class='ocrx_word' id='word_1_444' title='bbox 1148 3395 1215 3448; x_wconf 85' lang='lat' dir='ltr'><strong>At</strong></span> <span class='ocrx_word' id='word_1_445' title='bbox 1244 3392 1295 3447; x_wconf 91' lang='lat' dir='ltr'><strong>in</strong></span> <span class='ocrx_word' id='word_1_446' title='bbox 1318 3394 1598 3448; x_wconf 85' lang='lat' dir='ltr'><strong>virtutibus</strong></span> 
     </span>
    </p>
   </div>
   <div class='ocr_carea' id='block_1_63' title="bbox 90 3475 1596 3552">
    <p class='ocr_par' dir='ltr' id='par_1_63' title="bbox 90 3475 1596 3552">
     <span class='ocr_line' id='line_1_63' title="bbox 90 3475 1596 3552; baseline 0.01 -28"><span class='ocrx_word' id='word_1_447' title='bbox 90 3475 289 3546; x_wconf 85' lang='lat' dir='ltr'><strong>principis</strong></span> <span class='ocrx_word' id='word_1_448' title='bbox 313 3484 472 3535; x_wconf 89' lang='lat' dir='ltr'><strong>nostri</strong></span> <span class='ocrx_word' id='word_1_449' title='bbox 495 3490 697 3551; x_wconf 87' lang='lat' dir='ltr'><strong>quanto</strong></span> <span class='ocrx_word' id='word_1_450' title='bbox 727 3490 857 3536; x_wconf 77' lang='lat' dir='ltr'><strong>aetas</strong></span> <span class='ocrx_word' id='word_1_451' title='bbox 887 3483 1157 3552; x_wconf 68' lang='lat' dir='ltr'><strong>prolisior,</strong></span> <span class='ocrx_word' id='word_1_452' title='bbox 1193 3492 1336 3537; x_wconf 89' lang='lat' dir='ltr'><strong>tanto</strong></span> <span class='ocrx_word' id='word_1_453' title='bbox 1367 3484 1596 3552; x_wconf 85' lang='lat' dir='ltr'><strong>pulchri-</strong></span> 
     </span>
    </p>
   </div>
   <div class='ocr_carea' id='block_1_64' title="bbox 92 3569 544 3637">
    <p class='ocr_par' dir='ltr' id='par_1_64' title="bbox 92 3569 544 3637">
     <span class='ocr_line' id='line_1_64' title="bbox 92 3569 544 3637; baseline 0.029 -22"><span class='ocrx_word' id='word_1_454' title='bbox 92 3569 186 3621; x_wconf 85' lang='lat' dir='ltr'><strong>tudo</strong></span> <span class='ocrx_word' id='word_1_455' title='bbox 209 3574 544 3637; x_wconf 68' lang='lat' dir='ltr'><strong>prmstantior.</strong></span> 
     </span>
    </p>
   </div>
   <div class='ocr_carea' id='block_1_65' title="bbox 138 3658 1591 3721">
    <p class='ocr_par' dir='ltr' id='par_1_65' title="bbox 138 3658 1591 3721">
     <span class='ocr_line' id='line_1_65' title="bbox 138 3658 1591 3721; baseline 0.003 -8"><span class='ocrx_word' id='word_1_456' title='bbox 138 3658 209 3714; x_wconf 70' lang='lat' dir='ltr'><strong>Vl.</strong></span> <span class='ocrx_word' id='word_1_457' title='bbox 236 3662 359 3719; x_wconf 70' lang='lat' dir='ltr'><strong>il.tto</strong></span> <span class='ocrx_word' id='word_1_458' title='bbox 379 3674 627 3721; x_wconf 88' lang='lat' dir='ltr'><strong>cunctam</strong></span> <span class='ocrx_word' id='word_1_459' title='bbox 660 3665 956 3720; x_wconf 90' lang='lat' dir='ltr'><strong>barbariam</strong></span> <span class='ocrx_word' id='word_1_460' title='bbox 984 3666 1243 3720; x_wconf 85' lang='lat' dir='ltr'><strong>adversus</strong></span> <span class='ocrx_word' id='word_1_461' title='bbox 1276 3666 1296 3697; x_wconf 79' lang='grc'>⁸</span> <span class='ocrx_word' id='word_1_462' title='bbox 1327 3665 1591 3720; x_wconf 86' lang='lat' dir='ltr'><strong>vindicem</strong></span> 
     </span>
    </p>
   </div>
   <div class='ocr_carea' id='block_1_66' title="bbox 90 3747 1600 3826">
    <p class='ocr_par' dir='ltr' id='par_1_66' title="bbox 90 3747 1600 3826">
     <span class='ocr_line' id='line_1_66' title="bbox 90 3747 1600 3826; baseline 0.007 -26"><span class='ocrx_word' id='word_1_463' title='bbox 90 3747 290 3809; x_wconf 65' lang='lat' dir='ltr'><strong>ﬂuuiana</strong></span> <span class='ocrx_word' id='word_1_464' title='bbox 326 3758 581 3811; x_wconf 73' lang='lat' dir='ltr'><strong>libertatis</strong></span> <span class='ocrx_word' id='word_1_465' title='bbox 622 3758 673 3809; x_wconf 93' lang='lat' dir='ltr'><strong>iu</strong></span> <span class='ocrx_word' id='word_1_466' title='bbox 712 3772 858 3809; x_wconf 89' lang='lat' dir='ltr'><strong>arma</strong></span> <span class='ocrx_word' id='word_1_467' title='bbox 913 3770 1257 3824; x_wconf 88' lang='lat' dir='ltr'><strong>commotam,</strong></span> <span class='ocrx_word' id='word_1_468' title='bbox 1314 3769 1600 3826; x_wconf 65' lang='lat' dir='ltr'><strong>gentesque</strong></span> 
     </span>
    </p>
   </div>
   <div class='ocr_carea' id='block_1_67' title="bbox 94 3832 1599 3916">
    <p class='ocr_par' dir='ltr' id='par_1_67' title="bbox 94 3832 1599 3916">
     <span class='ocr_line' id='line_1_67' title="bbox 94 3832 1599 3916; baseline 0.009 -26"><span class='ocrx_word' id='word_1_469' title='bbox 94 3832 277 3897; x_wconf 74' lang='lat' dir='ltr'><strong>&#39;receus</strong></span> <span class='ocrx_word' id='word_1_470' title='bbox 304 3847 458 3900; x_wconf 84' lang='lat' dir='ltr'><strong>vietas</strong></span> <span class='ocrx_word' id='word_1_471' title='bbox 488 3856 544 3900; x_wconf 89' lang='lat' dir='ltr'><strong>et</strong></span> <span class='ocrx_word' id='word_1_472' title='bbox 574 3846 832 3901; x_wconf 82' lang='lat' dir='ltr'><strong>adversus</strong></span> <span class='ocrx_word' id='word_1_473' title='bbox 872 3847 1055 3916; x_wconf 90' lang='lat' dir='ltr'><strong>jugum</strong></span> <span class='ocrx_word' id='word_1_474' title='bbox 1099 3864 1266 3915; x_wconf 60' lang='lat' dir='ltr'><strong>nutrr</strong></span> <span class='ocrx_word' id='word_1_475' title='bbox 1296 3848 1599 3916; x_wconf 59' lang='lat' dir='ltr'><strong>ilhpOsIllIIII</strong></span> 
     </span>
    </p>
   </div>
   <div class='ocr_carea' id='block_1_68' title="bbox 90 3933 1596 4003">
    <p class='ocr_par' dir='ltr' id='par_1_68' title="bbox 90 3933 1596 4003">
     <span class='ocr_line' id='line_1_68' title="bbox 90 3933 1596 4003; baseline 0.007 -22"><span class='ocrx_word' id='word_1_476' title='bbox 90 3933 255 3987; x_wconf 72' lang='lat' dir='ltr'><strong>cervice</strong></span> <span class='ocrx_word' id='word_1_477' title='bbox 288 3934 431 3989; x_wconf 89' lang='lat' dir='ltr'><strong>dubia</strong></span> <span class='ocrx_word' id='word_1_478' title='bbox 467 3946 845 4003; x_wconf 81' lang='lat' dir='ltr'><strong>contumaces,</strong></span> <span class='ocrx_word' id='word_1_479' title='bbox 876 3936 902 3973; x_wconf 71' lang='grc' dir='ltr'>δ</span> <span class='ocrx_word' id='word_1_480' title='bbox 936 3938 984 3989; x_wconf 88' lang='lat' dir='ltr'><strong>itt</strong></span> <span class='ocrx_word' id='word_1_481' title='bbox 1030 3938 1322 3991; x_wconf 71' lang='lat' dir='ltr'><strong>redivivum</strong></span> <span class='ocrx_word' id='word_1_482' title='bbox 1368 3939 1596 3992; x_wconf 77' lang='lat' dir='ltr'><strong>furorem</strong></span> 
     </span>
    </p>
   </div>
   <div class='ocr_carea' id='block_1_69' title="bbox 88 4018 1595 4093">
    <p class='ocr_par' dir='ltr' id='par_1_69' title="bbox 88 4018 1595 4093">
     <span class='ocr_line' id='line_1_69' title="bbox 88 4018 1595 4093; baseline 0.008 -23"><span class='ocrx_word' id='word_1_483' title='bbox 88 4018 281 4078; x_wconf 74' lang='lat' dir='ltr'><strong>nefandis</strong></span> <span class='ocrx_word' id='word_1_484' title='bbox 312 4026 533 4081; x_wconf 88' lang='lat' dir='ltr'><strong>stimulis</strong></span> <span class='ocrx_word' id='word_1_485' title='bbox 574 4027 858 4081; x_wconf 87' lang='lat' dir='ltr'><strong>excitatas.</strong></span> <span class='ocrx_word' id='word_1_486' title='bbox 893 4027 1020 4093; x_wconf 71' lang='lat' dir='ltr'><strong>Quze</strong></span> <span class='ocrx_word' id='word_1_487' title='bbox 1059 4028 1236 4080; x_wconf 91' lang='lat' dir='ltr'><strong>omnia</strong></span> <span class='ocrx_word' id='word_1_488' title='bbox 1280 4028 1595 4085; x_wconf 83' lang='lat' dir='ltr'><strong>obstinatam</strong></span> 
     </span>
    </p>
   </div>
   <div class='ocr_carea' id='block_1_70' title="bbox 89 4113 1597 4190">
    <p class='ocr_par' dir='ltr' id='par_1_70' title="bbox 89 4113 1597 4190">
     <span class='ocr_line' id='line_1_70' title="bbox 89 4113 1597 4190; baseline 0.008 -25"><span class='ocrx_word' id='word_1_489' title='bbox 89 4120 127 4162; x_wconf 75' lang='lat' dir='ltr'><strong>tt</strong></span> <span class='ocrx_word' id='word_1_490' title='bbox 158 4113 436 4173; x_wconf 83' lang='lat' dir='ltr'><strong>immobilem</strong></span> <span class='ocrx_word' id='word_1_491' title='bbox 480 4119 738 4189; x_wconf 88' lang='lat' dir='ltr'><strong>principis</strong></span> <span class='ocrx_word' id='word_1_492' title='bbox 772 4120 987 4173; x_wconf 79' lang='lat' dir='ltr'><strong>maximi</strong></span> <span class='ocrx_word' id='word_1_493' title='bbox 1037 4120 1245 4173; x_wconf 91' lang='lat' dir='ltr'><strong>tandem</strong></span> <span class='ocrx_word' id='word_1_494' title='bbox 1288 4121 1463 4177; x_wconf 88' lang='lat' dir='ltr'><strong>vicere</strong></span> <span class='ocrx_word' id='word_1_495' title='bbox 1505 4138 1597 4190; x_wconf 58' lang='lat' dir='ltr'><strong>pa-</strong></span> 
     </span>
    </p>
   </div>
   <div class='ocr_carea' id='block_1_71' title="bbox 88 4226 1597 4306">
    <p class='ocr_par' dir='ltr' id='par_1_71' title="bbox 88 4226 1597 4306">
     <span class='ocr_line' id='line_1_71' title="bbox 88 4226 1597 4306; baseline 0.005 -25"><span class='ocrx_word' id='word_1_496' title='bbox 88 4292 95 4299; x_wconf 28' lang='grc' dir='ltr'><strong>ε</strong></span> <span class='ocrx_word' id='word_1_497' title='bbox 144 4226 238 4306; x_wconf 54' lang='lat' dir='ltr'><strong>&#39;mls</strong></span> <span class='ocrx_word' id='word_1_498' title='bbox 261 4230 491 4306; x_wconf 80' lang='lat' dir='ltr'><strong>Spurina</strong></span> <span class='ocrx_word' id='word_1_499' title='bbox 515 4233 644 4299; x_wconf 87' lang='lat' dir='ltr'><strong>fttit,</strong></span> <span class='ocrx_word' id='word_1_500' title='bbox 686 4240 760 4306; x_wconf 87' lang='lat' dir='ltr'><strong>ut_</strong></span> <span class='ocrx_word' id='word_1_501' title='bbox 790 4231 1011 4306; x_wconf 81' lang='lat' dir='ltr'><strong>margini</strong></span> <span class='ocrx_word' id='word_1_502' title='bbox 1040 4232 1359 4301; x_wconf 87' lang='lat' dir='ltr'><strong>adscriptum</strong></span> <span class='ocrx_word' id='word_1_503' title='bbox 1391 4235 1597 4301; x_wconf 86' lang='lat' dir='ltr'><strong>reperio</strong></span> 
     </span>
    </p>
   </div>
   <div class='ocr_carea' id='block_1_72' title="bbox 89 4294 1595 4369">
    <p class='ocr_par' dir='ltr' id='par_1_72' title="bbox 89 4294 1595 4369">
     <span class='ocr_line' id='line_1_72' title="bbox 89 4294 1595 4369; baseline 0.007 -20"><span class='ocrx_word' id='word_1_504' title='bbox 89 4294 127 4369; x_wconf 64' lang='lat' dir='ltr'><strong>in</strong></span> <span class='ocrx_word' id='word_1_505' title='bbox 152 4294 394 4369; x_wconf 76' lang='lat' dir='ltr'><strong>_\&#39;iettnensi</strong></span> <span class='ocrx_word' id='word_1_506' title='bbox 432 4294 687 4357; x_wconf 81' lang='lat' dir='ltr'><strong>editione.</strong></span> <span class='ocrx_word' id='word_1_507' title='bbox 730 4294 1230 4369; x_wconf 57' lang='lat' dir='ltr'><strong>Quam&#39;bistoriam&#39;</strong></span> <span class='ocrx_word' id='word_1_508' title='bbox 1277 4306 1389 4359; x_wconf 83' lang='lat' dir='ltr'><strong>fuse</strong></span> <span class='ocrx_word' id='word_1_509' title='bbox 1436 4294 1595 4360; x_wconf 64' lang='lat' dir='ltr'><strong>ri-t‘ert</strong></span> 
     </span>
    </p>
   </div>
   <div class='ocr_carea' id='block_1_73' title="bbox 92 4359 937 4440">
    <p class='ocr_par' dir='ltr' id='par_1_73' title="bbox 92 4359 937 4440">
     <span class='ocr_line' id='line_1_73' title="bbox 92 4359 937 4440; baseline 0.021 -31"><span class='ocrx_word' id='word_1_510' title='bbox 92 4359 229 4440; x_wconf 61' lang='lat' dir='ltr'><strong>inter.</strong></span> <span class='ocrx_word' id='word_1_511' title='bbox 253 4370 488 4427; x_wconf 71' lang='lat' dir='ltr'><strong>Maximus</strong></span> <span class='ocrx_word' id='word_1_512' title='bbox 514 4374 603 4427; x_wconf 88' lang='lat' dir='ltr'><strong>lib.</strong></span> <span class='ocrx_word' id='word_1_513' title='bbox 632 4389 704 4437; x_wconf 85' lang='lat' dir='ltr'><strong>tv,</strong></span> <span class='ocrx_word' id='word_1_514' title='bbox 737 4359 855 4440; x_wconf 63' lang='lat' dir='ltr'><strong>cap.</strong></span> 
     </span>
    </p>
   </div>
   <div class='ocr_carea' id='block_1_74' title="bbox 112 4435 1594 4511">
    <p class='ocr_par' dir='ltr' id='par_1_74' title="bbox 112 4435 1594 4511">
     <span class='ocr_line' id='line_1_74' title="bbox 112 4435 1594 4511; baseline 0.006 -22"><span class='ocrx_word' id='word_1_515' title='bbox 112 4436 157 4475; x_wconf 80' lang='lat'><strong>-&#39;</strong></span> <span class='ocrx_word' id='word_1_516' title='bbox 197 4435 286 4491; x_wconf 77' lang='lat' dir='ltr'><strong>Vox</strong></span> <span class='ocrx_word' id='word_1_517' title='bbox 327 4454 356 4493; x_wconf 88' lang='lat' dir='ltr'><strong>a</strong></span> <span class='ocrx_word' id='word_1_518' title='bbox 388 4440 558 4497; x_wconf 87' lang='lat' dir='ltr'><strong>Celtio</strong></span> <span class='ocrx_word' id='word_1_519' title='bbox 601 4435 851 4511; x_wconf 78' lang='lat' dir='ltr'><strong>usurpaia</strong></span> <span class='ocrx_word' id='word_1_520' title='bbox 888 4456 983 4510; x_wconf 89' lang='lat' dir='ltr'><strong>pro</strong></span> <span class='ocrx_word' id='word_1_521' title='bbox 1012 4455 1076 4496; x_wconf 90' lang='lat' dir='ltr'><strong>eo</strong></span> <span class='ocrx_word' id='word_1_522' title='bbox 1118 4443 1258 4511; x_wconf 87' lang='lat' dir='ltr'><strong>quod</strong></span> <span class='ocrx_word' id='word_1_523' title='bbox 1306 4453 1387 4497; x_wconf 89' lang='lat' dir='ltr'><strong>est</strong></span> <span class='ocrx_word' id='word_1_524' title='bbox 1424 4445 1594 4498; x_wconf 82' lang='lat' dir='ltr'><strong>detur-</strong></span> 
     </span>
    </p>
   </div>
   <div class='ocr_carea' id='block_1_75' title="bbox 89 4518 201 4565">
    <p class='ocr_par' dir='ltr' id='par_1_75' title="bbox 89 4518 201 4565">
     <span class='ocr_line' id='line_1_75' title="bbox 89 4518 201 4565; baseline 0.027 -14"><span class='ocrx_word' id='word_1_525' title='bbox 89 4518 201 4565; x_wconf 68' lang='lat' dir='ltr'><strong>pore.</strong></span> 
     </span>
    </p>
   </div>
   <div class='ocr_carea' id='block_1_76' title="bbox 116 4572 1596 4658">
    <p class='ocr_par' dir='ltr' id='par_1_76' title="bbox 116 4572 1596 4658">
     <span class='ocr_line' id='line_1_76' title="bbox 116 4572 1596 4658; baseline 0.005 -28"><span class='ocrx_word' id='word_1_526' title='bbox 116 4572 447 4658; x_wconf 89' lang='lat' dir='ltr'><strong>cum</strong></span> <span class='ocrx_word' id='word_1_527' title='bbox 474 4581 675 4658; x_wconf 77' lang='lat' dir='ltr'><strong>_Li_psio_</strong></span> <span class='ocrx_word' id='word_1_528' title='bbox 712 4582 947 4636; x_wconf 73' lang='lat' dir='ltr'><strong>cervicem</strong></span> <span class='ocrx_word' id='word_1_529' title='bbox 982 4586 1288 4655; x_wconf 72' lang='lat' dir='ltr'><strong>fortitudinis</strong></span> <span class='ocrx_word' id='word_1_530' title='bbox 1326 4600 1344 4638; x_wconf 87' lang='lat'><strong><em>:</em></strong></span> <span class='ocrx_word' id='word_1_531' title='bbox 1388 4600 1507 4640; x_wconf 90' lang='lat' dir='ltr'><strong>nam</strong></span> <span class='ocrx_word' id='word_1_532' title='bbox 1541 4595 1596 4639; x_wconf 89' lang='lat' dir='ltr'><strong>ut</strong></span> 
     </span>
    </p>
   </div>
   <div class='ocr_carea' id='block_1_77' title="bbox 88 4645 1599 4725">
    <p class='ocr_par' dir='ltr' id='par_1_77' title="bbox 88 4645 1599 4725">
     <span class='ocr_line' id='line_1_77' title="bbox 88 4645 1599 4725; baseline 0.009 -26"><span class='ocrx_word' id='word_1_533' title='bbox 88 4645 149 4693; x_wconf 52' lang='lat' dir='ltr'><strong>sil</strong></span> <span class='ocrx_word' id='word_1_534' title='bbox 173 4645 347 4725; x_wconf 72' lang='lat' dir='ltr'><strong>illeiib.</strong></span> <span class='ocrx_word' id='word_1_535' title='bbox 390 4667 442 4707; x_wconf 89' lang='lat' dir='ltr'><strong>ttt</strong></span> <span class='ocrx_word' id='word_1_536' title='bbox 474 4645 722 4720; x_wconf 80' lang='lat' dir='ltr'><strong>Epistol.,</strong></span> <span class='ocrx_word' id='word_1_537' title='bbox 757 4665 942 4725; x_wconf 56' lang='lat' dir='ltr'><strong>quit-st.</strong></span> <span class='ocrx_word' id='word_1_538' title='bbox 976 4645 1045 4710; x_wconf 59' lang='grc' dir='ltr'><strong>ἐι</strong></span> <span class='ocrx_word' id='word_1_539' title='bbox 1068 4700 1082 4721; x_wconf 92' lang='lat'><strong>,</strong></span> <span class='ocrx_word' id='word_1_540' title='bbox 1116 4658 1167 4708; x_wconf 86' lang='lat' dir='ltr'><strong>in</strong></span> <span class='ocrx_word' id='word_1_541' title='bbox 1198 4658 1381 4708; x_wconf 78' lang='lat' dir='ltr'><strong>cervice</strong></span> <span class='ocrx_word' id='word_1_542' title='bbox 1413 4658 1484 4709; x_wconf 75' lang='lat' dir='ltr'><strong>vis</strong></span> <span class='ocrx_word' id='word_1_543' title='bbox 1524 4658 1599 4724; x_wconf 77' lang='lat' dir='ltr'><strong>fe-</strong></span> 
     </span>
    </p>
   </div>
   <div class='ocr_carea' id='block_1_78' title="bbox 90 4715 1590 4793">
    <p class='ocr_par' dir='ltr' id='par_1_78' title="bbox 90 4715 1590 4793">
     <span class='ocr_line' id='line_1_78' title="bbox 90 4715 1590 4793; baseline 0.008 -25"><span class='ocrx_word' id='word_1_544' title='bbox 90 4715 209 4793; x_wconf 56' lang='grc' dir='ltr'><strong>ζξνιῑάξ</strong></span> <span class='ocrx_word' id='word_1_545' title='bbox 222 4715 829 4793; x_wconf 42' lang='lat' dir='ltr'><strong>{triariorum-concentus.</strong></span> <span class='ocrx_word' id='word_1_546' title='bbox 856 4715 1216 4785; x_wconf 76' lang='lat' dir='ltr'><strong>Mamertinus,</strong></span> <span class='ocrx_word' id='word_1_547' title='bbox 1240 4740 1419 4790; x_wconf 88' lang='lat' dir='ltr'><strong>supra,</strong></span> <span class='ocrx_word' id='word_1_548' title='bbox 1448 4715 1590 4780; x_wconf 81' lang='lat' dir='ltr'><strong>num.</strong></span> 
     </span>
    </p>
   </div>
   <div class='ocr_carea' id='block_1_79' title="bbox 92 4778 1597 4865">
    <p class='ocr_par' dir='ltr' id='par_1_79' title="bbox 92 4778 1597 4865">
     <span class='ocr_line' id='line_1_79' title="bbox 92 4778 1597 4865; baseline 0.007 -26"><span class='ocrx_word' id='word_1_549' title='bbox 92 4778 140 4837; x_wconf 68' lang='lat'><strong>5.</strong></span> <span class='ocrx_word' id='word_1_550' title='bbox 168 4786 247 4865; x_wconf 51' lang='lat' dir='ltr'><strong>nisi</strong></span> <span class='ocrx_word' id='word_1_551' title='bbox 283 4792 397 4857; x_wconf 73' lang='lat' dir='ltr'><strong>forte</strong></span> <span class='ocrx_word' id='word_1_552' title='bbox 435 4794 782 4846; x_wconf 69' lang='lat' dir='ltr'><strong>existimamus</strong></span> <span class='ocrx_word' id='word_1_553' title='bbox 827 4798 1067 4864; x_wconf 70' lang='lat' dir='ltr'><strong>patientes</strong></span> <span class='ocrx_word' id='word_1_554' title='bbox 1112 4778 1367 4848; x_wconf 64' lang='lat' dir='ltr'><strong>ruinarum</strong></span> <span class='ocrx_word' id='word_1_555' title='bbox 1407 4778 1597 4865; x_wconf 43' lang='lat' dir='ltr'><strong>ianuas</strong></span> 
     </span>
    </p>
   </div>
   <div class='ocr_carea' id='block_1_80' title="bbox 91 4866 1382 4913">
    <p class='ocr_par' dir='ltr' id='par_1_80' title="bbox 91 4866 1382 4913">
     <span class='ocr_line' id='line_1_80' title="bbox 91 4866 1382 4913; baseline 0.01 -11"><span class='ocrx_word' id='word_1_556' title='bbox 91 4867 178 4904; x_wconf 69' lang='grc' dir='ltr'><strong>τηε</strong></span> <span class='ocrx_word' id='word_1_557' title='bbox 196 4866 419 4913; x_wconf 73' lang='grc' dir='ltr'><strong>ΙΙΙΊΙΙΙΗΙ.</strong></span> <span class='ocrx_word' id='word_1_558' title='bbox 1370 4888 1382 4894; x_wconf 91' lang='grc'><strong>·</strong></span> 
     </span>
    </p>
   </div>
   <div class='ocr_carea' id='block_1_81' title="bbox 150 4922 1596 5001">
    <p class='ocr_par' dir='ltr' id='par_1_81' title="bbox 150 4922 1596 5001">
     <span class='ocr_line' id='line_1_81' title="bbox 150 4922 1596 5001; baseline 0.009 -25"><span class='ocrx_word' id='word_1_559' title='bbox 150 4922 168 4950; x_wconf 78' lang='grc'><strong>⁸</strong></span> <span class='ocrx_word' id='word_1_560' title='bbox 188 4922 299 4989; x_wconf 85' lang='lat' dir='ltr'><strong>Quid</strong></span> <span class='ocrx_word' id='word_1_561' title='bbox 322 4931 361 4983; x_wconf 87' lang='lat' dir='ltr'><strong>si</strong></span> <span class='ocrx_word' id='word_1_562' title='bbox 389 4932 620 5001; x_wconf 86' lang='lat' dir='ltr'><strong>legamus</strong></span> <span class='ocrx_word' id='word_1_563' title='bbox 649 4947 769 4985; x_wconf 89' lang='lat' dir='ltr'><strong>cum</strong></span> <span class='ocrx_word' id='word_1_564' title='bbox 797 4934 1034 4989; x_wconf 78' lang='lat' dir='ltr'><strong>Acidalio</strong></span> <span class='ocrx_word' id='word_1_565' title='bbox 1070 4954 1083 4988; x_wconf 87' lang='lat'><strong>:</strong></span> <span class='ocrx_word' id='word_1_566' title='bbox 1120 4936 1235 4989; x_wconf 82' lang='lat' dir='ltr'><strong>Dies</strong></span> <span class='ocrx_word' id='word_1_567' title='bbox 1265 4945 1309 4989; x_wconf 89' lang='lat' dir='ltr'><strong>et</strong></span> <span class='ocrx_word' id='word_1_568' title='bbox 1336 4952 1473 4989; x_wconf 73' lang='lat' dir='ltr'><strong>mora</strong></span> <span class='ocrx_word' id='word_1_569' title='bbox 1499 4953 1596 4989; x_wconf 87' lang='lat' dir='ltr'><strong>non</strong></span> 
     </span>
    </p>
   </div>
   <div class='ocr_carea' id='block_1_82' title="bbox 93 4990 755 5056">
    <p class='ocr_par' dir='ltr' id='par_1_82' title="bbox 93 4990 755 5056">
     <span class='ocr_line' id='line_1_82' title="bbox 93 4990 755 5056; baseline 0.002 -2"><span class='ocrx_word' id='word_1_570' title='bbox 93 4990 237 5056; x_wconf 62' lang='lat' dir='ltr'><strong>W50.</strong></span> <span class='ocrx_word' id='word_1_571' title='bbox 259 5004 401 5053; x_wconf 74' lang='lat' dir='ltr'><strong>etatis</strong></span> <span class='ocrx_word' id='word_1_572' title='bbox 422 4990 755 5056; x_wconf 61' lang='lat' dir='ltr'><strong>successione.</strong></span> 
     </span>
    </p>
   </div>
   <div class='ocr_carea' id='block_1_83' title="bbox 154 5061 996 5127">
    <p class='ocr_par' dir='ltr' id='par_1_83' title="bbox 154 5061 996 5127">
     <span class='ocr_line' id='line_1_83' title="bbox 154 5061 996 5127; baseline 0.012 -12"><span class='ocrx_word' id='word_1_573' title='bbox 154 5061 171 5091; x_wconf 81' lang='grc'>⁵</span> <span class='ocrx_word' id='word_1_574' title='bbox 192 5066 245 5116; x_wconf 77' lang='lat' dir='ltr'><strong>At</strong></span> <span class='ocrx_word' id='word_1_575' title='bbox 268 5071 380 5122; x_wconf 79' lang='lat' dir='ltr'><strong>enim</strong></span> <span class='ocrx_word' id='word_1_576' title='bbox 403 5073 451 5126; x_wconf 88' lang='lat' dir='ltr'><strong>in</strong></span> <span class='ocrx_word' id='word_1_577' title='bbox 478 5073 764 5126; x_wconf 68' lang='lat' dir='ltr'><strong>virtutibus.</strong></span> <span class='ocrx_word' id='word_1_578' title='bbox 800 5072 996 5127; x_wconf 77' lang='lat' dir='ltr'><strong>Acidal.</strong></span> 
     </span>
    </p>
   </div>
   <div class='ocr_carea' id='block_1_84' title="bbox 153 5131 436 5196">
    <p class='ocr_par' dir='ltr' id='par_1_84' title="bbox 153 5131 436 5196">
     <span class='ocr_line' id='line_1_84' title="bbox 153 5131 436 5196; baseline 0.021 -10"><span class='ocrx_word' id='word_1_579' title='bbox 153 5131 171 5160; x_wconf 84' lang='grc'><strong>⁸</strong></span> <span class='ocrx_word' id='word_1_580' title='bbox 190 5132 436 5196; x_wconf 73' lang='lat' dir='ltr'><strong>Iulianum.</strong></span> 
     </span>
    </p>
   </div>
   <div class='ocr_carea' id='block_1_85' title="bbox 152 5200 1601 5283">
    <p class='ocr_par' dir='ltr' id='par_1_85' title="bbox 152 5200 1601 5283">
     <span class='ocr_line' id='line_1_85' title="bbox 152 5200 1601 5283; baseline 0.008 -26"><span class='ocrx_word' id='word_1_581' title='bbox 152 5200 169 5229; x_wconf 83' lang='lat'><strong>&#39;</strong></span> <span class='ocrx_word' id='word_1_582' title='bbox 191 5204 425 5283; x_wconf 62' lang='lat' dir='ltr'><strong>Constanti</strong></span> <span class='ocrx_word' id='word_1_583' title='bbox 448 5232 460 5261; x_wconf 74' lang='grc' dir='ltr'><strong>ι</strong></span> <span class='ocrx_word' id='word_1_584' title='bbox 489 5223 540 5265; x_wconf 90' lang='lat' dir='ltr'><strong>et</strong></span> <span class='ocrx_word' id='word_1_585' title='bbox 563 5213 914 5267; x_wconf 86' lang='lat' dir='ltr'><strong>Constaut&#39;uo</strong></span> <span class='ocrx_word' id='word_1_586' title='bbox 943 5229 1129 5283; x_wconf 78' lang='lat' dir='ltr'><strong>magno</strong></span> <span class='ocrx_word' id='word_1_587' title='bbox 1154 5216 1266 5281; x_wconf 85' lang='lat' dir='ltr'><strong>ejus</strong></span> <span class='ocrx_word' id='word_1_588' title='bbox 1293 5214 1399 5268; x_wconf 80' lang='lat' dir='ltr'><strong>filio</strong></span> <span class='ocrx_word' id='word_1_589' title='bbox 1429 5215 1601 5269; x_wconf 86' lang='lat' dir='ltr'><strong>donti-</strong></span> 
     </span>
    </p>
   </div>
   <div class='ocr_carea' id='block_1_86' title="bbox 98 5276 1323 5339">
    <p class='ocr_par' dir='ltr' id='par_1_86' title="bbox 98 5276 1323 5339">
     <span class='ocr_line' id='line_1_86' title="bbox 98 5276 1323 5339; baseline 0.01 -15"><span class='ocrx_word' id='word_1_590' title='bbox 98 5276 164 5321; x_wconf 75' lang='lat' dir='ltr'><strong>lJS</strong></span> <span class='ocrx_word' id='word_1_591' title='bbox 186 5281 233 5325; x_wconf 82' lang='lat' dir='ltr'><strong>et</strong></span> <span class='ocrx_word' id='word_1_592' title='bbox 253 5292 277 5328; x_wconf 86' lang='lat' dir='ltr'><strong>a</strong></span> <span class='ocrx_word' id='word_1_593' title='bbox 302 5278 608 5336; x_wconf 81' lang='lat' dir='ltr'><strong>Francorum</strong></span> <span class='ocrx_word' id='word_1_594' title='bbox 636 5276 1323 5339; x_wconf 58' lang='lat' dir='ltr'><strong>incursionibuslibeatas.</strong></span> 
     </span>
    </p>
   </div>
   <div class='ocr_carea' id='block_1_87' title="bbox 156 5340 1603 5421">
    <p class='ocr_par' dir='ltr' id='par_1_87' title="bbox 156 5340 1603 5421">
     <span class='ocr_line' id='line_1_87' title="bbox 156 5340 1603 5421; baseline 0.004 -18"><span class='ocrx_word' id='word_1_595' title='bbox 156 5340 173 5369; x_wconf 78' lang='grc'><strong><em>⁸</em></strong></span> <span class='ocrx_word' id='word_1_596' title='bbox 195 5341 240 5421; x_wconf 59' lang='grc' dir='ltr'><strong>ξά</strong></span> <span class='ocrx_word' id='word_1_597' title='bbox 265 5359 360 5421; x_wconf 85' lang='lat' dir='ltr'><strong>est,</strong></span> <span class='ocrx_word' id='word_1_598' title='bbox 392 5362 514 5419; x_wconf 84' lang='lat' dir='ltr'><strong>tum,</strong></span> <span class='ocrx_word' id='word_1_599' title='bbox 545 5368 664 5406; x_wconf 90' lang='lat' dir='ltr'><strong>cum</strong></span> <span class='ocrx_word' id='word_1_600' title='bbox 702 5368 865 5421; x_wconf 85' lang='lat' dir='ltr'><strong>prope</strong></span> <span class='ocrx_word' id='word_1_601' title='bbox 895 5356 1078 5409; x_wconf 79' lang='lat' dir='ltr'><strong>abesse</strong></span> <span class='ocrx_word' id='word_1_602' title='bbox 1109 5357 1367 5419; x_wconf 70' lang='lat' dir='ltr'><strong>crederet,</strong></span> <span class='ocrx_word' id='word_1_603' title='bbox 1403 5366 1459 5409; x_wconf 92' lang='lat' dir='ltr'><strong>ttt</strong></span> <span class='ocrx_word' id='word_1_604' title='bbox 1484 5355 1603 5409; x_wconf 84' lang='lat' dir='ltr'><strong>Gal-</strong></span> 
     </span>
    </p>
   </div>
   <div class='ocr_carea' id='block_1_88' title="bbox 99 5406 451 5477">
    <p class='ocr_par' dir='ltr' id='par_1_88' title="bbox 99 5406 451 5477">
     <span class='ocr_line' id='line_1_88' title="bbox 99 5406 451 5477; baseline 0.045 -16"><span class='ocrx_word' id='word_1_605' title='bbox 99 5406 177 5462; x_wconf 70' lang='lat' dir='ltr'><strong>lias</strong></span> <span class='ocrx_word' id='word_1_606' title='bbox 199 5406 451 5477; x_wconf 78' lang='lat' dir='ltr'><strong>invaderet.</strong></span> 
     </span>
    </p>
   </div>
   <div class='ocr_carea' id='block_1_89' title="bbox 158 5480 1606 5565">
    <p class='ocr_par' dir='ltr' id='par_1_89' title="bbox 158 5480 1606 5565">
     <span class='ocr_line' id='line_1_89' title="bbox 158 5480 1606 5565; baseline 0.008 -31"><span class='ocrx_word' id='word_1_607' title='bbox 158 5480 393 5545; x_wconf 67' lang='lat' dir='ltr'><strong>i&#39;I‘alladis</strong></span> <span class='ocrx_word' id='word_1_608' title='bbox 423 5493 761 5547; x_wconf 66' lang='lat' dir='ltr'><strong>simulcrum</strong></span> <span class='ocrx_word' id='word_1_609' title='bbox 802 5492 917 5557; x_wconf 86' lang='lat' dir='ltr'><strong>fuit,</strong></span> <span class='ocrx_word' id='word_1_610' title='bbox 946 5498 1084 5565; x_wconf 84' lang='lat' dir='ltr'><strong>quod</strong></span> <span class='ocrx_word' id='word_1_611' title='bbox 1122 5512 1183 5549; x_wconf 80' lang='lat' dir='ltr'><strong>eo</strong></span> <span class='ocrx_word' id='word_1_612' title='bbox 1225 5506 1460 5565; x_wconf 86' lang='lat' dir='ltr'><strong>tempore</strong></span> <span class='ocrx_word' id='word_1_613' title='bbox 1501 5510 1606 5564; x_wconf 82' lang='lat' dir='ltr'><strong>quo</strong></span> 
     </span>
    </p>
   </div>
   <div class='ocr_carea' id='block_1_90' title="bbox 1704 3386 3275 3455">
    <p class='ocr_par' dir='ltr' id='par_1_90' title="bbox 1704 3386 3275 3455">
     <span class='ocr_line' id='line_1_90' title="bbox 1704 3386 3275 3455; baseline 0.006 -15"><span class='ocrx_word' id='word_1_614' title='bbox 1704 3387 1755 3440; x_wconf 91' lang='lat' dir='ltr'><strong>in</strong></span> <span class='ocrx_word' id='word_1_615' title='bbox 1806 3386 2142 3441; x_wconf 88' lang='lat' dir='ltr'><strong>miserabiles</strong></span> <span class='ocrx_word' id='word_1_616' title='bbox 2185 3401 2371 3453; x_wconf 88' lang='lat' dir='ltr'><strong>preces</strong></span> <span class='ocrx_word' id='word_1_617' title='bbox 2416 3401 2555 3455; x_wconf 83' lang='lat' dir='ltr'><strong>genu</strong></span> <span class='ocrx_word' id='word_1_618' title='bbox 2601 3389 2722 3441; x_wconf 85' lang='lat' dir='ltr'><strong>nixa</strong></span> <span class='ocrx_word' id='word_1_619' title='bbox 2764 3389 3042 3445; x_wconf 83' lang='lat' dir='ltr'><strong>barbaria?</strong></span> <span class='ocrx_word' id='word_1_620' title='bbox 3079 3393 3275 3449; x_wconf 77' lang='lat' dir='ltr'><strong>Omnes</strong></span> 
     </span>
    </p>
   </div>
   <div class='ocr_carea' id='block_1_91' title="bbox 1704 3476 3273 3547">
    <p class='ocr_par' dir='ltr' id='par_1_91' title="bbox 1704 3476 3273 3547">
     <span class='ocr_line' id='line_1_91' title="bbox 1704 3476 3273 3547; baseline 0.004 -15"><span class='ocrx_word' id='word_1_621' title='bbox 1704 3480 1860 3533; x_wconf 90' lang='lat' dir='ltr'><strong>urbes</strong></span> <span class='ocrx_word' id='word_1_622' title='bbox 1887 3492 2008 3547; x_wconf 73' lang='lat' dir='ltr'><strong>qua:</strong></span> <span class='ocrx_word' id='word_1_623' title='bbox 2048 3477 2338 3530; x_wconf 87' lang='lat' dir='ltr'><strong>Danubium</strong></span> <span class='ocrx_word' id='word_1_624' title='bbox 2373 3476 2609 3531; x_wconf 86' lang='lat' dir='ltr'><strong>incolunt</strong></span> <span class='ocrx_word' id='word_1_625' title='bbox 2632 3479 2808 3543; x_wconf 72' lang='lat' dir='ltr'><strong>aditm,</strong></span> <span class='ocrx_word' id='word_1_626' title='bbox 2831 3481 3063 3534; x_wconf 90' lang='lat' dir='ltr'><strong>omnium</strong></span> <span class='ocrx_word' id='word_1_627' title='bbox 3096 3485 3273 3540; x_wconf 82' lang='lat' dir='ltr'><strong>audita</strong></span> 
     </span>
    </p>
   </div>
   <div class='ocr_carea' id='block_1_92' title="bbox 1700 3563 3273 3637">
    <p class='ocr_par' dir='ltr' id='par_1_92' title="bbox 1700 3563 3273 3637">
     <span class='ocr_line' id='line_1_92' title="bbox 1700 3563 3273 3637; baseline 0.003 -15"><span class='ocrx_word' id='word_1_628' title='bbox 1700 3568 1933 3633; x_wconf 80' lang='lat' dir='ltr'><strong>decreta,</strong></span> <span class='ocrx_word' id='word_1_629' title='bbox 1967 3567 2123 3621; x_wconf 88' lang='lat' dir='ltr'><strong>levati</strong></span> <span class='ocrx_word' id='word_1_630' title='bbox 2154 3576 2341 3632; x_wconf 80' lang='lat' dir='ltr'><strong>status,</strong></span> <span class='ocrx_word' id='word_1_631' title='bbox 2375 3563 2393 3603; x_wconf 74' lang='grc' dir='ltr'>ί</span> <span class='ocrx_word' id='word_1_632' title='bbox 2427 3567 2835 3637; x_wconf 65' lang='lat' dir='ltr'><strong>instaurataeque</strong></span> <span class='ocrx_word' id='word_1_633' title='bbox 2864 3569 3169 3636; x_wconf 68' lang='lat' dir='ltr'><strong>fortunae,“</strong></span> <span class='ocrx_word' id='word_1_634' title='bbox 3194 3576 3273 3627; x_wconf 80' lang='lat' dir='ltr'><strong>in-</strong></span> 
     </span>
    </p>
   </div>
   <div class='ocr_carea' id='block_1_93' title="bbox 1703 3656 3270 3730">
    <p class='ocr_par' dir='ltr' id='par_1_93' title="bbox 1703 3656 3270 3730">
     <span class='ocr_line' id='line_1_93' title="bbox 1703 3656 3270 3730; baseline 0.005 -18"><span class='ocrx_word' id='word_1_635' title='bbox 1703 3656 2121 3719; x_wconf 59' lang='lat' dir='ltr'><strong>numerabilibus</strong></span> <span class='ocrx_word' id='word_1_636' title='bbox 2155 3657 2397 3710; x_wconf 84' lang='lat' dir='ltr'><strong>barbaris</strong></span> <span class='ocrx_word' id='word_1_637' title='bbox 2432 3658 2553 3710; x_wconf 85' lang='lat' dir='ltr'><strong>data</strong></span> <span class='ocrx_word' id='word_1_638' title='bbox 2588 3659 2769 3725; x_wconf 84' lang='lat' dir='ltr'><strong>venia,</strong></span> <span class='ocrx_word' id='word_1_639' title='bbox 2806 3670 2861 3715; x_wconf 86' lang='lat' dir='ltr'><strong>et</strong></span> <span class='ocrx_word' id='word_1_640' title='bbox 2898 3677 3088 3717; x_wconf 91' lang='lat' dir='ltr'><strong>munus</strong></span> <span class='ocrx_word' id='word_1_641' title='bbox 3126 3667 3270 3730; x_wconf 79' lang='lat' dir='ltr'><strong>pacis</strong></span> 
     </span>
    </p>
   </div>
   <div class='ocr_carea' id='block_1_94' title="bbox 1703 3750 3271 3824">
    <p class='ocr_par' dir='ltr' id='par_1_94' title="bbox 1703 3750 3271 3824">
     <span class='ocr_line' id='line_1_94' title="bbox 1703 3750 3271 3824; baseline 0.003 -16"><span class='ocrx_word' id='word_1_642' title='bbox 1703 3754 1981 3808; x_wconf 89' lang='lat' dir='ltr'><strong>indultum.</strong></span> <span class='ocrx_word' id='word_1_643' title='bbox 2011 3750 2109 3817; x_wconf 85' lang='lat' dir='ltr'><strong>Qui</strong></span> <span class='ocrx_word' id='word_1_644' title='bbox 2142 3751 2566 3819; x_wconf 88' lang='lat' dir='ltr'><strong>properationem</strong></span> <span class='ocrx_word' id='word_1_645' title='bbox 2607 3751 2752 3806; x_wconf 89' lang='lat' dir='ltr'><strong>illam</strong></span> <span class='ocrx_word' id='word_1_646' title='bbox 2800 3756 3271 3824; x_wconf 87' lang='lat' dir='ltr'><strong>contemplabitur,</strong></span> 
     </span>
    </p>
   </div>
   <div class='ocr_carea' id='block_1_95' title="bbox 1706 3843 3271 3918">
    <p class='ocr_par' dir='ltr' id='par_1_95' title="bbox 1706 3843 3271 3918">
     <span class='ocr_line' id='line_1_95' title="bbox 1706 3843 3271 3918; baseline -0.004 -15"><span class='ocrx_word' id='word_1_647' title='bbox 1706 3848 1835 3903; x_wconf 83' lang='lat' dir='ltr'><strong>niltil</strong></span> <span class='ocrx_word' id='word_1_648' title='bbox 1874 3844 2067 3915; x_wconf 79' lang='lat' dir='ltr'><strong>legisse</strong></span> <span class='ocrx_word' id='word_1_649' title='bbox 2106 3852 2300 3910; x_wconf 73' lang='lat' dir='ltr'><strong>prmter</strong></span> <span class='ocrx_word' id='word_1_650' title='bbox 2328 3843 2463 3895; x_wconf 85' lang='lat' dir='ltr'><strong>viam</strong></span> <span class='ocrx_word' id='word_1_651' title='bbox 2506 3843 2876 3910; x_wconf 90' lang='lat' dir='ltr'><strong>imperatorem</strong></span> <span class='ocrx_word' id='word_1_652' title='bbox 2921 3846 3150 3913; x_wconf 88' lang='lat' dir='ltr'><strong>putabit;</strong></span> <span class='ocrx_word' id='word_1_653' title='bbox 3182 3851 3271 3918; x_wconf 79' lang='lat' dir='ltr'><strong>qui</strong></span> 
     </span>
    </p>
   </div>
   <div class='ocr_carea' id='block_1_96' title="bbox 1641 3921 3273 4011">
    <p class='ocr_par' dir='ltr' id='par_1_96' title="bbox 1641 3921 3273 4011">
     <span class='ocr_line' id='line_1_96' title="bbox 1641 3921 3273 4011; baseline -0.001 -17"><span class='ocrx_word' id='word_1_654' title='bbox 1641 3921 1657 3939; x_wconf 83' lang='grc'><em>’</em></span> <span class='ocrx_word' id='word_1_655' title='bbox 1701 3949 1966 4011; x_wconf 83' lang='lat' dir='ltr'><strong>gestarum</strong></span> <span class='ocrx_word' id='word_1_656' title='bbox 2027 3949 2204 3988; x_wconf 89' lang='lat' dir='ltr'><strong>rerum</strong></span> <span class='ocrx_word' id='word_1_657' title='bbox 2264 3927 2661 3987; x_wconf 82' lang='lat' dir='ltr'><strong>multitudinem</strong></span> <span class='ocrx_word' id='word_1_658' title='bbox 2709 3934 3106 4002; x_wconf 88' lang='lat' dir='ltr'><strong>considerabit,</strong></span> <span class='ocrx_word' id='word_1_659' title='bbox 3152 3954 3273 4007; x_wconf 84' lang='lat' dir='ltr'><strong>pro-</strong></span> 
     </span>
    </p>
   </div>
   <div class='ocr_carea' id='block_1_97' title="bbox 1704 4023 2283 4100">
    <p class='ocr_par' dir='ltr' id='par_1_97' title="bbox 1704 4023 2283 4100">
     <span class='ocr_line' id='line_1_97' title="bbox 1704 4023 2283 4100; baseline -0.016 -15"><span class='ocrx_word' id='word_1_660' title='bbox 1704 4042 1919 4100; x_wconf 86' lang='lat' dir='ltr'><strong>perasse</strong></span> <span class='ocrx_word' id='word_1_661' title='bbox 1944 4040 2048 4079; x_wconf 89' lang='lat' dir='ltr'><strong>non</strong></span> <span class='ocrx_word' id='word_1_662' title='bbox 2078 4023 2283 4079; x_wconf 90' lang='lat' dir='ltr'><strong>credet.</strong></span> 
     </span>
    </p>
   </div>
   <div class='ocr_carea' id='block_1_98' title="bbox 1736 4102 3270 4183">
    <p class='ocr_par' dir='ltr' id='par_1_98' title="bbox 1736 4102 3270 4183">
     <span class='ocr_line' id='line_1_98' title="bbox 1736 4102 3270 4183; baseline 0.005 -16"><span class='ocrx_word' id='word_1_663' title='bbox 1736 4119 1903 4175; x_wconf 52' lang='lat' dir='ltr'><strong>.Vlll.</strong></span> <span class='ocrx_word' id='word_1_664' title='bbox 1934 4118 1979 4173; x_wconf 87' lang='grc' dir='ltr'><strong>Ο</strong></span> <span class='ocrx_word' id='word_1_665' title='bbox 2013 4115 2256 4169; x_wconf 83' lang='lat' dir='ltr'><strong>facundia</strong></span> <span class='ocrx_word' id='word_1_666' title='bbox 2302 4102 2490 4183; x_wconf 76' lang='lat' dir='ltr'><strong>p&#39;otens</strong></span> <span class='ocrx_word' id='word_1_667' title='bbox 2534 4113 2758 4180; x_wconf 65' lang='lat' dir='ltr'><strong>Graecia,</strong></span> <span class='ocrx_word' id='word_1_668' title='bbox 2790 4116 3025 4170; x_wconf 88' lang='lat' dir='ltr'><strong>omnium</strong></span> <span class='ocrx_word' id='word_1_669' title='bbox 3063 4128 3270 4175; x_wconf 87' lang='lat' dir='ltr'><strong>tuorum</strong></span> 
     </span>
    </p>
   </div>
   <div class='ocr_carea' id='block_1_99' title="bbox 1704 4227 3268 4299">
    <p class='ocr_par' dir='ltr' id='par_1_99' title="bbox 1704 4227 3268 4299">
     <span class='ocr_line' id='line_1_99' title="bbox 1704 4227 3268 4299; baseline -0.001 -11"><span class='ocrx_word' id='word_1_670' title='bbox 1704 4248 1793 4288; x_wconf 86' lang='lat' dir='ltr'><strong>ara</strong></span> <span class='ocrx_word' id='word_1_671' title='bbox 1820 4241 1873 4287; x_wconf 91' lang='lat' dir='ltr'><strong>et</strong></span> <span class='ocrx_word' id='word_1_672' title='bbox 1896 4230 2148 4298; x_wconf 86' lang='lat' dir='ltr'><strong>templum</strong></span> <span class='ocrx_word' id='word_1_673' title='bbox 2174 4228 2423 4282; x_wconf 69' lang='lat' dir='ltr'><strong>Minervae</strong></span> <span class='ocrx_word' id='word_1_674' title='bbox 2453 4227 2774 4297; x_wconf 87' lang='lat' dir='ltr'><strong>struebatur,</strong></span> <span class='ocrx_word' id='word_1_675' title='bbox 2800 4230 2868 4283; x_wconf 84' lang='lat' dir='ltr'><strong>de</strong></span> <span class='ocrx_word' id='word_1_676' title='bbox 2893 4232 3031 4285; x_wconf 59' lang='lat' dir='ltr'><strong>coelo</strong></span> <span class='ocrx_word' id='word_1_677' title='bbox 3065 4234 3268 4299; x_wconf 89' lang='lat' dir='ltr'><strong>lapsum</strong></span> 
     </span>
    </p>
   </div>
   <div class='ocr_carea' id='block_1_100' title="bbox 1705 4300 3271 4369">
    <p class='ocr_par' dir='ltr' id='par_1_100' title="bbox 1705 4300 3271 4369">
     <span class='ocr_line' id='line_1_100' title="bbox 1705 4300 3271 4369; baseline 0 -12"><span class='ocrx_word' id='word_1_678' title='bbox 1705 4306 1805 4357; x_wconf 87' lang='lat' dir='ltr'><strong>sibi</strong></span> <span class='ocrx_word' id='word_1_679' title='bbox 1838 4305 1890 4356; x_wconf 89' lang='lat' dir='ltr'><strong>in</strong></span> <span class='ocrx_word' id='word_1_680' title='bbox 1923 4301 2121 4369; x_wconf 86' lang='lat' dir='ltr'><strong>templo</strong></span> <span class='ocrx_word' id='word_1_681' title='bbox 2146 4300 2289 4366; x_wconf 89' lang='lat' dir='ltr'><strong>legit.</strong></span> <span class='ocrx_word' id='word_1_682' title='bbox 2325 4300 2453 4369; x_wconf 81' lang='lat' dir='ltr'><strong>Quia</strong></span> <span class='ocrx_word' id='word_1_683' title='bbox 2490 4307 2665 4369; x_wconf 83' lang='lat' dir='ltr'><strong>autem</strong></span> <span class='ocrx_word' id='word_1_684' title='bbox 2697 4310 2809 4352; x_wconf 87' lang='lat' dir='ltr'><strong>erat</strong></span> <span class='ocrx_word' id='word_1_685' title='bbox 2850 4302 2900 4353; x_wconf 91' lang='lat' dir='ltr'><strong>in</strong></span> <span class='ocrx_word' id='word_1_686' title='bbox 2943 4302 3063 4355; x_wconf 88' lang='lat' dir='ltr'><strong>fatis</strong></span> <span class='ocrx_word' id='word_1_687' title='bbox 3091 4308 3271 4358; x_wconf 86' lang='lat' dir='ltr'><strong>tandiu</strong></span> 
     </span>
    </p>
   </div>
   <div class='ocr_carea' id='block_1_101' title="bbox 1703 4367 3271 4440">
    <p class='ocr_par' dir='ltr' id='par_1_101' title="bbox 1703 4367 3271 4440">
     <span class='ocr_line' id='line_1_101' title="bbox 1703 4367 3271 4440; baseline 0.001 -13"><span class='ocrx_word' id='word_1_688' title='bbox 1703 4373 1915 4440; x_wconf 81' lang='lat' dir='ltr'><strong>Trojam</strong></span> <span class='ocrx_word' id='word_1_689' title='bbox 1959 4367 2277 4440; x_wconf 83' lang='lat' dir='ltr'><strong>incolumem</strong></span> <span class='ocrx_word' id='word_1_690' title='bbox 2323 4367 2463 4433; x_wconf 87' lang='lat' dir='ltr'><strong>fore,</strong></span> <span class='ocrx_word' id='word_1_691' title='bbox 2492 4368 2721 4440; x_wconf 85' lang='lat' dir='ltr'><strong>quandiu</strong></span> <span class='ocrx_word' id='word_1_692' title='bbox 2757 4370 2890 4422; x_wconf 89' lang='lat' dir='ltr'><strong>intra</strong></span> <span class='ocrx_word' id='word_1_693' title='bbox 2924 4371 3039 4437; x_wconf 88' lang='lat' dir='ltr'><strong>ejus</strong></span> <span class='ocrx_word' id='word_1_694' title='bbox 3077 4377 3271 4427; x_wconf 74' lang='lat' dir='ltr'><strong>mtenia</strong></span> 
     </span>
    </p>
   </div>
   <div class='ocr_carea' id='block_1_102' title="bbox 1703 4438 3270 4505">
    <p class='ocr_par' dir='ltr' id='par_1_102' title="bbox 1703 4438 3270 4505">
     <span class='ocr_line' id='line_1_102' title="bbox 1703 4438 3270 4505; baseline 0.001 -9"><span class='ocrx_word' id='word_1_695' title='bbox 1703 4438 2048 4497; x_wconf 71' lang='lat' dir='ltr'><strong>simulacrum</strong></span> <span class='ocrx_word' id='word_1_696' title='bbox 2094 4439 2224 4492; x_wconf 91' lang='lat' dir='ltr'><strong>illud</strong></span> <span class='ocrx_word' id='word_1_697' title='bbox 2268 4447 2606 4505; x_wconf 74' lang='lat' dir='ltr'><strong>servaretur,</strong></span> <span class='ocrx_word' id='word_1_698' title='bbox 2652 4438 2932 4494; x_wconf 85' lang='lat' dir='ltr'><strong>Diomedes</strong></span> <span class='ocrx_word' id='word_1_699' title='bbox 2972 4450 3026 4496; x_wconf 87' lang='lat' dir='ltr'><strong>et</strong></span> <span class='ocrx_word' id='word_1_700' title='bbox 3060 4442 3270 4505; x_wconf 82' lang='lat' dir='ltr'><strong>Ulysses</strong></span> 
     </span>
    </p>
   </div>
   <div class='ocr_carea' id='block_1_103' title="bbox 1708 4508 3270 4578">
    <p class='ocr_par' dir='ltr' id='par_1_103' title="bbox 1708 4508 3270 4578">
     <span class='ocr_line' id='line_1_103' title="bbox 1708 4508 3270 4578; baseline 0 -12"><span class='ocrx_word' id='word_1_701' title='bbox 1708 4513 1864 4566; x_wconf 88' lang='lat' dir='ltr'><strong>fatale</strong></span> <span class='ocrx_word' id='word_1_702' title='bbox 1883 4511 2007 4563; x_wconf 90' lang='lat' dir='ltr'><strong>illud</strong></span> <span class='ocrx_word' id='word_1_703' title='bbox 2034 4512 2240 4577; x_wconf 79' lang='lat' dir='ltr'><strong>signum</strong></span> <span class='ocrx_word' id='word_1_704' title='bbox 2268 4508 2623 4578; x_wconf 77' lang='lat' dir='ltr'><strong>sustulerunt.</strong></span> <span class='ocrx_word' id='word_1_705' title='bbox 2648 4509 2754 4562; x_wconf 82' lang='lat' dir='ltr'><strong>Nec</strong></span> <span class='ocrx_word' id='word_1_706' title='bbox 2778 4511 2941 4563; x_wconf 91' lang='lat' dir='ltr'><strong>multo</strong></span> <span class='ocrx_word' id='word_1_707' title='bbox 2962 4520 3081 4578; x_wconf 84' lang='lat' dir='ltr'><strong>post</strong></span> <span class='ocrx_word' id='word_1_708' title='bbox 3101 4508 3270 4566; x_wconf 81' lang='lat' dir='ltr'><strong>Graeci</strong></span> 
     </span>
    </p>
   </div>
   <div class='ocr_carea' id='block_1_104' title="bbox 1710 4577 3271 4650">
    <p class='ocr_par' dir='ltr' id='par_1_104' title="bbox 1710 4577 3271 4650">
     <span class='ocr_line' id='line_1_104' title="bbox 1710 4577 3271 4650; baseline 0.001 -13"><span class='ocrx_word' id='word_1_709' title='bbox 1710 4585 1750 4637; x_wconf 87' lang='grc' dir='ltr'><strong>Τ</strong></span> <span class='ocrx_word' id='word_1_710' title='bbox 1755 4582 1918 4649; x_wconf 89' lang='lat' dir='ltr'><strong>rojant</strong></span> <span class='ocrx_word' id='word_1_711' title='bbox 1945 4592 2061 4650; x_wconf 87' lang='lat' dir='ltr'><strong>post</strong></span> <span class='ocrx_word' id='word_1_712' title='bbox 2090 4582 2271 4632; x_wconf 90' lang='lat' dir='ltr'><strong>decem</strong></span> <span class='ocrx_word' id='word_1_713' title='bbox 2298 4589 2555 4630; x_wconf 89' lang='lat' dir='ltr'><strong>annorum</strong></span> <span class='ocrx_word' id='word_1_714' title='bbox 2577 4577 2905 4650; x_wconf 67' lang='lat' dir='ltr'><strong>obsidionem</strong></span> <span class='ocrx_word' id='word_1_715' title='bbox 2932 4577 3141 4635; x_wconf 87' lang='lat' dir='ltr'><strong>tutelari</strong></span> <span class='ocrx_word' id='word_1_716' title='bbox 3172 4584 3271 4639; x_wconf 89' lang='lat' dir='ltr'><strong>ltoc</strong></span> 
     </span>
    </p>
   </div>
   <div class='ocr_carea' id='block_1_105' title="bbox 1705 4648 3126 4718">
    <p class='ocr_par' dir='ltr' id='par_1_105' title="bbox 1705 4648 3126 4718">
     <span class='ocr_line' id='line_1_105' title="bbox 1705 4648 3126 4718; baseline -0.001 -10"><span class='ocrx_word' id='word_1_717' title='bbox 1705 4648 1918 4708; x_wconf 87' lang='lat' dir='ltr'><strong>numine</strong></span> <span class='ocrx_word' id='word_1_718' title='bbox 1944 4648 2220 4718; x_wconf 85' lang='lat' dir='ltr'><strong>spoliatam</strong></span> <span class='ocrx_word' id='word_1_719' title='bbox 2246 4650 2635 4703; x_wconf 87' lang='lat' dir='ltr'><strong>snbverterunt.</strong></span> <span class='ocrx_word' id='word_1_720' title='bbox 2666 4648 2881 4704; x_wconf 68' lang='lat' dir='ltr'><strong>1Eneid.</strong></span> <span class='ocrx_word' id='word_1_721' title='bbox 2910 4665 2969 4716; x_wconf 86' lang='lat' dir='ltr'><strong>tt,</strong></span> <span class='ocrx_word' id='word_1_722' title='bbox 3006 4651 3126 4706; x_wconf 78' lang='grc'>165.</span> 
     </span>
    </p>
   </div>
   <div class='ocr_carea' id='block_1_106' title="bbox 1778 4720 3143 4784">
    <p class='ocr_par' dir='ltr' id='par_1_106' title="bbox 1778 4720 3143 4784">
     <span class='ocr_line' id='line_1_106' title="bbox 1778 4720 3143 4784; baseline 0.002 -10"><span class='ocrx_word' id='word_1_723' title='bbox 1778 4724 1817 4753; x_wconf 83' lang='grc'><strong>¹⁰</strong></span> <span class='ocrx_word' id='word_1_724' title='bbox 1844 4722 2002 4774; x_wconf 83' lang='lat' dir='ltr'><strong>Forte</strong></span> <span class='ocrx_word' id='word_1_725' title='bbox 2030 4720 2321 4773; x_wconf 88' lang='lat' dir='ltr'><strong>inducenda</strong></span> <span class='ocrx_word' id='word_1_726' title='bbox 2356 4721 2467 4773; x_wconf 75' lang='lat' dir='ltr'><strong>lucc</strong></span> <span class='ocrx_word' id='word_1_727' title='bbox 2501 4729 2762 4784; x_wconf 89' lang='lat' dir='ltr'><strong>postrema</strong></span> <span class='ocrx_word' id='word_1_728' title='bbox 2797 4735 2895 4774; x_wconf 84' lang='lat' dir='ltr'><strong>vox</strong></span> <span class='ocrx_word' id='word_1_729' title='bbox 2920 4724 3143 4777; x_wconf 78' lang='lat' dir='ltr'><strong>attoniti.</strong></span> 
     </span>
    </p>
   </div>
   <div class='ocr_carea' id='block_1_107' title="bbox 1779 4789 3271 4857">
    <p class='ocr_par' dir='ltr' id='par_1_107' title="bbox 1779 4789 3271 4857">
     <span class='ocr_line' id='line_1_107' title="bbox 1779 4789 3271 4857; baseline 0.001 -11"><span class='ocrx_word' id='word_1_730' title='bbox 1779 4795 1817 4824; x_wconf 84' lang='lat'>“</span> <span class='ocrx_word' id='word_1_731' title='bbox 1861 4792 2122 4846; x_wconf 69' lang='lat' dir='ltr'><strong>lulianum</strong></span> <span class='ocrx_word' id='word_1_732' title='bbox 2168 4790 2363 4843; x_wconf 88' lang='lat' dir='ltr'><strong>laboris</strong></span> <span class='ocrx_word' id='word_1_733' title='bbox 2394 4789 2565 4842; x_wconf 79' lang='lat' dir='ltr'><strong>bellici</strong></span> <span class='ocrx_word' id='word_1_734' title='bbox 2622 4790 3060 4857; x_wconf 86' lang='lat' dir='ltr'><strong>patientissimum</strong></span> <span class='ocrx_word' id='word_1_735' title='bbox 3111 4792 3271 4847; x_wconf 87' lang='lat' dir='ltr'><strong>fuisse</strong></span> 
     </span>
    </p>
   </div>
   <div class='ocr_carea' id='block_1_108' title="bbox 1708 4858 3271 4929">
    <p class='ocr_par' dir='ltr' id='par_1_108' title="bbox 1708 4858 3271 4929">
     <span class='ocr_line' id='line_1_108' title="bbox 1708 4858 3271 4929; baseline 0 -14"><span class='ocrx_word' id='word_1_736' title='bbox 1708 4874 1966 4918; x_wconf 85' lang='lat' dir='ltr'><strong>testantur</strong></span> <span class='ocrx_word' id='word_1_737' title='bbox 1994 4863 2108 4929; x_wconf 85' lang='lat' dir='ltr'><strong>ejus</strong></span> <span class='ocrx_word' id='word_1_738' title='bbox 2143 4860 2261 4913; x_wconf 73' lang='lat' dir='ltr'><strong>vita:</strong></span> <span class='ocrx_word' id='word_1_739' title='bbox 2288 4859 2609 4927; x_wconf 90' lang='lat' dir='ltr'><strong>scriptores,</strong></span> <span class='ocrx_word' id='word_1_740' title='bbox 2646 4858 3007 4927; x_wconf 72' lang='lat' dir='ltr'><strong>imprimisque</strong></span> <span class='ocrx_word' id='word_1_741' title='bbox 3034 4862 3271 4917; x_wconf 67' lang='lat' dir='ltr'><strong>Aminia~</strong></span> 
     </span>
    </p>
   </div>
   <div class='ocr_carea' id='block_1_109' title="bbox 1706 4952 1823 4988">
    <p class='ocr_par' dir='ltr' id='par_1_109' title="bbox 1706 4952 1823 4988">
     <span class='ocr_line' id='line_1_109' title="bbox 1706 4952 1823 4988; baseline -0.009 0"><span class='ocrx_word' id='word_1_742' title='bbox 1706 4952 1823 4988; x_wconf 79' lang='lat' dir='ltr'><strong>IIIIS.</strong></span> 
     </span>
    </p>
   </div>
   <div class='ocr_carea' id='block_1_110' title="bbox 1780 4998 3273 5071">
    <p class='ocr_par' dir='ltr' id='par_1_110' title="bbox 1780 4998 3273 5071">
     <span class='ocr_line' id='line_1_110' title="bbox 1780 4998 3273 5071; baseline 0.001 -16"><span class='ocrx_word' id='word_1_743' title='bbox 1780 5008 1818 5033; x_wconf 85' lang='lat'>”</span> <span class='ocrx_word' id='word_1_744' title='bbox 1852 5003 2010 5063; x_wconf 88' lang='lat' dir='ltr'><strong>Infra,</strong></span> <span class='ocrx_word' id='word_1_745' title='bbox 2045 5017 2185 5053; x_wconf 89' lang='lat' dir='ltr'><strong>nutu.</strong></span> <span class='ocrx_word' id='word_1_746' title='bbox 2212 4998 2279 5053; x_wconf 63' lang='lat'><strong>“28</strong></span> <span class='ocrx_word' id='word_1_747' title='bbox 2303 5018 2312 5050; x_wconf 91' lang='lat'>:</span> <span class='ocrx_word' id='word_1_748' title='bbox 2339 4999 2476 5054; x_wconf 84' lang='lat' dir='ltr'><strong>Illic.</strong></span> <span class='ocrx_word' id='word_1_749' title='bbox 2504 4998 2628 5063; x_wconf 87' lang='lat' dir='ltr'><strong>proh</strong></span> <span class='ocrx_word' id='word_1_750' title='bbox 2658 5008 2832 5052; x_wconf 81' lang='lat' dir='ltr'><strong>sancta</strong></span> <span class='ocrx_word' id='word_1_751' title='bbox 2859 4998 3273 5071; x_wconf 66' lang='lat' dir='ltr'><strong>dit-initasfgait-</strong></span> 
     </span>
    </p>
   </div>
   <div class='ocr_carea' id='block_1_111' title="bbox 1705 5071 3271 5139">
    <p class='ocr_par' dir='ltr' id='par_1_111' title="bbox 1705 5071 3271 5139">
     <span class='ocr_line' id='line_1_111' title="bbox 1705 5071 3271 5139; baseline -0.002 -11"><span class='ocrx_word' id='word_1_752' title='bbox 1705 5076 1935 5128; x_wconf 69' lang='lat' dir='ltr'><strong>dentibus</strong></span> <span class='ocrx_word' id='word_1_753' title='bbox 1964 5073 2185 5135; x_wconf 71' lang='lat' dir='ltr'><strong>cum-tis;</strong></span> <span class='ocrx_word' id='word_1_754' title='bbox 2215 5088 2311 5139; x_wconf 74' lang='lat' dir='ltr'><strong>quo</strong></span> <span class='ocrx_word' id='word_1_755' title='bbox 2340 5072 2464 5123; x_wconf 87' lang='lat' dir='ltr'><strong>ore?</strong></span> <span class='ocrx_word' id='word_1_756' title='bbox 2484 5086 2581 5137; x_wconf 81' lang='lat' dir='ltr'><strong>qua</strong></span> <span class='ocrx_word' id='word_1_757' title='bbox 2610 5071 2980 5139; x_wconf 72' lang='lat' dir='ltr'><strong>voce?inquit;</strong></span> <span class='ocrx_word' id='word_1_758' title='bbox 3010 5090 3119 5137; x_wconf 79' lang='lat' dir='ltr'><strong>ave,</strong></span> <span class='ocrx_word' id='word_1_759' title='bbox 3151 5090 3271 5125; x_wconf 51' lang='lat' dir='ltr'><strong>con.</strong></span> 
     </span>
    </p>
   </div>
   <div class='ocr_carea' id='block_1_112' title="bbox 1703 5144 2136 5209">
    <p class='ocr_par' dir='ltr' id='par_1_112' title="bbox 1703 5144 2136 5209">
     <span class='ocr_line' id='line_1_112' title="bbox 1703 5144 2136 5209; baseline -0.009 -11"><span class='ocrx_word' id='word_1_760' title='bbox 1703 5145 1784 5198; x_wconf 74' lang='lat' dir='ltr'><strong>sul</strong></span> <span class='ocrx_word' id='word_1_761' title='bbox 1810 5144 2136 5209; x_wconf 75' lang='lat' dir='ltr'><strong>amplissime.</strong></span> 
     </span>
    </p>
   </div>
   <div class='ocr_carea' id='block_1_113' title="bbox 1778 5207 3271 5277">
    <p class='ocr_par' dir='ltr' id='par_1_113' title="bbox 1778 5207 3271 5277">
     <span class='ocr_line' id='line_1_113' title="bbox 1778 5207 3271 5277; baseline -0.003 -10"><span class='ocrx_word' id='word_1_762' title='bbox 1778 5214 1819 5244; x_wconf 76' lang='lat'>”</span> <span class='ocrx_word' id='word_1_763' title='bbox 1848 5207 2003 5266; x_wconf 83' lang='lat' dir='ltr'><strong>Forte</strong></span> <span class='ocrx_word' id='word_1_764' title='bbox 2027 5210 2219 5277; x_wconf 90' lang='lat' dir='ltr'><strong>Quadis</strong></span> <span class='ocrx_word' id='word_1_765' title='bbox 2241 5218 2291 5262; x_wconf 87' lang='lat' dir='ltr'><strong>et</strong></span> <span class='ocrx_word' id='word_1_766' title='bbox 2318 5209 2613 5262; x_wconf 78' lang='lat' dir='ltr'><strong>Saxonibus</strong></span> <span class='ocrx_word' id='word_1_767' title='bbox 2627 5207 3010 5277; x_wconf 79' lang='lat' dir='ltr'><strong>quosJulianus</strong></span> <span class='ocrx_word' id='word_1_768' title='bbox 3035 5212 3271 5265; x_wconf 79' lang='lat' dir='ltr'><strong>Chariet-</strong></span> 
     </span>
    </p>
   </div>
   <div class='ocr_carea' id='block_1_114' title="bbox 1708 5279 3272 5348">
    <p class='ocr_par' dir='ltr' id='par_1_114' title="bbox 1708 5279 3272 5348">
     <span class='ocr_line' id='line_1_114' title="bbox 1708 5279 3272 5348; baseline -0.008 -11"><span class='ocrx_word' id='word_1_769' title='bbox 1708 5285 1846 5337; x_wconf 89' lang='lat' dir='ltr'><strong>tonis</strong></span> <span class='ocrx_word' id='word_1_770' title='bbox 1874 5282 2144 5347; x_wconf 81' lang='lat' dir='ltr'><strong>eujusdam</strong></span> <span class='ocrx_word' id='word_1_771' title='bbox 2177 5282 2457 5348; x_wconf 69' lang='lat' dir='ltr'><strong>transfugae</strong></span> <span class='ocrx_word' id='word_1_772' title='bbox 2483 5295 2640 5343; x_wconf 85' lang='lat' dir='ltr'><strong>opera</strong></span> <span class='ocrx_word' id='word_1_773' title='bbox 2672 5279 2893 5347; x_wconf 79' lang='lat' dir='ltr'><strong>delevit,</strong></span> <span class='ocrx_word' id='word_1_774' title='bbox 2924 5292 2975 5335; x_wconf 80' lang='lat' dir='ltr'><strong>et</strong></span> <span class='ocrx_word' id='word_1_775' title='bbox 2999 5298 3057 5335; x_wconf 78' lang='lat' dir='ltr'><strong>ea</strong></span> <span class='ocrx_word' id='word_1_776' title='bbox 3088 5284 3272 5335; x_wconf 66' lang='lat' dir='ltr'><strong>condi.</strong></span> 
     </span>
    </p>
   </div>
   <div class='ocr_carea' id='block_1_115' title="bbox 1710 5352 3269 5419">
    <p class='ocr_par' dir='ltr' id='par_1_115' title="bbox 1710 5352 3269 5419">
     <span class='ocr_line' id='line_1_115' title="bbox 1710 5352 3269 5419; baseline 0 -14"><span class='ocrx_word' id='word_1_777' title='bbox 1710 5357 1852 5407; x_wconf 89' lang='lat' dir='ltr'><strong>tione</strong></span> <span class='ocrx_word' id='word_1_778' title='bbox 1878 5356 1941 5405; x_wconf 87' lang='lat' dir='ltr'><strong>ad</strong></span> <span class='ocrx_word' id='word_1_779' title='bbox 1975 5368 2153 5419; x_wconf 81' lang='lat' dir='ltr'><strong>pacem</strong></span> <span class='ocrx_word' id='word_1_780' title='bbox 2196 5352 2436 5414; x_wconf 80' lang='lat' dir='ltr'><strong>admisit,</strong></span> <span class='ocrx_word' id='word_1_781' title='bbox 2473 5357 2530 5401; x_wconf 93' lang='lat' dir='ltr'><strong>ut</strong></span> <span class='ocrx_word' id='word_1_782' title='bbox 2565 5365 2832 5419; x_wconf 86' lang='lat' dir='ltr'><strong>nunquam</strong></span> <span class='ocrx_word' id='word_1_783' title='bbox 2863 5361 3042 5405; x_wconf 88' lang='lat' dir='ltr'><strong>coutta</strong></span> <span class='ocrx_word' id='word_1_784' title='bbox 3076 5352 3269 5406; x_wconf 81' lang='lat' dir='ltr'><strong>Roma-</strong></span> 
     </span>
    </p>
   </div>
   <div class='ocr_carea' id='block_1_116' title="bbox 1708 5423 2218 5478">
    <p class='ocr_par' dir='ltr' id='par_1_116' title="bbox 1708 5423 2218 5478">
     <span class='ocr_line' id='line_1_116' title="bbox 1708 5423 2218 5478; baseline -0.006 -1"><span class='ocrx_word' id='word_1_785' title='bbox 1708 5440 1805 5478; x_wconf 89' lang='lat' dir='ltr'><strong>nos</strong></span> <span class='ocrx_word' id='word_1_786' title='bbox 1827 5439 1971 5477; x_wconf 87' lang='lat' dir='ltr'><strong>arma</strong></span> <span class='ocrx_word' id='word_1_787' title='bbox 2001 5423 2218 5476; x_wconf 80' lang='lat' dir='ltr'><strong>ferrent.</strong></span> 
     </span>
    </p>
   </div>
   <div class='ocr_carea' id='block_1_117' title="bbox 1376 5583 1934 5639">
    <p class='ocr_par' dir='ltr' id='par_1_117' title="bbox 1376 5583 1934 5639">
     <span class='ocr_line' id='line_1_117' title="bbox 1376 5583 1934 5639; baseline -0.011 0"><span class='ocrx_word' id='word_1_788' title='bbox 1376 5583 1934 5639; x_wconf 68' lang='lat' dir='ltr'><strong>lNTEIiI’IlETATIO.</strong></span> 
     </span>
    </p>
   </div>
   <div class='ocr_carea' id='block_1_118' title="bbox 157 5641 954 5707">
    <p class='ocr_par' dir='ltr' id='par_1_118' title="bbox 157 5641 954 5707">
     <span class='ocr_line' id='line_1_118' title="bbox 157 5641 954 5707; baseline 0.014 -10"><span class='ocrx_word' id='word_1_789' title='bbox 157 5648 179 5677; x_wconf 84' lang='grc'><strong>’⁸</strong></span> <span class='ocrx_word' id='word_1_790' title='bbox 208 5641 425 5703; x_wconf 68' lang='lat' dir='ltr'><strong>Ruborem</strong></span> <span class='ocrx_word' id='word_1_791' title='bbox 447 5665 596 5707; x_wconf 70' lang='lat' dir='ltr'><strong>casta:</strong></span> <span class='ocrx_word' id='word_1_792' title='bbox 622 5654 954 5707; x_wconf 63' lang='lat' dir='ltr'><strong>verecundia.</strong></span> 
     </span>
    </p>
   </div>
   <div class='ocr_carea' id='block_1_119' title="bbox 159 5710 880 5791">
    <p class='ocr_par' dir='ltr' id='par_1_119' title="bbox 159 5710 880 5791">
     <span class='ocr_line' id='line_1_119' title="bbox 159 5710 880 5791; baseline -0.004 -15"><span class='ocrx_word' id='word_1_793' title='bbox 159 5710 181 5791; x_wconf 60' lang='grc' dir='ltr'><strong>’ἶ</strong></span> <span class='ocrx_word' id='word_1_794' title='bbox 206 5715 333 5791; x_wconf 61' lang='grc' dir='ltr'><strong><em>ᾼξωι</em></strong></span> <span class='ocrx_word' id='word_1_795' title='bbox 354 5722 404 5773; x_wconf 83' lang='lat' dir='ltr'><strong>in</strong></span> <span class='ocrx_word' id='word_1_796' title='bbox 426 5739 601 5777; x_wconf 77' lang='lat' dir='ltr'><strong>norum</strong></span> <span class='ocrx_word' id='word_1_797' title='bbox 634 5724 880 5791; x_wconf 82' lang='lat' dir='ltr'><strong>furorem.</strong></span> 
     </span>
    </p>
   </div>
   <div class='ocr_carea' id='block_1_120' title="bbox 161 5782 1604 5870">
    <p class='ocr_par' dir='ltr' id='par_1_120' title="bbox 161 5782 1604 5870">
     <span class='ocr_line' id='line_1_120' title="bbox 161 5782 1604 5870; baseline 0.009 -34"><span class='ocrx_word' id='word_1_798' title='bbox 161 5790 182 5819; x_wconf 73' lang='grc' dir='ltr'><strong>ε</strong></span> <span class='ocrx_word' id='word_1_799' title='bbox 216 5782 430 5843; x_wconf 59' lang='lat' dir='ltr'><strong>Virtam:</strong></span> <span class='ocrx_word' id='word_1_800' title='bbox 451 5782 722 5846; x_wconf 52' lang='lat' dir='ltr'><strong>exercitam</strong></span> <span class='ocrx_word' id='word_1_801' title='bbox 747 5793 1036 5870; x_wconf 45' lang='grc' dir='ltr'><strong>(φάμενοι</strong></span> <span class='ocrx_word' id='word_1_802' title='bbox 1066 5806 1205 5870; x_wconf 73' lang='lat' dir='ltr'><strong>trum</strong></span> <span class='ocrx_word' id='word_1_803' title='bbox 1233 5796 1474 5870; x_wconf 73' lang='lat' dir='ltr'><strong>regiones,</strong></span> <span class='ocrx_word' id='word_1_804' title='bbox 1508 5798 1604 5866; x_wconf 73' lang='lat' dir='ltr'><strong>[2n-</strong></span> 
     </span>
    </p>
   </div>
   <div class='ocr_carea' id='block_1_121' title="bbox 103 5852 1196 5931">
    <p class='ocr_par' dir='ltr' id='par_1_121' title="bbox 103 5852 1196 5931">
     <span class='ocr_line' id='line_1_121' title="bbox 103 5852 1196 5931; baseline 0.005 -18"><span class='ocrx_word' id='word_1_805' title='bbox 103 5852 209 5920; x_wconf 68' lang='grc' dir='ltr'><strong><em>τὶκ,</em></strong></span> <span class='ocrx_word' id='word_1_806' title='bbox 230 5870 397 5918; x_wconf 72' lang='lat' dir='ltr'><strong>mnta</strong></span> <span class='ocrx_word' id='word_1_807' title='bbox 418 5880 473 5919; x_wconf 77' lang='lat' dir='ltr'><strong>ne</strong></span> <span class='ocrx_word' id='word_1_808' title='bbox 499 5875 643 5919; x_wconf 75' lang='lat' dir='ltr'><strong>nctos</strong></span> <span class='ocrx_word' id='word_1_809' title='bbox 672 5863 872 5931; x_wconf 85' lang='lat' dir='ltr'><strong>quidem</strong></span> <span class='ocrx_word' id='word_1_810' title='bbox 894 5866 953 5919; x_wconf 82' lang='lat' dir='ltr'><strong>de</strong></span> <span class='ocrx_word' id='word_1_811' title='bbox 982 5865 1196 5919; x_wconf 77' lang='lat' dir='ltr'><strong>nomine.</strong></span> 
     </span>
    </p>
   </div>
   <div class='ocr_carea' id='block_1_122' title="bbox 1782 5648 3061 5717">
    <p class='ocr_par' dir='ltr' id='par_1_122' title="bbox 1782 5648 3061 5717">
     <span class='ocr_line' id='line_1_122' title="bbox 1782 5648 3061 5717; baseline -0.005 -13"><span class='ocrx_word' id='word_1_812' title='bbox 1782 5652 1808 5689; x_wconf 70' lang='lat' dir='ltr'><strong>d</strong></span> <span class='ocrx_word' id='word_1_813' title='bbox 1840 5658 1909 5704; x_wconf 85' lang='lat' dir='ltr'><strong>Ita</strong></span> <span class='ocrx_word' id='word_1_814' title='bbox 1944 5662 1993 5704; x_wconf 86' lang='lat' dir='ltr'><strong>ut</strong></span> <span class='ocrx_word' id='word_1_815' title='bbox 2021 5650 2427 5717; x_wconf 59' lang='lat' dir='ltr'><strong>defatigationem</strong></span> <span class='ocrx_word' id='word_1_816' title='bbox 2455 5648 2641 5701; x_wconf 70' lang='lat' dir='ltr'><strong>sentire</strong></span> <span class='ocrx_word' id='word_1_817' title='bbox 2666 5664 2762 5701; x_wconf 83' lang='lat' dir='ltr'><strong>non</strong></span> <span class='ocrx_word' id='word_1_818' title='bbox 2792 5648 3061 5700; x_wconf 81' lang='lat' dir='ltr'><strong>videretur.</strong></span> 
     </span>
    </p>
   </div>
   <div class='ocr_carea' id='block_1_123' title="bbox 1784 5719 3267 5788">
    <p class='ocr_par' dir='ltr' id='par_1_123' title="bbox 1784 5719 3267 5788">
     <span class='ocr_line' id='line_1_123' title="bbox 1784 5719 3267 5788; baseline -0.003 -13"><span class='ocrx_word' id='word_1_819' title='bbox 1784 5733 1805 5759; x_wconf 77' lang='grc' dir='ltr'>ε</span> <span class='ocrx_word' id='word_1_820' title='bbox 1838 5724 1959 5775; x_wconf 80' lang='lat' dir='ltr'><strong>Cum</strong></span> <span class='ocrx_word' id='word_1_821' title='bbox 1992 5722 2143 5772; x_wconf 76' lang='lat' dir='ltr'><strong>bnrbu</strong></span> <span class='ocrx_word' id='word_1_822' title='bbox 2170 5731 2214 5771; x_wconf 82' lang='lat' dir='ltr'><strong>et</strong></span> <span class='ocrx_word' id='word_1_823' title='bbox 2253 5721 2467 5787; x_wconf 78' lang='lat' dir='ltr'><strong>capillus</strong></span> <span class='ocrx_word' id='word_1_824' title='bbox 2506 5720 2754 5787; x_wconf 60' lang='lat' dir='ltr'><strong>enunieret</strong></span> <span class='ocrx_word' id='word_1_825' title='bbox 2790 5719 3021 5788; x_wconf 70' lang='lat' dir='ltr'><strong>patvere,</strong></span> <span class='ocrx_word' id='word_1_826' title='bbox 3059 5727 3103 5771; x_wconf 79' lang='lat' dir='ltr'><strong>et</strong></span> <span class='ocrx_word' id='word_1_827' title='bbox 3133 5720 3267 5772; x_wconf 76' lang='lat' dir='ltr'><strong>oculi</strong></span> 
     </span>
    </p>
   </div>
   <div class='ocr_carea' id='block_1_124' title="bbox 1714 5792 2411 5860">
    <p class='ocr_par' dir='ltr' id='par_1_124' title="bbox 1714 5792 2411 5860">
     <span class='ocr_line' id='line_1_124' title="bbox 1714 5792 2411 5860; baseline -0.003 -15"><span class='ocrx_word' id='word_1_828' title='bbox 1714 5794 1892 5848; x_wconf 64' lang='lat' dir='ltr'><strong>talesti</strong></span> <span class='ocrx_word' id='word_1_829' title='bbox 1920 5795 2123 5859; x_wconf 80' lang='lat' dir='ltr'><strong>[lautum</strong></span> <span class='ocrx_word' id='word_1_830' title='bbox 2150 5792 2411 5860; x_wconf 75' lang='lat' dir='ltr'><strong>fulgorem.</strong></span> 
     </span>
    </p>
   </div>
   <div class='ocr_carea' id='block_1_125' title="bbox 1790 5862 2170 5926">
    <p class='ocr_par' dir='ltr' id='par_1_125' title="bbox 1790 5862 2170 5926">
     <span class='ocr_line' id='line_1_125' title="bbox 1790 5862 2170 5926; baseline -0.003 -10"><span class='ocrx_word' id='word_1_831' title='bbox 1790 5863 1805 5901; x_wconf 69' lang='grc' dir='ltr'><strong>ί</strong></span> <span class='ocrx_word' id='word_1_832' title='bbox 1841 5862 2010 5917; x_wconf 71' lang='grc' dir='ltr'><strong>Λυσίαν</strong></span> <span class='ocrx_word' id='word_1_833' title='bbox 2035 5875 2170 5926; x_wconf 78' lang='lat' dir='ltr'><strong>opes.</strong></span> 
     </span>
    </p>
   </div>
  </div>
