3820 6330
101 396 179 452 ΙΠ
691 391 970 450 JULIANO
1007 390 1323 458 AUGUSTO
1362 386 1760 446 GRATIABUM
1796 387 1992 449 ACTIU
2031 389 2162 445 PRO
2196 386 2593 447 CONSULATU

3147 394 3250 450 ιη

96 504 255 572 cipias,
279 503 567 571 imperator,
591 503 785 571 quisic
813 501 1054 556 omnibus
1084 502 1342 570 largiaris.
1378 500 1481 556 Sed
1509 501 1597 569 qui
1625 508 1674 563 Α
1703 510 1898 567 truces,
1924 501 2175 555 remissos
2203 502 2404 555 desidia
2428 502 2739 570 reddiderit,
2762 516 3077 573 semperque
3104 503 3129 541 δ
3159 516 3250 559 σοι

96 598 195 648 vine
216 604 305 647 tua:
323 594 544 647 instituta
574 594 942 663 rationemque
963 594 1287 663 cognoverit,
1314 592 1467 647 facile
1488 593 1605 647 fon-

96 695 183 740 tem
205 685 351 751 copia:
380 684 532 752 hujus
558 683 814 739 inveniet.
845 683 1123 737 Maximum
1146 684 1238 736 tibi
1260 683 1457 751 prabet
1488 697 1606 750 par-

99 775 293 826 citnouia
321 782 431 838 tua,
462 772 703 842 Auguste
723 812 739 837 ,
766 772 989 840 vectigal
1018 788 1033 825 :
1074 772 1323 841 quidquid
1360 772 1497 825 enim
1520 770 1606 825 alii

95 862 137 914 in
164 860 381 928 prodigas
412 861 730 927 cupiditates
759 861 1102 930 prodigebant
1122 899 1138 925 ,
1190 862 1240 914 id
1282 875 1442 916 omne
1469 874 1609 915 nunc

94 954 135 1002 in
159 963 268 1002 usus
292 949 521 1016 publicos
550 960 878 1004 reservatur.
1239 970 1250 974 -

150 1036 227 1089 Xl.
256 1038 522 1104 ﬂuensque
544 1037 692 1090 solus
720 1037 807 1091 hic
837 1037 1036 1090 fructus
1067 1020 1605 1106 imperii‘putabatur,

91 1136 140 1177 ut
165 1130 422 1193 imperator
457 1142 489 1179 a
530 1126 738 1180 czeteris
782 1126 984 1179 civibus
1020 1142 1122 1178 non
1164 1126 1388 1180 fortibus
1431 1128 1609 1187 lactis,

91 1230 174 1269 nec
202 1216 465 1281 splendore
513 1216 727 1284 glorias,
772 1217 863 1269 sed
904 1216 1258 1283 magnitudine
1310 1224 1611 1282 sumptuum

91 1310 455 1373 κερδαίνεται
488 1306 612 1359 Inde
641 1306 765 1358 nihil
795 1306 1104 1358 necessaria:
1132 1307 1611 1358 'substructionum

91 1394 135 1446 in
159 1392 337 1447 adibus
372 1398 539 1449 moles
561 1436 574 1459 ,
606 1396 852 1463 ingentes
874 1396 1167 1447 aulicorum
1198 1404 1426 1448 catervae
1453 1393 1615 1461 legio-

92 1500 197 1537 num
223 1496 478 1552 sumptum
510 1485 663 1540 facile
693 1486 992 1540 vincebant.
1023 1486 1159 1550 Quin
1186 1486 1345 1540 etiam
1378 1484 1617 1551 prandio-

91 1590 185 1628 nun
214 1585 263 1633 et
290 1590 556 1629 uenarum
602 1573 864 1630 laboratas
904 1575 1291 1643 magnitudines
1340 1575 1613 1629 Romanus

91 1664 284 1732 populus
326 1663 617 1728 sentiebat;
671 1679 791 1718 cttm
824 1666 845 1695 ³
882 1663 1265 1732 qucsitissimte
1310 1664 1473 1731 dapes
1508 1678 1613 1718 non

90 1762 250 1821 gustu,
296 1754 383 1807 sed
439 1753 841 1807 dillicultatibus
901 1753 1309 1817 aestimarentur,
1366 1752 1613 1807 miracula

1707 591 1800 645 riis
1848 591 2251 659 imperatoribus
2284 593 2475 659 gratia,
2520 601 2543 630 ι
2570 594 2589 622 ⁵
2615 594 2984 647 communibus
3026 593 3255 647 defuerit

1708 679 1983 733 industria.
2010 678 2189 747 Neque
2216 681 2493 747 quisquam
2530 681 2629 735 sibi
2661 682 2917 735 molestus
2942 682 3012 733 ita
3034 696 3092 733 se
3122 681 3251 733 faci-

1708 768 1812 821 lem
1863 768 2067 821 cmteris
2108 767 2347 835 praebuit,
2393 776 2451 821 ut
2490 783 2594 821 non
2642 769 2711 822 ad
2750 783 2902 822 suum
2950 770 3251 836 exemplum

1708 858 1841 909 alios
1873 865 2166 911 coerceret.
2215 859 2404 912 Noster
2438 860 2723 925 imperator
2757 859 2884 912 nihil
2916 860 3015 913 sibi
3058 858 3252 923 venite,

1710 947 1839 1000 nihil
1866 947 2073 1001 ctcteris
2095 948 2348 1000 molestia:
2378 962 2440 1003 ac
2476 948 2669 1003 laboris
2696 949 3019 1016 impartiens,
3043 964 3140 1003 suo
3162 965 3255 1004 ne-

1708 1037 1852 1104 gotio
1886 1035 2133 1089 omnibus
2162 1037 2327 1088 otium
2370 1046 2607 1104 prastat,
2633 1034 2660 1072 ⁸
2689 1037 2988 1092 divitiarum
3016 1038 3254 1110 largitor,

1713 1141 1957 1181 curarum
2000 1140 2212 1191 avarus,
2264 1126 2673 1181 lalioriosissima
2720 1127 3045 1196 negotiorum
3087 1141 3255 1197 prco-

1714 1225 1866 1286 ptans
1891 1217 2003 1283 ipse
2027 1230 2183 1284 agere
2207 1231 2360 1285 quam
2381 1218 2499 1270 aliis
2524 1219 2807 1285 imperare.

1784 1310 1915 1363 XIII.
1950 1308 2093 1361 Multi
2124 1318 2239 1374 post
2269 1320 2484 1362 exactos
2515 1322 2665 1374 reges
2693 1319 2716 1345 ε
2744 1309 3017 1375 imperiunm
3050 1323 3255 1361 univer-

1711 1415 1787 1453 ιω
1825 1397 2125 1465 reipublicze
2173 1396 2466 1449 solitarium
2516 1400 2812 1462 cupierunt.
2852 1397 2979 1450 Nota
3020 1406 3141 1449 sunt
3177 1412 3256 1450 re-

1713 1485 2053 1541 cordantibus
2091 1484 2300 1538 nomina
2350 1499 2531 1538 eorum
2562 1483 2801 1537 videlicet
2825 1484 2912 1551 qui
2954 1486 3005 1537 in
3051 1484 3258 1551 propria

1716 1576 1982 1639 furentes,
2028 1574 2049 1605 ‘
2082 1574 2308 1628 all‘ectati
2364 1574 2509 1641 regni
2566 1574 2823 1641 supplicia
2876 1574 3259 1641 pependerunt.

1717 1668 1867 1723 Mitto
1886 1677 2091 1722 veteres
2120 1668 2209 1737 qui
2238 1682 2366 1721 saxo
2395 1667 2689 1736 pmcipites
2713 1666 2842 1729 dati,
2862 1681 3097 1735 quorum
3124 1668 3260 1723 bona

1718 1758 2001 1827 publicata,
2034 1758 2056 1789 '
2080 1756 2268 1811 domus
2318 1766 2503 1823 erutm,
2552 1756 2826 1821 interdicta
2867 1758 3091 1825 posteris
3118 1757 3140 1788 '
3162 1772 3261 1811 no-

91 1842 261 1906 avium,
280 1842 544 1911 Innginqui
571 1844 735 1897 maris
757 1845 949 1911 pisces,
976 1844 1130 1896 alieni
1156 1843 1409 1911 temporis
1438 1858 1611 1911 poma,
1647 1855 1691 1915 ις
1718 1850 1889 1911 mina;
1920 1862 2023 1900 non
2052 1860 2247 1915 paucos
2276 1845 2572 1913 hujnsmodi
2603 1846 2779 1899 furore
2800 1846 3054 1899 vecordes
3080 1853 3134 1899 et
3168 1861 3262 1899 no-

91 1933 107 1962 '
127 1932 489 1997 astiraeuives,
514 1934 748 1987 hiberna:
776 1949 928 1988 rosae.
948 1934 1069 1987 llaec
1090 1943 1277 1987 cuncta
1302 1934 1508 1988 animus
1529 1948 1621 1987 vo-

90 2022 313 2089 luptatum
340 2024 577 2076 omniurn
605 2023 775 2076 victor
795 2023 1005 2091 ahjecit.
1036 2024 1215 2091 Neque
1238 2025 1377 2077 enim
1406 2038 1619 2091 compa—

90 2114 245 2167 randa:
272 2123 389 2167 sunt
423 2116 703 2183 picturata
733 2127 1051 2167 marmorum
1091 2122 1309 2176 crustae;
1357 2121 1412 2165 et
1450 2114 1619 2165 solido

90 2217 203 2255 auro
229 2213 354 2257 hct:
386 2205 688 2273 laquearia,
732 2206 819 2273 qui
867 2205 1118 2273 majorem
1157 2205 1279 2257 anni
1327 2212 1528 2272 partem
1562 2204 1614 2256 in

90 2292 208 2345 suda
248 2292 398 2345 humo
440 2292 632 2356 cubet,
677 2300 732 2345 et
774 2293 909 2346 casio
954 2302 1154 2345 tantum
1184 2302 1416 2360 tegatur;
1451 2307 1619 2361 neque

90 2382 236 2434 turbat
262 2381 618 2435 institutorum
640 2381 707 2432 ad
738 2381 950 2434 delicias
975 2380 1339 2434 mini5trorum
1356 2419 1371 2443 ,
1398 2379 1483 2433 cui
1512 2388 1616 2434 tam

94 2484 239 2537 pauca
275 2472 376 2523 sint
414 2470 803 2531 ministranda;
845 2484 1014 2537 neque
1048 2469 1255 2538 tempus
1278 2469 1542 2538 epulatum
1569 2470 1617 2524 ei

91 2560 168 2626 qui
191 2562 367 2628 sapius
395 2565 679 2614 statarlum
718 2560 992 2629 prandium
1030 2560 1096 2613 ad
1127 2562 1497 2615 necessitatem
1523 2561 1621 2615 ltu-

86 2649 212 2701 ιιιδοί
246 2651 481 2723 corporis
514 2650 722 2717 capiat,
764 2648 999 2716 gaudens
1036 2648 1294 2701 castrensi
1332 2648 1481 2714 cibo,
1513 2647 1621 2707 mi-

86 2736 232 2788 nistro
254 2738 399 2790 obvio
426 2748 485 2791 et
518 2738 705 2805 poculo
730 2737 751 2767 δ
779 2737 1009 2791 fortuito.

149 2822 249 2877 ΧΗ.
276 2825 370 2879 Sed
404 2827 546 2879 inter
582 2824 696 2879 iure
731 2826 907 2877 mirari
944 2825 1070 2878 satis
1107 2838 1311 2893 nequeo
1336 2824 1476 2890 quod
1510 2831 1612 2875 tam

98 2926 250 2967 :erere
286 2929 469 2981 parcus
524 2914 575 2967 in
629 2923 826 2978 semet,
874 2914 925 2967 in
974 2916 1113 2967 cives
1161 2926 1287 2967 suos
1336 2924 1439 2967 tam
1488 2912 1617 2966 libo-

104 3000 199 3054 alis
235 3011 310 3057 est
343 3017 404 3056 ac
455 3003 739 3065 remis~us;
786 3002 1021 3057 laborum
1060 3003 1349 3071 asperrima
1390 3002 1490 3055 sibi
1524 3017 1613 3073 su-

102 3106 240 3155 neiis,
268 3105 320 3145 ut
347 3109 441 3148 nos
474 3094 668 3163 quietis
696 3094 855 3146 rebus
878 3095 1155 3161 agitetnus,
1184 3108 1301 3146 cum
1334 3093 1384 3146 id
1407 3109 1501 3146 usn
1524 3108 1615 3147 ve-

1719 1949 1828 1990 stra
1859 1946 1987 1989 tetas
2018 1935 2153 1997 tulit,
2184 1928 2272 2001 qui
2303 1942 2515 2002 propter
2558 1947 2751 1986 cmcam
2783 1933 3071 2000 imperandi
3113 1932 3262 2000 cupi-

1718 2028 1895 2081 dinem
1926 2028 1974 2077 in
2006 2025 2200 2077 ferrum
2243 2031 2479 2076 ruerunt.
2512 2022 2566 2076 Si
2604 2025 2701 2074 hos
2728 2021 2860 2075 deus
2892 2022 3154 2089 paulisper
3185 2023 3263 2073 vi-

1720 2126 1787 2169 ta:
1838 2114 2074 2169 redditos
2126 2113 2454 2181 alloquatur;
2506 2111 2656 2173 heus,
2704 2110 2850 2163 verbi
2902 2110 3261 2178 gratia,'Ne-

1720 2206 1932 2274 potiane
1979 2214 2139 2271 atque
2180 2202 2222 2233 ¹⁹
2262 2202 2531 2269 Sylvane,
2597 2214 2691 2268 per
2753 2200 2969 2253 inlestns
3020 2198 3263 2267 gladios,

1720 2305 2115 2364 praesentesque
2154 2300 2355 2345 mortes
2395 2292 2671 2359 imperium
2706 2289 2989 2357 petivistis.
3036 2289 3103 2341 At
3131 2305 3265 2343 nune

1720 2386 1857 2438 ultro
1885 2384 2032 2436 vobis
2065 2391 2294 2458 potestas
2328 2380 2576 2447 regnandi
2613 2380 2787 2442 datur,
2836 2389 2893 2430 nt
2933 2393 3017 2443 ea,
3046 2394 3146 2447 qua
3175 2378 3265 2432 Ju-

1722 2474 1913 2537 lianus,
1946 2471 2249 2527 conditione
2277 2471 2528 2538 regnetis,
2558 2478 2611 2521 ut
2639 2483 2733 2537 pro
2771 2468 3004 2521 onii.ium
3047 2468 3156 2521 otio
3182 2468 3265 2521 die

1721 2573 1984 2633 noctuque
2008 2565 2255 2633 vigiletis,
2288 2576 2337 2618 et
2360 2580 2480 2618 cum
2504 2566 2700 2618 domini
2725 2565 3007 2626 vocemini,
3036 2564 3265 2617 libertati

1718 2653 1911 2706 civium
1957 2654 2217 2718 servistis,
2275 2654 2469 2723 saepius
2513 2654 2751 2723 praelium
2793 2667 2947 2722 quam
2992 2652 3265 2720 prandiu

1718 2742 2023 2809 capessatis,
2056 2743 2182 2795 nihil
2204 2745 2448 2811 cuiquam
2480 2741 2746 2804 auferatis,
2774 2753 2827 2795 et
2856 2744 2995 2795 ultro
3022 2741 3265 2795 omnibus

1719 2830 2032 2899 largiamini,
2064 2833 2193 2886 nulli
2222 2833 2605 2901 gratiﬁcemini,
2636 2834 2687 2884 in
2718 2833 2979 2886 neminem
3008 2832 3263 2896 saviatis;

1718 2931 1829 2976 toto
1856 2922 1907 2974 in
1946 2923 2075 2975 orbe
2100 2932 2355 2976 terrarum
2393 2924 2585 2977 nullius
2613 2923 2827 2991 virginis
2855 2922 2989 2976 fama
3023 2925 3264 2987 violetur,

1717 3011 1785 3064 sit
1812 3012 2031 3065 lectulus
2058 3010 2217 3065 etiam
2254 3013 2367 3066 sine
2393 3013 2743 3074 concessis,“
2772 3011 2863 3066 sed
2903 3013 3145 3082 legitimis
3172 3027 3267 3066 vo-

1719 3100 2003 3167 luptatibus
2034 3118 2047 3151 :
2081 3102 2123 3133 ¹¹
2157 3101 2441 3155 Vestalium
2482 3103 2612 3155 toris
2659 3102 2868 3170 purior;
2903 3112 3085 3157 testate
3140 3104 3265 3155 Ala-

103 3180 191 3234 "iire
217 3182 709 3246 animadvertamus,
738 3193 793 3235 ut
821 3184 909 3250 qui
929 3192 1181 3235 remotam
1212 3197 1241 3235 a
1264 3184 1614 3251 Voluptatibus
1641 3203 1687 3266 ρ
1719 3192 2015 3243 matricum
2048 3192 2353 3259 pulverem,
2398 3194 2572 3246 hieme
2603 3192 2837 3259 pruinam
2866 3192 3103 3245 Thracia:
3134 3193 3267 3245 inte-

101 3269 233 3322 iitatn
255 3282 539 3339 sequantur
568 3272 813 3326 difliciles
839 3282 893 3326 et
924 3275 1117 3325 morosi
1145 3273 1272 3338 sint,
1303 3273 1401 3327 sibi
1432 3287 1612 3341 parum

110 3360 203 3424 :eti,
255 3364 337 3417 sed
390 3364 514 3417 aliis
558 3364 840 3425 tristiores,
894 3372 1109 3415 moestas
1153 3373 1309 3429 atque
1363 3364 1615 3415 sollicitas

102 3449 228 3500 niam
259 3447 489 3519 privatas
529 3452 719 3504 domos
748 3450 957 3502 faciant.
1006 3451 1071 3502 At
1120 3451 1482 3505 sanctissimus
1521 3454 1616 3505 im-

106 3548 275 3590 icrator
313 3541 550 3607 impense
579 3540 757 3592 studet
784 3547 841 3591 ut
871 3552 966 3592 nos
1004 3553 1097 3606 pro
1126 3539 1382 3606 dignitate
1416 3540 1617 3595 habite-

106 3640 207 3691 nus,
230 3640 283 3682 ut
302 3629 598 3683 commodis
625 3629 927 3691 afﬂuamus,
956 3638 1012 3680 ut
1040 3638 1237 3680 castam
1265 3628 1497 3696 quidem,
1525 3630 1616 3682 sed

100 3715 284 3770 hilarem
314 3719 567 3771 ducamus
604 3727 844 3779 aetatem;
870 3731 987 3771 cum
1018 3718 1151 3769 alios
1179 3718 1441 3785 principes
1471 3718 1619 3773 labor

151 3834 166 3863 ‘
194 3833 473 3901 lugentium
496 3833 1076 3888 2dilleiorum.'l'ullius
1096 3848 1187 3899 pro
1210 3832 1313 3885 Mil.
1340 3848 1487 3885 num.
1511 3835 1579 3886 55
1604 3852 1617 3886 :
1684 3892 1687 3895 ,

99 3900 189 3964 Quo
211 3900 261 3954 in
286 3904 443 3971 fundo
468 3912 669 3971 prapter
688 3905 895 3955 insanas
921 3905 1032 3955 illas
1064 3904 1451 3955 substructiines
1477 3903 1623 3969 fusile

99 3972 210 4023 «ille
231 3974 482 4024 hominum
508 3971 813 4023 versabatur.
844 3975 905 4023 lit
927 3988 1070 4024 nunt.
1098 3972 1163 4024 8)
1189 3988 1204 4022 ι
1234 3972 1346 4023 Am:
1368 3988 1486 4035 quas
1506 3972 1623 4023 sub-

98 4046 387 4092 itrsrtt'onum
416 4043 609 4092 insanis
637 4040 850 4093 molibus
873 4052 1203 4107 Oppresserat.

151 4110 169 4137 ¹
196 4109 419 4162 Similem
458 4112 629 4162 locum
655 4111 813 4162 habet
844 4108 1062 4161 Pacatns
1088 4126 1230 4162 num.
1261 4112 1323 4162 l3
1353 4117 1398 4159 cf
1421 4109 1505 4171 Η,
1531 4109 1619 4162 ubi

98 4175 220 4247 plura
240 4180 396 4232 videri
423 4188 646 4247 possunt
663 4179 728 4231 de
744 4182 1095 4231 Romanorum
1120 4182 1249 4231 luxu
1270 4180 1323 4230 in
1344 4179 1617 4247 convivns.

153 4246 171 4274 ³
194 4246 255 4300 Ut
283 4250 331 4300 in
361 4245 437 4301 LI
458 4246 579 4302 Veri
605 4247 935 4315 imperatmis
962 4248 1206 4302 convivio
1233 4245 1512 4309 COilllglaSC
1545 4248 1618 4299 ait

99 4312 413 4380 Capitolinus.

114 4397 119 4401 '
151 4382 169 4411 δ
195 4382 298 4434 Nec
332 4384 597 4451 fortuitum
624 4400 854 4448 spernere
884 4386 1116 4450 cespitem
1137 4385 1264 4451 leges
1289 4385 1534 4448 sinebant,
1568 4385 1617 4437 id

98 4459 161 4520 est
188 4452 421 4520 obvium.
471 4452 665 4505 Juliani
710 4454 1077 4505 abstinentiam
1122 4464 1174 4504 et
1219 4460 1615 4520 temperantiam

98 4518 292 4574 iiiiriltce
311 4522 525 4575 laudant
550 4522 710 4594 etiam
733 4522 819 4589 qui
849 4534 1039 4576 extera
1068 4523 1179 4590 ejus
1208 4518 1341 4575 vitia
1362 4526 1616 4575 acerrime

96 4600 311 4644 cernunt.

152 4600 452 4713 {pigi‘dalius
474 4661 603 4725 legit
628 4661 868 4713 cantibus.
894 4659 1160 4711 Utrumvis
1178 4659 1331 4725 elige.

156 4725 171 4753 ⁸
194 4728 387 4781 Alludit
426 4731 488 4779 ad
540 4731 587 4779 id
635 4732 771 4795 quod
801 4730 867 4781 de
895 4728 1084 4781 Manlio
1125 4729 1419 4796 Capitolino
1450 4728 1613 4783 refert

97 4792 250 4847 Livius
274 4798 365 4851 lib.
390 4814 459 4859 vr,
487 4812 605 4865 cap.
632 4792 722 4862 ΞΟ,
748 4800 833 4862 qui
860 4798 1087 4850 affectati
1111 4792 1314 4865 imperti
1340 4800 1613 4851 damnatus

96 4868 147 4913 de
187 4877 308 4916 saxo
351 4866 577 4934 Tarpeio
622 4867 673 4917 in
720 4879 951 4931 praeceps
985 4868 1220 4932 dejectus
1263 4878 1363 4920 est.
1402 4867 1615 4933 Insuper

95 4945 257 4986 crevsa
283 4938 399 5003 ejus
435 4939 645 4999 donius,
678 4936 1007 5003 additalege
1038 4945 1090 4985 ut
1125 4951 1189 4987 ne
1224 4938 1340 5002 quis
1372 4940 1615 5003 patricius

95 5002 320 5069 deinceps
359 5022 411 5057 in
438 5019 579 5069 arce,
634 5013 724 5055 aut
765 5006 815 5056 in
856 5002 1112 5070 Capitolio
1161 5002 1436 5059 habitaret.
1488 5006 1614 5057 Item

95 5074 245 5141 tif-niis
271 5074 473 5127 lautia:
488 5074 705 5127 decreto
731 5084 939 5127 cautum
966 5084 1047 5126 est
1083 5086 1147 5126 ne
1183 5074 1298 5141 quis
1322 5074 1512 5127 deinde
1542 5076 1608 5128 Μ.

96 5137 297 5194 ilanlios
316 5152 607 5197 vocaretur.

151 5209 321 5278 These
349 5214 551 5275 diruta,
576 5224 634 5263 ut
660 5210 872 5264 Juretus
892 5212 1203 5278 suspicatur.

152 5276 368 5348 f‘lfbttus
392 5282 711 5348 pmnounina
738 5298 749 5330 :
782 5296 901 5333 nam
927 5276 1075 5332 abeo
1099 5290 1335 5348 tempore
1363 5281 1611 5333 exstitere

94 5345 169 5411 Qui
186 5344 349 5403 Manlii
365 5344 687 5413 dicerentur,
709 5364 863 5402 neruo
878 5350 1028 5417 plane
1039 5349 1128 5417 qui
1145 5344 1347 5402 Hircus
1370 5350 1501 5402 illaut
1527 5364 1605 5401 us.

1645 4640 1693 4700 D

1719 3281 1817 3332 clis
1855 3281 2134 3335 verticibus
2182 3283 2475 3348 perferatis.
2530 3282 2770 3337 l‘rol‘ecto
2799 3284 3076 3335 verborum
3126 3283 3267 3348 ipso-

1718 3382 1861 3421 rum-
1877 3368 2171 3421 molestiam
2215 3371 2454 3422 delicata:
2490 3385 2645 3424 aures
2692 3385 2794 3423 non
2827 3379 3068 3438 poterunt
3110 3370 3267 3422 susti-

1720 3471 1864 3521 nere,
1896 3458 2053 3513 tantis
2076 3453 2296 3525 negotiis
2323 3462 2511 3521 territi,
2538 3475 2639 3513 non
2672 3461 2827 3513 modo
2855 3460 3151 3528 imperium,
3174 3458 3267 3513 sed

1719 3547 1873 3600 etiam
1904 3550 2059 3600 vitam
2089 3549 2281 3614 perosi,
2324 3550 2388 3601 ad
2421 3550 2695 3603 inferiores
2736 3550 2938 3617 aliquos
2966 3549 3161 3603 inferos
3192 3565 3268 3601 τε-

1719 3635 1832 3687 dire
1875 3638 2243 3702 properabunt.
2291 3636 2550 3690 Videbunt
2584 3639 2721 3689 enim
2761 3638 2958 3703 justum
3009 3639 3268 3706 principa-

1722 3732 1828 3776 tum
1871 3725 2159 3793 laboribus,
2208 3729 2367 3789 curis,
2416 3728 2606 3795 vigiliis
2646 3730 2969 3795 inquietum:
3002 3728 3155 3794 cujus
3192 3726 3267 3779 illi

1793 3844 1813 3872 ’
1844 3842 1891 3894 ls
1934 3858 1994 3893 ex
2047 3842 2272 3893 Tristani
2322 3842 2637 3895 numismate
2694 3842 2899 3895 Flavius
2949 3841 3267 3907 Nepotianus

1724 3910 2111 3964 Consutntinus.
2159 3913 2229 3963 Ex
2252 3913 2456 3965 Goltzio
2486 3926 2608 3963 vero
2626 3920 2679 3963 et
2708 3911 2911 3965 Occnne
2936 3912 3144 3963 Flavius
3168 3912 3269 3962 Ρ..-

1728 3981 1881 4047 pilius
1923 3982 2257 4044 Sepotianos.
2312 3982 2383 4031 lix
2436 3982 2683 4047 Eutropia
2727 3979 3050 4032 Constantini
3097 3980 3264 4047 Magni

1726 4065 1929 4109 sorore,
1974 4060 2025 4099 et
2074 4050 2219 4113 Popil
2244 4063 2275 4100 ο
2305 4048 2595 4109 Nepotiano
2636 4050 2748 4100 viro
2792 4048 3048 4102 consulari
3080 4056 3261 4109 natus;

1704 4118 1811 4183 'qni
1841 4133 1955 4168 cum
1986 4132 2123 4169 CLBSO
2148 4118 2422 4184 Magnentii
2450 4118 2679 4170 exercitu
2708 4117 2898 4172 Urbem
2924 4118 3073 4169 simul
3097 4128 3146 4168 et
3168 4116 3264 4169 im-

1727 4187 1927 4252 perium
1959 4187 2251 4249 invasisset,
2288 4187 2397 4253 ipse
2426 4188 2651 4239 vicissim
2682 4202 2712 4240 a
2754 4187 3015 4241 Maxentio
3037 4188 3263 4251 deletus.

1725 4270 1997 4321 cmsusque
2022 4266 2121 4308 est.

1798 4325 1837 4353 ¹⁰
1868 4326 2123 4392 Sylvauns
2165 4326 2214 4376 in
2246 4324 2425 4377 Galliis
2452 4335 2621 4385 ortus,
2662 4324 3135 4393 Bnniticujusdam
3171 4338 3265 4375 na-

1725 4393 1865 4445 tione
1890 4395 2090 4456 Franci,
2118 4394 2342 4446 hominis
2368 4397 2505 4446 bello
2528 4394 2806 4446 clariSsimi
2839 4393 3002 4456 lillus;
3028 4397 3114 4460 qtti
3144 4406 3262 4445 cum

1722 4476 1749 4511 a
1797 4464 1886 4513 τοι)
1925 4464 1975 4513 lli
2021 4464 2313 4528 Magnentio
2362 4462 2727 4528 transfugisset
2774 4462 2838 4513 ad
2872 4462 3259 4525 Constantium,

1722 4530 1941 4597 ideoque
1971 4530 2197 4596 pedestri
2224 4531 2526 4595 ntagisterio
2564 4533 2787 4583 donatus
2818 4530 3019 4591 fuisset,
3053 4531 3262 4583 tando-tn

1721 4613 2001 4665 purpuram
2033 4608 2256 4662 sumpsit
2277 4602 2509 4654 Comitia:
2536 4602 2856 4667 Agrippinm.
2883 4600 3031 4666 Quod
3059 4600 3175 4651 fecit
3196 4616 3260 4652 ex

1722 4669 2033 4720 necessitate
2064 4672 2232 4735 potius
2251 4686 2406 4737 quam
2430 4686 2491 4723 ex
2521 4669 2809 4737 tyrannidis
2837 4670 3123 4735 cupiditate
3137 4682 3159 4717 ἐ
3186 4670 3263 4719 af-

1720 4738 1898 4789 fectai
1942 4737 2077 4789 enim
2124 4736 2323 4806 imperii
2370 4736 2643 4805 suspeetus
2682 4740 2848 4806 niorti
2890 4753 2917 4788 :t
2955 4736 3263 4789 Constantio

1722 4807 2106 4868 destinabatur;
2131 4805 2283 4873 quam
2314 4820 2483 4859 tamen
2511 4822 2610 4858 non
2635 4805 2835 4874 ellugit,
2861 4822 2977 4857 nam
3006 4806 3055 4857 in
3078 4808 3259 4857 eadem

1724 4876 1898 4945 urbea
1930 4876 2313 4929 Constantianis
2338 4890 2616 4945 oppressus
2642 4883 2737 4929 est.
2774 4880 3035 4929 Aminian.
3066 4876 3154 4927 lib.
3188 4891 3259 4937 iv,

1724 4946 1761 4996 A
1776 4982 1787 4993 .
1823 4943 2014 4997 Victor.

1794 5015 1831 5043 ”
1864 5018 1957 5085 Alii
1988 5020 2183 5085 legunt,
2212 5029 2258 5068 et
2288 5018 2539 5083 legitimis.

1793 5086 1831 5113 ³³
1862 5081 2091 5137 Ve~tates
2116 5081 2346 5153 virgines
2366 5085 2533 5137 Vest-.e
2564 5083 2729 5153 sacris
2765 5081 3258 5153 perpetuiqneignii

1720 5154 1969 5205 Custodiic
2010 5152 2215 5219 dii-atat,
2265 5170 2292 5206 a
2343 5153 2505 5206 Numa
2560 5152 2815 5217 Pompilio
2845 5153 3063 5218 primum
3098 5152 3260 5203 insti-

1720 5231 1863 5274 tutze.
1892 5224 2039 5277 Ovid.
2067 5224 2305 5276 Triarium
2350 5225 2439 5277 lib.
2465 5237 2535 5285 tv,
2568 5223 2635 5275 el.
2670 5222 2722 5273 2.
2754 5223 2944 5287 Qum...

2000 5332 2003 5335 ,
2824 5311 2924 5343 [μγςι

2864 5311 2924 5343 ast

2044 5360 2287 5423 Perpetua
2310 5372 2502 5409 servant
2527 5360 2795 5421 virginitate
2818 5298 2985 5407 genam

1379 5437 1934 5495 INTERPRETATIO.

156 5529 180 5555 ³
211 5520 456 5587 υἱπιηει.

154 5586 179 5625 δ
328 5609 458 5665 afgre
478 5597 558 5648 sui
588 5598 787 5665 copiam
812 5594 1024 5662 faciunt.

160 5666 182 5728 ξ
216 5658 544 5728 ΙῘψιίῖινήὺω
554 5702 568 5715 .

158 5722 183 5762 ¹¹
215 5722 337 5798 Opis
369 5732 453 5787 dat
486 5734 631 5801 larga
676 5749 854 5797 manu,
887 5730 1271 5785 sollicitudinem
1298 5745 1420 5784 vero
1451 5748 1613 5799 parce,

1724 5531 1857 5594 quod
1892 5530 2236 5596 diﬁicillimunt
2265 5540 2335 5582 cst
2367 5534 2549 5582 inaruit
2584 5532 2683 5593 ipse
2725 5531 2941 5597 (xsequi,
2976 5544 3123 5596 quam
3146 5530 3256 5580 aliis

1721 5603 1987 5665 pr.rcipcre
2017 5604 2401 5663 exsequendum-

1792 5676 1811 5702 ε
1843 5668 2014 5721 Totam
2044 5670 2395 5733 rempublican
2422 5672 2511 5721 soli
2544 5684 2709 5737 regere
2738 5676 3084 5734 pet-optarunt.
