  <div class='ocr_page' id='page_1' title='image "/cluster/home/n/w/nwhite01/storage/ocr_20150623/18-19/uva.x000826554/221.png"; bbox 0 0 3820 6372; ppageno 0'>
   <div class='ocr_carea' id='block_1_1' title="bbox 506 398 604 453">
    <p class='ocr_par' dir='ltr' id='par_1_1' title="bbox 506 398 604 453">
     <span class='ocr_line' id='line_1_1' title="bbox 506 398 604 453; baseline 0.02 -2"><span class='ocrx_word' id='word_1_1' title='bbox 506 398 604 453; x_wconf 77' lang='grc' dir='ltr'><strong>ιιο</strong></span> 
     </span>
    </p>
   </div>
   <div class='ocr_carea' id='block_1_2' title="bbox 1851 385 2312 442">
    <p class='ocr_par' dir='ltr' id='par_1_2' title="bbox 1851 385 2312 442">
     <span class='ocr_line' id='line_1_2' title="bbox 1851 385 2312 442; baseline 0.002 -2"><span class='ocrx_word' id='word_1_2' title='bbox 1851 385 2312 442; x_wconf 67' lang='lat' dir='ltr'><strong>suumn-sus.</strong></span> 
     </span>
    </p>
   </div>
   <div class='ocr_carea' id='block_1_3' title="bbox 3023 300 3058 326">
    <p class='ocr_par' dir='ltr' id='par_1_3' title="bbox 3023 300 3058 326">
     <span class='ocr_line' id='line_1_3' title="bbox 3023 300 3058 326; baseline 0 0"><span class='ocrx_word' id='word_1_3' title='bbox 3023 300 3058 326; x_wconf 86' lang='lat'>\</span> 
     </span>
    </p>
   </div>
   <div class='ocr_carea' id='block_1_4' title="bbox 3625 382 3722 435">
    <p class='ocr_par' dir='ltr' id='par_1_4' title="bbox 3625 382 3722 435">
     <span class='ocr_line' id='line_1_4' title="bbox 3625 382 3722 435; baseline 0 0"><span class='ocrx_word' id='word_1_4' title='bbox 3625 382 3722 435; x_wconf 59' lang='lat'><strong>$20</strong></span> 
     </span>
    </p>
   </div>
   <div class='ocr_carea' id='block_1_5' title="bbox 500 491 3721 569">
    <p class='ocr_par' dir='ltr' id='par_1_5' title="bbox 500 491 3721 569">
     <span class='ocr_line' id='line_1_5' title="bbox 500 491 3721 569; baseline -0.005 -9"><span class='ocrx_word' id='word_1_5' title='bbox 500 509 686 562; x_wconf 74' lang='lat' dir='ltr'><strong>faciem</strong></span> <span class='ocrx_word' id='word_1_6' title='bbox 710 521 968 561; x_wconf 76' lang='lat' dir='ltr'><strong>arumnam</strong></span> <span class='ocrx_word' id='word_1_7' title='bbox 996 515 1048 561; x_wconf 86' lang='lat' dir='ltr'><strong>et</strong></span> <span class='ocrx_word' id='word_1_8' title='bbox 1069 503 1346 558; x_wconf 81' lang='lat' dir='ltr'><strong>amabilem</strong></span> <span class='ocrx_word' id='word_1_9' title='bbox 1369 501 1787 569; x_wconf 83' lang='lat' dir='ltr'><strong>contemplantes</strong></span> <span class='ocrx_word' id='word_1_10' title='bbox 1813 499 2056 553; x_wconf 90' lang='lat' dir='ltr'><strong>laborum</strong></span> <span class='ocrx_word' id='word_1_11' title='bbox 2087 501 2139 560; x_wconf 74' lang='grc' dir='ltr'><strong>Α</strong></span> <span class='ocrx_word' id='word_1_12' title='bbox 2169 501 2475 566; x_wconf 91' lang='lat' dir='ltr'><strong>imperator,</strong></span> <span class='ocrx_word' id='word_1_13' title='bbox 2498 497 2541 552; x_wconf 91' lang='lat' dir='ltr'><strong>si</strong></span> <span class='ocrx_word' id='word_1_14' title='bbox 2574 504 2772 551; x_wconf 90' lang='lat' dir='ltr'><strong>tantum</strong></span> <span class='ocrx_word' id='word_1_15' title='bbox 2800 497 3009 562; x_wconf 87' lang='lat' dir='ltr'><strong>amasti,</strong></span> <span class='ocrx_word' id='word_1_16' title='bbox 3033 504 3085 550; x_wconf 90' lang='lat' dir='ltr'><strong>ut</strong></span> <span class='ocrx_word' id='word_1_17' title='bbox 3111 509 3194 550; x_wconf 90' lang='lat' dir='ltr'><strong>mc</strong></span> <span class='ocrx_word' id='word_1_18' title='bbox 3221 491 3492 548; x_wconf 91' lang='lat' dir='ltr'><strong>consulem</strong></span> <span class='ocrx_word' id='word_1_19' title='bbox 3529 492 3721 545; x_wconf 61' lang='lat' dir='ltr'><strong>faccre-5</strong></span> 
     </span>
    </p>
   </div>
   <div class='ocr_carea' id='block_1_6' title="bbox 501 595 1118 663">
    <p class='ocr_par' dir='ltr' id='par_1_6' title="bbox 501 595 1118 663">
     <span class='ocr_line' id='line_1_6' title="bbox 501 595 1118 663; baseline -0.008 -14"><span class='ocrx_word' id='word_1_20' title='bbox 501 611 689 663; x_wconf 87' lang='lat' dir='ltr'><strong>aspera</strong></span> <span class='ocrx_word' id='word_1_21' title='bbox 722 612 822 647; x_wconf 91' lang='lat' dir='ltr'><strong>uou</strong></span> <span class='ocrx_word' id='word_1_22' title='bbox 849 595 1118 647; x_wconf 71' lang='lat' dir='ltr'><strong>videbant.</strong></span> 
     </span>
    </p>
   </div>
   <div class='ocr_carea' id='block_1_7' title="bbox 573 681 2061 753">
    <p class='ocr_par' dir='ltr' id='par_1_7' title="bbox 573 681 2061 753">
     <span class='ocr_line' id='line_1_7' title="bbox 573 681 2061 753; baseline -0.006 -15"><span class='ocrx_word' id='word_1_23' title='bbox 573 687 706 739; x_wconf 76' lang='lat' dir='ltr'><strong>XIV.</strong></span> <span class='ocrx_word' id='word_1_24' title='bbox 737 686 869 740; x_wconf 88' lang='lat' dir='ltr'><strong>Cum</strong></span> <span class='ocrx_word' id='word_1_25' title='bbox 897 687 1055 753; x_wconf 84' lang='lat' dir='ltr'><strong>igitur</strong></span> <span class='ocrx_word' id='word_1_26' title='bbox 1082 685 1217 736; x_wconf 89' lang='lat' dir='ltr'><strong>inter</strong></span> <span class='ocrx_word' id='word_1_27' title='bbox 1237 683 1444 750; x_wconf 85' lang='lat' dir='ltr'><strong>egregia</strong></span> <span class='ocrx_word' id='word_1_28' title='bbox 1475 681 1684 750; x_wconf 83' lang='lat' dir='ltr'><strong>negotia</strong></span> <span class='ocrx_word' id='word_1_29' title='bbox 1717 681 1907 734; x_wconf 88' lang='lat' dir='ltr'><strong>itinere</strong></span> <span class='ocrx_word' id='word_1_30' title='bbox 1931 693 2061 732; x_wconf 86' lang='lat' dir='ltr'><strong>con-</strong></span> 
     </span>
    </p>
   </div>
   <div class='ocr_carea' id='block_1_8' title="bbox 501 771 2058 844">
    <p class='ocr_par' dir='ltr' id='par_1_8' title="bbox 501 771 2058 844">
     <span class='ocr_line' id='line_1_8' title="bbox 501 771 2058 844; baseline -0.006 -14"><span class='ocrx_word' id='word_1_31' title='bbox 501 777 636 832; x_wconf 85' lang='lat' dir='ltr'><strong>fecto</strong></span> <span class='ocrx_word' id='word_1_32' title='bbox 682 785 844 844; x_wconf 83' lang='lat' dir='ltr'><strong>usque</strong></span> <span class='ocrx_word' id='word_1_33' title='bbox 876 777 939 828; x_wconf 88' lang='lat' dir='ltr'><strong>ad</strong></span> <span class='ocrx_word' id='word_1_34' title='bbox 971 775 1207 827; x_wconf 60' lang='lat' dir='ltr'><strong>Thraci.»</strong></span> <span class='ocrx_word' id='word_1_35' title='bbox 1239 772 1372 826; x_wconf 85' lang='lat' dir='ltr'><strong>lines</strong></span> <span class='ocrx_word' id='word_1_36' title='bbox 1411 779 1720 839; x_wconf 81' lang='lat' dir='ltr'><strong>perventum</strong></span> <span class='ocrx_word' id='word_1_37' title='bbox 1761 771 1911 832; x_wconf 89' lang='lat' dir='ltr'><strong>foret,</strong></span> <span class='ocrx_word' id='word_1_38' title='bbox 1942 782 2058 822; x_wconf 81' lang='lat' dir='ltr'><strong>cur-</strong></span> 
     </span>
    </p>
   </div>
   <div class='ocr_carea' id='block_1_9' title="bbox 499 860 2056 936">
    <p class='ocr_par' dir='ltr' id='par_1_9' title="bbox 499 860 2056 936">
     <span class='ocr_line' id='line_1_9' title="bbox 499 860 2056 936; baseline -0.007 -15"><span class='ocrx_word' id='word_1_39' title='bbox 499 869 598 922; x_wconf 91' lang='lat' dir='ltr'><strong>sim</strong></span> <span class='ocrx_word' id='word_1_40' title='bbox 625 867 880 936; x_wconf 84' lang='lat' dir='ltr'><strong>disposito</strong></span> <span class='ocrx_word' id='word_1_41' title='bbox 906 865 1170 919; x_wconf 78' lang='lat' dir='ltr'><strong>exercitus</strong></span> <span class='ocrx_word' id='word_1_42' title='bbox 1195 871 1517 925; x_wconf 84' lang='lat' dir='ltr'><strong>commeatu,</strong></span> <span class='ocrx_word' id='word_1_43' title='bbox 1548 860 1613 913; x_wconf 90' lang='lat' dir='ltr'><strong>ad</strong></span> <span class='ocrx_word' id='word_1_44' title='bbox 1645 860 1936 912; x_wconf 83' lang='lat' dir='ltr'><strong>Romanam</strong></span> <span class='ocrx_word' id='word_1_45' title='bbox 1967 873 2056 910; x_wconf 91' lang='lat' dir='ltr'><strong>ur-</strong></span> 
     </span>
    </p>
   </div>
   <div class='ocr_carea' id='block_1_10' title="bbox 497 947 2059 1018">
    <p class='ocr_par' dir='ltr' id='par_1_10' title="bbox 497 947 2059 1018">
     <span class='ocr_line' id='line_1_10' title="bbox 497 947 2059 1018; baseline -0.008 -8"><span class='ocrx_word' id='word_1_46' title='bbox 497 955 642 1018; x_wconf 88' lang='lat' dir='ltr'><strong>bem,</strong></span> <span class='ocrx_word' id='word_1_47' title='bbox 679 968 904 1007; x_wconf 61' lang='lat' dir='ltr'><strong>annona</strong></span> <span class='ocrx_word' id='word_1_48' title='bbox 947 967 1188 1016; x_wconf 80' lang='lat' dir='ltr'><strong>vacuam,</strong></span> <span class='ocrx_word' id='word_1_49' title='bbox 1233 963 1461 1004; x_wconf 87' lang='lat' dir='ltr'><strong>mentem</strong></span> <span class='ocrx_word' id='word_1_50' title='bbox 1507 951 1732 1004; x_wconf 80' lang='lat' dir='ltr'><strong>reﬂexit.</strong></span> <span class='ocrx_word' id='word_1_51' title='bbox 1763 947 2059 1014; x_wconf 80' lang='lat' dir='ltr'><strong>Quemlibet</strong></span> 
     </span>
    </p>
   </div>
   <div class='ocr_carea' id='block_1_11' title="bbox 496 1036 2060 1108">
    <p class='ocr_par' dir='ltr' id='par_1_11' title="bbox 496 1036 2060 1108">
     <span class='ocr_line' id='line_1_11' title="bbox 496 1036 2060 1108; baseline -0.004 -14"><span class='ocrx_word' id='word_1_52' title='bbox 496 1044 658 1096; x_wconf 85' lang='lat' dir='ltr'><strong>alium</strong></span> <span class='ocrx_word' id='word_1_53' title='bbox 686 1058 715 1094; x_wconf 90' lang='lat' dir='ltr'><strong>a</strong></span> <span class='ocrx_word' id='word_1_54' title='bbox 743 1041 1092 1096; x_wconf 77' lang='lat' dir='ltr'><strong>subveniendi</strong></span> <span class='ocrx_word' id='word_1_55' title='bbox 1123 1041 1401 1096; x_wconf 87' lang='lat' dir='ltr'><strong>conatibus</strong></span> <span class='ocrx_word' id='word_1_56' title='bbox 1443 1040 1752 1108; x_wconf 89' lang='lat' dir='ltr'><strong>gravissima</strong></span> <span class='ocrx_word' id='word_1_57' title='bbox 1791 1036 1975 1099; x_wconf 83' lang='lat' dir='ltr'><strong>fames,</strong></span> <span class='ocrx_word' id='word_1_58' title='bbox 2004 1042 2060 1089; x_wconf 91' lang='lat' dir='ltr'><strong>et</strong></span> 
     </span>
    </p>
   </div>
   <div class='ocr_carea' id='block_1_12' title="bbox 497 1126 2049 1200">
    <p class='ocr_par' dir='ltr' id='par_1_12' title="bbox 497 1126 2049 1200">
     <span class='ocr_line' id='line_1_12' title="bbox 497 1126 2049 1200; baseline -0.004 -14"><span class='ocrx_word' id='word_1_59' title='bbox 497 1133 854 1186; x_wconf 87' lang='lat' dir='ltr'><strong>tristissimum</strong></span> <span class='ocrx_word' id='word_1_60' title='bbox 893 1132 1200 1200; x_wconf 75' lang='lat' dir='ltr'><strong>reipublica:</strong></span> <span class='ocrx_word' id='word_1_61' title='bbox 1229 1132 1518 1198; x_wconf 84' lang='lat' dir='ltr'><strong>periculurn</strong></span> <span class='ocrx_word' id='word_1_62' title='bbox 1549 1129 1917 1183; x_wconf 86' lang='lat' dir='ltr'><strong>deterruisset.</strong></span> <span class='ocrx_word' id='word_1_63' title='bbox 1945 1126 2049 1181; x_wconf 89' lang='lat' dir='ltr'><strong>Sed</strong></span> 
     </span>
    </p>
   </div>
   <div class='ocr_carea' id='block_1_13' title="bbox 496 1215 2051 1291">
    <p class='ocr_par' dir='ltr' id='par_1_13' title="bbox 496 1215 2051 1291">
     <span class='ocr_line' id='line_1_13' title="bbox 496 1215 2051 1291; baseline -0.005 -16"><span class='ocrx_word' id='word_1_64' title='bbox 496 1222 774 1291; x_wconf 81' lang='lat' dir='ltr'><strong>stipendiis</strong></span> <span class='ocrx_word' id='word_1_65' title='bbox 800 1222 1215 1290; x_wconf 81' lang='lat' dir='ltr'><strong>provinciarum,</strong></span> <span class='ocrx_word' id='word_1_66' title='bbox 1246 1230 1300 1273; x_wconf 89' lang='lat' dir='ltr'><strong>et</strong></span> <span class='ocrx_word' id='word_1_67' title='bbox 1329 1219 1626 1288; x_wconf 82' lang='lat' dir='ltr'><strong>patrimonii</strong></span> <span class='ocrx_word' id='word_1_68' title='bbox 1665 1218 1744 1271; x_wconf 88' lang='lat' dir='ltr'><strong>sui</strong></span> <span class='ocrx_word' id='word_1_69' title='bbox 1775 1215 2051 1280; x_wconf 82' lang='lat' dir='ltr'><strong>fructibus,</strong></span> 
     </span>
    </p>
   </div>
   <div class='ocr_carea' id='block_1_14' title="bbox 497 1307 2053 1381">
    <p class='ocr_par' dir='ltr' id='par_1_14' title="bbox 497 1307 2053 1381">
     <span class='ocr_line' id='line_1_14' title="bbox 497 1307 2053 1381; baseline -0.004 -15"><span class='ocrx_word' id='word_1_70' title='bbox 497 1324 608 1367; x_wconf 89' lang='lat' dir='ltr'><strong>tum</strong></span> <span class='ocrx_word' id='word_1_71' title='bbox 647 1313 876 1381; x_wconf 89' lang='lat' dir='ltr'><strong>undique</strong></span> <span class='ocrx_word' id='word_1_72' title='bbox 912 1313 1189 1366; x_wconf 79' lang='lat' dir='ltr'><strong>frumentis</strong></span> <span class='ocrx_word' id='word_1_73' title='bbox 1225 1311 1481 1378; x_wconf 86' lang='lat' dir='ltr'><strong>coemptis</strong></span> <span class='ocrx_word' id='word_1_74' title='bbox 1526 1324 1693 1378; x_wconf 89' lang='lat' dir='ltr'><strong>usque</strong></span> <span class='ocrx_word' id='word_1_75' title='bbox 1734 1308 1802 1362; x_wconf 88' lang='lat' dir='ltr'><strong>ad</strong></span> <span class='ocrx_word' id='word_1_76' title='bbox 1837 1307 2053 1376; x_wconf 75' lang='lat' dir='ltr'><strong>opulen~</strong></span> 
     </span>
    </p>
   </div>
   <div class='ocr_carea' id='block_1_15' title="bbox 496 1398 2066 1472">
    <p class='ocr_par' dir='ltr' id='par_1_15' title="bbox 496 1398 2066 1472">
     <span class='ocr_line' id='line_1_15' title="bbox 496 1398 2066 1472; baseline -0.001 -16"><span class='ocrx_word' id='word_1_77' title='bbox 496 1404 622 1456; x_wconf 89' lang='lat' dir='ltr'><strong>tiam</strong></span> <span class='ocrx_word' id='word_1_78' title='bbox 657 1403 1138 1472; x_wconf 85' lang='lat' dir='ltr'><strong>abundantiamque</strong></span> <span class='ocrx_word' id='word_1_79' title='bbox 1177 1403 1493 1457; x_wconf 82' lang='lat' dir='ltr'><strong>esurientem</strong></span> <span class='ocrx_word' id='word_1_80' title='bbox 1518 1400 1625 1468; x_wconf 84' lang='lat' dir='ltr'><strong>jam</strong></span> <span class='ocrx_word' id='word_1_81' title='bbox 1666 1398 1858 1454; x_wconf 89' lang='lat' dir='ltr'><strong>Urbem</strong></span> <span class='ocrx_word' id='word_1_82' title='bbox 1890 1401 2066 1454; x_wconf 69' lang='lat' dir='ltr'><strong>refer-</strong></span> 
     </span>
    </p>
   </div>
   <div class='ocr_carea' id='block_1_16' title="bbox 495 1475 2052 1569">
    <p class='ocr_par' dir='ltr' id='par_1_16' title="bbox 495 1475 2052 1569">
     <span class='ocr_line' id='line_1_16' title="bbox 495 1475 2052 1569; baseline -0.003 -22"><span class='ocrx_word' id='word_1_83' title='bbox 495 1495 582 1547; x_wconf 85' lang='lat' dir='ltr'><strong>sit.</strong></span> <span class='ocrx_word' id='word_1_84' title='bbox 635 1494 779 1547; x_wconf 88' lang='lat' dir='ltr'><strong>Dicet</strong></span> <span class='ocrx_word' id='word_1_85' title='bbox 817 1494 1027 1562; x_wconf 70' lang='lat' dir='ltr'><strong>aliqui“,</strong></span> <span class='ocrx_word' id='word_1_86' title='bbox 1079 1492 1343 1569; x_wconf 85' lang='lat' dir='ltr'><strong>quomodo</strong></span> <span class='ocrx_word' id='word_1_87' title='bbox 1393 1501 1500 1545; x_wconf 88' lang='lat' dir='ltr'><strong>tam</strong></span> <span class='ocrx_word' id='word_1_88' title='bbox 1544 1475 1713 1544; x_wconf 72' lang='lat' dir='ltr'><strong>multa</strong></span> <span class='ocrx_word' id='word_1_89' title='bbox 1759 1499 1864 1542; x_wconf 89' lang='lat' dir='ltr'><strong>tam</strong></span> <span class='ocrx_word' id='word_1_90' title='bbox 1905 1488 2052 1542; x_wconf 90' lang='lat' dir='ltr'><strong>brevi</strong></span> 
     </span>
    </p>
   </div>
   <div class='ocr_carea' id='block_1_17' title="bbox 496 1577 2052 1650">
    <p class='ocr_par' dir='ltr' id='par_1_17' title="bbox 496 1577 2052 1650">
     <span class='ocr_line' id='line_1_17' title="bbox 496 1577 2052 1650; baseline -0.001 -16"><span class='ocrx_word' id='word_1_91' title='bbox 496 1581 766 1650; x_wconf 87' lang='lat' dir='ltr'><strong>tempore?</strong></span> <span class='ocrx_word' id='word_1_92' title='bbox 811 1583 876 1635; x_wconf 87' lang='lat' dir='ltr'><strong>Et</strong></span> <span class='ocrx_word' id='word_1_93' title='bbox 912 1590 1077 1635; x_wconf 86' lang='lat' dir='ltr'><strong>recte.</strong></span> <span class='ocrx_word' id='word_1_94' title='bbox 1119 1580 1220 1634; x_wconf 87' lang='lat' dir='ltr'><strong>Sed</strong></span> <span class='ocrx_word' id='word_1_95' title='bbox 1251 1581 1538 1649; x_wconf 89' lang='lat' dir='ltr'><strong>imperator</strong></span> <span class='ocrx_word' id='word_1_96' title='bbox 1583 1587 1763 1632; x_wconf 81' lang='lat' dir='ltr'><strong>noster</strong></span> <span class='ocrx_word' id='word_1_97' title='bbox 1797 1577 1943 1631; x_wconf 87' lang='lat' dir='ltr'><strong>addit</strong></span> <span class='ocrx_word' id='word_1_98' title='bbox 1983 1577 2052 1632; x_wconf 89' lang='lat' dir='ltr'><strong>ad</strong></span> 
     </span>
    </p>
   </div>
   <div class='ocr_carea' id='block_1_18' title="bbox 498 1665 2054 1740">
    <p class='ocr_par' dir='ltr' id='par_1_18' title="bbox 498 1665 2054 1740">
     <span class='ocr_line' id='line_1_18' title="bbox 498 1665 2054 1740; baseline -0.002 -16"><span class='ocrx_word' id='word_1_99' title='bbox 498 1679 708 1740; x_wconf 85' lang='lat' dir='ltr'><strong>tempus</strong></span> <span class='ocrx_word' id='word_1_100' title='bbox 747 1671 887 1740; x_wconf 91' lang='lat' dir='ltr'><strong>quod</strong></span> <span class='ocrx_word' id='word_1_101' title='bbox 925 1670 1033 1724; x_wconf 86' lang='lat' dir='ltr'><strong>otio</strong></span> <span class='ocrx_word' id='word_1_102' title='bbox 1071 1685 1167 1723; x_wconf 91' lang='lat' dir='ltr'><strong>suo</strong></span> <span class='ocrx_word' id='word_1_103' title='bbox 1206 1669 1460 1724; x_wconf 79' lang='lat' dir='ltr'><strong>detrahit.</strong></span> <span class='ocrx_word' id='word_1_104' title='bbox 1499 1667 1638 1722; x_wconf 84' lang='lat' dir='ltr'><strong>Niliil</strong></span> <span class='ocrx_word' id='word_1_105' title='bbox 1667 1681 1878 1732; x_wconf 92' lang='lat' dir='ltr'><strong>somno,</strong></span> <span class='ocrx_word' id='word_1_106' title='bbox 1919 1665 2054 1722; x_wconf 85' lang='lat' dir='ltr'><strong>nihil</strong></span> 
     </span>
    </p>
   </div>
   <div class='ocr_carea' id='block_1_19' title="bbox 495 1759 2046 1831">
    <p class='ocr_par' dir='ltr' id='par_1_19' title="bbox 495 1759 2046 1831">
     <span class='ocr_line' id='line_1_19' title="bbox 495 1759 2046 1831; baseline -0.001 -15"><span class='ocrx_word' id='word_1_107' title='bbox 495 1761 688 1831; x_wconf 84' lang='lat' dir='ltr'><strong>epulis,</strong></span> <span class='ocrx_word' id='word_1_108' title='bbox 743 1762 872 1816; x_wconf 89' lang='lat' dir='ltr'><strong>nihil</strong></span> <span class='ocrx_word' id='word_1_109' title='bbox 911 1763 1020 1816; x_wconf 92' lang='lat' dir='ltr'><strong>otio</strong></span> <span class='ocrx_word' id='word_1_110' title='bbox 1063 1760 1267 1828; x_wconf 85' lang='lat' dir='ltr'><strong>tribuit,</strong></span> <span class='ocrx_word' id='word_1_111' title='bbox 1302 1770 1326 1797; x_wconf 79' lang='grc'><strong>⁸·</strong></span> <span class='ocrx_word' id='word_1_112' title='bbox 1355 1762 1467 1828; x_wconf 79' lang='lat' dir='ltr'><strong>ipsa</strong></span> <span class='ocrx_word' id='word_1_113' title='bbox 1509 1774 1568 1815; x_wconf 88' lang='lat' dir='ltr'><strong>se</strong></span> <span class='ocrx_word' id='word_1_114' title='bbox 1599 1759 1914 1813; x_wconf 83' lang='lat' dir='ltr'><strong>naturalium</strong></span> <span class='ocrx_word' id='word_1_115' title='bbox 1956 1773 2046 1814; x_wconf 78' lang='lat' dir='ltr'><strong>ne-</strong></span> 
     </span>
    </p>
   </div>
   <div class='ocr_carea' id='block_1_20' title="bbox 2166 581 3720 655">
    <p class='ocr_par' dir='ltr' id='par_1_20' title="bbox 2166 581 3720 655">
     <span class='ocr_line' id='line_1_20' title="bbox 2166 581 3720 655; baseline -0.007 -11"><span class='ocrx_word' id='word_1_116' title='bbox 2166 590 2325 644; x_wconf 89' lang='lat' dir='ltr'><strong>etiam</strong></span> <span class='ocrx_word' id='word_1_117' title='bbox 2359 603 2465 642; x_wconf 90' lang='lat' dir='ltr'><strong>non</strong></span> <span class='ocrx_word' id='word_1_118' title='bbox 2495 597 2809 642; x_wconf 89' lang='lat' dir='ltr'><strong>merentem.</strong></span> <span class='ocrx_word' id='word_1_119' title='bbox 2840 588 2942 640; x_wconf 84' lang='lat' dir='ltr'><strong>Nec</strong></span> <span class='ocrx_word' id='word_1_120' title='bbox 2975 588 3159 655; x_wconf 84' lang='lat' dir='ltr'><strong>ignoro</strong></span> <span class='ocrx_word' id='word_1_121' title='bbox 3206 585 3465 636; x_wconf 80' lang='lat' dir='ltr'><strong>maximos</strong></span> <span class='ocrx_word' id='word_1_122' title='bbox 3497 581 3720 636; x_wconf 84' lang='lat' dir='ltr'><strong>honores</strong></span> 
     </span>
    </p>
   </div>
   <div class='ocr_carea' id='block_1_21' title="bbox 2162 672 3716 749">
    <p class='ocr_par' dir='ltr' id='par_1_21' title="bbox 2162 672 3716 749">
     <span class='ocr_line' id='line_1_21' title="bbox 2162 672 3716 749; baseline -0.006 -15"><span class='ocrx_word' id='word_1_123' title='bbox 2162 681 2226 733; x_wconf 87' lang='lat' dir='ltr'><strong>ad</strong></span> <span class='ocrx_word' id='word_1_124' title='bbox 2259 695 2440 749; x_wconf 86' lang='lat' dir='ltr'><strong>parum</strong></span> <span class='ocrx_word' id='word_1_125' title='bbox 2483 681 2671 747; x_wconf 87' lang='lat' dir='ltr'><strong>dignus</strong></span> <span class='ocrx_word' id='word_1_126' title='bbox 2707 680 2923 746; x_wconf 67' lang='lat' dir='ltr'><strong>penuria</strong></span> <span class='ocrx_word' id='word_1_127' title='bbox 2955 678 3230 731; x_wconf 90' lang='lat' dir='ltr'><strong>meliorum</strong></span> <span class='ocrx_word' id='word_1_128' title='bbox 3279 675 3453 728; x_wconf 85' lang='lat' dir='ltr'><strong>solere</strong></span> <span class='ocrx_word' id='word_1_129' title='bbox 3500 672 3716 734; x_wconf 76' lang='lat' dir='ltr'><strong>deferri,</strong></span> 
     </span>
    </p>
   </div>
   <div class='ocr_carea' id='block_1_22' title="bbox 2161 761 3716 836">
    <p class='ocr_par' dir='ltr' id='par_1_22' title="bbox 2161 761 3716 836">
     <span class='ocr_line' id='line_1_22' title="bbox 2161 761 3716 836; baseline -0.005 -14"><span class='ocrx_word' id='word_1_130' title='bbox 2161 768 2255 823; x_wconf 88' lang='lat' dir='ltr'><strong>sed</strong></span> <span class='ocrx_word' id='word_1_131' title='bbox 2300 783 2409 826; x_wconf 90' lang='lat' dir='ltr'><strong>non</strong></span> <span class='ocrx_word' id='word_1_132' title='bbox 2438 782 2624 822; x_wconf 87' lang='lat' dir='ltr'><strong>vereor</strong></span> <span class='ocrx_word' id='word_1_133' title='bbox 2656 783 2720 821; x_wconf 91' lang='lat' dir='ltr'><strong>ne</strong></span> <span class='ocrx_word' id='word_1_134' title='bbox 2765 768 2884 836; x_wconf 88' lang='lat' dir='ltr'><strong>quis</strong></span> <span class='ocrx_word' id='word_1_135' title='bbox 2928 766 3302 821; x_wconf 84' lang='lat' dir='ltr'><strong>malevolorum</strong></span> <span class='ocrx_word' id='word_1_136' title='bbox 3348 765 3399 816; x_wconf 92' lang='lat' dir='ltr'><strong>in</strong></span> <span class='ocrx_word' id='word_1_137' title='bbox 3447 761 3716 816; x_wconf 78' lang='lat' dir='ltr'><strong>consulatu</strong></span> 
     </span>
    </p>
   </div>
   <div class='ocr_carea' id='block_1_23' title="bbox 2161 853 3714 924">
    <p class='ocr_par' dir='ltr' id='par_1_23' title="bbox 2161 853 3714 924">
     <span class='ocr_line' id='line_1_23' title="bbox 2161 853 3714 924; baseline -0.007 -12"><span class='ocrx_word' id='word_1_138' title='bbox 2161 873 2280 912; x_wconf 89' lang='lat' dir='ltr'><strong>meo</strong></span> <span class='ocrx_word' id='word_1_139' title='bbox 2304 858 2353 911; x_wconf 89' lang='lat' dir='ltr'><strong>id</strong></span> <span class='ocrx_word' id='word_1_140' title='bbox 2381 857 2913 912; x_wconf 87' lang='lat' dir='ltr'><strong>autumetaccidisse.</strong></span> <span class='ocrx_word' id='word_1_141' title='bbox 2937 856 2994 910; x_wconf 91' lang='lat' dir='ltr'><strong>Si</strong></span> <span class='ocrx_word' id='word_1_142' title='bbox 3025 857 3141 924; x_wconf 88' lang='lat' dir='ltr'><strong>quis</strong></span> <span class='ocrx_word' id='word_1_143' title='bbox 3172 854 3272 907; x_wconf 92' lang='lat' dir='ltr'><strong>hoc</strong></span> <span class='ocrx_word' id='word_1_144' title='bbox 3293 853 3478 906; x_wconf 86' lang='lat' dir='ltr'><strong>lividus</strong></span> <span class='ocrx_word' id='word_1_145' title='bbox 3496 853 3714 919; x_wconf 86' lang='lat' dir='ltr'><strong>jactitat,</strong></span> 
     </span>
    </p>
   </div>
   <div class='ocr_carea' id='block_1_24' title="bbox 2159 943 3715 1017">
    <p class='ocr_par' dir='ltr' id='par_1_24' title="bbox 2159 943 3715 1017">
     <span class='ocr_line' id='line_1_24' title="bbox 2159 943 3715 1017; baseline -0.004 -16"><span class='ocrx_word' id='word_1_146' title='bbox 2159 948 2274 1017; x_wconf 69' lang='lat' dir='ltr'><strong>ipso</strong></span> <span class='ocrx_word' id='word_1_147' title='bbox 2307 958 2543 1016; x_wconf 90' lang='lat' dir='ltr'><strong>tempore</strong></span> <span class='ocrx_word' id='word_1_148' title='bbox 2565 947 2852 1011; x_wconf 80' lang='lat' dir='ltr'><strong>refutatur,</strong></span> <span class='ocrx_word' id='word_1_149' title='bbox 2895 947 3151 999; x_wconf 88' lang='lat' dir='ltr'><strong>adversus</strong></span> <span class='ocrx_word' id='word_1_150' title='bbox 3179 958 3333 1013; x_wconf 87' lang='lat' dir='ltr'><strong>quem</strong></span> <span class='ocrx_word' id='word_1_151' title='bbox 3366 943 3566 996; x_wconf 81' lang='lat' dir='ltr'><strong>dixisse</strong></span> <span class='ocrx_word' id='word_1_152' title='bbox 3589 943 3715 994; x_wconf 84' lang='lat' dir='ltr'><strong>satis</strong></span> 
     </span>
    </p>
   </div>
   <div class='ocr_carea' id='block_1_25' title="bbox 2157 1034 3714 1107">
    <p class='ocr_par' dir='ltr' id='par_1_25' title="bbox 2157 1034 3714 1107">
     <span class='ocr_line' id='line_1_25' title="bbox 2157 1034 3714 1107; baseline -0.004 -15"><span class='ocrx_word' id='word_1_153' title='bbox 2157 1048 2262 1104; x_wconf 88' lang='lat' dir='ltr'><strong>est,</strong></span> <span class='ocrx_word' id='word_1_154' title='bbox 2289 1037 2399 1107; x_wconf 85' lang='lat' dir='ltr'><strong>jam</strong></span> <span class='ocrx_word' id='word_1_155' title='bbox 2450 1049 2557 1093; x_wconf 91' lang='lat' dir='ltr'><strong>tum</strong></span> <span class='ocrx_word' id='word_1_156' title='bbox 2605 1037 2828 1106; x_wconf 87' lang='lat' dir='ltr'><strong>principi</strong></span> <span class='ocrx_word' id='word_1_157' title='bbox 2871 1046 3052 1091; x_wconf 90' lang='lat' dir='ltr'><strong>nostro</strong></span> <span class='ocrx_word' id='word_1_158' title='bbox 3097 1038 3260 1090; x_wconf 79' lang='lat' dir='ltr'><strong>ltoma</strong></span> <span class='ocrx_word' id='word_1_159' title='bbox 3302 1035 3542 1103; x_wconf 78' lang='lat' dir='ltr'><strong>parebat.</strong></span> <span class='ocrx_word' id='word_1_160' title='bbox 3584 1034 3714 1100; x_wconf 84' lang='lat' dir='ltr'><strong>Quid</strong></span> 
     </span>
    </p>
   </div>
   <div class='ocr_carea' id='block_1_26' title="bbox 2156 1126 3715 1198">
    <p class='ocr_par' dir='ltr' id='par_1_26' title="bbox 2156 1126 3715 1198">
     <span class='ocr_line' id='line_1_26' title="bbox 2156 1126 3715 1198; baseline -0.003 -17"><span class='ocrx_word' id='word_1_161' title='bbox 2156 1128 2296 1198; x_wconf 88' lang='lat' dir='ltr'><strong>quod</strong></span> <span class='ocrx_word' id='word_1_162' title='bbox 2323 1128 2452 1181; x_wconf 90' lang='lat' dir='ltr'><strong>nihil</strong></span> <span class='ocrx_word' id='word_1_163' title='bbox 2483 1128 2717 1196; x_wconf 89' lang='lat' dir='ltr'><strong>speranti</strong></span> <span class='ocrx_word' id='word_1_164' title='bbox 2737 1127 2864 1181; x_wconf 90' lang='lat' dir='ltr'><strong>mihi</strong></span> <span class='ocrx_word' id='word_1_165' title='bbox 2893 1126 2960 1181; x_wconf 92' lang='lat' dir='ltr'><strong>de</strong></span> <span class='ocrx_word' id='word_1_166' title='bbox 2980 1126 3196 1180; x_wconf 90' lang='lat' dir='ltr'><strong>honoris</strong></span> <span class='ocrx_word' id='word_1_167' title='bbox 3217 1131 3524 1193; x_wconf 89' lang='lat' dir='ltr'><strong>augmento,</strong></span> <span class='ocrx_word' id='word_1_168' title='bbox 3549 1137 3715 1190; x_wconf 87' lang='lat' dir='ltr'><strong>nequo</strong></span> 
     </span>
    </p>
   </div>
   <div class='ocr_carea' id='block_1_27' title="bbox 2156 1211 3713 1285">
    <p class='ocr_par' dir='ltr' id='par_1_27' title="bbox 2156 1211 3713 1285">
     <span class='ocr_line' id='line_1_27' title="bbox 2156 1211 3713 1285; baseline -0.004 -14"><span class='ocrx_word' id='word_1_169' title='bbox 2156 1217 2296 1272; x_wconf 91' lang='lat' dir='ltr'><strong>enim</strong></span> <span class='ocrx_word' id='word_1_170' title='bbox 2326 1218 2460 1271; x_wconf 89' lang='lat' dir='ltr'><strong>ultra</strong></span> <span class='ocrx_word' id='word_1_171' title='bbox 2490 1216 2861 1285; x_wconf 69' lang='lat' dir='ltr'><strong>praefecturam</strong></span> <span class='ocrx_word' id='word_1_172' title='bbox 2889 1230 2948 1270; x_wconf 89' lang='lat' dir='ltr'><strong>se</strong></span> <span class='ocrx_word' id='word_1_173' title='bbox 2977 1225 3221 1268; x_wconf 87' lang='lat' dir='ltr'><strong>votorum</strong></span> <span class='ocrx_word' id='word_1_174' title='bbox 3254 1227 3492 1268; x_wconf 91' lang='lat' dir='ltr'><strong>meorum</strong></span> <span class='ocrx_word' id='word_1_175' title='bbox 3535 1211 3713 1266; x_wconf 79' lang='lat' dir='ltr'><strong>mode-</strong></span> 
     </span>
    </p>
   </div>
   <div class='ocr_carea' id='block_1_28' title="bbox 2155 1305 3713 1388">
    <p class='ocr_par' dir='ltr' id='par_1_28' title="bbox 2155 1305 3713 1388">
     <span class='ocr_line' id='line_1_28' title="bbox 2155 1305 3713 1388; baseline -0.005 -26"><span class='ocrx_word' id='word_1_176' title='bbox 2155 1309 2258 1362; x_wconf 90' lang='lat' dir='ltr'><strong>stia</strong></span> <span class='ocrx_word' id='word_1_177' title='bbox 2291 1308 2611 1379; x_wconf 85' lang='lat' dir='ltr'><strong>porrigebat,</strong></span> <span class='ocrx_word' id='word_1_178' title='bbox 2637 1305 2917 1388; x_wconf 63' lang='lat' dir='ltr'><strong>praefertur</strong></span> <span class='ocrx_word' id='word_1_179' title='bbox 2933 1306 3148 1359; x_wconf 89' lang='lat' dir='ltr'><strong>nuntius</strong></span> <span class='ocrx_word' id='word_1_180' title='bbox 3168 1305 3440 1358; x_wconf 90' lang='lat' dir='ltr'><strong>consulem</strong></span> <span class='ocrx_word' id='word_1_181' title='bbox 3461 1317 3546 1357; x_wconf 92' lang='lat' dir='ltr'><strong>me</strong></span> <span class='ocrx_word' id='word_1_182' title='bbox 3567 1316 3713 1356; x_wconf 85' lang='lat' dir='ltr'><strong>crea-</strong></span> 
     </span>
    </p>
   </div>
   <div class='ocr_carea' id='block_1_29' title="bbox 2161 1392 3712 1472">
    <p class='ocr_par' dir='ltr' id='par_1_29' title="bbox 2161 1392 3712 1472">
     <span class='ocr_line' id='line_1_29' title="bbox 2161 1392 3712 1472; baseline -0.003 -21"><span class='ocrx_word' id='word_1_183' title='bbox 2161 1409 2272 1452; x_wconf 89' lang='lat' dir='ltr'><strong>tum</strong></span> <span class='ocrx_word' id='word_1_184' title='bbox 2300 1397 2416 1452; x_wconf 91' lang='lat' dir='ltr'><strong>siue</strong></span> <span class='ocrx_word' id='word_1_185' title='bbox 2444 1396 2742 1472; x_wconf 77' lang='lat' dir='ltr'><strong>impendii),</strong></span> <span class='ocrx_word' id='word_1_186' title='bbox 2772 1395 2911 1463; x_wconf 92' lang='lat' dir='ltr'><strong>quod</strong></span> <span class='ocrx_word' id='word_1_187' title='bbox 2938 1396 3047 1463; x_wconf 88' lang='lat' dir='ltr'><strong>jam</strong></span> <span class='ocrx_word' id='word_1_188' title='bbox 3071 1395 3160 1448; x_wconf 92' lang='lat' dir='ltr'><strong>diu</strong></span> <span class='ocrx_word' id='word_1_189' title='bbox 3185 1395 3398 1462; x_wconf 87' lang='lat' dir='ltr'><strong>paucis;</strong></span> <span class='ocrx_word' id='word_1_190' title='bbox 3428 1395 3545 1448; x_wconf 88' lang='lat' dir='ltr'><strong>sine</strong></span> <span class='ocrx_word' id='word_1_191' title='bbox 3569 1392 3712 1446; x_wconf 82' lang='lat' dir='ltr'><strong>labo-</strong></span> 
     </span>
    </p>
   </div>
   <div class='ocr_carea' id='block_1_30' title="bbox 2155 1477 3629 1558">
    <p class='ocr_par' dir='ltr' id='par_1_30' title="bbox 2155 1477 3629 1558">
     <span class='ocr_line' id='line_1_30' title="bbox 2155 1477 3629 1558; baseline -0.004 -16"><span class='ocrx_word' id='word_1_192' title='bbox 2155 1504 2234 1552; x_wconf 88' lang='lat' dir='ltr'><strong>re,</strong></span> <span class='ocrx_word' id='word_1_193' title='bbox 2265 1488 2403 1558; x_wconf 90' lang='lat' dir='ltr'><strong>quod</strong></span> <span class='ocrx_word' id='word_1_194' title='bbox 2428 1477 2694 1556; x_wconf 80' lang='lat' dir='ltr'><strong>nunquam</strong></span> <span class='ocrx_word' id='word_1_195' title='bbox 2720 1503 2736 1550; x_wconf 85' lang='lat'><strong>;</strong></span> <span class='ocrx_word' id='word_1_196' title='bbox 2765 1486 2879 1540; x_wconf 87' lang='lat' dir='ltr'><strong>sine</strong></span> <span class='ocrx_word' id='word_1_197' title='bbox 2910 1486 3184 1554; x_wconf 86' lang='lat' dir='ltr'><strong>petitione,</strong></span> <span class='ocrx_word' id='word_1_198' title='bbox 3212 1484 3351 1553; x_wconf 90' lang='lat' dir='ltr'><strong>quod</strong></span> <span class='ocrx_word' id='word_1_199' title='bbox 3384 1483 3582 1537; x_wconf 88' lang='lat' dir='ltr'><strong>nemini</strong></span> <span class='ocrx_word' id='word_1_200' title='bbox 3606 1484 3629 1536; x_wconf 85' lang='lat'><strong>?</strong></span> 
     </span>
    </p>
   </div>
   <div class='ocr_carea' id='block_1_31' title="bbox 2225 1574 3708 1649">
    <p class='ocr_par' dir='ltr' id='par_1_31' title="bbox 2225 1574 3708 1649">
     <span class='ocr_line' id='line_1_31' title="bbox 2225 1574 3708 1649; baseline -0.003 -17"><span class='ocrx_word' id='word_1_201' title='bbox 2225 1579 2358 1632; x_wconf 79' lang='lat' dir='ltr'><strong>XVI.</strong></span> <span class='ocrx_word' id='word_1_202' title='bbox 2387 1579 2515 1644; x_wconf 83' lang='lat' dir='ltr'><strong>Quis</strong></span> <span class='ocrx_word' id='word_1_203' title='bbox 2537 1579 2737 1649; x_wconf 77' lang='lat' dir='ltr'><strong>ignorat</strong></span> <span class='ocrx_word' id='word_1_204' title='bbox 2771 1586 2879 1630; x_wconf 92' lang='lat' dir='ltr'><strong>tum</strong></span> <span class='ocrx_word' id='word_1_205' title='bbox 2904 1590 3113 1645; x_wconf 87' lang='lat' dir='ltr'><strong>quoque</strong></span> <span class='ocrx_word' id='word_1_206' title='bbox 3132 1591 3251 1630; x_wconf 89' lang='lat' dir='ltr'><strong>cum</strong></span> <span class='ocrx_word' id='word_1_207' title='bbox 3277 1576 3508 1630; x_wconf 90' lang='lat' dir='ltr'><strong>honores</strong></span> <span class='ocrx_word' id='word_1_208' title='bbox 3535 1574 3708 1643; x_wconf 85' lang='lat' dir='ltr'><strong>populi</strong></span> 
     </span>
    </p>
   </div>
   <div class='ocr_carea' id='block_1_32' title="bbox 2155 1664 3708 1737">
    <p class='ocr_par' dir='ltr' id='par_1_32' title="bbox 2155 1664 3708 1737">
     <span class='ocr_line' id='line_1_32' title="bbox 2155 1664 3708 1737; baseline -0.006 -12"><span class='ocrx_word' id='word_1_209' title='bbox 2155 1670 2378 1725; x_wconf 82' lang='lat' dir='ltr'><strong>Romani</strong></span> <span class='ocrx_word' id='word_1_210' title='bbox 2408 1667 2671 1737; x_wconf 86' lang='lat' dir='ltr'><strong>sutl&#39;ragiis</strong></span> <span class='ocrx_word' id='word_1_211' title='bbox 2701 1665 3090 1720; x_wconf 85' lang='lat' dir='ltr'><strong>mandabantur</strong></span> <span class='ocrx_word' id='word_1_212' title='bbox 3117 1664 3311 1718; x_wconf 91' lang='lat' dir='ltr'><strong>multos</strong></span> <span class='ocrx_word' id='word_1_213' title='bbox 3341 1664 3502 1718; x_wconf 88' lang='lat' dir='ltr'><strong>fuisse</strong></span> <span class='ocrx_word' id='word_1_214' title='bbox 3531 1664 3708 1717; x_wconf 82' lang='lat' dir='ltr'><strong>candi-</strong></span> 
     </span>
    </p>
   </div>
   <div class='ocr_carea' id='block_1_33' title="bbox 2153 1756 3707 1814">
    <p class='ocr_par' dir='ltr' id='par_1_33' title="bbox 2153 1756 3707 1814">
     <span class='ocr_line' id='line_1_33' title="bbox 2153 1756 3707 1814; baseline -0.002 -3"><span class='ocrx_word' id='word_1_215' title='bbox 2153 1760 2393 1814; x_wconf 90' lang='lat' dir='ltr'><strong>datorum</strong></span> <span class='ocrx_word' id='word_1_216' title='bbox 2446 1757 2691 1812; x_wconf 75' lang='lat' dir='ltr'><strong>labores?</strong></span> <span class='ocrx_word' id='word_1_217' title='bbox 2744 1756 3039 1811; x_wconf 83' lang='lat' dir='ltr'><strong>Ediscenda</strong></span> <span class='ocrx_word' id='word_1_218' title='bbox 3075 1756 3310 1810; x_wconf 90' lang='lat' dir='ltr'><strong>omnium</strong></span> <span class='ocrx_word' id='word_1_219' title='bbox 3357 1756 3574 1809; x_wconf 74' lang='lat' dir='ltr'><strong>numina</strong></span> <span class='ocrx_word' id='word_1_220' title='bbox 3619 1756 3707 1808; x_wconf 83' lang='lat' dir='ltr'><strong>tri-</strong></span> 
     </span>
    </p>
   </div>
   <div class='ocr_carea' id='block_1_34' title="bbox 496 1846 3706 1922">
    <p class='ocr_par' dir='ltr' id='par_1_34' title="bbox 496 1846 3706 1922">
     <span class='ocr_line' id='line_1_34' title="bbox 496 1846 3706 1922; baseline -0.002 -16"><span class='ocrx_word' id='word_1_221' title='bbox 496 1857 956 1922; x_wconf 88' lang='lat' dir='ltr'><strong>cessariarumque</strong></span> <span class='ocrx_word' id='word_1_222' title='bbox 996 1867 1172 1906; x_wconf 87' lang='lat' dir='ltr'><strong>rerum</strong></span> <span class='ocrx_word' id='word_1_223' title='bbox 1201 1850 1548 1920; x_wconf 82' lang='lat' dir='ltr'><strong>usurpatione</strong></span> <span class='ocrx_word' id='word_1_224' title='bbox 1583 1849 1876 1913; x_wconf 89' lang='lat' dir='ltr'><strong>defraudat,</strong></span> <span class='ocrx_word' id='word_1_225' title='bbox 1908 1857 2048 1904; x_wconf 90' lang='lat' dir='ltr'><strong>totus</strong></span> <span class='ocrx_word' id='word_1_226' title='bbox 2077 1854 2125 1915; x_wconf 81' lang='grc' dir='ltr'>Β</span> <span class='ocrx_word' id='word_1_227' title='bbox 2152 1852 2332 1918; x_wconf 88' lang='lat' dir='ltr'><strong>bnum,</strong></span> <span class='ocrx_word' id='word_1_228' title='bbox 2361 1853 2383 1883; x_wconf 77' lang='grc'>⁸</span> <span class='ocrx_word' id='word_1_229' title='bbox 2409 1852 2674 1916; x_wconf 89' lang='lat' dir='ltr'><strong>homines,</strong></span> <span class='ocrx_word' id='word_1_230' title='bbox 2706 1861 2868 1920; x_wconf 89' lang='lat' dir='ltr'><strong>atque</strong></span> <span class='ocrx_word' id='word_1_231' title='bbox 2889 1852 3046 1905; x_wconf 89' lang='lat' dir='ltr'><strong>etiam</strong></span> <span class='ocrx_word' id='word_1_232' title='bbox 3066 1848 3255 1918; x_wconf 78' lang='lat' dir='ltr'><strong>singuli</strong></span> <span class='ocrx_word' id='word_1_233' title='bbox 3281 1846 3566 1909; x_wconf 70' lang='lat' dir='ltr'><strong>salutandi,</strong></span> <span class='ocrx_word' id='word_1_234' title='bbox 3600 1860 3706 1915; x_wconf 87' lang='lat' dir='ltr'><strong>prc-</strong></span> 
     </span>
    </p>
   </div>
   <div class='ocr_carea' id='block_1_35' title="bbox 493 1937 2048 2008">
    <p class='ocr_par' dir='ltr' id='par_1_35' title="bbox 493 1937 2048 2008">
     <span class='ocr_line' id='line_1_35' title="bbox 493 1937 2048 2008; baseline -0.003 -14"><span class='ocrx_word' id='word_1_235' title='bbox 493 1941 789 1994; x_wconf 85' lang='lat' dir='ltr'><strong>commodis</strong></span> <span class='ocrx_word' id='word_1_236' title='bbox 819 1941 1041 2008; x_wconf 90' lang='lat' dir='ltr'><strong>publicis</strong></span> <span class='ocrx_word' id='word_1_237' title='bbox 1068 1949 1239 1995; x_wconf 88' lang='lat' dir='ltr'><strong>vacat.</strong></span> <span class='ocrx_word' id='word_1_238' title='bbox 1261 1940 1441 2008; x_wconf 88' lang='lat' dir='ltr'><strong>Itaque</strong></span> <span class='ocrx_word' id='word_1_239' title='bbox 1458 1938 1797 2008; x_wconf 75' lang='lat' dir='ltr'><strong>grandznvum</strong></span> <span class='ocrx_word' id='word_1_240' title='bbox 1813 1937 1925 2006; x_wconf 90' lang='lat' dir='ltr'><strong>jam</strong></span> <span class='ocrx_word' id='word_1_241' title='bbox 1949 1937 2048 1990; x_wconf 87' lang='lat' dir='ltr'><strong>im-</strong></span> 
     </span>
    </p>
   </div>
   <div class='ocr_carea' id='block_1_36' title="bbox 496 2028 2048 2100">
    <p class='ocr_par' dir='ltr' id='par_1_36' title="bbox 496 2028 2048 2100">
     <span class='ocr_line' id='line_1_36' title="bbox 496 2028 2048 2100; baseline -0.003 -16"><span class='ocrx_word' id='word_1_242' title='bbox 496 2031 704 2099; x_wconf 84' lang='lat' dir='ltr'><strong>perium</strong></span> <span class='ocrx_word' id='word_1_243' title='bbox 731 2031 994 2085; x_wconf 84' lang='lat' dir='ltr'><strong>videbitur</strong></span> <span class='ocrx_word' id='word_1_244' title='bbox 1026 2031 1108 2084; x_wconf 89' lang='lat' dir='ltr'><strong>his</strong></span> <span class='ocrx_word' id='word_1_245' title='bbox 1145 2030 1233 2100; x_wconf 89' lang='lat' dir='ltr'><strong>qui</strong></span> <span class='ocrx_word' id='word_1_246' title='bbox 1280 2044 1386 2083; x_wconf 91' lang='lat' dir='ltr'><strong>non</strong></span> <span class='ocrx_word' id='word_1_247' title='bbox 1423 2029 1628 2084; x_wconf 88' lang='lat' dir='ltr'><strong>ratione</strong></span> <span class='ocrx_word' id='word_1_248' title='bbox 1663 2028 1891 2090; x_wconf 87' lang='lat' dir='ltr'><strong>dierum,</strong></span> <span class='ocrx_word' id='word_1_249' title='bbox 1919 2028 1934 2058; x_wconf 83' lang='grc'>¹</span> <span class='ocrx_word' id='word_1_250' title='bbox 1960 2036 2048 2081; x_wconf 90' lang='lat' dir='ltr'><strong>aut</strong></span> 
     </span>
    </p>
   </div>
   <div class='ocr_carea' id='block_1_37' title="bbox 496 2117 2046 2188">
    <p class='ocr_par' dir='ltr' id='par_1_37' title="bbox 496 2117 2046 2188">
     <span class='ocr_line' id='line_1_37' title="bbox 496 2117 2046 2188; baseline -0.003 -14"><span class='ocrx_word' id='word_1_251' title='bbox 496 2121 779 2186; x_wconf 86' lang='lat' dir='ltr'><strong>mensium,</strong></span> <span class='ocrx_word' id='word_1_252' title='bbox 832 2120 927 2174; x_wconf 88' lang='lat' dir='ltr'><strong>sed</strong></span> <span class='ocrx_word' id='word_1_253' title='bbox 967 2134 1186 2188; x_wconf 75' lang='lat' dir='ltr'><strong>operum</strong></span> <span class='ocrx_word' id='word_1_254' title='bbox 1231 2117 1586 2188; x_wconf 89' lang='lat' dir='ltr'><strong>multitudine,</strong></span> <span class='ocrx_word' id='word_1_255' title='bbox 1637 2125 1694 2173; x_wconf 87' lang='lat' dir='ltr'><strong>et</strong></span> <span class='ocrx_word' id='word_1_256' title='bbox 1742 2117 2046 2171; x_wconf 83' lang='lat' dir='ltr'><strong>effectarum</strong></span> 
     </span>
    </p>
   </div>
   <div class='ocr_carea' id='block_1_38' title="bbox 495 2205 2049 2276">
    <p class='ocr_par' dir='ltr' id='par_1_38' title="bbox 495 2205 2049 2276">
     <span class='ocr_line' id='line_1_38' title="bbox 495 2205 2049 2276; baseline -0.003 -14"><span class='ocrx_word' id='word_1_257' title='bbox 495 2224 673 2262; x_wconf 89' lang='lat' dir='ltr'><strong>rerum</strong></span> <span class='ocrx_word' id='word_1_258' title='bbox 714 2210 872 2263; x_wconf 89' lang='lat' dir='ltr'><strong>modo</strong></span> <span class='ocrx_word' id='word_1_259' title='bbox 913 2208 1109 2262; x_wconf 79' lang='lat' dir='ltr'><strong>Juliani</strong></span> <span class='ocrx_word' id='word_1_260' title='bbox 1154 2218 1391 2276; x_wconf 87' lang='lat' dir='ltr'><strong>tempora</strong></span> <span class='ocrx_word' id='word_1_261' title='bbox 1438 2206 1740 2261; x_wconf 88' lang='lat' dir='ltr'><strong>metientur.</strong></span> <span class='ocrx_word' id='word_1_262' title='bbox 1784 2206 1914 2259; x_wconf 88' lang='lat' dir='ltr'><strong>Cum</strong></span> <span class='ocrx_word' id='word_1_263' title='bbox 1945 2205 2049 2259; x_wconf 78' lang='lat' dir='ltr'><strong>Ito-</strong></span> 
     </span>
    </p>
   </div>
   <div class='ocr_carea' id='block_1_39' title="bbox 495 2296 2046 2370">
    <p class='ocr_par' dir='ltr' id='par_1_39' title="bbox 495 2296 2046 2370">
     <span class='ocr_line' id='line_1_39' title="bbox 495 2296 2046 2370; baseline -0.005 -15"><span class='ocrx_word' id='word_1_264' title='bbox 495 2301 636 2355; x_wconf 83' lang='lat' dir='ltr'><strong>muni</strong></span> <span class='ocrx_word' id='word_1_265' title='bbox 659 2302 835 2370; x_wconf 87' lang='lat' dir='ltr'><strong>populi</strong></span> <span class='ocrx_word' id='word_1_266' title='bbox 863 2300 1049 2366; x_wconf 89' lang='lat' dir='ltr'><strong>victus,</strong></span> <span class='ocrx_word' id='word_1_267' title='bbox 1082 2309 1136 2354; x_wconf 89' lang='lat' dir='ltr'><strong>et</strong></span> <span class='ocrx_word' id='word_1_268' title='bbox 1165 2300 1430 2354; x_wconf 82' lang='lat' dir='ltr'><strong>exercitus</strong></span> <span class='ocrx_word' id='word_1_269' title='bbox 1468 2305 1798 2352; x_wconf 86' lang='lat' dir='ltr'><strong>commeatus</strong></span> <span class='ocrx_word' id='word_1_270' title='bbox 1823 2305 1968 2352; x_wconf 84' lang='lat' dir='ltr'><strong>esset</strong></span> <span class='ocrx_word' id='word_1_271' title='bbox 1993 2296 2046 2349; x_wconf 95' lang='lat' dir='ltr'><strong>in</strong></span> 
     </span>
    </p>
   </div>
   <div class='ocr_carea' id='block_1_40' title="bbox 496 2387 2043 2461">
    <p class='ocr_par' dir='ltr' id='par_1_40' title="bbox 496 2387 2043 2461">
     <span class='ocr_line' id='line_1_40' title="bbox 496 2387 2043 2461; baseline -0.005 -14"><span class='ocrx_word' id='word_1_272' title='bbox 496 2394 757 2458; x_wconf 87' lang='lat' dir='ltr'><strong>manibus,</strong></span> <span class='ocrx_word' id='word_1_273' title='bbox 781 2396 832 2448; x_wconf 92' lang='lat' dir='ltr'><strong>in</strong></span> <span class='ocrx_word' id='word_1_274' title='bbox 862 2393 1032 2448; x_wconf 89' lang='lat' dir='ltr'><strong>media</strong></span> <span class='ocrx_word' id='word_1_275' title='bbox 1061 2391 1406 2461; x_wconf 75' lang='lat' dir='ltr'><strong>expedienda:</strong></span> <span class='ocrx_word' id='word_1_276' title='bbox 1425 2403 1648 2444; x_wconf 66' lang='lat' dir='ltr'><strong>annonae</strong></span> <span class='ocrx_word' id='word_1_277' title='bbox 1671 2387 2043 2457; x_wconf 81' lang='lat' dir='ltr'><strong>trepidatione,</strong></span> 
     </span>
    </p>
   </div>
   <div class='ocr_carea' id='block_1_41' title="bbox 497 2476 2052 2552">
    <p class='ocr_par' dir='ltr' id='par_1_41' title="bbox 497 2476 2052 2552">
     <span class='ocr_line' id='line_1_41' title="bbox 497 2476 2052 2552; baseline -0.006 -13"><span class='ocrx_word' id='word_1_278' title='bbox 497 2484 710 2539; x_wconf 88' lang='lat' dir='ltr'><strong>nuntius</strong></span> <span class='ocrx_word' id='word_1_279' title='bbox 736 2483 878 2539; x_wconf 88' lang='lat' dir='ltr'><strong>venit</strong></span> <span class='ocrx_word' id='word_1_280' title='bbox 904 2482 1157 2551; x_wconf 87' lang='lat' dir='ltr'><strong>plurimas</strong></span> <span class='ocrx_word' id='word_1_281' title='bbox 1185 2494 1345 2534; x_wconf 81' lang='lat' dir='ltr'><strong>naves</strong></span> <span class='ocrx_word' id='word_1_282' title='bbox 1374 2478 1622 2533; x_wconf 86' lang='lat' dir='ltr'><strong>Africano</strong></span> <span class='ocrx_word' id='word_1_283' title='bbox 1653 2476 1827 2532; x_wconf 90' lang='lat' dir='ltr'><strong>tritico</strong></span> <span class='ocrx_word' id='word_1_284' title='bbox 1855 2491 2052 2552; x_wconf 59' lang='lat' dir='ltr'><strong>graves</strong></span> 
     </span>
    </p>
   </div>
   <div class='ocr_carea' id='block_1_42' title="bbox 494 2567 2046 2638">
    <p class='ocr_par' dir='ltr' id='par_1_42' title="bbox 494 2567 2046 2638">
     <span class='ocr_line' id='line_1_42' title="bbox 494 2567 2046 2638; baseline -0.006 -10"><span class='ocrx_word' id='word_1_285' title='bbox 494 2575 516 2606; x_wconf 81' lang='grc'><strong><em>²</em></strong></span> <span class='ocrx_word' id='word_1_286' title='bbox 545 2575 689 2628; x_wconf 88' lang='lat' dir='ltr'><strong>littus</strong></span> <span class='ocrx_word' id='word_1_287' title='bbox 727 2574 1014 2628; x_wconf 81' lang='lat' dir='ltr'><strong>Achaicum</strong></span> <span class='ocrx_word' id='word_1_288' title='bbox 1060 2577 1433 2638; x_wconf 73' lang='lat' dir='ltr'><strong>praetervectas</strong></span> <span class='ocrx_word' id='word_1_289' title='bbox 1479 2569 1500 2600; x_wconf 88' lang='grc'>³</span> <span class='ocrx_word' id='word_1_290' title='bbox 1535 2567 2046 2635; x_wconf 85' lang='lat' dir='ltr'><strong>Constantinopolim</strong></span> 
     </span>
    </p>
   </div>
   <div class='ocr_carea' id='block_1_43' title="bbox 494 2655 2048 2732">
    <p class='ocr_par' dir='ltr' id='par_1_43' title="bbox 494 2655 2048 2732">
     <span class='ocr_line' id='line_1_43' title="bbox 494 2655 2048 2732; baseline -0.005 -15"><span class='ocrx_word' id='word_1_291' title='bbox 494 2663 814 2732; x_wconf 84' lang='lat' dir='ltr'><strong>pervolasse.</strong></span> <span class='ocrx_word' id='word_1_292' title='bbox 873 2660 1104 2716; x_wconf 89' lang='lat' dir='ltr'><strong>Permoti</strong></span> <span class='ocrx_word' id='word_1_293' title='bbox 1149 2674 1356 2726; x_wconf 90' lang='lat' dir='ltr'><strong>omnes,</strong></span> <span class='ocrx_word' id='word_1_294' title='bbox 1405 2667 1462 2713; x_wconf 90' lang='lat' dir='ltr'><strong>et</strong></span> <span class='ocrx_word' id='word_1_295' title='bbox 1507 2659 1762 2713; x_wconf 86' lang='lat' dir='ltr'><strong>adversus</strong></span> <span class='ocrx_word' id='word_1_296' title='bbox 1809 2670 1903 2710; x_wconf 89' lang='lat' dir='ltr'><strong>eos</strong></span> <span class='ocrx_word' id='word_1_297' title='bbox 1956 2655 2048 2725; x_wconf 92' lang='lat' dir='ltr'><strong>qui</strong></span> 
     </span>
    </p>
   </div>
   <div class='ocr_carea' id='block_1_44' title="bbox 492 2747 2047 2816">
    <p class='ocr_par' dir='ltr' id='par_1_44' title="bbox 492 2747 2047 2816">
     <span class='ocr_line' id='line_1_44' title="bbox 492 2747 2047 2816; baseline -0.004 -9"><span class='ocrx_word' id='word_1_298' title='bbox 492 2767 640 2807; x_wconf 89' lang='lat' dir='ltr'><strong>oram</strong></span> <span class='ocrx_word' id='word_1_299' title='bbox 671 2753 986 2805; x_wconf 84' lang='lat' dir='ltr'><strong>maritimam</strong></span> <span class='ocrx_word' id='word_1_300' title='bbox 1010 2749 1289 2803; x_wconf 88' lang='lat' dir='ltr'><strong>tuebantur</strong></span> <span class='ocrx_word' id='word_1_301' title='bbox 1316 2749 1457 2812; x_wconf 87' lang='lat' dir='ltr'><strong>irati,</strong></span> <span class='ocrx_word' id='word_1_302' title='bbox 1487 2748 1724 2802; x_wconf 85' lang='lat' dir='ltr'><strong>venimus</strong></span> <span class='ocrx_word' id='word_1_303' title='bbox 1753 2747 1819 2801; x_wconf 90' lang='lat' dir='ltr'><strong>ad</strong></span> <span class='ocrx_word' id='word_1_304' title='bbox 1849 2748 2047 2816; x_wconf 81' lang='lat' dir='ltr'><strong>princi-</strong></span> 
     </span>
    </p>
   </div>
   <div class='ocr_carea' id='block_1_45' title="bbox 492 2837 2050 2909">
    <p class='ocr_par' dir='ltr' id='par_1_45' title="bbox 492 2837 2050 2909">
     <span class='ocr_line' id='line_1_45' title="bbox 492 2837 2050 2909; baseline -0.003 -14"><span class='ocrx_word' id='word_1_305' title='bbox 492 2855 636 2909; x_wconf 88' lang='lat' dir='ltr'><strong>pem,</strong></span> <span class='ocrx_word' id='word_1_306' title='bbox 665 2840 865 2894; x_wconf 89' lang='lat' dir='ltr'><strong>desidia</strong></span> <span class='ocrx_word' id='word_1_307' title='bbox 891 2839 1125 2908; x_wconf 88' lang='lat' dir='ltr'><strong>judicum</strong></span> <span class='ocrx_word' id='word_1_308' title='bbox 1157 2847 1358 2892; x_wconf 89' lang='lat' dir='ltr'><strong>tantum</strong></span> <span class='ocrx_word' id='word_1_309' title='bbox 1379 2839 1581 2905; x_wconf 85' lang='lat' dir='ltr'><strong>perisse</strong></span> <span class='ocrx_word' id='word_1_310' title='bbox 1601 2837 1849 2892; x_wconf 73' lang='lat' dir='ltr'><strong>frumenti</strong></span> <span class='ocrx_word' id='word_1_311' title='bbox 1877 2847 2050 2891; x_wconf 85' lang='lat' dir='ltr'><strong>certa-</strong></span> 
     </span>
    </p>
   </div>
   <div class='ocr_carea' id='block_1_46' title="bbox 494 2926 2047 3000">
    <p class='ocr_par' dir='ltr' id='par_1_46' title="bbox 494 2926 2047 3000">
     <span class='ocr_line' id='line_1_46' title="bbox 494 2926 2047 3000; baseline -0.002 -17"><span class='ocrx_word' id='word_1_312' title='bbox 494 2932 586 2984; x_wconf 90' lang='lat' dir='ltr'><strong>tim</strong></span> <span class='ocrx_word' id='word_1_313' title='bbox 611 2945 706 3000; x_wconf 88' lang='lat' dir='ltr'><strong>pro</strong></span> <span class='ocrx_word' id='word_1_314' title='bbox 730 2944 788 2984; x_wconf 90' lang='lat' dir='ltr'><strong>se</strong></span> <span class='ocrx_word' id='word_1_315' title='bbox 813 2929 1035 2998; x_wconf 88' lang='lat' dir='ltr'><strong>quisque</strong></span> <span class='ocrx_word' id='word_1_316' title='bbox 1067 2929 1462 2997; x_wconf 86' lang='lat' dir='ltr'><strong>conquerimur.</strong></span> <span class='ocrx_word' id='word_1_317' title='bbox 1492 2926 1563 2980; x_wconf 79' lang='lat' dir='ltr'><strong>At</strong></span> <span class='ocrx_word' id='word_1_318' title='bbox 1591 2927 1853 2980; x_wconf 81' lang='lat' dir='ltr'><strong>maximus</strong></span> <span class='ocrx_word' id='word_1_319' title='bbox 1879 2926 2047 2995; x_wconf 86' lang='lat' dir='ltr'><strong>impe-</strong></span> 
     </span>
    </p>
   </div>
   <div class='ocr_carea' id='block_1_47' title="bbox 489 3016 2044 3088">
    <p class='ocr_par' dir='ltr' id='par_1_47' title="bbox 489 3016 2044 3088">
     <span class='ocr_line' id='line_1_47' title="bbox 489 3016 2044 3088; baseline -0.001 -14"><span class='ocrx_word' id='word_1_320' title='bbox 489 3029 636 3074; x_wconf 89' lang='lat' dir='ltr'><strong>rator</strong></span> <span class='ocrx_word' id='word_1_321' title='bbox 665 3034 916 3074; x_wconf 88' lang='lat' dir='ltr'><strong>serenum</strong></span> <span class='ocrx_word' id='word_1_322' title='bbox 959 3018 1228 3083; x_wconf 87' lang='lat' dir='ltr'><strong>renidens,</strong></span> <span class='ocrx_word' id='word_1_323' title='bbox 1276 3016 1406 3071; x_wconf 89' lang='lat' dir='ltr'><strong>nihil</strong></span> <span class='ocrx_word' id='word_1_324' title='bbox 1450 3031 1571 3072; x_wconf 87' lang='lat' dir='ltr'><strong>esse</strong></span> <span class='ocrx_word' id='word_1_325' title='bbox 1601 3026 1900 3086; x_wconf 88' lang='lat' dir='ltr'><strong>peccatum,</strong></span> <span class='ocrx_word' id='word_1_326' title='bbox 1939 3032 2044 3088; x_wconf 86' lang='lat' dir='ltr'><strong>non</strong></span> 
     </span>
    </p>
   </div>
   <div class='ocr_carea' id='block_1_48' title="bbox 487 3109 2042 3178">
    <p class='ocr_par' dir='ltr' id='par_1_48' title="bbox 487 3109 2042 3178">
     <span class='ocr_line' id='line_1_48' title="bbox 487 3109 2042 3178; baseline 0.001 -14"><span class='ocrx_word' id='word_1_327' title='bbox 487 3112 587 3165; x_wconf 86' lang='lat' dir='ltr'><strong>sibi</strong></span> <span class='ocrx_word' id='word_1_328' title='bbox 611 3111 827 3178; x_wconf 80' lang='lat' dir='ltr'><strong>perisse,</strong></span> <span class='ocrx_word' id='word_1_329' title='bbox 861 3125 979 3178; x_wconf 70' lang='lat' dir='ltr'><strong>quae</strong></span> <span class='ocrx_word' id='word_1_330' title='bbox 1005 3109 1070 3162; x_wconf 90' lang='lat' dir='ltr'><strong>ad</strong></span> <span class='ocrx_word' id='word_1_331' title='bbox 1093 3110 1230 3164; x_wconf 90' lang='lat' dir='ltr'><strong>hanc</strong></span> <span class='ocrx_word' id='word_1_332' title='bbox 1252 3109 1437 3164; x_wconf 87' lang='lat' dir='ltr'><strong>urbem</strong></span> <span class='ocrx_word' id='word_1_333' title='bbox 1459 3109 1723 3164; x_wconf 90' lang='lat' dir='ltr'><strong>frumenta</strong></span> <span class='ocrx_word' id='word_1_334' title='bbox 1745 3110 2042 3166; x_wconf 86' lang='lat' dir='ltr'><strong>venissent.</strong></span> 
     </span>
    </p>
   </div>
   <div class='ocr_carea' id='block_1_49' title="bbox 2152 1937 3704 2006">
    <p class='ocr_par' dir='ltr' id='par_1_49' title="bbox 2152 1937 3704 2006">
     <span class='ocr_line' id='line_1_49' title="bbox 2152 1937 3704 2006; baseline -0.003 -12"><span class='ocrx_word' id='word_1_335' title='bbox 2152 1940 2440 1996; x_wconf 67' lang='lat' dir='ltr'><strong>hensande</strong></span> <span class='ocrx_word' id='word_1_336' title='bbox 2484 1941 2759 1995; x_wconf 89' lang='lat' dir='ltr'><strong>obviorum</strong></span> <span class='ocrx_word' id='word_1_337' title='bbox 2790 1955 3010 2006; x_wconf 92' lang='lat' dir='ltr'><strong>manus,</strong></span> <span class='ocrx_word' id='word_1_338' title='bbox 3038 1938 3283 1992; x_wconf 89' lang='lat' dir='ltr'><strong>omnibus</strong></span> <span class='ocrx_word' id='word_1_339' title='bbox 3336 1937 3704 2000; x_wconf 77' lang='lat' dir='ltr'><strong>arridendum;</strong></span> 
     </span>
    </p>
   </div>
   <div class='ocr_carea' id='block_1_50' title="bbox 2153 2028 3704 2098">
    <p class='ocr_par' dir='ltr' id='par_1_50' title="bbox 2153 2028 3704 2098">
     <span class='ocr_line' id='line_1_50' title="bbox 2153 2028 3704 2098; baseline -0.005 -10"><span class='ocrx_word' id='word_1_340' title='bbox 2153 2048 2259 2088; x_wconf 90' lang='lat' dir='ltr'><strong>non</strong></span> <span class='ocrx_word' id='word_1_341' title='bbox 2281 2034 2451 2088; x_wconf 81' lang='lat' dir='ltr'><strong>solum</strong></span> <span class='ocrx_word' id='word_1_342' title='bbox 2479 2048 2598 2086; x_wconf 93' lang='lat' dir='ltr'><strong>cum</strong></span> <span class='ocrx_word' id='word_1_343' title='bbox 2631 2033 2850 2096; x_wconf 88' lang='lat' dir='ltr'><strong>infimis,</strong></span> <span class='ocrx_word' id='word_1_344' title='bbox 2880 2031 2971 2087; x_wconf 88' lang='lat' dir='ltr'><strong>sed</strong></span> <span class='ocrx_word' id='word_1_345' title='bbox 2997 2032 3155 2086; x_wconf 89' lang='lat' dir='ltr'><strong>etiam</strong></span> <span class='ocrx_word' id='word_1_346' title='bbox 3184 2045 3304 2084; x_wconf 92' lang='lat' dir='ltr'><strong>cum</strong></span> <span class='ocrx_word' id='word_1_347' title='bbox 3341 2029 3534 2098; x_wconf 76' lang='lat' dir='ltr'><strong>ignotis</strong></span> <span class='ocrx_word' id='word_1_348' title='bbox 3553 2028 3704 2082; x_wconf 86' lang='lat' dir='ltr'><strong>fami-</strong></span> 
     </span>
    </p>
   </div>
   <div class='ocr_carea' id='block_1_51' title="bbox 2152 2105 3704 2195">
    <p class='ocr_par' dir='ltr' id='par_1_51' title="bbox 2152 2105 3704 2195">
     <span class='ocr_line' id='line_1_51' title="bbox 2152 2105 3704 2195; baseline -0.003 -15"><span class='ocrx_word' id='word_1_349' title='bbox 2152 2127 2396 2181; x_wconf 84' lang='lat' dir='ltr'><strong>liaritatis</strong></span> <span class='ocrx_word' id='word_1_350' title='bbox 2424 2105 2597 2195; x_wconf 73' lang='lat' dir='ltr'><strong>imago</strong></span> <span class='ocrx_word' id='word_1_351' title='bbox 2618 2125 2933 2190; x_wconf 87' lang='lat' dir='ltr'><strong>simulanda,</strong></span> <span class='ocrx_word' id='word_1_352' title='bbox 2962 2125 3232 2189; x_wconf 87' lang='lat' dir='ltr'><strong>multaque</strong></span> <span class='ocrx_word' id='word_1_353' title='bbox 3253 2122 3352 2176; x_wconf 90' lang='lat' dir='ltr'><strong>alia</strong></span> <span class='ocrx_word' id='word_1_354' title='bbox 3379 2133 3596 2190; x_wconf 85' lang='lat' dir='ltr'><strong>propter</strong></span> <span class='ocrx_word' id='word_1_355' title='bbox 3615 2120 3704 2175; x_wconf 80' lang='lat' dir='ltr'><strong>ho-</strong></span> 
     </span>
    </p>
   </div>
   <div class='ocr_carea' id='block_1_52' title="bbox 2149 2211 3704 2284">
    <p class='ocr_par' dir='ltr' id='par_1_52' title="bbox 2149 2211 3704 2284">
     <span class='ocr_line' id='line_1_52' title="bbox 2149 2211 3704 2284; baseline -0.005 -14"><span class='ocrx_word' id='word_1_356' title='bbox 2149 2232 2330 2270; x_wconf 89' lang='lat' dir='ltr'><strong>norem</strong></span> <span class='ocrx_word' id='word_1_357' title='bbox 2367 2217 2590 2284; x_wconf 88' lang='lat' dir='ltr'><strong>agenda,</strong></span> <span class='ocrx_word' id='word_1_358' title='bbox 2619 2230 2737 2284; x_wconf 69' lang='lat' dir='ltr'><strong>qum</strong></span> <span class='ocrx_word' id='word_1_359' title='bbox 2774 2215 2905 2268; x_wconf 89' lang='lat' dir='ltr'><strong>alias</strong></span> <span class='ocrx_word' id='word_1_360' title='bbox 2936 2215 3106 2268; x_wconf 88' lang='lat' dir='ltr'><strong>virum</strong></span> <span class='ocrx_word' id='word_1_361' title='bbox 3151 2213 3354 2266; x_wconf 91' lang='lat' dir='ltr'><strong>honore</strong></span> <span class='ocrx_word' id='word_1_362' title='bbox 3383 2211 3603 2280; x_wconf 82' lang='lat' dir='ltr'><strong>dignum</strong></span> <span class='ocrx_word' id='word_1_363' title='bbox 3632 2211 3704 2264; x_wconf 82' lang='lat' dir='ltr'><strong>fa-</strong></span> 
     </span>
    </p>
   </div>
   <div class='ocr_carea' id='block_1_53' title="bbox 2147 2299 3701 2366">
    <p class='ocr_par' dir='ltr' id='par_1_53' title="bbox 2147 2299 3701 2366">
     <span class='ocr_line' id='line_1_53' title="bbox 2147 2299 3701 2366; baseline -0.005 -6"><span class='ocrx_word' id='word_1_364' title='bbox 2147 2320 2270 2360; x_wconf 88' lang='lat' dir='ltr'><strong>cere</strong></span> <span class='ocrx_word' id='word_1_365' title='bbox 2298 2320 2403 2360; x_wconf 89' lang='lat' dir='ltr'><strong>non</strong></span> <span class='ocrx_word' id='word_1_366' title='bbox 2432 2305 2666 2359; x_wconf 90' lang='lat' dir='ltr'><strong>deceret.</strong></span> <span class='ocrx_word' id='word_1_367' title='bbox 2696 2303 2846 2359; x_wconf 89' lang='lat' dir='ltr'><strong>Unde</strong></span> <span class='ocrx_word' id='word_1_368' title='bbox 2876 2303 3002 2357; x_wconf 90' lang='lat' dir='ltr'><strong>illud</strong></span> <span class='ocrx_word' id='word_1_369' title='bbox 3033 2302 3210 2356; x_wconf 86' lang='lat' dir='ltr'><strong>Crassi</strong></span> <span class='ocrx_word' id='word_1_370' title='bbox 3243 2301 3455 2355; x_wconf 90' lang='lat' dir='ltr'><strong>celebre</strong></span> <span class='ocrx_word' id='word_1_371' title='bbox 3484 2299 3701 2366; x_wconf 88' lang='lat' dir='ltr'><strong>dictum,</strong></span> 
     </span>
    </p>
   </div>
   <div class='ocr_carea' id='block_1_54' title="bbox 2146 2388 3702 2462">
    <p class='ocr_par' dir='ltr' id='par_1_54' title="bbox 2146 2388 3702 2462">
     <span class='ocr_line' id='line_1_54' title="bbox 2146 2388 3702 2462; baseline -0.003 -14"><span class='ocrx_word' id='word_1_372' title='bbox 2146 2409 2267 2448; x_wconf 82' lang='lat' dir='ltr'><strong>cum</strong></span> <span class='ocrx_word' id='word_1_373' title='bbox 2297 2401 2498 2462; x_wconf 74' lang='lat' dir='ltr'><strong>peteret</strong></span> <span class='ocrx_word' id='word_1_374' title='bbox 2524 2392 2857 2446; x_wconf 89' lang='lat' dir='ltr'><strong>consulatum</strong></span> <span class='ocrx_word' id='word_1_375' title='bbox 2879 2433 2893 2454; x_wconf 91' lang='lat'><strong>,</strong></span> <span class='ocrx_word' id='word_1_376' title='bbox 2930 2401 2984 2445; x_wconf 89' lang='lat' dir='ltr'><strong>et</strong></span> <span class='ocrx_word' id='word_1_377' title='bbox 3030 2392 3164 2444; x_wconf 88' lang='lat' dir='ltr'><strong>forte</strong></span> <span class='ocrx_word' id='word_1_378' title='bbox 3195 2404 3314 2443; x_wconf 91' lang='lat' dir='ltr'><strong>cum</strong></span> <span class='ocrx_word' id='word_1_379' title='bbox 3356 2388 3594 2443; x_wconf 66' lang='lat' dir='ltr'><strong>Scaevola</strong></span> <span class='ocrx_word' id='word_1_380' title='bbox 3623 2404 3702 2443; x_wconf 86' lang='lat' dir='ltr'><strong>so-</strong></span> 
     </span>
    </p>
   </div>
   <div class='ocr_carea' id='block_1_55' title="bbox 2147 2477 3701 2552">
    <p class='ocr_par' dir='ltr' id='par_1_55' title="bbox 2147 2477 3701 2552">
     <span class='ocr_line' id='line_1_55' title="bbox 2147 2477 3701 2552; baseline -0.003 -15"><span class='ocrx_word' id='word_1_381' title='bbox 2147 2497 2272 2538; x_wconf 89' lang='lat' dir='ltr'><strong>cero</strong></span> <span class='ocrx_word' id='word_1_382' title='bbox 2301 2498 2397 2552; x_wconf 89' lang='lat' dir='ltr'><strong>per</strong></span> <span class='ocrx_word' id='word_1_383' title='bbox 2417 2484 2529 2537; x_wconf 84' lang='lat' dir='ltr'><strong>vias</strong></span> <span class='ocrx_word' id='word_1_384' title='bbox 2559 2482 2713 2537; x_wconf 86' lang='lat' dir='ltr'><strong>Urbis</strong></span> <span class='ocrx_word' id='word_1_385' title='bbox 2757 2481 3061 2545; x_wconf 89' lang='lat' dir='ltr'><strong>incederet,</strong></span> <span class='ocrx_word' id='word_1_386' title='bbox 3092 2488 3189 2534; x_wconf 87' lang='lat' dir='ltr'><strong>nec</strong></span> <span class='ocrx_word' id='word_1_387' title='bbox 3220 2488 3483 2548; x_wconf 62' lang='lat' dir='ltr'><strong>prasente</strong></span> <span class='ocrx_word' id='word_1_388' title='bbox 3505 2477 3701 2545; x_wconf 83' lang='lat' dir='ltr'><strong>gravis-</strong></span> 
     </span>
    </p>
   </div>
   <div class='ocr_carea' id='block_1_56' title="bbox 2147 2568 3704 2638">
    <p class='ocr_par' dir='ltr' id='par_1_56' title="bbox 2147 2568 3704 2638">
     <span class='ocr_line' id='line_1_56' title="bbox 2147 2568 3704 2638; baseline -0.002 -13"><span class='ocrx_word' id='word_1_389' title='bbox 2147 2574 2285 2625; x_wconf 88' lang='lat' dir='ltr'><strong>simo</strong></span> <span class='ocrx_word' id='word_1_390' title='bbox 2330 2580 2385 2625; x_wconf 86' lang='lat' dir='ltr'><strong>et.</strong></span> <span class='ocrx_word' id='word_1_391' title='bbox 2425 2571 2764 2627; x_wconf 83' lang='lat' dir='ltr'><strong>severissime</strong></span> <span class='ocrx_word' id='word_1_392' title='bbox 2795 2572 2906 2625; x_wconf 86' lang='lat' dir='ltr'><strong>viro</strong></span> <span class='ocrx_word' id='word_1_393' title='bbox 2951 2569 3174 2624; x_wconf 85' lang='lat' dir='ltr'><strong>blandiri</strong></span> <span class='ocrx_word' id='word_1_394' title='bbox 3224 2569 3443 2637; x_wconf 88' lang='lat' dir='ltr'><strong>populo,</strong></span> <span class='ocrx_word' id='word_1_395' title='bbox 3493 2568 3704 2638; x_wconf 87' lang='lat' dir='ltr'><strong>palpare</strong></span> 
     </span>
    </p>
   </div>
   <div class='ocr_carea' id='block_1_57' title="bbox 2144 2658 3703 2729">
    <p class='ocr_par' dir='ltr' id='par_1_57' title="bbox 2144 2658 3703 2729">
     <span class='ocr_line' id='line_1_57' title="bbox 2144 2658 3703 2729; baseline -0.004 -14"><span class='ocrx_word' id='word_1_396' title='bbox 2144 2661 2364 2728; x_wconf 87' lang='lat' dir='ltr'><strong>obvios,</strong></span> <span class='ocrx_word' id='word_1_397' title='bbox 2411 2669 2465 2716; x_wconf 92' lang='lat' dir='ltr'><strong>et</strong></span> <span class='ocrx_word' id='word_1_398' title='bbox 2513 2669 2659 2715; x_wconf 82' lang='lat' dir='ltr'><strong>artes</strong></span> <span class='ocrx_word' id='word_1_399' title='bbox 2705 2658 2976 2729; x_wconf 83' lang='lat' dir='ltr'><strong>petitorlas</strong></span> <span class='ocrx_word' id='word_1_400' title='bbox 3005 2660 3223 2715; x_wconf 85' lang='lat' dir='ltr'><strong>auderet</strong></span> <span class='ocrx_word' id='word_1_401' title='bbox 3256 2673 3526 2714; x_wconf 81' lang='lat' dir='ltr'><strong>exercere.</strong></span> <span class='ocrx_word' id='word_1_402' title='bbox 3555 2659 3703 2725; x_wconf 69' lang='lat' dir='ltr'><strong>Qum-</strong></span> 
     </span>
    </p>
   </div>
   <div class='ocr_carea' id='block_1_58' title="bbox 2147 2751 3702 2821">
    <p class='ocr_par' dir='ltr' id='par_1_58' title="bbox 2147 2751 3702 2821">
     <span class='ocr_line' id='line_1_58' title="bbox 2147 2751 3702 2821; baseline -0.003 -14"><span class='ocrx_word' id='word_1_403' title='bbox 2147 2767 2230 2816; x_wconf 89' lang='lat' dir='ltr'><strong>so,</strong></span> <span class='ocrx_word' id='word_1_404' title='bbox 2264 2753 2453 2821; x_wconf 92' lang='lat' dir='ltr'><strong>inquit,</strong></span> <span class='ocrx_word' id='word_1_405' title='bbox 2501 2751 2662 2817; x_wconf 79' lang='lat' dir='ltr'><strong>Muci,</strong></span> <span class='ocrx_word' id='word_1_406' title='bbox 2713 2751 2978 2821; x_wconf 87' lang='lat' dir='ltr'><strong>paulisper</strong></span> <span class='ocrx_word' id='word_1_407' title='bbox 3019 2752 3295 2815; x_wconf 86' lang='lat' dir='ltr'><strong>abscedas,</strong></span> <span class='ocrx_word' id='word_1_408' title='bbox 3328 2766 3427 2806; x_wconf 90' lang='lat' dir='ltr'><strong>nec</strong></span> <span class='ocrx_word' id='word_1_409' title='bbox 3454 2751 3702 2805; x_wconf 88' lang='lat' dir='ltr'><strong>comitatu</strong></span> 
     </span>
    </p>
   </div>
   <div class='ocr_carea' id='block_1_59' title="bbox 2145 2839 3703 2912">
    <p class='ocr_par' dir='ltr' id='par_1_59' title="bbox 2145 2839 3703 2912">
     <span class='ocr_line' id='line_1_59' title="bbox 2145 2839 3703 2912; baseline -0.002 -16"><span class='ocrx_word' id='word_1_410' title='bbox 2145 2850 2239 2896; x_wconf 87' lang='lat' dir='ltr'><strong>tuo</strong></span> <span class='ocrx_word' id='word_1_411' title='bbox 2284 2839 2554 2896; x_wconf 86' lang='lat' dir='ltr'><strong>honestari</strong></span> <span class='ocrx_word' id='word_1_412' title='bbox 2595 2849 2747 2912; x_wconf 86' lang='lat' dir='ltr'><strong>putes</strong></span> <span class='ocrx_word' id='word_1_413' title='bbox 2784 2859 2796 2893; x_wconf 92' lang='lat'><strong>:</strong></span> <span class='ocrx_word' id='word_1_414' title='bbox 2838 2841 3063 2911; x_wconf 88' lang='lat' dir='ltr'><strong>impedis</strong></span> <span class='ocrx_word' id='word_1_415' title='bbox 3114 2842 3372 2896; x_wconf 91' lang='lat' dir='ltr'><strong>honorem</strong></span> <span class='ocrx_word' id='word_1_416' title='bbox 3403 2855 3620 2903; x_wconf 90' lang='lat' dir='ltr'><strong>meum;</strong></span> <span class='ocrx_word' id='word_1_417' title='bbox 3657 2849 3703 2893; x_wconf 91' lang='lat' dir='ltr'><strong>te</strong></span> 
     </span>
    </p>
   </div>
   <div class='ocr_carea' id='block_1_60' title="bbox 2145 2931 3702 3000">
    <p class='ocr_par' dir='ltr' id='par_1_60' title="bbox 2145 2931 3702 3000">
     <span class='ocr_line' id='line_1_60' title="bbox 2145 2931 3702 3000; baseline -0.003 -14"><span class='ocrx_word' id='word_1_418' title='bbox 2145 2938 2422 3000; x_wconf 81' lang='lat' dir='ltr'><strong>spectante</strong></span> <span class='ocrx_word' id='word_1_419' title='bbox 2451 2931 2662 2998; x_wconf 71' lang='lat' dir='ltr'><strong>ineptus</strong></span> <span class='ocrx_word' id='word_1_420' title='bbox 2693 2932 2711 2961; x_wconf 86' lang='grc'>⁷</span> <span class='ocrx_word' id='word_1_421' title='bbox 2734 2944 2853 2984; x_wconf 88' lang='lat' dir='ltr'><strong>esse</strong></span> <span class='ocrx_word' id='word_1_422' title='bbox 2898 2945 3004 2986; x_wconf 91' lang='lat' dir='ltr'><strong>non</strong></span> <span class='ocrx_word' id='word_1_423' title='bbox 3047 2945 3286 3000; x_wconf 88' lang='lat' dir='ltr'><strong>possum.</strong></span> <span class='ocrx_word' id='word_1_424' title='bbox 3324 2931 3395 2984; x_wconf 84' lang='lat' dir='ltr'><strong>At</strong></span> <span class='ocrx_word' id='word_1_425' title='bbox 3434 2945 3562 2984; x_wconf 92' lang='lat' dir='ltr'><strong>vero</strong></span> <span class='ocrx_word' id='word_1_426' title='bbox 3609 2945 3702 3000; x_wconf 84' lang='lat' dir='ltr'><strong>ego</strong></span> 
     </span>
    </p>
   </div>
   <div class='ocr_carea' id='block_1_61' title="bbox 2145 3019 3702 3090">
    <p class='ocr_par' dir='ltr' id='par_1_61' title="bbox 2145 3019 3702 3090">
     <span class='ocr_line' id='line_1_61' title="bbox 2145 3019 3702 3090; baseline -0.003 -13"><span class='ocrx_word' id='word_1_427' title='bbox 2145 3021 2341 3077; x_wconf 90' lang='lat' dir='ltr'><strong>nullius</strong></span> <span class='ocrx_word' id='word_1_428' title='bbox 2383 3021 2618 3076; x_wconf 88' lang='lat' dir='ltr'><strong>favorem</strong></span> <span class='ocrx_word' id='word_1_429' title='bbox 2651 3022 2788 3090; x_wconf 87' lang='lat' dir='ltr'><strong>turpi</strong></span> <span class='ocrx_word' id='word_1_430' title='bbox 2837 3023 3198 3076; x_wconf 87' lang='lat' dir='ltr'><strong>assentatione</strong></span> <span class='ocrx_word' id='word_1_431' title='bbox 3237 3022 3538 3089; x_wconf 88' lang='lat' dir='ltr'><strong>promerui,</strong></span> <span class='ocrx_word' id='word_1_432' title='bbox 3575 3019 3702 3072; x_wconf 92' lang='lat' dir='ltr'><strong>nihil</strong></span> 
     </span>
    </p>
   </div>
   <div class='ocr_carea' id='block_1_62' title="bbox 2144 3107 3699 3178">
    <p class='ocr_par' dir='ltr' id='par_1_62' title="bbox 2144 3107 3699 3178">
     <span class='ocr_line' id='line_1_62' title="bbox 2144 3107 3699 3178; baseline -0.003 -13"><span class='ocrx_word' id='word_1_433' title='bbox 2144 3111 2244 3166; x_wconf 92' lang='lat' dir='ltr'><strong>feci</strong></span> <span class='ocrx_word' id='word_1_434' title='bbox 2263 3113 2516 3178; x_wconf 88' lang='lat' dir='ltr'><strong>ineptum,</strong></span> <span class='ocrx_word' id='word_1_435' title='bbox 2543 3109 2672 3163; x_wconf 90' lang='lat' dir='ltr'><strong>nihil</strong></span> <span class='ocrx_word' id='word_1_436' title='bbox 2701 3110 2784 3178; x_wconf 91' lang='lat' dir='ltr'><strong>egi</strong></span> <span class='ocrx_word' id='word_1_437' title='bbox 2802 3110 2943 3178; x_wconf 86' lang='lat' dir='ltr'><strong>quod</strong></span> <span class='ocrx_word' id='word_1_438' title='bbox 2967 3119 3208 3178; x_wconf 87' lang='lat' dir='ltr'><strong>spectare</strong></span> <span class='ocrx_word' id='word_1_439' title='bbox 3237 3109 3465 3163; x_wconf 75' lang='lat' dir='ltr'><strong>Mucium</strong></span> <span class='ocrx_word' id='word_1_440' title='bbox 3485 3107 3699 3161; x_wconf 85' lang='lat' dir='ltr'><strong>nollem.</strong></span> 
     </span>
    </p>
   </div>
   <div class='ocr_carea' id='block_1_63' title="bbox 485 3187 3701 3268">
    <p class='ocr_par' dir='ltr' id='par_1_63' title="bbox 485 3187 3701 3268">
     <span class='ocr_line' id='line_1_63' title="bbox 485 3187 3701 3268; baseline -0.002 -13"><span class='ocrx_word' id='word_1_441' title='bbox 485 3201 593 3255; x_wconf 86' lang='lat' dir='ltr'><strong>Nos</strong></span> <span class='ocrx_word' id='word_1_442' title='bbox 628 3216 809 3256; x_wconf 87' lang='lat' dir='ltr'><strong>vocem</strong></span> <span class='ocrx_word' id='word_1_443' title='bbox 839 3202 983 3254; x_wconf 88' lang='lat' dir='ltr'><strong>illam</strong></span> <span class='ocrx_word' id='word_1_444' title='bbox 1001 3199 1112 3254; x_wconf 90' lang='lat' dir='ltr'><strong>noti</strong></span> <span class='ocrx_word' id='word_1_445' title='bbox 1137 3199 1335 3253; x_wconf 90' lang='lat' dir='ltr'><strong>amoris</strong></span> <span class='ocrx_word' id='word_1_446' title='bbox 1373 3199 1426 3252; x_wconf 92' lang='lat' dir='ltr'><strong>in</strong></span> <span class='ocrx_word' id='word_1_447' title='bbox 1458 3200 1681 3268; x_wconf 85' lang='lat' dir='ltr'><strong>patriam</strong></span> <span class='ocrx_word' id='word_1_448' title='bbox 1713 3201 2042 3268; x_wconf 83' lang='lat' dir='ltr'><strong>putabamus,</strong></span> <span class='ocrx_word' id='word_1_449' title='bbox 2069 3187 2115 3249; x_wconf 87' lang='lat' dir='ltr'><strong>C</strong></span> <span class='ocrx_word' id='word_1_450' title='bbox 2146 3201 2262 3257; x_wconf 89' lang='lat' dir='ltr'><strong>Non</strong></span> <span class='ocrx_word' id='word_1_451' title='bbox 2293 3201 2451 3255; x_wconf 92' lang='lat' dir='ltr'><strong>modo</strong></span> <span class='ocrx_word' id='word_1_452' title='bbox 2479 3199 2682 3254; x_wconf 91' lang='lat' dir='ltr'><strong>nullum</strong></span> <span class='ocrx_word' id='word_1_453' title='bbox 2712 3199 3041 3268; x_wconf 90' lang='lat' dir='ltr'><strong>popularium</strong></span> <span class='ocrx_word' id='word_1_454' title='bbox 3078 3199 3394 3267; x_wconf 77' lang='lat' dir='ltr'><strong>deprecatus</strong></span> <span class='ocrx_word' id='word_1_455' title='bbox 3429 3213 3566 3261; x_wconf 89' lang='lat' dir='ltr'><strong>sum,</strong></span> <span class='ocrx_word' id='word_1_456' title='bbox 3609 3196 3701 3251; x_wconf 88' lang='lat' dir='ltr'><strong>scd</strong></span> 
     </span>
    </p>
   </div>
   <div class='ocr_carea' id='block_1_64' title="bbox 485 3289 2036 3360">
    <p class='ocr_par' dir='ltr' id='par_1_64' title="bbox 485 3289 2036 3360">
     <span class='ocr_line' id='line_1_64' title="bbox 485 3289 2036 3360; baseline 0 -16"><span class='ocrx_word' id='word_1_457' title='bbox 485 3306 606 3344; x_wconf 86' lang='lat' dir='ltr'><strong>cum</strong></span> <span class='ocrx_word' id='word_1_458' title='bbox 635 3290 980 3359; x_wconf 89' lang='lat' dir='ltr'><strong>proditionem</strong></span> <span class='ocrx_word' id='word_1_459' title='bbox 1006 3289 1168 3342; x_wconf 87' lang='lat' dir='ltr'><strong>futuri</strong></span> <span class='ocrx_word' id='word_1_460' title='bbox 1203 3289 1490 3344; x_wconf 88' lang='lat' dir='ltr'><strong>verborum</strong></span> <span class='ocrx_word' id='word_1_461' title='bbox 1530 3289 1755 3360; x_wconf 84' lang='lat' dir='ltr'><strong>ambage</strong></span> <span class='ocrx_word' id='word_1_462' title='bbox 1796 3292 2036 3346; x_wconf 90' lang='lat' dir='ltr'><strong>celaret:</strong></span> 
     </span>
    </p>
   </div>
   <div class='ocr_carea' id='block_1_65' title="bbox 484 3382 2036 3452">
    <p class='ocr_par' dir='ltr' id='par_1_65' title="bbox 484 3382 2036 3452">
     <span class='ocr_line' id='line_1_65' title="bbox 484 3382 2036 3452; baseline 0.004 -20"><span class='ocrx_word' id='word_1_463' title='bbox 484 3383 588 3452; x_wconf 76' lang='lat' dir='ltr'><strong>iam</strong></span> <span class='ocrx_word' id='word_1_464' title='bbox 617 3392 723 3436; x_wconf 89' lang='lat' dir='ltr'><strong>tum</strong></span> <span class='ocrx_word' id='word_1_465' title='bbox 769 3384 908 3437; x_wconf 89' lang='lat' dir='ltr'><strong>enim</strong></span> <span class='ocrx_word' id='word_1_466' title='bbox 941 3392 1175 3437; x_wconf 69' lang='lat' dir='ltr'><strong>ventura:</strong></span> <span class='ocrx_word' id='word_1_467' title='bbox 1214 3382 1478 3438; x_wconf 82' lang='lat' dir='ltr'><strong>felicitatis</strong></span> <span class='ocrx_word' id='word_1_468' title='bbox 1514 3393 1763 3438; x_wconf 87' lang='lat' dir='ltr'><strong>eventum</strong></span> <span class='ocrx_word' id='word_1_469' title='bbox 1793 3383 2036 3439; x_wconf 82' lang='lat' dir='ltr'><strong>conscius</strong></span> 
     </span>
    </p>
   </div>
   <div class='ocr_carea' id='block_1_66' title="bbox 481 3472 1644 3541">
    <p class='ocr_par' dir='ltr' id='par_1_66' title="bbox 481 3472 1644 3541">
     <span class='ocr_line' id='line_1_66' title="bbox 481 3472 1644 3541; baseline -0.001 -15"><span class='ocrx_word' id='word_1_470' title='bbox 481 3473 644 3526; x_wconf 89' lang='lat' dir='ltr'><strong>divini</strong></span> <span class='ocrx_word' id='word_1_471' title='bbox 671 3474 875 3526; x_wconf 90' lang='lat' dir='ltr'><strong>animus</strong></span> <span class='ocrx_word' id='word_1_472' title='bbox 903 3472 1244 3541; x_wconf 72' lang='lat' dir='ltr'><strong>prtevidebat.</strong></span> <span class='ocrx_word' id='word_1_473' title='bbox 1636 3481 1644 3489; x_wconf 89' lang='lat'>&#39;</span> 
     </span>
    </p>
   </div>
   <div class='ocr_carea' id='block_1_67' title="bbox 552 3559 2037 3628">
    <p class='ocr_par' dir='ltr' id='par_1_67' title="bbox 552 3559 2037 3628">
     <span class='ocr_line' id='line_1_67' title="bbox 552 3559 2037 3628; baseline 0 -14"><span class='ocrx_word' id='word_1_474' title='bbox 552 3561 667 3614; x_wconf 76' lang='lat' dir='ltr'><strong>XV.</strong></span> <span class='ocrx_word' id='word_1_475' title='bbox 697 3560 786 3615; x_wconf 81' lang='lat' dir='ltr'><strong>Cis</strong></span> <span class='ocrx_word' id='word_1_476' title='bbox 815 3562 1065 3628; x_wconf 89' lang='lat' dir='ltr'><strong>pauculos</strong></span> <span class='ocrx_word' id='word_1_477' title='bbox 1086 3560 1199 3615; x_wconf 89' lang='lat' dir='ltr'><strong>dies</strong></span> <span class='ocrx_word' id='word_1_478' title='bbox 1229 3559 1281 3614; x_wconf 93' lang='lat' dir='ltr'><strong>in</strong></span> <span class='ocrx_word' id='word_1_479' title='bbox 1309 3573 1502 3614; x_wconf 90' lang='lat' dir='ltr'><strong>novum</strong></span> <span class='ocrx_word' id='word_1_480' title='bbox 1530 3574 1592 3615; x_wconf 91' lang='lat' dir='ltr'><strong>ac</strong></span> <span class='ocrx_word' id='word_1_481' title='bbox 1616 3561 1893 3616; x_wconf 82' lang='lat' dir='ltr'><strong>ﬂorentem</strong></span> <span class='ocrx_word' id='word_1_482' title='bbox 1925 3568 2037 3617; x_wconf 86' lang='lat' dir='ltr'><strong>sta-</strong></span> 
     </span>
    </p>
   </div>
   <div class='ocr_carea' id='block_1_68' title="bbox 481 3653 2038 3721">
    <p class='ocr_par' dir='ltr' id='par_1_68' title="bbox 481 3653 2038 3721">
     <span class='ocr_line' id='line_1_68' title="bbox 481 3653 2038 3721; baseline 0.001 -15"><span class='ocrx_word' id='word_1_483' title='bbox 481 3662 590 3706; x_wconf 87' lang='lat' dir='ltr'><strong>tum</strong></span> <span class='ocrx_word' id='word_1_484' title='bbox 621 3654 888 3721; x_wconf 88' lang='lat' dir='ltr'><strong>republica</strong></span> <span class='ocrx_word' id='word_1_485' title='bbox 918 3653 1189 3719; x_wconf 87' lang='lat' dir='ltr'><strong>restituta,</strong></span> <span class='ocrx_word' id='word_1_486' title='bbox 1231 3667 1379 3706; x_wconf 88' lang='lat' dir='ltr'><strong>sacra</strong></span> <span class='ocrx_word' id='word_1_487' title='bbox 1407 3668 1557 3708; x_wconf 91' lang='lat' dir='ltr'><strong>mens</strong></span> <span class='ocrx_word' id='word_1_488' title='bbox 1598 3654 1664 3707; x_wconf 84' lang='lat' dir='ltr'><strong>ad</strong></span> <span class='ocrx_word' id='word_1_489' title='bbox 1694 3653 1952 3710; x_wconf 91' lang='lat' dir='ltr'><strong>honorum</strong></span> <span class='ocrx_word' id='word_1_490' title='bbox 1982 3663 2038 3710; x_wconf 90' lang='lat' dir='ltr'><strong>et</strong></span> 
     </span>
    </p>
   </div>
   <div class='ocr_carea' id='block_1_69' title="bbox 482 3743 2034 3813">
    <p class='ocr_par' dir='ltr' id='par_1_69' title="bbox 482 3743 2034 3813">
     <span class='ocr_line' id='line_1_69' title="bbox 482 3743 2034 3813; baseline 0.002 -16"><span class='ocrx_word' id='word_1_491' title='bbox 482 3745 882 3813; x_wconf 78' lang='lat' dir='ltr'><strong>magistratuum</strong></span> <span class='ocrx_word' id='word_1_492' title='bbox 909 3753 1217 3798; x_wconf 89' lang='lat' dir='ltr'><strong>ornamenta</strong></span> <span class='ocrx_word' id='word_1_493' title='bbox 1246 3743 1498 3811; x_wconf 81' lang='lat' dir='ltr'><strong>respexit.</strong></span> <span class='ocrx_word' id='word_1_494' title='bbox 1526 3744 1738 3798; x_wconf 77' lang='lat' dir='ltr'><strong>\‘ersari</strong></span> <span class='ocrx_word' id='word_1_495' title='bbox 1764 3745 1959 3812; x_wconf 66' lang='lat' dir='ltr'><strong>cmpit‘</strong></span> <span class='ocrx_word' id='word_1_496' title='bbox 1979 3745 2034 3800; x_wconf 77' lang='lat' dir='ltr'><strong>ia</strong></span> 
     </span>
    </p>
   </div>
   <div class='ocr_carea' id='block_1_70' title="bbox 480 3832 2037 3901">
    <p class='ocr_par' dir='ltr' id='par_1_70' title="bbox 480 3832 2037 3901">
     <span class='ocr_line' id='line_1_70' title="bbox 480 3832 2037 3901; baseline 0.001 -15"><span class='ocrx_word' id='word_1_497' title='bbox 480 3833 620 3887; x_wconf 86' lang='lat' dir='ltr'><strong>sacri</strong></span> <span class='ocrx_word' id='word_1_498' title='bbox 659 3835 889 3901; x_wconf 89' lang='lat' dir='ltr'><strong>pectoris</strong></span> <span class='ocrx_word' id='word_1_499' title='bbox 933 3833 1150 3886; x_wconf 92' lang='lat' dir='ltr'><strong>comitio</strong></span> <span class='ocrx_word' id='word_1_500' title='bbox 1177 3832 1507 3886; x_wconf 88' lang='lat' dir='ltr'><strong>consulatus.</strong></span> <span class='ocrx_word' id='word_1_501' title='bbox 1540 3832 1676 3898; x_wconf 89' lang='lat' dir='ltr'><strong>Quid</strong></span> <span class='ocrx_word' id='word_1_502' title='bbox 1725 3842 1939 3887; x_wconf 90' lang='lat' dir='ltr'><strong>secutus</strong></span> <span class='ocrx_word' id='word_1_503' title='bbox 1967 3834 2037 3888; x_wconf 91' lang='lat' dir='ltr'><strong>sit</strong></span> 
     </span>
    </p>
   </div>
   <div class='ocr_carea' id='block_1_71' title="bbox 481 3923 2037 3992">
    <p class='ocr_par' dir='ltr' id='par_1_71' title="bbox 481 3923 2037 3992">
     <span class='ocr_line' id='line_1_71' title="bbox 481 3923 2037 3992; baseline 0.003 -16"><span class='ocrx_word' id='word_1_504' title='bbox 481 3924 593 3990; x_wconf 90' lang='lat' dir='ltr'><strong>ipse</strong></span> <span class='ocrx_word' id='word_1_505' title='bbox 622 3925 742 3986; x_wconf 88' lang='lat' dir='ltr'><strong>scit,</strong></span> <span class='ocrx_word' id='word_1_506' title='bbox 774 3933 826 3976; x_wconf 77' lang='lat' dir='ltr'><strong>et</strong></span> <span class='ocrx_word' id='word_1_507' title='bbox 849 3937 1178 3992; x_wconf 68' lang='lat' dir='ltr'><strong>quaecunque</strong></span> <span class='ocrx_word' id='word_1_508' title='bbox 1206 3923 1424 3977; x_wconf 88' lang='lat' dir='ltr'><strong>consilia</strong></span> <span class='ocrx_word' id='word_1_509' title='bbox 1446 3925 1564 3990; x_wconf 87' lang='lat' dir='ltr'><strong>ejus</strong></span> <span class='ocrx_word' id='word_1_510' title='bbox 1586 3923 1782 3992; x_wconf 82' lang='lat' dir='ltr'><strong>gaudet</strong></span> <span class='ocrx_word' id='word_1_511' title='bbox 1810 3926 2037 3980; x_wconf 87' lang='lat' dir='ltr'><strong>formare</strong></span> 
     </span>
    </p>
   </div>
   <div class='ocr_carea' id='block_1_72' title="bbox 479 4014 2034 4083">
    <p class='ocr_par' dir='ltr' id='par_1_72' title="bbox 479 4014 2034 4083">
     <span class='ocr_line' id='line_1_72' title="bbox 479 4014 2034 4083; baseline 0 -13"><span class='ocrx_word' id='word_1_512' title='bbox 479 4016 749 4070; x_wconf 87' lang='lat' dir='ltr'><strong>divinitas.</strong></span> <span class='ocrx_word' id='word_1_513' title='bbox 780 4017 853 4070; x_wconf 91' lang='lat' dir='ltr'><strong>Dc</strong></span> <span class='ocrx_word' id='word_1_514' title='bbox 883 4016 1128 4070; x_wconf 90' lang='lat' dir='ltr'><strong>omnibus</strong></span> <span class='ocrx_word' id='word_1_515' title='bbox 1171 4016 1393 4069; x_wconf 80' lang='lat' dir='ltr'><strong>Romani</strong></span> <span class='ocrx_word' id='word_1_516' title='bbox 1441 4015 1647 4083; x_wconf 87' lang='lat' dir='ltr'><strong>imperii</strong></span> <span class='ocrx_word' id='word_1_517' title='bbox 1679 4014 1805 4068; x_wconf 89' lang='lat' dir='ltr'><strong>viris</strong></span> <span class='ocrx_word' id='word_1_518' title='bbox 1836 4015 2034 4082; x_wconf 89' lang='lat' dir='ltr'><strong>primus</strong></span> 
     </span>
    </p>
   </div>
   <div class='ocr_carea' id='block_1_73' title="bbox 479 4104 2033 4170">
    <p class='ocr_par' dir='ltr' id='par_1_73' title="bbox 479 4104 2033 4170">
     <span class='ocr_line' id='line_1_73' title="bbox 479 4104 2033 4170; baseline 0.001 -11"><span class='ocrx_word' id='word_1_519' title='bbox 479 4107 679 4159; x_wconf 87' lang='lat' dir='ltr'><strong>electus</strong></span> <span class='ocrx_word' id='word_1_520' title='bbox 702 4121 840 4170; x_wconf 91' lang='lat' dir='ltr'><strong>sum,</strong></span> <span class='ocrx_word' id='word_1_521' title='bbox 861 4121 977 4159; x_wconf 87' lang='lat' dir='ltr'><strong>cum</strong></span> <span class='ocrx_word' id='word_1_522' title='bbox 1002 4105 1255 4159; x_wconf 89' lang='lat' dir='ltr'><strong>honorem</strong></span> <span class='ocrx_word' id='word_1_523' title='bbox 1287 4120 1460 4158; x_wconf 91' lang='lat' dir='ltr'><strong>meum</strong></span> <span class='ocrx_word' id='word_1_524' title='bbox 1486 4105 1692 4158; x_wconf 80' lang='lat' dir='ltr'><strong>adoreis</strong></span> <span class='ocrx_word' id='word_1_525' title='bbox 1721 4104 2033 4160; x_wconf 91' lang='lat' dir='ltr'><strong>militaribus</strong></span> 
     </span>
    </p>
   </div>
   <div class='ocr_carea' id='block_1_74' title="bbox 480 4191 2032 4276">
    <p class='ocr_par' dir='ltr' id='par_1_74' title="bbox 480 4191 2032 4276">
     <span class='ocr_line' id='line_1_74' title="bbox 480 4191 2032 4276; baseline 0 -30"><span class='ocrx_word' id='word_1_526' title='bbox 480 4195 746 4263; x_wconf 87' lang='lat' dir='ltr'><strong>gloriosus</strong></span> <span class='ocrx_word' id='word_1_527' title='bbox 778 4194 797 4223; x_wconf 80' lang='grc'><strong>⁵</strong></span> <span class='ocrx_word' id='word_1_528' title='bbox 824 4193 1024 4262; x_wconf 73' lang='lat' dir='ltr'><strong>colli-ga</strong></span> <span class='ocrx_word' id='word_1_529' title='bbox 1052 4194 1369 4276; x_wconf 48' lang='lat' dir='ltr'><strong>cumularet.</strong></span> <span class='ocrx_word' id='word_1_530' title='bbox 1402 4191 1610 4247; x_wconf 85' lang='lat' dir='ltr'><strong>Gratias</strong></span> <span class='ocrx_word' id='word_1_531' title='bbox 1638 4192 1760 4256; x_wconf 90' lang='lat' dir='ltr'><strong>tibi,</strong></span> <span class='ocrx_word' id='word_1_532' title='bbox 1805 4192 2032 4261; x_wconf 66' lang='lat' dir='ltr'><strong>gratius,</strong></span> 
     </span>
    </p>
   </div>
   <div class='ocr_carea' id='block_1_75' title="bbox 477 4284 2033 4354">
    <p class='ocr_par' dir='ltr' id='par_1_75' title="bbox 477 4284 2033 4354">
     <span class='ocr_line' id='line_1_75' title="bbox 477 4284 2033 4354; baseline -0.001 -14"><span class='ocrx_word' id='word_1_533' title='bbox 477 4287 788 4354; x_wconf 85' lang='lat' dir='ltr'><strong>imperator,</strong></span> <span class='ocrx_word' id='word_1_534' title='bbox 821 4286 863 4338; x_wconf 93' lang='lat' dir='ltr'><strong>si</strong></span> <span class='ocrx_word' id='word_1_535' title='bbox 888 4286 1079 4339; x_wconf 91' lang='lat' dir='ltr'><strong>mereri</strong></span> <span class='ocrx_word' id='word_1_536' title='bbox 1108 4301 1192 4339; x_wconf 92' lang='lat' dir='ltr'><strong>me</strong></span> <span class='ocrx_word' id='word_1_537' title='bbox 1214 4285 1510 4350; x_wconf 85' lang='lat' dir='ltr'><strong>credidisti,</strong></span> <span class='ocrx_word' id='word_1_538' title='bbox 1534 4292 1590 4337; x_wconf 87' lang='lat' dir='ltr'><strong>et</strong></span> <span class='ocrx_word' id='word_1_539' title='bbox 1614 4284 1793 4352; x_wconf 80' lang='lat' dir='ltr'><strong>plures</strong></span> <span class='ocrx_word' id='word_1_540' title='bbox 1817 4285 2033 4352; x_wconf 89' lang='lat' dir='ltr'><strong>gratias,</strong></span> 
     </span>
    </p>
   </div>
   <div class='ocr_carea' id='block_1_76' title="bbox 547 4396 2032 4464">
    <p class='ocr_par' dir='ltr' id='par_1_76' title="bbox 547 4396 2032 4464">
     <span class='ocr_line' id='line_1_76' title="bbox 547 4396 2032 4464; baseline -0.001 -12"><span class='ocrx_word' id='word_1_541' title='bbox 547 4398 567 4431; x_wconf 76' lang='grc'><strong><em>⁸</em></strong></span> <span class='ocrx_word' id='word_1_542' title='bbox 604 4399 789 4452; x_wconf 85' lang='lat' dir='ltr'><strong>Ilahita</strong></span> <span class='ocrx_word' id='word_1_543' title='bbox 819 4405 900 4450; x_wconf 91' lang='lat' dir='ltr'><strong>est</strong></span> <span class='ocrx_word' id='word_1_544' title='bbox 921 4397 1060 4450; x_wconf 89' lang='lat' dir='ltr'><strong>enim</strong></span> <span class='ocrx_word' id='word_1_545' title='bbox 1092 4396 1202 4450; x_wconf 47' lang='lat' dir='ltr'><strong>haec</strong></span> <span class='ocrx_word' id='word_1_546' title='bbox 1230 4397 1399 4451; x_wconf 86' lang='lat' dir='ltr'><strong>oratio</strong></span> <span class='ocrx_word' id='word_1_547' title='bbox 1426 4397 1594 4450; x_wconf 90' lang='lat' dir='ltr'><strong>altero</strong></span> <span class='ocrx_word' id='word_1_548' title='bbox 1617 4404 1893 4464; x_wconf 82' lang='lat' dir='ltr'><strong>postquam</strong></span> <span class='ocrx_word' id='word_1_549' title='bbox 1935 4398 2032 4450; x_wconf 84' lang='lat' dir='ltr'><strong>im-</strong></span> 
     </span>
    </p>
   </div>
   <div class='ocr_carea' id='block_1_77' title="bbox 478 4470 1398 4540">
    <p class='ocr_par' dir='ltr' id='par_1_77' title="bbox 478 4470 1398 4540">
     <span class='ocr_line' id='line_1_77' title="bbox 478 4470 1398 4540; baseline -0.002 -20"><span class='ocrx_word' id='word_1_550' title='bbox 478 4479 695 4540; x_wconf 75' lang='lat' dir='ltr'><strong>perator</strong></span> <span class='ocrx_word' id='word_1_551' title='bbox 721 4470 1042 4540; x_wconf 87' lang='lat' dir='ltr'><strong>acclamatus</strong></span> <span class='ocrx_word' id='word_1_552' title='bbox 1068 4475 1210 4540; x_wconf 77' lang='lat' dir='ltr'><strong>esset</strong></span> <span class='ocrx_word' id='word_1_553' title='bbox 1239 4482 1398 4540; x_wconf 73' lang='lat' dir='ltr'><strong>anno.</strong></span> 
     </span>
    </p>
   </div>
   <div class='ocr_carea' id='block_1_78' title="bbox 545 4535 2031 4604">
    <p class='ocr_par' dir='ltr' id='par_1_78' title="bbox 545 4535 2031 4604">
     <span class='ocr_line' id='line_1_78' title="bbox 545 4535 2031 4604; baseline -0.001 -14"><span class='ocrx_word' id='word_1_554' title='bbox 545 4540 566 4568; x_wconf 81' lang='lat'>&#39;</span> <span class='ocrx_word' id='word_1_555' title='bbox 595 4537 816 4601; x_wconf 82' lang='lat' dir='ltr'><strong>Achaia,</strong></span> <span class='ocrx_word' id='word_1_556' title='bbox 843 4553 961 4604; x_wconf 70' lang='lat' dir='ltr'><strong>quae</strong></span> <span class='ocrx_word' id='word_1_557' title='bbox 980 4547 1035 4590; x_wconf 90' lang='lat' dir='ltr'><strong>et</strong></span> <span class='ocrx_word' id='word_1_558' title='bbox 1062 4537 1262 4590; x_wconf 65' lang='lat' dir='ltr'><strong>Grmcia</strong></span> <span class='ocrx_word' id='word_1_559' title='bbox 1285 4537 1576 4598; x_wconf 79' lang='lat' dir='ltr'><strong>dicitur,ex</strong></span> <span class='ocrx_word' id='word_1_560' title='bbox 1600 4550 1701 4588; x_wconf 88' lang='lat' dir='ltr'><strong>una</strong></span> <span class='ocrx_word' id='word_1_561' title='bbox 1729 4545 1877 4603; x_wconf 89' lang='lat' dir='ltr'><strong>parte</strong></span> <span class='ocrx_word' id='word_1_562' title='bbox 1901 4535 2031 4589; x_wconf 89' lang='lat' dir='ltr'><strong>mari</strong></span> 
     </span>
    </p>
   </div>
   <div class='ocr_carea' id='block_1_79' title="bbox 475 4605 2029 4670">
    <p class='ocr_par' dir='ltr' id='par_1_79' title="bbox 475 4605 2029 4670">
     <span class='ocr_line' id='line_1_79' title="bbox 475 4605 2029 4670; baseline -0.001 -10"><span class='ocrx_word' id='word_1_563' title='bbox 475 4607 762 4660; x_wconf 85' lang='lat' dir='ltr'><strong>circunflna</strong></span> <span class='ocrx_word' id='word_1_564' title='bbox 786 4646 803 4669; x_wconf 89' lang='lat'><strong>,</strong></span> <span class='ocrx_word' id='word_1_565' title='bbox 843 4622 907 4659; x_wconf 81' lang='lat' dir='ltr'><strong>ex</strong></span> <span class='ocrx_word' id='word_1_566' title='bbox 947 4608 1108 4658; x_wconf 89' lang='lat' dir='ltr'><strong>altera</strong></span> <span class='ocrx_word' id='word_1_567' title='bbox 1135 4605 1420 4659; x_wconf 67' lang='lat' dir='ltr'><strong>Thessalia:</strong></span> <span class='ocrx_word' id='word_1_568' title='bbox 1449 4615 1503 4658; x_wconf 91' lang='lat' dir='ltr'><strong>et</strong></span> <span class='ocrx_word' id='word_1_569' title='bbox 1530 4605 1692 4670; x_wconf 87' lang='lat' dir='ltr'><strong>Epiro</strong></span> <span class='ocrx_word' id='word_1_570' title='bbox 1733 4606 2029 4658; x_wconf 87' lang='lat' dir='ltr'><strong>terminata.</strong></span> 
     </span>
    </p>
   </div>
   <div class='ocr_carea' id='block_1_80' title="bbox 476 4674 2034 4743">
    <p class='ocr_par' dir='ltr' id='par_1_80' title="bbox 476 4674 2034 4743">
     <span class='ocr_line' id='line_1_80' title="bbox 476 4674 2034 4743; baseline -0.003 -11"><span class='ocrx_word' id='word_1_571' title='bbox 476 4677 676 4732; x_wconf 84' lang='lat' dir='ltr'><strong>Achaia</strong></span> <span class='ocrx_word' id='word_1_572' title='bbox 709 4683 883 4730; x_wconf 88' lang='lat' dir='ltr'><strong>tamen</strong></span> <span class='ocrx_word' id='word_1_573' title='bbox 912 4677 1124 4743; x_wconf 86' lang='lat' dir='ltr'><strong>proprie</strong></span> <span class='ocrx_word' id='word_1_574' title='bbox 1144 4675 1304 4739; x_wconf 91' lang='lat' dir='ltr'><strong>dicta,</strong></span> <span class='ocrx_word' id='word_1_575' title='bbox 1332 4675 1481 4742; x_wconf 84' lang='lat' dir='ltr'><strong>regio</strong></span> <span class='ocrx_word' id='word_1_576' title='bbox 1516 4674 1863 4742; x_wconf 88' lang='lat' dir='ltr'><strong>Pel0ponnesi</strong></span> <span class='ocrx_word' id='word_1_577' title='bbox 1898 4677 2034 4729; x_wconf 78' lang='lat' dir='ltr'><strong>inter</strong></span> 
     </span>
    </p>
   </div>
   <div class='ocr_carea' id='block_1_81' title="bbox 475 4746 1104 4800">
    <p class='ocr_par' dir='ltr' id='par_1_81' title="bbox 475 4746 1104 4800">
     <span class='ocr_line' id='line_1_81' title="bbox 475 4746 1104 4800; baseline -0.006 0"><span class='ocrx_word' id='word_1_578' title='bbox 475 4747 784 4800; x_wconf 87' lang='lat' dir='ltr'><strong>Corinthum</strong></span> <span class='ocrx_word' id='word_1_579' title='bbox 816 4755 871 4799; x_wconf 93' lang='lat' dir='ltr'><strong>et</strong></span> <span class='ocrx_word' id='word_1_580' title='bbox 899 4746 1104 4798; x_wconf 81' lang='lat' dir='ltr'><strong>Patras.</strong></span> 
     </span>
    </p>
   </div>
   <div class='ocr_carea' id='block_1_82' title="bbox 545 4803 2109 4882">
    <p class='ocr_par' dir='ltr' id='par_1_82' title="bbox 545 4803 2109 4882">
     <span class='ocr_line' id='line_1_82' title="bbox 545 4803 2109 4882; baseline -0.004 -14"><span class='ocrx_word' id='word_1_581' title='bbox 545 4817 566 4846; x_wconf 83' lang='lat'>&#39;</span> <span class='ocrx_word' id='word_1_582' title='bbox 597 4815 733 4869; x_wconf 90' lang='lat' dir='ltr'><strong>Urbs</strong></span> <span class='ocrx_word' id='word_1_583' title='bbox 748 4815 812 4869; x_wconf 91' lang='lat' dir='ltr'><strong>ad</strong></span> <span class='ocrx_word' id='word_1_584' title='bbox 841 4815 1164 4882; x_wconf 59' lang='lat' dir='ltr'><strong>ltosliliorum</strong></span> <span class='ocrx_word' id='word_1_585' title='bbox 1180 4812 1461 4868; x_wconf 87' lang='lat' dir='ltr'><strong>Thracium</strong></span> <span class='ocrx_word' id='word_1_586' title='bbox 1484 4812 1581 4867; x_wconf 90' lang='lat' dir='ltr'><strong>sita</strong></span> <span class='ocrx_word' id='word_1_587' title='bbox 1603 4827 1665 4866; x_wconf 92' lang='lat' dir='ltr'><strong>ac</strong></span> <span class='ocrx_word' id='word_1_588' title='bbox 1686 4813 1926 4868; x_wconf 76' lang='lat' dir='ltr'><strong>Thracia:</strong></span> <span class='ocrx_word' id='word_1_589' title='bbox 1946 4828 2034 4867; x_wconf 82' lang='lat' dir='ltr'><strong>ca-</strong></span> <span class='ocrx_word' id='word_1_590' title='bbox 2057 4803 2109 4862; x_wconf 91' lang='lat' dir='ltr'><strong>D</strong></span> 
     </span>
    </p>
   </div>
   <div class='ocr_carea' id='block_1_83' title="bbox 477 4886 1103 4955">
    <p class='ocr_par' dir='ltr' id='par_1_83' title="bbox 477 4886 1103 4955">
     <span class='ocr_line' id='line_1_83' title="bbox 477 4886 1103 4955; baseline -0.003 -17"><span class='ocrx_word' id='word_1_591' title='bbox 477 4896 594 4955; x_wconf 76' lang='lat' dir='ltr'><strong>put,</strong></span> <span class='ocrx_word' id='word_1_592' title='bbox 621 4886 746 4938; x_wconf 89' lang='lat' dir='ltr'><strong>olim</strong></span> <span class='ocrx_word' id='word_1_593' title='bbox 777 4887 1103 4953; x_wconf 78' lang='lat' dir='ltr'><strong>Byzantium.</strong></span> 
     </span>
    </p>
   </div>
   <div class='ocr_carea' id='block_1_84' title="bbox 545 4951 2031 5021">
    <p class='ocr_par' dir='ltr' id='par_1_84' title="bbox 545 4951 2031 5021">
     <span class='ocr_line' id='line_1_84' title="bbox 545 4951 2031 5021; baseline -0.001 -14"><span class='ocrx_word' id='word_1_594' title='bbox 545 4951 566 4983; x_wconf 78' lang='grc'><strong>⁸</strong></span> <span class='ocrx_word' id='word_1_595' title='bbox 587 4955 676 5008; x_wconf 86' lang='lat' dir='ltr'><strong>Sic</strong></span> <span class='ocrx_word' id='word_1_596' title='bbox 705 4951 844 5006; x_wconf 83' lang='lat' dir='ltr'><strong>enim</strong></span> <span class='ocrx_word' id='word_1_597' title='bbox 887 4955 977 5021; x_wconf 85' lang='lat' dir='ltr'><strong>qui</strong></span> <span class='ocrx_word' id='word_1_598' title='bbox 1004 4968 1181 5006; x_wconf 89' lang='lat' dir='ltr'><strong>secum</strong></span> <span class='ocrx_word' id='word_1_599' title='bbox 1213 4952 1325 5019; x_wconf 87' lang='lat' dir='ltr'><strong>ipse</strong></span> <span class='ocrx_word' id='word_1_600' title='bbox 1354 4951 1421 5005; x_wconf 91' lang='lat' dir='ltr'><strong>de</strong></span> <span class='ocrx_word' id='word_1_601' title='bbox 1445 4953 1615 5020; x_wconf 89' lang='lat' dir='ltr'><strong>aliqua</strong></span> <span class='ocrx_word' id='word_1_602' title='bbox 1661 4968 1722 5006; x_wconf 90' lang='lat' dir='ltr'><strong>re</strong></span> <span class='ocrx_word' id='word_1_603' title='bbox 1751 4952 2031 5015; x_wconf 86' lang='lat' dir='ltr'><strong>deliberat,</strong></span> 
     </span>
    </p>
   </div>
   <div class='ocr_carea' id='block_1_85' title="bbox 474 5024 2031 5089">
    <p class='ocr_par' dir='ltr' id='par_1_85' title="bbox 474 5024 2031 5089">
     <span class='ocr_line' id='line_1_85' title="bbox 474 5024 2031 5089; baseline -0.003 -11"><span class='ocrx_word' id='word_1_604' title='bbox 474 5036 528 5078; x_wconf 95' lang='lat' dir='ltr'><strong>et</strong></span> <span class='ocrx_word' id='word_1_605' title='bbox 558 5024 820 5077; x_wconf 85' lang='lat' dir='ltr'><strong>rationum</strong></span> <span class='ocrx_word' id='word_1_606' title='bbox 853 5025 900 5076; x_wconf 94' lang='lat' dir='ltr'><strong>in</strong></span> <span class='ocrx_word' id='word_1_607' title='bbox 927 5033 1203 5088; x_wconf 89' lang='lat' dir='ltr'><strong>utramque</strong></span> <span class='ocrx_word' id='word_1_608' title='bbox 1229 5031 1431 5089; x_wconf 90' lang='lat' dir='ltr'><strong>partem</strong></span> <span class='ocrx_word' id='word_1_609' title='bbox 1464 5033 1728 5075; x_wconf 90' lang='lat' dir='ltr'><strong>momenta</strong></span> <span class='ocrx_word' id='word_1_610' title='bbox 1759 5024 2031 5089; x_wconf 78' lang='lat' dir='ltr'><strong>expendit.</strong></span> 
     </span>
    </p>
   </div>
   <div class='ocr_carea' id='block_1_86' title="bbox 475 5092 2037 5162">
    <p class='ocr_par' dir='ltr' id='par_1_86' title="bbox 475 5092 2037 5162">
     <span class='ocr_line' id='line_1_86' title="bbox 475 5092 2037 5162; baseline 0.001 -18"><span class='ocrx_word' id='word_1_611' title='bbox 475 5095 624 5162; x_wconf 87' lang='lat' dir='ltr'><strong>quasi</strong></span> <span class='ocrx_word' id='word_1_612' title='bbox 677 5095 886 5147; x_wconf 90' lang='lat' dir='ltr'><strong>comitia</strong></span> <span class='ocrx_word' id='word_1_613' title='bbox 937 5093 1103 5162; x_wconf 82' lang='lat' dir='ltr'><strong>habet</strong></span> <span class='ocrx_word' id='word_1_614' title='bbox 1122 5093 1257 5159; x_wconf 88' lang='lat' dir='ltr'><strong>apud</strong></span> <span class='ocrx_word' id='word_1_615' title='bbox 1299 5106 1357 5145; x_wconf 89' lang='lat' dir='ltr'><strong>se</strong></span> <span class='ocrx_word' id='word_1_616' title='bbox 1404 5102 1458 5146; x_wconf 90' lang='lat' dir='ltr'><strong>et</strong></span> <span class='ocrx_word' id='word_1_617' title='bbox 1493 5093 1543 5145; x_wconf 90' lang='lat' dir='ltr'><strong>in</strong></span> <span class='ocrx_word' id='word_1_618' title='bbox 1574 5092 1751 5145; x_wconf 90' lang='lat' dir='ltr'><strong>animo</strong></span> <span class='ocrx_word' id='word_1_619' title='bbox 1797 5106 1914 5145; x_wconf 89' lang='lat' dir='ltr'><strong>suo.</strong></span> <span class='ocrx_word' id='word_1_620' title='bbox 1947 5093 2037 5145; x_wconf 81' lang='lat' dir='ltr'><strong>Sic</strong></span> 
     </span>
    </p>
   </div>
   <div class='ocr_carea' id='block_1_87' title="bbox 478 5161 1365 5231">
    <p class='ocr_par' dir='ltr' id='par_1_87' title="bbox 478 5161 1365 5231">
     <span class='ocr_line' id='line_1_87' title="bbox 478 5161 1365 5231; baseline -0.002 -15"><span class='ocrx_word' id='word_1_621' title='bbox 478 5161 714 5225; x_wconf 70' lang='lat' dir='ltr'><strong>Plautus,</strong></span> <span class='ocrx_word' id='word_1_622' title='bbox 752 5163 954 5231; x_wconf 81' lang='lat' dir='ltr'><strong>Epidic.</strong></span> <span class='ocrx_word' id='word_1_623' title='bbox 986 5176 1062 5216; x_wconf 91' lang='lat' dir='ltr'><strong>sc.</strong></span> <span class='ocrx_word' id='word_1_624' title='bbox 1085 5161 1141 5228; x_wconf 74' lang='grc'><strong>2,</strong></span> <span class='ocrx_word' id='word_1_625' title='bbox 1164 5170 1268 5214; x_wconf 86' lang='lat' dir='ltr'><strong>act.</strong></span> <span class='ocrx_word' id='word_1_626' title='bbox 1293 5163 1318 5214; x_wconf 80' lang='grc'><strong>1</strong></span> <span class='ocrx_word' id='word_1_627' title='bbox 1349 5178 1365 5214; x_wconf 88' lang='lat'><strong>:</strong></span> 
     </span>
    </p>
   </div>
   <div class='ocr_carea' id='block_1_88' title="bbox 593 5250 1816 5301">
    <p class='ocr_par' dir='ltr' id='par_1_88' title="bbox 593 5250 1816 5301">
     <span class='ocr_line' id='line_1_88' title="bbox 593 5250 1816 5301; baseline -0.001 -1"><span class='ocrx_word' id='word_1_628' title='bbox 593 5252 701 5300; x_wconf 82' lang='lat' dir='ltr'><strong>.lam</strong></span> <span class='ocrx_word' id='word_1_629' title='bbox 723 5259 944 5301; x_wconf 88' lang='lat' dir='ltr'><strong>senatum</strong></span> <span class='ocrx_word' id='word_1_630' title='bbox 965 5251 1239 5300; x_wconf 87' lang='lat' dir='ltr'><strong>convocabo</strong></span> <span class='ocrx_word' id='word_1_631' title='bbox 1261 5251 1310 5299; x_wconf 89' lang='lat' dir='ltr'><strong>In</strong></span> <span class='ocrx_word' id='word_1_632' title='bbox 1330 5253 1481 5300; x_wconf 88' lang='lat' dir='ltr'><strong>corde</strong></span> <span class='ocrx_word' id='word_1_633' title='bbox 1504 5250 1816 5300; x_wconf 87' lang='lat' dir='ltr'><strong>consiliorum</strong></span> 
     </span>
    </p>
   </div>
   <div class='ocr_carea' id='block_1_89' title="bbox 547 5335 1018 5389">
    <p class='ocr_par' dir='ltr' id='par_1_89' title="bbox 547 5335 1018 5389">
     <span class='ocr_line' id='line_1_89' title="bbox 547 5335 1018 5389; baseline -0.004 0"><span class='ocrx_word' id='word_1_634' title='bbox 547 5335 688 5389; x_wconf 86' lang='lat' dir='ltr'><strong>Idem</strong></span> <span class='ocrx_word' id='word_1_635' title='bbox 712 5337 762 5388; x_wconf 93' lang='lat' dir='ltr'><strong>iu</strong></span> <span class='ocrx_word' id='word_1_636' title='bbox 793 5335 975 5388; x_wconf 79' lang='lat' dir='ltr'><strong>Mostel</strong></span> <span class='ocrx_word' id='word_1_637' title='bbox 998 5351 1018 5387; x_wconf 91' lang='lat'><strong><em>:</em></strong></span> 
     </span>
    </p>
   </div>
   <div class='ocr_carea' id='block_1_90' title="bbox 603 5423 1796 5474">
    <p class='ocr_par' dir='ltr' id='par_1_90' title="bbox 603 5423 1796 5474">
     <span class='ocr_line' id='line_1_90' title="bbox 603 5423 1796 5474; baseline 0.001 -3"><span class='ocrx_word' id='word_1_638' title='bbox 603 5424 722 5472; x_wconf 87' lang='lat' dir='ltr'><strong>Dum</strong></span> <span class='ocrx_word' id='word_1_639' title='bbox 745 5427 856 5472; x_wconf 88' lang='lat' dir='ltr'><strong>mihi</strong></span> <span class='ocrx_word' id='word_1_640' title='bbox 878 5433 1097 5473; x_wconf 82' lang='lat' dir='ltr'><strong>senatum</strong></span> <span class='ocrx_word' id='word_1_641' title='bbox 1122 5425 1302 5474; x_wconf 74' lang='lat' dir='ltr'><strong>consilii</strong></span> <span class='ocrx_word' id='word_1_642' title='bbox 1331 5426 1377 5473; x_wconf 93' lang='lat' dir='ltr'><strong>in</strong></span> <span class='ocrx_word' id='word_1_643' title='bbox 1395 5423 1542 5472; x_wconf 87' lang='lat' dir='ltr'><strong>corde</strong></span> <span class='ocrx_word' id='word_1_644' title='bbox 1567 5436 1796 5472; x_wconf 86' lang='lat' dir='ltr'><strong>convoco.</strong></span> 
     </span>
    </p>
   </div>
   <div class='ocr_carea' id='block_1_91' title="bbox 548 5507 2035 5580">
    <p class='ocr_par' dir='ltr' id='par_1_91' title="bbox 548 5507 2035 5580">
     <span class='ocr_line' id='line_1_91' title="bbox 548 5507 2035 5580; baseline -0.002 -18"><span class='ocrx_word' id='word_1_645' title='bbox 548 5507 568 5539; x_wconf 88' lang='grc'><strong><em>⁸</em></strong></span> <span class='ocrx_word' id='word_1_646' title='bbox 598 5510 805 5564; x_wconf 86' lang='lat' dir='ltr'><strong>Flavius</strong></span> <span class='ocrx_word' id='word_1_647' title='bbox 828 5512 1029 5578; x_wconf 81' lang='lat' dir='ltr'><strong>Nevita,</strong></span> <span class='ocrx_word' id='word_1_648' title='bbox 1063 5513 1168 5580; x_wconf 83' lang='lat' dir='ltr'><strong>qui,</strong></span> <span class='ocrx_word' id='word_1_649' title='bbox 1202 5510 1344 5564; x_wconf 91' lang='lat' dir='ltr'><strong>utait</strong></span> <span class='ocrx_word' id='word_1_650' title='bbox 1372 5511 1684 5562; x_wconf 85' lang='lat' dir='ltr'><strong>Ammianus</strong></span> <span class='ocrx_word' id='word_1_651' title='bbox 1709 5510 1803 5562; x_wconf 92' lang='lat' dir='ltr'><strong>lib.</strong></span> <span class='ocrx_word' id='word_1_652' title='bbox 1823 5522 1952 5571; x_wconf 69' lang='grc' dir='ltr'><strong>χχιι,</strong></span> <span class='ocrx_word' id='word_1_653' title='bbox 1977 5517 2035 5560; x_wconf 92' lang='lat' dir='ltr'><strong>ut</strong></span> 
     </span>
    </p>
   </div>
   <div class='ocr_carea' id='block_1_92' title="bbox 2146 3287 3701 3360">
    <p class='ocr_par' dir='ltr' id='par_1_92' title="bbox 2146 3287 3701 3360">
     <span class='ocr_line' id='line_1_92' title="bbox 2146 3287 3701 3360; baseline -0.004 -14"><span class='ocrx_word' id='word_1_654' title='bbox 2146 3305 2214 3346; x_wconf 89' lang='lat' dir='ltr'><strong>ne</strong></span> <span class='ocrx_word' id='word_1_655' title='bbox 2242 3301 2294 3345; x_wconf 86' lang='lat' dir='ltr'><strong>te</strong></span> <span class='ocrx_word' id='word_1_656' title='bbox 2315 3290 2527 3360; x_wconf 89' lang='lat' dir='ltr'><strong>quidem</strong></span> <span class='ocrx_word' id='word_1_657' title='bbox 2559 3289 2752 3358; x_wconf 86' lang='lat' dir='ltr'><strong>ipsum,</strong></span> <span class='ocrx_word' id='word_1_658' title='bbox 2786 3289 3094 3357; x_wconf 90' lang='lat' dir='ltr'><strong>imperator,</strong></span> <span class='ocrx_word' id='word_1_659' title='bbox 3120 3303 3278 3357; x_wconf 89' lang='lat' dir='ltr'><strong>quem</strong></span> <span class='ocrx_word' id='word_1_660' title='bbox 3302 3301 3456 3341; x_wconf 90' lang='lat' dir='ltr'><strong>orare</strong></span> <span class='ocrx_word' id='word_1_661' title='bbox 3480 3287 3701 3354; x_wconf 62' lang='lat' dir='ltr'><strong>pracla-</strong></span> 
     </span>
    </p>
   </div>
   <div class='ocr_carea' id='block_1_93' title="bbox 2137 3379 3698 3452">
    <p class='ocr_par' dir='ltr' id='par_1_93' title="bbox 2137 3379 3698 3452">
     <span class='ocr_line' id='line_1_93' title="bbox 2137 3379 3698 3452; baseline -0.004 -15"><span class='ocrx_word' id='word_1_662' title='bbox 2137 3395 2275 3448; x_wconf 84' lang='lat' dir='ltr'><strong>rum,</strong></span> <span class='ocrx_word' id='word_1_663' title='bbox 2303 3382 2387 3437; x_wconf 89' lang='lat' dir='ltr'><strong>cui</strong></span> <span class='ocrx_word' id='word_1_664' title='bbox 2421 3397 2603 3452; x_wconf 85' lang='lat' dir='ltr'><strong>preces</strong></span> <span class='ocrx_word' id='word_1_665' title='bbox 2640 3380 2896 3436; x_wconf 81' lang='lat' dir='ltr'><strong>adhibere</strong></span> <span class='ocrx_word' id='word_1_666' title='bbox 2918 3381 3280 3450; x_wconf 77' lang='lat' dir='ltr'><strong>plenissimum</strong></span> <span class='ocrx_word' id='word_1_667' title='bbox 3301 3379 3576 3449; x_wconf 76' lang='lat' dir='ltr'><strong>dignltatis</strong></span> <span class='ocrx_word' id='word_1_668' title='bbox 3598 3391 3698 3442; x_wconf 87' lang='lat' dir='ltr'><strong>est,</strong></span> 
     </span>
    </p>
   </div>
   <div class='ocr_carea' id='block_1_94' title="bbox 2102 3469 3698 3553">
    <p class='ocr_par' dir='ltr' id='par_1_94' title="bbox 2102 3469 3698 3553">
     <span class='ocr_line' id='line_1_94' title="bbox 2102 3469 3698 3553; baseline -0.003 -26"><span class='ocrx_word' id='word_1_669' title='bbox 2102 3547 2108 3553; x_wconf 84' lang='lat'><strong><em>_</em></strong></span> <span class='ocrx_word' id='word_1_670' title='bbox 2137 3473 2302 3529; x_wconf 83' lang='lat' dir='ltr'><strong>verbo</strong></span> <span class='ocrx_word' id='word_1_671' title='bbox 2329 3475 2516 3528; x_wconf 88' lang='lat' dir='ltr'><strong>saltem</strong></span> <span class='ocrx_word' id='word_1_672' title='bbox 2543 3471 2670 3527; x_wconf 90' lang='lat' dir='ltr'><strong>adii.</strong></span> <span class='ocrx_word' id='word_1_673' title='bbox 2699 3471 2900 3541; x_wconf 90' lang='lat' dir='ltr'><strong>Sponte</strong></span> <span class='ocrx_word' id='word_1_674' title='bbox 2929 3471 2983 3526; x_wconf 89' lang='lat' dir='ltr'><strong>in</strong></span> <span class='ocrx_word' id='word_1_675' title='bbox 3013 3471 3262 3526; x_wconf 89' lang='lat' dir='ltr'><strong>familiam</strong></span> <span class='ocrx_word' id='word_1_676' title='bbox 3285 3469 3528 3524; x_wconf 88' lang='lat' dir='ltr'><strong>divinum</strong></span> <span class='ocrx_word' id='word_1_677' title='bbox 3556 3469 3698 3524; x_wconf 88' lang='lat' dir='ltr'><strong>istud</strong></span> 
     </span>
    </p>
   </div>
   <div class='ocr_carea' id='block_1_95' title="bbox 2141 3564 2869 3622">
    <p class='ocr_par' dir='ltr' id='par_1_95' title="bbox 2141 3564 2869 3622">
     <span class='ocr_line' id='line_1_95' title="bbox 2141 3564 2869 3622; baseline -0.001 -4"><span class='ocrx_word' id='word_1_678' title='bbox 2141 3579 2170 3618; x_wconf 90' lang='lat' dir='ltr'><strong>a</strong></span> <span class='ocrx_word' id='word_1_679' title='bbox 2208 3574 2260 3620; x_wconf 92' lang='lat' dir='ltr'><strong>te</strong></span> <span class='ocrx_word' id='word_1_680' title='bbox 2288 3580 2476 3622; x_wconf 88' lang='lat' dir='ltr'><strong>munus</strong></span> <span class='ocrx_word' id='word_1_681' title='bbox 2507 3564 2738 3619; x_wconf 92' lang='lat' dir='ltr'><strong>infusum</strong></span> <span class='ocrx_word' id='word_1_682' title='bbox 2767 3574 2869 3619; x_wconf 91' lang='lat' dir='ltr'><strong>est.</strong></span> 
     </span>
    </p>
   </div>
   <div class='ocr_carea' id='block_1_96' title="bbox 2210 3653 3699 3723">
    <p class='ocr_par' dir='ltr' id='par_1_96' title="bbox 2210 3653 3699 3723">
     <span class='ocr_line' id='line_1_96' title="bbox 2210 3653 3699 3723; baseline -0.002 -14"><span class='ocrx_word' id='word_1_683' title='bbox 2210 3654 2371 3709; x_wconf 78' lang='lat' dir='ltr'><strong>XVII.</strong></span> <span class='ocrx_word' id='word_1_684' title='bbox 2406 3655 2634 3711; x_wconf 85' lang='lat' dir='ltr'><strong>Fatebor</strong></span> <span class='ocrx_word' id='word_1_685' title='bbox 2672 3665 2850 3710; x_wconf 81' lang='lat' dir='ltr'><strong>autem</strong></span> <span class='ocrx_word' id='word_1_686' title='bbox 2879 3653 2993 3723; x_wconf 89' lang='lat' dir='ltr'><strong>tibi,</strong></span> <span class='ocrx_word' id='word_1_687' title='bbox 3036 3653 3267 3712; x_wconf 80' lang='lat' dir='ltr'><strong>maxime</strong></span> <span class='ocrx_word' id='word_1_688' title='bbox 3307 3653 3617 3722; x_wconf 89' lang='lat' dir='ltr'><strong>imperator,</strong></span> <span class='ocrx_word' id='word_1_689' title='bbox 3648 3663 3699 3706; x_wconf 75' lang='lat' dir='ltr'><strong>et</strong></span> 
     </span>
    </p>
   </div>
   <div class='ocr_carea' id='block_1_97' title="bbox 2143 3741 3699 3818">
    <p class='ocr_par' dir='ltr' id='par_1_97' title="bbox 2143 3741 3699 3818">
     <span class='ocr_line' id='line_1_97' title="bbox 2143 3741 3699 3818; baseline -0.004 -16"><span class='ocrx_word' id='word_1_690' title='bbox 2143 3756 2259 3802; x_wconf 89' lang='lat' dir='ltr'><strong>tuto</strong></span> <span class='ocrx_word' id='word_1_691' title='bbox 2284 3747 2422 3818; x_wconf 89' lang='lat' dir='ltr'><strong>apud</strong></span> <span class='ocrx_word' id='word_1_692' title='bbox 2469 3758 2521 3803; x_wconf 90' lang='lat' dir='ltr'><strong>te</strong></span> <span class='ocrx_word' id='word_1_693' title='bbox 2559 3748 2735 3802; x_wconf 90' lang='lat' dir='ltr'><strong>omnia</strong></span> <span class='ocrx_word' id='word_1_694' title='bbox 2764 3745 2792 3786; x_wconf 71' lang='grc' dir='ltr'>δ</span> <span class='ocrx_word' id='word_1_695' title='bbox 2818 3747 2979 3801; x_wconf 90' lang='lat' dir='ltr'><strong>animi</strong></span> <span class='ocrx_word' id='word_1_696' title='bbox 3021 3754 3206 3814; x_wconf 91' lang='lat' dir='ltr'><strong>operta</strong></span> <span class='ocrx_word' id='word_1_697' title='bbox 3256 3744 3528 3798; x_wconf 85' lang='lat' dir='ltr'><strong>reserabo.</strong></span> <span class='ocrx_word' id='word_1_698' title='bbox 3557 3741 3699 3796; x_wconf 87' lang='lat' dir='ltr'><strong>Nun-</strong></span> 
     </span>
    </p>
   </div>
   <div class='ocr_carea' id='block_1_98' title="bbox 2143 3839 3698 3908">
    <p class='ocr_par' dir='ltr' id='par_1_98' title="bbox 2143 3839 3698 3908">
     <span class='ocr_line' id='line_1_98' title="bbox 2143 3839 3698 3908; baseline -0.003 -18"><span class='ocrx_word' id='word_1_699' title='bbox 2143 3853 2303 3907; x_wconf 86' lang='lat' dir='ltr'><strong>quam</strong></span> <span class='ocrx_word' id='word_1_700' title='bbox 2328 3840 2349 3870; x_wconf 82' lang='grc'><strong>⁸</strong></span> <span class='ocrx_word' id='word_1_701' title='bbox 2378 3839 2431 3892; x_wconf 94' lang='lat' dir='ltr'><strong>in</strong></span> <span class='ocrx_word' id='word_1_702' title='bbox 2460 3840 2632 3908; x_wconf 87' lang='lat' dir='ltr'><strong>capita</strong></span> <span class='ocrx_word' id='word_1_703' title='bbox 2665 3841 2857 3892; x_wconf 90' lang='lat' dir='ltr'><strong>civium</strong></span> <span class='ocrx_word' id='word_1_704' title='bbox 2901 3846 3235 3906; x_wconf 87' lang='lat' dir='ltr'><strong>potestatem,</strong></span> <span class='ocrx_word' id='word_1_705' title='bbox 3276 3850 3542 3905; x_wconf 90' lang='lat' dir='ltr'><strong>nunquam</strong></span> <span class='ocrx_word' id='word_1_706' title='bbox 3576 3850 3698 3903; x_wconf 85' lang='lat' dir='ltr'><strong>pro-</strong></span> 
     </span>
    </p>
   </div>
   <div class='ocr_carea' id='block_1_99' title="bbox 2139 3914 3694 3996">
    <p class='ocr_par' dir='ltr' id='par_1_99' title="bbox 2139 3914 3694 3996">
     <span class='ocr_line' id='line_1_99' title="bbox 2139 3914 3694 3996; baseline -0.001 -17"><span class='ocrx_word' id='word_1_707' title='bbox 2139 3927 2340 3982; x_wconf 89' lang='lat' dir='ltr'><strong>vincias</strong></span> <span class='ocrx_word' id='word_1_708' title='bbox 2371 3926 2669 3995; x_wconf 89' lang='lat' dir='ltr'><strong>concupivi,</strong></span> <span class='ocrx_word' id='word_1_709' title='bbox 2701 3927 2792 3981; x_wconf 90' lang='lat' dir='ltr'><strong>sed</strong></span> <span class='ocrx_word' id='word_1_710' title='bbox 2814 3927 2933 3996; x_wconf 90' lang='lat' dir='ltr'><strong>quia</strong></span> <span class='ocrx_word' id='word_1_711' title='bbox 2954 3926 3184 3995; x_wconf 86' lang='lat' dir='ltr'><strong>juvanda</strong></span> <span class='ocrx_word' id='word_1_712' title='bbox 3205 3914 3361 3979; x_wconf 84' lang='lat' dir='ltr'><strong>etiam</strong></span> <span class='ocrx_word' id='word_1_713' title='bbox 3389 3940 3418 3978; x_wconf 91' lang='lat' dir='ltr'><strong>a</strong></span> <span class='ocrx_word' id='word_1_714' title='bbox 3444 3941 3526 3978; x_wconf 90' lang='lat' dir='ltr'><strong>me</strong></span> <span class='ocrx_word' id='word_1_715' title='bbox 3546 3925 3694 3978; x_wconf 83' lang='lat' dir='ltr'><strong>vide-</strong></span> 
     </span>
    </p>
   </div>
   <div class='ocr_carea' id='block_1_100' title="bbox 2138 3999 3719 4089">
    <p class='ocr_par' dir='ltr' id='par_1_100' title="bbox 2138 3999 3719 4089">
     <span class='ocr_line' id='line_1_100' title="bbox 2138 3999 3719 4089; baseline -0.003 -17"><span class='ocrx_word' id='word_1_716' title='bbox 2138 4018 2292 4072; x_wconf 89' lang='lat' dir='ltr'><strong>batur</strong></span> <span class='ocrx_word' id='word_1_717' title='bbox 2312 4021 2334 4052; x_wconf 78' lang='lat'><strong>’</strong></span> <span class='ocrx_word' id='word_1_718' title='bbox 2363 4035 2460 4089; x_wconf 88' lang='lat' dir='ltr'><strong>pro</strong></span> <span class='ocrx_word' id='word_1_719' title='bbox 2493 4019 2631 4072; x_wconf 89' lang='lat' dir='ltr'><strong>virili</strong></span> <span class='ocrx_word' id='word_1_720' title='bbox 2662 4020 2908 4088; x_wconf 88' lang='lat' dir='ltr'><strong>portione</strong></span> <span class='ocrx_word' id='word_1_721' title='bbox 2937 4019 3253 4087; x_wconf 85' lang='lat' dir='ltr'><strong>respublica,</strong></span> <span class='ocrx_word' id='word_1_722' title='bbox 3288 4033 3410 4071; x_wconf 91' lang='lat' dir='ltr'><strong>cum</strong></span> <span class='ocrx_word' id='word_1_723' title='bbox 3440 4018 3504 4070; x_wconf 90' lang='lat' dir='ltr'><strong>ad</strong></span> <span class='ocrx_word' id='word_1_724' title='bbox 3533 3999 3719 4086; x_wconf 36' lang='lat' dir='ltr'><strong>magi:</strong></span> 
     </span>
    </p>
   </div>
   <div class='ocr_carea' id='block_1_101' title="bbox 2139 4110 3696 4182">
    <p class='ocr_par' dir='ltr' id='par_1_101' title="bbox 2139 4110 3696 4182">
     <span class='ocr_line' id='line_1_101' title="bbox 2139 4110 3696 4182; baseline 0.001 -20"><span class='ocrx_word' id='word_1_725' title='bbox 2139 4119 2361 4164; x_wconf 90' lang='lat' dir='ltr'><strong>stratum</strong></span> <span class='ocrx_word' id='word_1_726' title='bbox 2389 4126 2628 4175; x_wconf 91' lang='lat' dir='ltr'><strong>vocarer,</strong></span> <span class='ocrx_word' id='word_1_727' title='bbox 2651 4121 2869 4182; x_wconf 90' lang='lat' dir='ltr'><strong>propter</strong></span> <span class='ocrx_word' id='word_1_728' title='bbox 2907 4110 3212 4180; x_wconf 87' lang='lat' dir='ltr'><strong>opinionem</strong></span> <span class='ocrx_word' id='word_1_729' title='bbox 3241 4110 3460 4163; x_wconf 67' lang='lat' dir='ltr'><strong>desidia:</strong></span> <span class='ocrx_word' id='word_1_730' title='bbox 3486 4125 3589 4163; x_wconf 88' lang='lat' dir='ltr'><strong>non</strong></span> <span class='ocrx_word' id='word_1_731' title='bbox 3615 4125 3696 4164; x_wconf 84' lang='lat' dir='ltr'><strong>re-</strong></span> 
     </span>
    </p>
   </div>
   <div class='ocr_carea' id='block_1_102' title="bbox 2138 4199 3695 4270">
    <p class='ocr_par' dir='ltr' id='par_1_102' title="bbox 2138 4199 3695 4270">
     <span class='ocr_line' id='line_1_102' title="bbox 2138 4199 3695 4270; baseline 0 -16"><span class='ocrx_word' id='word_1_732' title='bbox 2138 4199 2267 4269; x_wconf 79' lang='lat' dir='ltr'><strong>fugi.</strong></span> <span class='ocrx_word' id='word_1_733' title='bbox 2286 4200 2562 4270; x_wconf 85' lang='lat' dir='ltr'><strong>Negotium</strong></span> <span class='ocrx_word' id='word_1_734' title='bbox 2585 4201 2850 4270; x_wconf 88' lang='lat' dir='ltr'><strong>publicum</strong></span> <span class='ocrx_word' id='word_1_735' title='bbox 2873 4215 3042 4268; x_wconf 86' lang='lat' dir='ltr'><strong>neque</strong></span> <span class='ocrx_word' id='word_1_736' title='bbox 3057 4200 3258 4253; x_wconf 90' lang='lat' dir='ltr'><strong>ambitu</strong></span> <span class='ocrx_word' id='word_1_737' title='bbox 3285 4202 3506 4267; x_wconf 89' lang='lat' dir='ltr'><strong>appetii,</strong></span> <span class='ocrx_word' id='word_1_738' title='bbox 3527 4214 3695 4267; x_wconf 84' lang='lat' dir='ltr'><strong>neque</strong></span> 
     </span>
    </p>
   </div>
   <div class='ocr_carea' id='block_1_103' title="bbox 2139 4276 3694 4360">
    <p class='ocr_par' dir='ltr' id='par_1_103' title="bbox 2139 4276 3694 4360">
     <span class='ocr_line' id='line_1_103' title="bbox 2139 4276 3694 4360; baseline 0 -17"><span class='ocrx_word' id='word_1_739' title='bbox 2139 4304 2233 4358; x_wconf 87' lang='lat' dir='ltr'><strong>per</strong></span> <span class='ocrx_word' id='word_1_740' title='bbox 2264 4276 2621 4357; x_wconf 87' lang='lat' dir='ltr'><strong>timiditatem,</strong></span> <span class='ocrx_word' id='word_1_741' title='bbox 2646 4299 2734 4344; x_wconf 89' lang='lat' dir='ltr'><strong>aut</strong></span> <span class='ocrx_word' id='word_1_742' title='bbox 2758 4290 3019 4360; x_wconf 82' lang='lat' dir='ltr'><strong>ignaviam</strong></span> <span class='ocrx_word' id='word_1_743' title='bbox 3041 4289 3304 4352; x_wconf 84' lang='lat' dir='ltr'><strong>recusavi,</strong></span> <span class='ocrx_word' id='word_1_744' title='bbox 3335 4292 3426 4342; x_wconf 90' lang='lat' dir='ltr'><strong>sed</strong></span> <span class='ocrx_word' id='word_1_745' title='bbox 3449 4303 3477 4340; x_wconf 89' lang='lat' dir='ltr'><strong>a</strong></span> <span class='ocrx_word' id='word_1_746' title='bbox 3502 4290 3694 4343; x_wconf 88' lang='lat' dir='ltr'><strong>teneris</strong></span> 
     </span>
    </p>
   </div>
   <div class='ocr_carea' id='block_1_104' title="bbox 2137 4401 3694 4470">
    <p class='ocr_par' dir='ltr' id='par_1_104' title="bbox 2137 4401 3694 4470">
     <span class='ocr_line' id='line_1_104' title="bbox 2137 4401 3694 4470; baseline 0.005 -21"><span class='ocrx_word' id='word_1_747' title='bbox 2137 4401 2358 4463; x_wconf 87' lang='lat' dir='ltr'><strong>primum</strong></span> <span class='ocrx_word' id='word_1_748' title='bbox 2399 4403 2644 4470; x_wconf 67' lang='lat' dir='ltr'><strong>augenda</strong></span> <span class='ocrx_word' id='word_1_749' title='bbox 2669 4403 2942 4456; x_wconf 76' lang='lat' dir='ltr'><strong>barbarica:</strong></span> <span class='ocrx_word' id='word_1_750' title='bbox 2970 4403 3176 4456; x_wconf 78' lang='lat' dir='ltr'><strong>vilitatis</strong></span> <span class='ocrx_word' id='word_1_751' title='bbox 3211 4411 3488 4467; x_wconf 78' lang='lat' dir='ltr'><strong>auctorem,</strong></span> <span class='ocrx_word' id='word_1_752' title='bbox 3512 4403 3694 4457; x_wconf 67' lang='lat' dir='ltr'><strong>immeo</strong></span> 
     </span>
    </p>
   </div>
   <div class='ocr_carea' id='block_1_105' title="bbox 2134 4470 3031 4525">
    <p class='ocr_par' dir='ltr' id='par_1_105' title="bbox 2134 4470 3031 4525">
     <span class='ocr_line' id='line_1_105' title="bbox 2134 4470 3031 4525; baseline 0.003 -4"><span class='ocrx_word' id='word_1_753' title='bbox 2134 4470 2307 4521; x_wconf 84' lang='lat' dir='ltr'><strong>derate</strong></span> <span class='ocrx_word' id='word_1_754' title='bbox 2336 4482 2596 4523; x_wconf 69' lang='lat' dir='ltr'><strong>notaverat</strong></span> <span class='ocrx_word' id='word_1_755' title='bbox 2626 4471 3031 4525; x_wconf 85' lang='lat' dir='ltr'><strong>Constantinum.</strong></span> 
     </span>
    </p>
   </div>
   <div class='ocr_carea' id='block_1_106' title="bbox 2207 4539 3696 4607">
    <p class='ocr_par' dir='ltr' id='par_1_106' title="bbox 2207 4539 3696 4607">
     <span class='ocr_line' id='line_1_106' title="bbox 2207 4539 3696 4607; baseline 0.001 -14"><span class='ocrx_word' id='word_1_756' title='bbox 2207 4539 2227 4569; x_wconf 82' lang='grc'>⁶</span> <span class='ocrx_word' id='word_1_757' title='bbox 2257 4540 2312 4593; x_wconf 94' lang='lat' dir='ltr'><strong>Id</strong></span> <span class='ocrx_word' id='word_1_758' title='bbox 2340 4549 2443 4603; x_wconf 79' lang='lat' dir='ltr'><strong>est,</strong></span> <span class='ocrx_word' id='word_1_759' title='bbox 2477 4541 2574 4607; x_wconf 87' lang='lat' dir='ltr'><strong>ipsi</strong></span> <span class='ocrx_word' id='word_1_760' title='bbox 2603 4541 2737 4593; x_wconf 78' lang='lat' dir='ltr'><strong>adeo</strong></span> <span class='ocrx_word' id='word_1_761' title='bbox 2765 4542 2954 4607; x_wconf 82' lang='lat' dir='ltr'><strong>singuli</strong></span> <span class='ocrx_word' id='word_1_762' title='bbox 2985 4542 3227 4595; x_wconf 77' lang='lat' dir='ltr'><strong>homines</strong></span> <span class='ocrx_word' id='word_1_763' title='bbox 3262 4540 3543 4594; x_wconf 88' lang='lat' dir='ltr'><strong>salutandi.</strong></span> <span class='ocrx_word' id='word_1_764' title='bbox 3577 4542 3696 4594; x_wconf 77' lang='lat' dir='ltr'><strong>Aci-</strong></span> 
     </span>
    </p>
   </div>
   <div class='ocr_carea' id='block_1_107' title="bbox 2135 4609 3693 4680">
    <p class='ocr_par' dir='ltr' id='par_1_107' title="bbox 2135 4609 3693 4680">
     <span class='ocr_line' id='line_1_107' title="bbox 2135 4609 3693 4680; baseline 0.001 -18"><span class='ocrx_word' id='word_1_765' title='bbox 2135 4609 2305 4662; x_wconf 87' lang='lat' dir='ltr'><strong>dalius</strong></span> <span class='ocrx_word' id='word_1_766' title='bbox 2338 4610 2461 4678; x_wconf 90' lang='lat' dir='ltr'><strong>legit</strong></span> <span class='ocrx_word' id='word_1_767' title='bbox 2487 4626 2676 4671; x_wconf 85' lang='lat' dir='ltr'><strong>omnes,</strong></span> <span class='ocrx_word' id='word_1_768' title='bbox 2705 4618 2852 4673; x_wconf 84' lang='lat' dir='ltr'><strong>atque</strong></span> <span class='ocrx_word' id='word_1_769' title='bbox 2874 4611 3020 4663; x_wconf 85' lang='lat' dir='ltr'><strong>etiam</strong></span> <span class='ocrx_word' id='word_1_770' title='bbox 3045 4612 3256 4680; x_wconf 82' lang='lat' dir='ltr'><strong>singuli,</strong></span> <span class='ocrx_word' id='word_1_771' title='bbox 3287 4620 3390 4663; x_wconf 76' lang='lat' dir='ltr'><strong>etc.</strong></span> <span class='ocrx_word' id='word_1_772' title='bbox 3432 4613 3485 4664; x_wconf 90' lang='lat' dir='ltr'><strong>In</strong></span> <span class='ocrx_word' id='word_1_773' title='bbox 3529 4611 3693 4664; x_wconf 84' lang='lat' dir='ltr'><strong>veteri</strong></span> 
     </span>
    </p>
   </div>
   <div class='ocr_carea' id='block_1_108' title="bbox 2136 4680 3695 4744">
    <p class='ocr_par' dir='ltr' id='par_1_108' title="bbox 2136 4680 3695 4744">
     <span class='ocr_line' id='line_1_108' title="bbox 2136 4680 3695 4744; baseline 0.001 -14"><span class='ocrx_word' id='word_1_774' title='bbox 2136 4693 2263 4731; x_wconf 81' lang='lat' dir='ltr'><strong>vero</strong></span> <span class='ocrx_word' id='word_1_775' title='bbox 2292 4680 2473 4733; x_wconf 88' lang='lat' dir='ltr'><strong>codice</strong></span> <span class='ocrx_word' id='word_1_776' title='bbox 2499 4690 2602 4744; x_wconf 72' lang='grc' dir='ltr'><strong>εει,</strong></span> <span class='ocrx_word' id='word_1_777' title='bbox 2635 4680 2900 4732; x_wconf 84' lang='lat' dir='ltr'><strong>ediscenda</strong></span> <span class='ocrx_word' id='word_1_778' title='bbox 2947 4681 3169 4732; x_wconf 87' lang='lat' dir='ltr'><strong>omnium</strong></span> <span class='ocrx_word' id='word_1_779' title='bbox 3199 4681 3445 4733; x_wconf 85' lang='lat' dir='ltr'><strong>nomina:</strong></span> <span class='ocrx_word' id='word_1_780' title='bbox 3472 4682 3695 4732; x_wconf 79' lang='lat' dir='ltr'><strong>tributim</strong></span> 
     </span>
    </p>
   </div>
   <div class='ocr_carea' id='block_1_109' title="bbox 2137 4749 3629 4816">
    <p class='ocr_par' dir='ltr' id='par_1_109' title="bbox 2137 4749 3629 4816">
     <span class='ocr_line' id='line_1_109' title="bbox 2137 4749 3629 4816; baseline 0.003 -15"><span class='ocrx_word' id='word_1_781' title='bbox 2137 4764 2309 4801; x_wconf 85' lang='lat' dir='ltr'><strong>omnes</strong></span> <span class='ocrx_word' id='word_1_782' title='bbox 2335 4758 2483 4816; x_wconf 76' lang='lat' dir='ltr'><strong>atque</strong></span> <span class='ocrx_word' id='word_1_783' title='bbox 2501 4749 2652 4800; x_wconf 87' lang='lat' dir='ltr'><strong>etiam</strong></span> <span class='ocrx_word' id='word_1_784' title='bbox 2675 4751 2861 4816; x_wconf 79' lang='lat' dir='ltr'><strong>singuli</strong></span> <span class='ocrx_word' id='word_1_785' title='bbox 2897 4751 3175 4803; x_wconf 81' lang='lat' dir='ltr'><strong>salutandi.</strong></span> <span class='ocrx_word' id='word_1_786' title='bbox 3627 4762 3629 4765; x_wconf 85' lang='lat'>&#39;</span> 
     </span>
    </p>
   </div>
   <div class='ocr_carea' id='block_1_110' title="bbox 2205 4817 3695 4886">
    <p class='ocr_par' dir='ltr' id='par_1_110' title="bbox 2205 4817 3695 4886">
     <span class='ocr_line' id='line_1_110' title="bbox 2205 4817 3695 4886; baseline 0.001 -14"><span class='ocrx_word' id='word_1_787' title='bbox 2205 4818 2224 4847; x_wconf 84' lang='grc'><strong>⁷</strong></span> <span class='ocrx_word' id='word_1_788' title='bbox 2251 4819 2530 4886; x_wconf 88' lang='lat' dir='ltr'><strong>Sumptum</strong></span> <span class='ocrx_word' id='word_1_789' title='bbox 2555 4818 2682 4870; x_wconf 90' lang='lat' dir='ltr'><strong>illud</strong></span> <span class='ocrx_word' id='word_1_790' title='bbox 2705 4834 2734 4871; x_wconf 92' lang='lat' dir='ltr'><strong>e</strong></span> <span class='ocrx_word' id='word_1_791' title='bbox 2757 4819 2913 4872; x_wconf 88' lang='lat' dir='ltr'><strong>&#39;I‘ullii</strong></span> <span class='ocrx_word' id='word_1_792' title='bbox 2933 4821 3024 4872; x_wconf 90' lang='lat' dir='ltr'><strong>lib.</strong></span> <span class='ocrx_word' id='word_1_793' title='bbox 3055 4837 3067 4870; x_wconf 91' lang='lat' dir='ltr'><strong>I</strong></span> <span class='ocrx_word' id='word_1_794' title='bbox 3094 4821 3158 4870; x_wconf 89' lang='lat' dir='ltr'><strong>de</strong></span> <span class='ocrx_word' id='word_1_795' title='bbox 3186 4818 3358 4882; x_wconf 87' lang='lat' dir='ltr'><strong>0rat.,</strong></span> <span class='ocrx_word' id='word_1_796' title='bbox 3382 4833 3523 4872; x_wconf 89' lang='lat' dir='ltr'><strong>num.</strong></span> <span class='ocrx_word' id='word_1_797' title='bbox 3560 4817 3695 4874; x_wconf 64' lang='lat' dir='ltr'><strong>IIS:</strong></span> 
     </span>
    </p>
   </div>
   <div class='ocr_carea' id='block_1_111' title="bbox 2136 4885 3273 4957">
    <p class='ocr_par' dir='ltr' id='par_1_111' title="bbox 2136 4885 3273 4957">
     <span class='ocr_line' id='line_1_111' title="bbox 2136 4885 3273 4957; baseline 0.001 -19"><span class='ocrx_word' id='word_1_798' title='bbox 2136 4885 2519 4957; x_wconf 72' lang='lat' dir='ltr'><strong>Equidentcum</strong></span> <span class='ocrx_word' id='word_1_799' title='bbox 2543 4897 2756 4955; x_wconf 83' lang='lat' dir='ltr'><strong>peterem</strong></span> <span class='ocrx_word' id='word_1_800' title='bbox 2797 4891 3142 4957; x_wconf 83' lang='lat' dir='ltr'><strong>magistratus,</strong></span> <span class='ocrx_word' id='word_1_801' title='bbox 3167 4899 3273 4942; x_wconf 89' lang='lat' dir='ltr'><strong>etc.</strong></span> 
     </span>
    </p>
   </div>
   <div class='ocr_carea' id='block_1_112' title="bbox 2209 4956 3694 5027">
    <p class='ocr_par' dir='ltr' id='par_1_112' title="bbox 2209 4956 3694 5027">
     <span class='ocr_line' id='line_1_112' title="bbox 2209 4956 3694 5027; baseline -0.001 -18"><span class='ocrx_word' id='word_1_802' title='bbox 2209 4958 2229 4983; x_wconf 68' lang='grc' dir='ltr'>ἰ</span> <span class='ocrx_word' id='word_1_803' title='bbox 2257 4956 2311 5009; x_wconf 93' lang='lat' dir='ltr'><strong>Id</strong></span> <span class='ocrx_word' id='word_1_804' title='bbox 2340 4966 2440 5018; x_wconf 91' lang='lat' dir='ltr'><strong>est,</strong></span> <span class='ocrx_word' id='word_1_805' title='bbox 2469 4972 2734 5026; x_wconf 86' lang='lat' dir='ltr'><strong>nunquam</strong></span> <span class='ocrx_word' id='word_1_806' title='bbox 2781 4956 3096 5027; x_wconf 71' lang='lat' dir='ltr'><strong>pra-turam,</strong></span> <span class='ocrx_word' id='word_1_807' title='bbox 3145 4972 3411 5027; x_wconf 73' lang='lat' dir='ltr'><strong>nunquam</strong></span> <span class='ocrx_word' id='word_1_808' title='bbox 3451 4957 3694 5010; x_wconf 82' lang='lat' dir='ltr'><strong>consula-</strong></span> 
     </span>
    </p>
   </div>
   <div class='ocr_carea' id='block_1_113' title="bbox 2138 5024 3693 5096">
    <p class='ocr_par' dir='ltr' id='par_1_113' title="bbox 2138 5024 3693 5096">
     <span class='ocr_line' id='line_1_113' title="bbox 2138 5024 3693 5096; baseline 0.003 -20"><span class='ocrx_word' id='word_1_809' title='bbox 2138 5033 2247 5096; x_wconf 77' lang='lat' dir='ltr'><strong>tum</strong></span> <span class='ocrx_word' id='word_1_810' title='bbox 2279 5027 2528 5093; x_wconf 86' lang='lat' dir='ltr'><strong>appetivi,</strong></span> <span class='ocrx_word' id='word_1_811' title='bbox 2574 5024 2797 5096; x_wconf 41' lang='lat' dir='ltr'><strong>utrique’</strong></span> <span class='ocrx_word' id='word_1_812' title='bbox 2820 5028 2960 5082; x_wconf 90' lang='lat' dir='ltr'><strong>enim</strong></span> <span class='ocrx_word' id='word_1_813' title='bbox 2990 5041 3086 5096; x_wconf 91' lang='lat' dir='ltr'><strong>pro</strong></span> <span class='ocrx_word' id='word_1_814' title='bbox 3126 5039 3223 5079; x_wconf 89' lang='lat' dir='ltr'><strong>suo</strong></span> <span class='ocrx_word' id='word_1_815' title='bbox 3270 5024 3580 5095; x_wconf 73' lang='lat' dir='ltr'><strong>magismtu</strong></span> <span class='ocrx_word' id='word_1_816' title='bbox 3608 5027 3693 5095; x_wconf 80' lang='lat' dir='ltr'><strong>jus</strong></span> 
     </span>
    </p>
   </div>
   <div class='ocr_carea' id='block_1_114' title="bbox 2140 5093 2842 5150">
    <p class='ocr_par' dir='ltr' id='par_1_114' title="bbox 2140 5093 2842 5150">
     <span class='ocr_line' id='line_1_114' title="bbox 2140 5093 2842 5150; baseline 0.003 -3"><span class='ocrx_word' id='word_1_817' title='bbox 2140 5093 2337 5148; x_wconf 88' lang='lat' dir='ltr'><strong>habent</strong></span> <span class='ocrx_word' id='word_1_818' title='bbox 2367 5103 2418 5149; x_wconf 88' lang='lat' dir='ltr'><strong>in</strong></span> <span class='ocrx_word' id='word_1_819' title='bbox 2446 5099 2638 5150; x_wconf 91' lang='lat' dir='ltr'><strong>civium</strong></span> <span class='ocrx_word' id='word_1_820' title='bbox 2660 5093 2842 5150; x_wconf 83' lang='lat' dir='ltr'><strong>vitam.</strong></span> 
     </span>
    </p>
   </div>
   <div class='ocr_carea' id='block_1_115' title="bbox 2210 5163 3690 5234">
    <p class='ocr_par' dir='ltr' id='par_1_115' title="bbox 2210 5163 3690 5234">
     <span class='ocr_line' id='line_1_115' title="bbox 2210 5163 3690 5234; baseline -0.003 -16"><span class='ocrx_word' id='word_1_821' title='bbox 2210 5167 2230 5196; x_wconf 73' lang='grc'><strong>⁸</strong></span> <span class='ocrx_word' id='word_1_822' title='bbox 2256 5165 2307 5218; x_wconf 90' lang='lat' dir='ltr'><strong>Id</strong></span> <span class='ocrx_word' id='word_1_823' title='bbox 2331 5175 2429 5230; x_wconf 88' lang='lat' dir='ltr'><strong>est,</strong></span> <span class='ocrx_word' id='word_1_824' title='bbox 2451 5182 2546 5234; x_wconf 91' lang='lat' dir='ltr'><strong>pro</strong></span> <span class='ocrx_word' id='word_1_825' title='bbox 2561 5167 2779 5219; x_wconf 89' lang='lat' dir='ltr'><strong>viribus.</strong></span> <span class='ocrx_word' id='word_1_826' title='bbox 2795 5166 3010 5218; x_wconf 78' lang='lat' dir='ltr'><strong>&#39;I‘ac‘tus</strong></span> <span class='ocrx_word' id='word_1_827' title='bbox 3030 5166 3080 5218; x_wconf 90' lang='lat' dir='ltr'><strong>in</strong></span> <span class='ocrx_word' id='word_1_828' title='bbox 3107 5165 3192 5219; x_wconf 80' lang='lat' dir='ltr'><strong>Jul</strong></span> <span class='ocrx_word' id='word_1_829' title='bbox 3217 5163 3508 5232; x_wconf 68' lang='lat' dir='ltr'><strong>iAgriccla:</strong></span> <span class='ocrx_word' id='word_1_830' title='bbox 3534 5163 3690 5219; x_wconf 79' lang='lat' dir='ltr'><strong>Vita:</strong></span> 
     </span>
    </p>
   </div>
   <div class='ocr_carea' id='block_1_116' title="bbox 2143 5231 3691 5303">
    <p class='ocr_par' dir='ltr' id='par_1_116' title="bbox 2143 5231 3691 5303">
     <span class='ocr_line' id='line_1_116' title="bbox 2143 5231 3691 5303; baseline 0.001 -19"><span class='ocrx_word' id='word_1_831' title='bbox 2143 5231 2403 5295; x_wconf 87' lang='lat' dir='ltr'><strong>Tanquam</strong></span> <span class='ocrx_word' id='word_1_832' title='bbox 2453 5231 2544 5303; x_wconf 82' lang='lat' dir='ltr'><strong>pro</strong></span> <span class='ocrx_word' id='word_1_833' title='bbox 2601 5235 2734 5288; x_wconf 79' lang='lat' dir='ltr'><strong>virili</strong></span> <span class='ocrx_word' id='word_1_834' title='bbox 2785 5236 3010 5302; x_wconf 85' lang='lat' dir='ltr'><strong>portione</strong></span> <span class='ocrx_word' id='word_1_835' title='bbox 3074 5231 3410 5289; x_wconf 80' lang='lat' dir='ltr'><strong>innocentiam</strong></span> <span class='ocrx_word' id='word_1_836' title='bbox 3473 5235 3691 5303; x_wconf 72' lang='lat' dir='ltr'><strong>principi</strong></span> 
     </span>
    </p>
   </div>
   <div class='ocr_carea' id='block_1_117' title="bbox 2141 5302 3690 5372">
    <p class='ocr_par' dir='ltr' id='par_1_117' title="bbox 2141 5302 3690 5372">
     <span class='ocr_line' id='line_1_117' title="bbox 2141 5302 3690 5372; baseline 0.002 -19"><span class='ocrx_word' id='word_1_837' title='bbox 2141 5311 2356 5370; x_wconf 82' lang='lat' dir='ltr'><strong>(nempe</strong></span> <span class='ocrx_word' id='word_1_838' title='bbox 2387 5305 2708 5372; x_wconf 86' lang='lat' dir='ltr'><strong>Domitiano)</strong></span> <span class='ocrx_word' id='word_1_839' title='bbox 2732 5306 2963 5358; x_wconf 83' lang='lat' dir='ltr'><strong>donares.</strong></span> <span class='ocrx_word' id='word_1_840' title='bbox 2995 5305 3142 5371; x_wconf 87' lang='lat' dir='ltr'><strong>Quod</strong></span> <span class='ocrx_word' id='word_1_841' title='bbox 3168 5307 3266 5358; x_wconf 89' lang='lat' dir='ltr'><strong>etsi</strong></span> <span class='ocrx_word' id='word_1_842' title='bbox 3296 5303 3431 5370; x_wconf 87' lang='lat' dir='ltr'><strong>apud</strong></span> <span class='ocrx_word' id='word_1_843' title='bbox 3460 5302 3690 5357; x_wconf 85' lang='lat' dir='ltr'><strong>Tulliqu</strong></span> 
     </span>
    </p>
   </div>
   <div class='ocr_carea' id='block_1_118' title="bbox 2139 5373 3691 5442">
    <p class='ocr_par' dir='ltr' id='par_1_118' title="bbox 2139 5373 3691 5442">
     <span class='ocr_line' id='line_1_118' title="bbox 2139 5373 3691 5442; baseline 0.001 -18"><span class='ocrx_word' id='word_1_844' title='bbox 2139 5374 2278 5439; x_wconf 90' lang='lat' dir='ltr'><strong>quod</strong></span> <span class='ocrx_word' id='word_1_845' title='bbox 2306 5373 2514 5442; x_wconf 88' lang='lat' dir='ltr'><strong>quidem</strong></span> <span class='ocrx_word' id='word_1_846' title='bbox 2545 5376 2731 5438; x_wconf 89' lang='lat' dir='ltr'><strong>sciam,</strong></span> <span class='ocrx_word' id='word_1_847' title='bbox 2767 5389 2870 5428; x_wconf 92' lang='lat' dir='ltr'><strong>non</strong></span> <span class='ocrx_word' id='word_1_848' title='bbox 2898 5377 3104 5439; x_wconf 79' lang='lat' dir='ltr'><strong>legitur,</strong></span> <span class='ocrx_word' id='word_1_849' title='bbox 3135 5388 3237 5426; x_wconf 86' lang='lat' dir='ltr'><strong>non</strong></span> <span class='ocrx_word' id='word_1_850' title='bbox 3259 5374 3485 5426; x_wconf 90' lang='lat' dir='ltr'><strong>alienum</strong></span> <span class='ocrx_word' id='word_1_851' title='bbox 3510 5382 3691 5426; x_wconf 84' lang='lat' dir='ltr'><strong>tamen</strong></span> 
     </span>
    </p>
   </div>
   <div class='ocr_carea' id='block_1_119' title="bbox 2139 5443 3692 5514">
    <p class='ocr_par' dir='ltr' id='par_1_119' title="bbox 2139 5443 3692 5514">
     <span class='ocr_line' id='line_1_119' title="bbox 2139 5443 3692 5514; baseline 0.003 -25"><span class='ocrx_word' id='word_1_852' title='bbox 2139 5452 2219 5514; x_wconf 52' lang='lat' dir='ltr'><strong>est</strong></span> <span class='ocrx_word' id='word_1_853' title='bbox 2250 5443 2371 5496; x_wconf 90' lang='lat' dir='ltr'><strong>illud</strong></span> <span class='ocrx_word' id='word_1_854' title='bbox 2396 5444 2532 5497; x_wconf 88' lang='lat' dir='ltr'><strong>Tull.</strong></span> <span class='ocrx_word' id='word_1_855' title='bbox 2569 5459 2663 5510; x_wconf 91' lang='lat' dir='ltr'><strong>pro</strong></span> <span class='ocrx_word' id='word_1_856' title='bbox 2684 5443 2892 5499; x_wconf 81' lang='lat' dir='ltr'><strong>Sextio:</strong></span> <span class='ocrx_word' id='word_1_857' title='bbox 2924 5445 3046 5499; x_wconf 79' lang='lat' dir='ltr'><strong>Hazc</strong></span> <span class='ocrx_word' id='word_1_858' title='bbox 3073 5445 3157 5514; x_wconf 87' lang='lat' dir='ltr'><strong>qui</strong></span> <span class='ocrx_word' id='word_1_859' title='bbox 3179 5459 3266 5512; x_wconf 89' lang='lat' dir='ltr'><strong>pro</strong></span> <span class='ocrx_word' id='word_1_860' title='bbox 3290 5444 3418 5497; x_wconf 75' lang='lat' dir='ltr'><strong>virili</strong></span> <span class='ocrx_word' id='word_1_861' title='bbox 3443 5454 3591 5513; x_wconf 82' lang='lat' dir='ltr'><strong>parte</strong></span> <span class='ocrx_word' id='word_1_862' title='bbox 3611 5445 3692 5495; x_wconf 71' lang='lat' dir='ltr'><strong>de-</strong></span> 
     </span>
    </p>
   </div>
   <div class='ocr_carea' id='block_1_120' title="bbox 2141 5511 2831 5582">
    <p class='ocr_par' dir='ltr' id='par_1_120' title="bbox 2141 5511 2831 5582">
     <span class='ocr_line' id='line_1_120' title="bbox 2141 5511 2831 5582; baseline 0.007 -21"><span class='ocrx_word' id='word_1_863' title='bbox 2141 5511 2373 5579; x_wconf 77' lang='lat' dir='ltr'><strong>fendunt,</strong></span> <span class='ocrx_word' id='word_1_864' title='bbox 2405 5513 2668 5582; x_wconf 81' lang='lat' dir='ltr'><strong>Optimam</strong></span> <span class='ocrx_word' id='word_1_865' title='bbox 2696 5524 2831 5566; x_wconf 83' lang='lat' dir='ltr'><strong>sunt.</strong></span> 
     </span>
    </p>
   </div>
   <div class='ocr_carea' id='block_1_121' title="bbox 1807 5598 2369 5657">
    <p class='ocr_par' dir='ltr' id='par_1_121' title="bbox 1807 5598 2369 5657">
     <span class='ocr_line' id='line_1_121' title="bbox 1807 5598 2369 5657; baseline 0.009 -5"><span class='ocrx_word' id='word_1_866' title='bbox 1807 5598 2369 5657; x_wconf 75' lang='lat' dir='ltr'><strong>INTERPBETATIO.</strong></span> 
     </span>
    </p>
   </div>
   <div class='ocr_carea' id='block_1_122' title="bbox 481 5689 2029 5809">
    <p class='ocr_par' dir='ltr' id='par_1_122' title="bbox 481 5689 2029 5809">
     <span class='ocr_line' id='line_1_122' title="bbox 481 5689 2029 5809; baseline -0.001 -67"><span class='ocrx_word' id='word_1_867' title='bbox 481 5758 513 5804; x_wconf 58' lang='grc' dir='ltr'>ά</span> <span class='ocrx_word' id='word_1_868' title='bbox 551 5689 820 5809; x_wconf 38' lang='lat' dir='ltr'><strong>“ﬁliorum,</strong></span> <span class='ocrx_word' id='word_1_869' title='bbox 861 5708 969 5763; x_wconf 79' lang='lat' dir='ltr'><strong>qua:</strong></span> <span class='ocrx_word' id='word_1_870' title='bbox 994 5692 1274 5747; x_wconf 65' lang='lat' dir='ltr'><strong>necessaria</strong></span> <span class='ocrx_word' id='word_1_871' title='bbox 1305 5698 1418 5746; x_wconf 82' lang='lat' dir='ltr'><strong>sunt</strong></span> <span class='ocrx_word' id='word_1_872' title='bbox 1456 5691 1523 5742; x_wconf 84' lang='lat' dir='ltr'><strong>ad</strong></span> <span class='ocrx_word' id='word_1_873' title='bbox 1552 5694 1723 5755; x_wconf 80' lang='lat' dir='ltr'><strong>vitam,</strong></span> <span class='ocrx_word' id='word_1_874' title='bbox 1771 5707 1911 5743; x_wconf 85' lang='lat' dir='ltr'><strong>usum</strong></span> <span class='ocrx_word' id='word_1_875' title='bbox 1938 5691 2029 5742; x_wconf 81' lang='lat' dir='ltr'><strong>sibi</strong></span> 
     </span>
     <span class='ocr_line' id='line_1_123' title="bbox 518 5769 686 5809; baseline 0.006 -1"><span class='ocrx_word' id='word_1_876' title='bbox 518 5773 585 5808; x_wconf 70' lang='lat' dir='ltr'><strong>ea</strong></span> <span class='ocrx_word' id='word_1_877' title='bbox 627 5769 686 5809; x_wconf 85' lang='lat' dir='ltr'><strong>tt.</strong></span> 
     </span>
    </p>
   </div>
   <div class='ocr_carea' id='block_1_123' title="bbox 518 5769 686 5812">
    <p class='ocr_par' dir='ltr' id='par_1_123' title="bbox 518 5769 686 5812">
     <span class='ocr_line' id='line_1_124' title="bbox 518 5769 686 5812; baseline 0.024 -4"><span class='ocrx_word' id='word_1_878' title='bbox 518 5769 686 5812; x_wconf 68' lang='lat' dir='ltr'><strong>endit.</strong></span> 
     </span>
    </p>
   </div>
   <div class='ocr_carea' id='block_1_124' title="bbox 2217 5692 2724 5748">
    <p class='ocr_par' dir='ltr' id='par_1_124' title="bbox 2217 5692 2724 5748">
     <span class='ocr_line' id='line_1_125' title="bbox 2217 5692 2724 5748; baseline 0.008 -4"><span class='ocrx_word' id='word_1_879' title='bbox 2217 5692 2240 5729; x_wconf 71' lang='grc' dir='ltr'>δ</span> <span class='ocrx_word' id='word_1_880' title='bbox 2267 5692 2492 5747; x_wconf 75' lang='lat' dir='ltr'><strong>Pectoris</strong></span> <span class='ocrx_word' id='word_1_881' title='bbox 2519 5708 2724 5748; x_wconf 84' lang='lat' dir='ltr'><strong>arcana.</strong></span> 
     </span>
    </p>
   </div>
  </div>
