3820 6330
139 384 216 436 ω

743 374 1023 431 JUIJANO
1059 372 1374 428 AUGUSTO
1416 366 1816 423 GllATIARUM
1855 365 1985 420 ACT
2013 367 2056 419 Ο
2096 364 2227 418 ιηςο
2266 361 2690 417 CONSULATU.

3225 360 3328 412 4‘39

135 492 261 543 annis
288 492 522 542 abartate
555 489 746 558 puerili
774 490 785 517 '
817 488 879 540 ad
915 489 1046 537 hanc
1078 498 1244 551 usque
1265 482 1510 536 canitiem
1536 495 1664 532 eou-
1693 486 1736 540 Α
1768 487 1928 544 atque
1970 477 2248 529 tituhantia
2289 476 2446 528 verba
2500 474 2759 542 proferre.
2812 486 2980 540 neque
3033 472 3325 526 orationem

137 585 307 634 solatus
343 596 522 632 amore
572 581 804 646 ﬂagravi.
841 589 864 612 ⁸
891 577 1194 632 SeCundum
1237 576 1394 627 etiam
1427 572 1519 623 tibi
1544 585 1669 622 ceno

138 671 352 722 fessionis
380 673 603 738 gradum
632 668 819 721 debeo.
859 664 987 718 Cum
1020 666 1072 716 in
1113 665 1333 715 aliorum
1374 661 1668 728 principum

137 767 255 809 esset
290 766 546 822 potestate
590 756 909 822 respublica,
955 754 1045 806 diu
1085 754 1290 804 inanem
1329 749 1668 816 cupiditatem

136 849 233 900 sine
258 848 360 914 spei
392 847 602 900 solatiis
640 848 763 898 fovi.
797 845 942 898 Unde
973 844 1112 896 enim
1145 842 1271 894 mihi
1296 839 1562 906 aspirandi
1605 839 1670 890 ad

141 937 223 988 hoc
248 951 430 988 nomen
474 946 621 989 esset
670 935 922 996 amentia,
957 932 983 969 ι’
1007 946 1164 997 opum
1197 944 1364 983 vacuo
1401 941 1452 1004 et
1488 928 1672 995 ignaro

138 1026 409 1080 ambiendi?
439 1027 569 1080 Nam
607 1029 829 1094 primum
863 1039 981 1078 cum
1013 1023 1192 1075 Cmsar
1221 1033 1386 1082 esses,
1433 1033 1673 1072 marcen—

147 1118 346 1182 ternjam
375 1117 677 1184 cupiditatis
711 1131 838 1168 mea:
858 1117 1119 1165 flammant
1143 1111 1253 1178 spei
1289 1110 1437 1160 bona:
1466 1108 1675 1160 ﬂatibus

138 1208 368 1260 exeitasti.
393 1208 524 1260 Cum
549 1223 678 1261 vero
695 1215 768 1271 te,
795 1206 1044 1272 Anguste,
1065 1202 1343 1255 mirificum
1361 1198 1675 1252 innocentia:

139 1316 190 1352 ac
230 1306 466 1353 virtutum
524 1311 881 1369 spectatorem
936 1299 1214 1361 viderem,
1266 1307 1392 1348 tunc
1445 1309 1672 1356 mecum,

140 1388 298 1440 tilaodi
326 1389 652 1451 Mamertine,
696 1391 966 1456 hucusque
989 1401 1090 1440 non
1123 1387 1314 1438 frustra
1347 1385 1543 1436 vixisti.
1577 1384 1678 1435 Il..-

144 1477 220 1528 bes
249 1478 491 1531 id-mcnm
519 1479 642 1531 fidei
675 1495 734 1531 ac
773 1479 1041 1532 industria:
1062 1477 1313 1544 judicem.
1339 1476 1602 1528 Memento
1627 1477 1676 1526 in

142 1579 311 1632 magno
339 1582 374 1619 ri
395 1583 419 1619 s
445 1577 566 1620 tuas
589 1583 707 1621 esse
732 1567 1060 1620 discrimine.
1076 1566 1398 1620 Scieturuon
1419 1567 1679 1619 meruisse

145 1664 186 1705 te
208 1655 548 1720 consulatum,
581 1657 624 1707 si
670 1656 762 1710 tibi
798 1671 900 1709 non
932 1656 1182 1710 detulerit
1231 1654 1317 1708 hic
1365 1656 1674 1722 imperator.

202 1743 368 1797 XVIII.
413 1757 434 1783 ε
492 1747 690 1810 Habes,
745 1749 998 1814 Auguste,
1056 1747 1412 1812 proditionem
1470 1746 1673 1798 silentii

1773 568 1940 616 solum
1967 566 2242 628 inclinare,
2277 566 2367 617 sed
2393 565 2516 615 totis
2541 563 2860 630 corporibus
2901 564 2950 614 in
2993 576 3162 629 genua
3205 560 3330 612 sub-

1775 657 1929 708 mitti.
1952 655 2194 716 Piorsus,
2223 662 2276 704 nt
2297 669 2359 705 ex
2390 653 2550 705 animi
2570 653 2830 704 sententia
2864 654 3065 719 loquar,
3101 651 3331 703 maximo

1774 744 1951 796 vendit
1976 744 2284 795 benefieittttt
2316 744 2403 810 qui
2436 757 2624 809 preces
2660 742 2871 808 aceipit.

1843 832 1983 885 th.
2017 834 2096 885 An
2126 847 2254 884 vero
2283 835 2324 883 si
2351 832 2661 884 centuriatis
2706 832 2934 884 comitiis
2963 833 3148 885 eonsm
3182 846 3331 886 crea-

1775 931 1858 975 tus
1895 938 2092 986 essent,
2123 922 2409 990 gloriosius
2439 923 2566 974 mihi
2597 923 2828 976 universi
2865 925 3039 998 pnpu'i
3067 923 3331 989 snﬂragiis

1775 1013 2073 1065 declaratus
2119 1011 2373 1064 viderer?
2420 1012 2678 1065 Minime:
2723 1012 2984 1078 siquidem
3034 1016 3190 1067 etiam
3229 1013 3332 1088 illis

1777 1105 1964 1172 priscis
2009 1105 2349 1171 temporibus,
2393 1105 2682 1157 multorum
2737 1106 2936 1158 ambitu
2987 1105 3081 1158 fuit
3116 1120 3332 1172 campus

1778 1195 2008 1246 infamis.
2037 1193 2168 1246 Nota
2207 1216 2212 1221 ’
2249 1194 2535 1246 divisurum
2577 1195 2794 1263 ﬂagitia,
2821 1205 2957 1248 notae
2985 1197 3006 1225 ‘
3039 1198 3330 1248 loeulorum

1778 1284 2078 1351 pra-stigia',
2111 1294 2217 1336 tum
2249 1299 2529 1352 operarum
2555 1286 2618 1336 ad
2653 1290 2755 1338 vim
2787 1297 2840 1340 et
2868 1288 3182 1341 seditionem
3219 1303 3330 1340 ma-

1779 1391 1879 1427 nus
1906 1386 2116 1441 empta“.
2149 1375 2255 1452 Nec
2285 1391 2414 1428 sane
2438 1386 2610 1442 potest
2643 1381 2692 1430 in
2715 1379 2932 1432 confusa
2964 1381 3332 1447 imp-sitorum

1782 1467 2118 1519 multitudine
2160 1465 2176 1502 τ
2205 1468 2492 1535 quidquam
2526 1483 2644 1520 esse
2685 1484 3025 1536 perpensum.
3057 1469 3184 1522 Nam
3212 1485 3332 1524 cum

1781 1555 1902 1607 boni
1961 1555 2065 1607 rari
2112 1558 2239 1622 sint,
2291 1560 2648 1625 improborum
2678 1560 2861 1626 vulgus
2892 1560 3232 1622 immensum,
3284 1562 3334 1614 in

1780 1661 1968 1712 campo
1997 1657 2170 1700 autem
2197 1664 2448 1701 numerus
2475 1659 2528 1702 et
2553 1650 2700 1702 turba
2733 1651 3057 1718 prmpolleat,
3089 1654 3202 1704 sine
3239 1653 3336 1704 du-

1784 1734 1868 1787 bio
1913 1734 2230 1815 intelligitur
2279 1753 2399 1790 eum
2448 1739 2712 1804 suffragiis
2747 1741 2921 1816 pppuli
2971 1743 3336 1807 magistratum

145 1837 251 1899 mei,
281 1847 331 1889 et
369 1853 477 1890 rem
507 1854 537 1891 a
581 1853 668 1891 me
698 1854 799 1891 non
826 1839 1000 1891 brevis
1028 1840 1122 1891 ξιξνὶ
1151 1839 1510 1891 taciturnitate
1539 1838 1676 1890 rela-

1792 1838 1990 1892 :apere,
2025 1840 2180 1893 quem
2232 1827 2430 1894 plures,
2474 1827 2522 1879 id
2568 1837 2669 1890 est,
2700 1844 2856 1895 quem
2899 1830 3106 1896 pejores
3147 1830 3338 1896 proba-

145 1936 253 1978 tam.
297 1927 536 1981 Nondum
593 1939 769 1981 tamen
826 1939 1014 1982 cuneta
1066 1928 1412 1997 prodiditnus.
1465 1928 1712 1982 Nullum'

146 2015 250 2069 hinc
269 2017 368 2082 jam
393 2033 605 2070 mecum
636 2019 761 2070 volo
803 2019 1005 2072 referre
1035 2029 1322 2085 secretum,
1373 2022 1548 2072 omnia
1583 2034 1677 2087 pt-

147 2117 291 2158 ctor.s
339 2122 529 2160 arcana
571 2107 829 2161 vacuabo.
861 2110 881 2138 ¹
932 2108 1314 2176 Suspendisses
1357 2108 1680 2161 benevolen-

148 2204 256 2247 tiam
290 2204 451 2258 tuam,
478 2207 531 2249 et
557 2207 659 2250 tua:
689 2198 773 2251 isti
803 2198 852 2251 in
882 2214 964 2251 me
1008 2198 1313 2252 liberalitati
1346 2207 1530 2252 contra
1567 2214 1681 2252 mo-

148 2299 219 2336 res
245 2295 352 2337 tuos
378 2287 588 2339 artificii
616 2287 816 2355 aliquid
868 2288 1187 2349 addidisses,
1223 2287 1443 2341 forsitan
1498 2303 1678 2356 rogas-

149 2390 262 2428 sem.
292 2377 435 2429 Parvi
472 2389 672 2442 autem,
726 2380 1032 2444 inmoratur,
1087 2387 1238 2447 putas
1277 2394 1395 2432 esse
1443 2381 1680 2434 beneficii

121 2470 267 2531 ,τινιοιι
296 2470 506 2536 rogandi
540 2470 666 2521 mihi
701 2469 998 2536 periculum
1044 2471 1291 2523 remisisti
1321 2470 1343 2521 ?
1388 2471 1679 2538 periculum

151 2558 355 2623 inquam,
384 2562 726 2615 sanctissime
774 2562 1081 2627 imperator,
1132 2559 1175 2612 si
1233 2570 1485 2627 praastare
1534 2562 1683 2615 dubi-

151 2659 315 2707 lasses,
343 2652 382 2701 si
413 2649 465 2701 in
498 2662 769 2716 posterum
792 2648 1110 2712 distulisses,
1135 2650 1257 2718 quid
1289 2665 1372 2704 me
1399 2651 1546 2705 fieret
1570 2659 1686 2720 post

152 2739 426 2801 repulsam?
478 2739 531 2792 In
574 2740 859 2792 levissimis
910 2755 1117 2808 quoque
1167 2740 1438 2794 beneficiis
1483 2743 1681 2810 petitis,

153 2841 234 2879 nec
275 2829 580 2896 impetratis,
636 2829 866 2882 amicitia
916 2829 1243 2884 dissolvitur.
1301 2831 1538 2900 Namque
1585 2830 1612 2870 ⁸
1641 2834 1685 2888 is

151 2932 240 2984 quo
265 2923 484 2976 amicitia
514 2923 820 2975 continetur
847 2936 1017 2988 amor,
1052 2921 1189 2989 apud
1239 2933 1522 2991 utrumque
1571 2924 1687 2992 pol-

154 3007 309 3065 luitur.
339 3012 480 3065 Alter
511 3012 679 3065 amari
703 3028 760 3066 se
789 3013 908 3080 quia
936 3027 1036 3064 non
1068 3012 1312 3079 perstitit
1359 3027 1462 3065 non
1513 3023 1681 3081 putat,

153 3095 267 3149 alter
291 3099 405 3152 odio
431 3115 489 3153 se
517 3116 640 3155 esse
660 3103 794 3169 quia
839 3115 942 3154 neu
973 3100 1202 3154 obtinuit
1236 3101 1544 3155 arbitratur.
1574 3102 1684 3157 Nec

1781 1925 1922 1968 runt.
1977 1916 2126 1970 Unde
2182 1919 2375 1971 factum
2427 1925 2510 1971 est
2556 1928 2611 1970 ut
2633 1921 2862 1986 majores
2895 1920 3062 1972 nostri
3097 1919 3339 1972 viderent

1781 2007 1800 2035 ⁸
1833 2005 2087 2059 Gabinios
2115 2007 2420 2073 designatos
2447 2015 2502 2060 et
2528 2007 2766 2074 repulsos
2795 2009 3044 2061 Catones.
3091 2007 3194 2062 Sed
3226 2008 3339 2061 huic

1779 2105 1985 2149 vetusta
2020 2106 2043 2141 Is
2077 2097 2202 2149 dent
2230 2099 2495 2150 recordari
2523 2097 2969 2166 quemadmodum
3022 2100 3180 2166 paulo
3217 2109 3339 2154 ante

1780 2186 1950 2238 honor
1980 2186 2170 2254 petitus
2197 2188 2284 2241 sit.
2325 2187 2416 2240 Vix
2447 2189 2598 2255 pauci
2629 2189 2951 2243 exstiterunt
2978 2205 3203 2259 quorum
3233 2191 3348 2244 vir-

1781 2272 1978 2330 tutibu's
2000 2278 2327 2330 deferretur:
2360 2292 2478 2331 cum
2497 2279 2708 2344 quidem
2736 2279 2864 2346 ipsis
2887 2281 2989 2334 illis
3013 2281 3160 2334 tarda
3184 2281 3341 2334 indu-

1781 2368 1925 2421 striae
1949 2380 2009 2421 ac
2040 2352 2317 2434 probitatis
2343 2382 2546 2422 merces
2587 2369 2808 2423 veniret.
2841 2371 3028 2424 Creteri
3076 2387 3200 2426 vero
3226 2387 3341 2440 per-

1781 2456 2098 2509 ditissiinitm
2148 2471 2406 2524 quemque
2451 2472 2514 2510 ex
2558 2458 2746 2512 aulicis
2794 2459 3216 2528 frequentabant,
3267 2463 3341 2515 uti

1784 2548 2048 2616 quispiam
2079 2563 2174 2616 per
2201 2559 2342 2602 artes
2374 2553 2710 2614 turpissimas
2737 2551 3043 2620 imperatori
3082 2552 3342 2620 acceptis-

1786 2641 1952 2694 simus
1983 2638 2279 2704 videbatur,
2313 2654 2433 2692 eum
2466 2640 2693 2692 assiduis
2732 2641 3001 2709 obsequiis
3031 2643 3345 2696 emereban-

1787 2741 1890 2796 tur,
1918 2731 2178 2808 donisque
2203 2734 2507 2799 captabant.
2539 2733 2644 2786 Nec
2671 2735 2813 2786 viros
2842 2733 3078 2800 quidem,
3105 2734 3196 2787 sed
3225 2749 3341 2788 mu-

1793 2823 2038 2877 lierculas
2062 2815 2428 2886 exai'nbibant,
2461 2828 2558 2876 nec
2599 2821 2820 2876 feminas
2845 2833 3068 2889 tantum,
3104 2823 3196 2877 sed
3224 2839 3344 2891 spa-

1787 2911 1953 2965 dones
1980 2924 2357 2980 quoque,quos
2379 2914 2525 2979 quasi
2552 2927 2579 2965 a
2599 2916 2867 2967 consortio
2898 2913 3108 2967 humani
3137 2919 3345 2984 generis

1788 3013 2029 3058 extorres
2059 3005 2124 3056 ab
2147 3001 2369 3071 utioque
2399 3019 2526 3057 sexu
2557 3015 2645 3056 aut
2676 3014 2880 3059 naturas
2911 3010 3082 3076 origo,
3123 3020 3212 3061 aut
3240 3009 3346 3063 cla-

1789 3095 1884 3148 des
1913 3094 2150 3163 corporis
2178 3098 2458 3162 separavit.
2496 3095 2566 3148 Ita
2594 3097 2846 3162 przeclara
2869 3098 2955 3152 illa
2985 3106 3222 3152 Veterum
3255 3114 3346 3153 no~

154 3198 263 3240 sane
289 3190 408 3242 mihi
436 3195 622 3244 consul
647 3195 874 3261 gratu'tn
905 3193 1074 3247 factus
1097 3193 1324 3260 viderer,
1351 3196 1395 3247 si
1426 3195 1679 3250 honorem
1705 3165 1758 3231 ο
1790 3186 2367 3240 ωἱηθεοτάίάίδδῖωιηη
2400 3188 2659 3256 ιιιιοηιίῑυθ
2676 3200 2738 3240 εἴ
2753 3190 2972 3243 comma
3013 3188 3347 3258 ίπηρθτθίονίθ

155 3277 368 3339 precibus
389 3281 663 3335 emissem.
692 3282 941 3336 Miserum
964 3283 1104 3336 enim
1129 3293 1185 3337 et
1216 3287 1534 3340 laboriosum
1562 3289 1713 3341 suh-‘

155 3363 310 3419 iissem
332 3372 548 3426 meliore
574 3372 672 3424 :nvi
703 3381 850 3439 parte
873 3384 1134 3427 transacta
1162 3375 1462 3430 tirocinium
1493 3395 1684 3447 rogan-

153 3452 217 3505 di.
261 3455 430 3526 Neque
459 3461 603 3513 enim
649 3461 896 3517 existimo
938 3463 1211 3517 molestius
1254 3479 1374 3520 esse
1407 3470 1683 3535 pecuniam

153 3557 289 3607 quam
320 3561 496 3612 preces
522 3546 770 3602 fundere.
802 3542 1036 3620 Denique
1057 3566 1244 3605 omnes
1282 3553 1332 3606 in
1356 3555 1581 3608 emendo
1609 3557 1686 3609 vi-

155 3632 322 3689 demus
347 3645 370 3673 ⁸
401 3639 717 3705 repensandi
747 3639 936 3695 fiducia
980 3657 1168 3710 magno
1195 3653 1479 3714 erectoque
1507 3649 1684 3700 animo

156 3735 320 3777 aurum
349 3737 725 3797 argentumque
746 3728 1086 3797 depromere;
1117 3747 1212 3786 eos
1239 3749 1367 3788 vero
1389 3739 1476 3804 qui
1504 3753 1688 3805 preces

156 3813 365 3880 allegant
407 3821 633 3874 humiles
673 3830 832 3892 atque
871 3823 1130 3877 demissos
1177 3824 1266 3877 vix
1316 3829 1686 3883 cunctabunda

217 3929 231 3957 ⁸
261 3929 593 4002 Mamertinus
623 3935 780 4002 igitur
801 3949 961 3990 senex
995 3936 1114 4002 fuit,
1147 3950 1264 3990 cum
1315 3937 1449 3992 hanc
1486 3941 1687 3994 oratio-

158 4009 260 4048 nem
285 3999 476 4052 habuit.

216 4067 232 4096 '
262 4068 366 4146 Hoc
397 4077 495 4146 est,
629 4075 972 4146 suspendia“
1009 4075 1415 4140 benevolentiam,
1458 4093 1562 4146 quo
1610 4079 1689 4132 lo-

157 4135 331 4214 quendi
357 4139 506 4190 modo
529 4139 673 4214 nihil
690 4135 826 4214 apud
849 4146 1013 4197 bonos
1037 4148 1317 4210 scriptores
1343 4135 1684 4214 frequentius.

219 4203 236 4232 ⁸
264 4204 366 4284 llos
393 4215 506 4260 erat
532 4210 674 4284 apud
711 4203 973 4284 liomanos
1027 4223 1079 4266 ut
1112 4203 1451 4284 ιῂθείδιιοιιεέ
1472 4219 1556 4284 qui
1600 4233 1683 4280 pe-

158 4280 332 4351 terent,
361 4279 575 4351 pecunia
618 4280 1001 4351 largitioncquc
1053 4279 1455 4349 suffragatorum
1489 4279 1686 4338 'studia

158 4343 244 4416 sibi
270 4346 600 4416 conciliarent
635 4366 645 4397 :
682 4343 765 4414 qui
797 4343 970 4400 autem
999 4343 1305 4416 pecuniis'tr
1331 4353 1489 4406 butim
1513 4354 1688 4407 distri-

160 4411 360 4481 buendis
391 4426 672 4481 prmerant,
700 4411 943 4470 'dit'isores
969 4411 1301 4473 dieebantnr.

1791 3287 1842 3331 et
1874 3278 2335 3345 probrosissimum
2369 3278 2710 3331 ‘adulabant.
2746 3279 2806 3333 lli
2835 3294 2950 3332 eum
2980 3282 3028 3333 in
3055 3285 3348 3350 provincias

1793 3369 2013 3422 immissi
2063 3377 2234 3431 erant,
2286 3384 2387 3437 qua
2417 3353 2590 3432 sai-ra,
2642 3384 2743 3437 qua
2792 3372 3006 3438 profana
3055 3373 3348 3440 rapiebant,

1795 3463 1894 3514 iter
1937 3460 2035 3512 sibi
2066 3461 2130 3513 ad
2160 3461 2488 3514 consulatum
2543 3462 2760 3527 pecunia
2801 3463 3122 3515 munientes.
3173 3463 3350 3530 Itaque

1792 3552 1992 3604 nullum
2013 3551 2121 3617 jam
2152 3559 2265 3603 erat
2295 3550 2549 3602 bonarum
2575 3551 2768 3603 artium
2796 3551 3046 3606 studium.

1861 3641 1975 3694 ΧΧ.
2010 3640 2204 3693 Militiae
2236 3639 2382 3693 labor
2406 3653 2434 3691 a
2456 3639 2784 3692 nobilissimo
2805 3651 3014 3709 quoque
3043 3655 3140 3710 pro
3169 3645 3352 3698 soriti.

1789 3736 1856 3789 do
1906 3745 1959 3788 et
2011 3733 2252 3788 illiberali
2296 3731 2652 3798 rejiciehatur.
2709 3729 2844 3784 Iuris
2903 3732 3072 3785 civilis
3104 3735 3347 3802 scientia,

1791 3843 1908 3897 qua:
1939 3829 1954 3857 ⁷
1988 3825 2222 3886 Manlios,
2259 3822 2279 3852 ⁸
2306 3821 2591 3884 Sciet-olus,
2613 3823 2634 3852 θ
2655 3821 2868 3875 Servios
2895 3823 2945 3874 in
2970 3824 3350 3891 amplissimum

1859 3941 1878 3970 ⁷
1905 3939 1967 3992 Τ.
1989 3937 2232 4006 Manlium
2266 3933 2511 4006 intelligit
2538 3947 2693 4000 quem
2712 3933 2891 4006 Valer.
2913 3933 3269 4006 blaxiiuuslih.
3298 3956 3350 4006 v,

1788 4025 1904 4076 (ap.
1940 4009 1993 4071 8,
2018 4004 2158 4056 luris
2181 4005 2413 4076 civilis-et
2442 4017 2701 4076 sacrorum
2747 4002 3120 4076 ponti/italiam
3155 4002 3351 4072 peritis;

1789 4070 2175 4132 sitittintfuisse
2226 4072 2401 4124 tradit.
2472 4070 2742 4142 Acidalius
2804 4084 2899 4136 pro
2958 4070 3178 4123 Manlios
3228 4077 3352 4142 legit

1792 4148 2050 4201 Manilios.
2099 4143 2338 4196 Manilius
2382 4139 2591 4206 qudem
2641 4154 2759 4192 cum
2787 4153 2845 4193 se
2891 4154 2916 4190 a
2952 4155 3009 4193 re
3042 4143 3249 4196 militari
3281 4139 3351 4199 ad

1790 4218 2054 4294 forensem
2087 4213 2246 4266 vitam
2277 4211 2603 4274 contulisset,
2633 4217 2738 4262 tres
2766 4209 2932 4263 libros
2959 4211 3025 4264 de
3051 4209 3177 4265 Jure
3210 4215 3352 4268 civili

1793 4293 2204 4403 δρζιῆῗῖιὶιυιίης
2237 4347 2469 4402 Scaevola
2497 4360 2636 4399 anno
2669 4346 2731 4401 U.
2761 4347 2822 4400 C.
2855 4347 2960 4401 6l7
2995 4350 3178 4406 consul
3229 4366 3350 4405 cum

1796 4423 1853 4475 L.
1907 4420 2230 4487 (Talphurnio
2280 4417 2473 4487 Pisone
2524 4413 2639 4477 fuit,
2681 4425 2741 4487 et
2787 4415 3020 4487 pontifex
3063 4419 3351 4487 maximus.

219 4480 396 4556 ‘llaud
436 4480 683 4539 absimile
711 4487 840 4538 illud
883 4489 1098 4540 Αυουηὶἰ
1133 4503 1319 4556 pancg.
1370 4489 1434 4542 ad
1483 4490 1688 4544 Gratia-
1716 4497 1767 4555 1)
1794 4492 1943 4545 Hunc
1990 4480 2055 4540 de
2104 4488 2239 4556 iure
2275 4480 2842 4556 eivrlideeemr‘libros
2873 4486 3163 4556 scripsisse
3195 4492 3351 4544 tradit

160 4562 305 4602 num:
334 4551 516 4606 Consul
537 4570 649 4622 ego,
677 4557 946 4624 imperator
978 4551 1218 4626 Auquite,
1250 4551 1450 4612 munere
1482 4571 1568 4612 tuo
1590 4577 1687 4614 non

159 4631 317 4699 pessus
342 4633 495 4699 septa,
515 4640 687 4699 neque
714 4641 964 4694 campum,
993 4642 1093 4679 non
1120 4627 1384 4699 suffragia,
1433 4646 1532 4681 non
1563 4648 1691 4698 pun-

158 4696 245 4747 rto,
275 4704 365 4741 non
394 4694 604 4745 (oculos.

178 4756 239 4834 u'
266 4763 338 4808 An
367 4761 539 4834 potius
577 4760 829 4834 Vatinios,
859 4772 915 4834 ut
942 4765 1183 4818 observat
1217 4765 1424 4834 Lipsius
1464 4782 1552 4832 ep.
1597 4769 1685 4830 ει,

160 4822 241 4876 lib.
259 4822 484 4903 _I_u._Cato
505 4832 736 4903 enim_in
751 4822 1000 4903 petitione
1029 4822 1332 4887 consulatus
1363 4822 1689 4903 posuiabitns

158 4893 474 4966 estAVatinio,
507 4914 612 4952 non
645 4893 887 4953 Gabinio.
922 4901 1152 4966 ldtpsnm
1183 4893 1590 4960 refert'Seneca
1629 4906 1688 4957 li-

160 4960 296 5041 bello,
328 4967 543 5041 Quodin
574 4970 872 5041 sapientent
893 4960 1164 5041 nou-Acadit
1201 4973 1410 5041 injuria.
1441 4975 1578 5026 Idem
1627 4977 1687 5027 de

159 5029 307 5110 divino
343 5029 682 5100 Proridentia,
707 5049 761 5110 et_
785 5038 958 5092 Valer.
991 5029 1307 5094 Martinult'b.
1332 5057 1422 5103 vu,
1450 5059 1565 5110 (-ap.
1598 5044 1648 5094 5.

221 5100 239 5128 ‘
261 5101 361 5156 Hac
404 5120 535 5159 voce
566 5122 692 5159 usus
747 5108 1020 5162 Lucretius
1073 5110 1163 5162 lib.
1197 5125 1254 5161 v:
1286 5100 1530 5163 Gannitu'
1559 5113 1688 5163 vocis

159 5167 379 5242 adulant;
401 5184 454 5226 et
477 5175 740 5228 Ausonius
764 5178 814 5228 in
838 5180 1122 5242 gratiarum
1146 5181 1367 5234 Actione
1388 5181 1452 5233 ad
1481 5180 1689 5232 Gratia-

158 5252 297 5289 num:
324 5239 578 5296 Centurias
608 5261 710 5296 non
737 5239 965 5300 aduiaoi.

1797 4562 2108 4615 Plutarchus
2135 4558 2184 4608 in
2216 4555 2380 4622 Sylla.
2416 4555 2578 4626 llujus
2610 4553 2840 4626 lilius_Q.
2867 4555 3055 4610 Mutins
3086 4556 3345 4626 Scmvola,

1796 4630 1997 4698 primus
2024 4629 2108 4693 jus
2139 4627 2292 4698 civile
2321 4625 2633 4698 generatim
2659 4623 2713 4698 in
2753 4623 2919 4698 libros
2978 4627 3045 4698 l8_
3088 4627 3306 4698 digeSsit
3332 4623 3349 4682 ξ

1796 4691 2049 4766 plurimus
2078 4691 2562 4766 hahuit_auditore_s
2587 4691 2944 4766 clarissimos;
2998 4695 3065 4748 ab
3095 4691 3351 4766 co'imulta

1793 4759 2039 4819 {litticiSse
2065 4779 2120 4818 se
2148 4764 2220 4816 ait
2256 4763 2477 4815 Tullius.
2517 4759 2771 4832 Eumdem
2817 4762 3042 4832 Crassus
3071 4765 3353 4832 jurisperi-

1797 4846 1967 4888 torum
1994 4834 2504 4900 clnquentiss'mum,
2527 4840 2580 4882 et
2609 4830 2968 4900 eloquentium
2992 4830 3348 4899 jurisperitis-

1796 4908 1987 4958 simum
2019 4899 2154 4968 apu-I
2186 4903 2408 4954 Tullium
2439 4901 2762 4968 appellabat.
2789 4899 2909 4954 Fuit
2935 4911 3190 4969 praeterea
3216 4905 3352 4958 alter

1796 4978 1858 5040 ρ.
1893 4973 2082 5025 Mntius
2114 4972 2345 5027 Sesevola
2375 4974 2574 5036 Augur,
2600 4985 2757 5038 quem
2785 4971 2974 5024 Cicero
3001 4971 3348 5026 disserentem

1799 5046 1848 5095 in
1880 5043 2013 5095 libro
2039 5042 2104 5094 de
2135 5041 2377 5093 Amicitia
2410 5041 2714 5102 introducit,
2747 5054 2775 5092 a
2799 5055 2904 5106 quo
2923 5041 3010 5108 jns
3037 5041 3189 5093 civile
3217 5042 3351 5095 didi-

1797 5113 1930 5164 cisse
1956 5127 2014 5164 se
2048 5111 2344 5176 profitetur.
2380 5109 2505 5160 Erat
2534 5107 2577 5160 is
2599 5108 2741 5160 Laelii
2763 5107 2946 5176 gener,
2969 5108 3145 5162 Crassi
3175 5124 3345 5166 socer.

1867 5185 1885 5212 ’
1920 5180 1973 5231 P.
2029 5180 2269 5233 Serviunt
2315 5177 2592 5244 Sulpitium
2639 5193 2759 5245 pu:a
2813 5180 2900 5243 qui
2943 5195 3027 5230 an.
3063 5177 3124 5232 U.
3155 5179 3212 5231 C.
3249 5181 3348 5232 703

1800 5249 1981 5302 consul
2043 5249 2160 5301 fuit.
2218 5250 2264 5300 is
2307 5261 2528 5316 magnus
2553 5248 2618 5313 ρ.
2651 5245 2796 5300 Μυιίἱ
2827 5248 3078 5301 δρωνοιω
3115 5249 3347 5305 imitatur

1461 5337 2024 5395 INTERPRETATIO.

218 5426 240 5495 ξ
268 5417 372 5495 oc
398 5439 594 5492 quoque
619 5426 837 5478 alterum
868 5427 955 5478 tibi
977 5428 1125 5495 fateri
1156 5428 1328 5482 debeo.

158 5564 171 5604 ι
215 5484 240 5521 δ
264 5489 377 5541 Cum
402 5484 556 5559 neque
574 5505 892 5563 suppeterent
916 5484 1054 5564 opes,
1073 5515 1230 5566 neque
1249 5497 1505 5550 ambiendi
1530 5509 1687 5552 artem

175 5570 369 5604 (aerem-

175 5570 369 5610 (aerem.

221 5634 240 5657 '-
265 5625 824 5704 Ilabesezplicationem
855 5635 1039 5689 silentii
1070 5636 1167 5689 mei
1201 5645 1248 5690 tt
1277 5652 1381 5689 rem
1417 5653 1563 5704 quam
1595 5649 1689 5689 au-

160 5690 262 5746 dam
279 5696 472 5749 ‘silentio
498 5690 800 5768 presserant.

1863 5429 1886 5465 ἀ
1923 5430 1976 5482 Is
1996 5431 2226 5495 a/fectus,
2257 5447 2353 5496 quo
2381 5439 2601 5482 amicitia
2628 5440 2955 5484 sustentatur.

1871 5511 1890 5535 ε
1924 5500 2140 5564 Corripe"
2170 5503 2309 5555 andi.

1870 5567 1887 5604 τ
1928 5570 2255 5636 Aliquid'esse
2279 5567 2674 5620 consideratam.

1869 5646 1890 5682 6
1930 5637 2166 5691 Rerorent
2195 5640 2244 5689 in
2276 5639 2580 5690 memoriam.
