3820 6370
508 479 609 534 ιεδ

1862 470 2328 529 MAMERTINUS.

3631 474 3729 529 ιξι

508 587 724 658 gradum
748 586 1015 653 dignitatis
1040 584 1297 651 evexerit,
1323 584 1633 641 libertorum
1671 581 1959 637 artificium
1983 581 2066 636 di-
2094 584 2153 641 Α
2174 582 2410 637 dentiam
2436 600 2449 646 ;
2503 585 2643 639 ultro
2681 585 2746 639 ad
2786 593 2835 640 te
2866 586 3127 642 maximus
3157 586 3447 652 imperator
3476 585 3694 639 accedet

507 677 741 732 cebatur.
765 677 1060 732 Oratoriam
1100 677 1312 732 dicendi
1335 676 1661 742 facultatem,
1690 675 1840 729 multi
1871 673 2065 728 laboris

507 773 561 820 et
581 765 781 818 minimi
806 780 929 820 usus
949 765 1241 831 negotium,
1264 766 1429 819 nostri
1455 778 1701 834 proceres
1725 762 2063 830 respuebant,

507 854 630 909 dum
678 855 917 911 homines
946 854 1183 912 noluisse
1230 854 1394 908 videri
1421 855 1628 920 volunt,
1661 853 1801 923 quod
1852 852 2064 920 assequi

512 946 880 1013 nequiverunt.
923 946 989 999 Et
1025 960 1151 1000 vere
1178 954 1379 1000 tantum
1418 946 1614 999 laboris
1662 944 2066 1013 vigiliarumque

508 1036 783 1113 suscipere
811 1034 877 1089 ad
923 1035 1320 1103 adipiscendum
1350 1034 1502 1103 cujus
1542 1049 1667 1087 usus
1694 1032 1914 1103 agenda:
1944 1033 2066 1087 vita:

508 1135 821 1179 ornamenta
846 1139 949 1179 non
972 1124 1279 1193 adjuvaret,
1316 1123 1582 1179 dementia
1610 1122 1923 1178 ducebatur.
1967 1123 2068 1176 Ita-

507 1230 609 1284 que
637 1228 797 1270 omne
838 1213 1071 1269 studium
1123 1214 1362 1281 pecunia:
1385 1211 1783 1267 coacervandae.
1830 1212 1848 1242 ⁸
1896 1210 2068 1266 Tanto

508 1305 650 1358 enim
676 1304 757 1357 vir
780 1303 1004 1372 quisque
1024 1302 1235 1367 melior,
1254 1311 1452 1371 quanto
1478 1300 1810 1377 pecuniosior
1832 1300 2064 1355 habeba-

508 1403 614 1449 tur.
644 1392 760 1448 iam
806 1390 1073 1449 serviendi
1118 1391 1417 1447 miseranda
1456 1391 1729 1461 patientia,
1759 1392 2065 1448 assentandi

512 1486 645 1539 mira
688 1484 969 1539 calliditas.
1016 1483 1383 1538 Ministrorum
1427 1482 1566 1537 aulai
1610 1483 1846 1553 quotidie
1886 1484 2065 1538 limina

510 1573 837 1640 terebantur.
858 1571 940 1627 Ad
970 1571 1113 1627 fores
1160 1587 1345 1627 eorum
1374 1572 1463 1641 qui
1488 1572 1648 1642 regiis
1695 1572 2067 1641 cupiditatibus

511 1662 817 1717 serviebant
846 1665 866 1695 ³
896 1671 1079 1718 ternos
1104 1662 1339 1731 patricias
1363 1663 1535 1732 gentis
1560 1662 1705 1719 viros
1724 1676 1973 1735 cerneres
1999 1663 2068 1719 ab

510 1753 813 1821 huiusmodi
842 1753 1107 1809 dedecore
1134 1752 1453 1819 nonimbri,
1484 1768 1590 1807 non
1622 1754 1765 1822 gelu,
1797 1767 1903 1807 non
1922 1768 2069 1807 ama-

512 1840 743 1896 ritudine
782 1842 948 1910 ipsius
970 1842 1178 1911 injuria:
1207 1842 1492 1897 deterreri.
1522 1842 1766 1906 Demissi,
1794 1842 2064 1911 jacentes-

2168 681 2223 727 et
2281 681 2343 725 ut
2379 687 2631 743 capessas
2672 675 3050 745 rempublicam
3092 676 3368 745 flagitabit.
3417 676 3602 730 Otioso
3642 677 3729 731 tib'

2164 772 2325 832 atque
2352 764 2455 817 alia
2487 767 2690 819 curanti
2724 768 3034 833 provincize,
3081 766 3445 835 praefecturae,
3494 767 3514 796 '
3543 766 3727 831 fasces,

2166 857 2298 911 sella
2342 858 2577 922 curulis,
2626 868 2784 925 atque
2833 858 3055 925 insignia
3102 859 3275 911 omnia
3325 859 3723 924 magistratuum

2170 944 2521 1013 perferentur.
2575 946 2707 1011 Quid
2749 946 2891 999 enim
2935 946 3034 999 sibi
3065 962 3205 1001 verm
3250 948 3329 999 vir
3375 946 3724 1014 perfectaque

2166 1028 2375 1089 virtutis
2402 1052 2504 1089 non
2533 1046 2833 1090 constanter
2856 1037 2921 1091 de
2948 1038 3149 1091 honore
3180 1038 3472 1102 promittat,
3498 1052 3616 1089 cum
3647 1051 3726 1091 me

2168 1134 2388 1193 promer
2418 1128 2680 1180 tantillum
2712 1128 3030 1181 innocentiae
3069 1129 3315 1181 meritum
3358 1142 3464 1179 uno
3508 1128 3558 1181 in
3598 1141 3727 1181 anno

2168 1215 2189 1245 °
2216 1225 2296 1267 ter
2324 1215 2506 1270 videat
2532 1215 2849 1268 honoratum
2875 1215 2895 1266 ?

2240 1304 2405 1359 XXII.
2450 1304 2643 1373 Ecquis
2664 1304 2797 1359 deus
2818 1320 2923 1359 uno
2953 1306 3003 1357 in
3032 1319 3171 1359 anno
3195 1304 3517 1372 multiplices
3538 1304 3727 1357 fructus

2166 1402 2296 1465 agro
2333 1395 2425 1449 uni
2463 1395 2652 1455 dediti
2700 1395 2834 1451 Num
2879 1396 3153 1465 quisquam
3182 1397 3199 1425 ⁷
3225 1395 3276 1449 in
3318 1394 3506 1449 eadem
3554 1394 3721 1447 novali

2165 1492 2357 1547 estate
2380 1497 2485 1537 una
2517 1483 2745 1552 amplius
2771 1499 2926 1551 quam
2970 1481 3137 1539 semel
3173 1483 3435 1538 messuitl
3485 1482 3621 1537 Num
3650 1482 3724 1536 cli

2169 1588 2275 1629 uno
2300 1582 2576 1640 autumno,
2602 1587 2809 1641 unoque
2834 1574 3011 1627 vineta
3036 1572 3297 1627 vindemia
3330 1572 3521 1640 triplex
3546 1571 3725 1625 fluxit?

2175 1663 2285 1719 Una
2317 1672 2464 1718 certe
2494 1663 2649 1718 unius
2678 1670 2762 1717 est
2802 1662 2992 1717 hiemis
3016 1664 3037 1694 ⁸
3058 1662 3292 1716 olivitas.
3342 1662 3449 1717 Sed
3484 1663 3536 1715 in
3569 1661 3723 1715 nostri

2174 1752 2427 1821 principis
2466 1751 2735 1806 beneflciis
2778 1751 3035 1806 miraculo
3073 1762 3216 1806 caret
3260 1752 3608 1821 multiplicata
3656 1751 3723 1805 fe-

2167 1842 2430 1898 cunditas.
2488 1841 2553 1896 Ut
2592 1842 2659 1895 de
2698 1842 2817 1896 aliis
2857 1842 3070 1909 optimis
3112 1841 3240 1894 vitis
3287 1850 3520 1904 taceam,
3569 1841 3656 1909 qui
3694 1855 3719 1893 a

516 1946 618 1999 que
648 1933 731 1985 vis
753 1933 927 2001 capita
954 1946 1113 2001 supra
1156 1946 1342 1987 eorum
1370 1947 1506 2001 quos
1526 1932 1873 2001 precabantur
1894 1947 2065 2001 genua
2097 1918 2141 1976 Β
2170 1932 2346 2000 priore
2399 1930 2452 1984 in
2502 1931 2797 1998 proximum
2847 1940 3156 1985 autumnum
3206 1931 3406 1985 fructus
3465 1932 3717 1984 honorum

514 2020 784 2074 tollebant.
818 2020 896 2074 Ad
931 2028 1279 2089 postremum,
1326 2022 1552 2075 honores
1594 2036 1701 2074 non
1723 2020 1943 2089 judicio,
1974 2031 2067 2076 aut

514 2110 880 2164 benevolentia
931 2111 1303 2179 superborum,
1352 2110 1447 2166 sed
1490 2111 1850 2165 misericordia
1891 2126 2063 2167 mere.

512 2200 719 2253 bantur.

580 2291 718 2345 XXI.
762 2292 828 2345 At
876 2305 1015 2345 nunc
1061 2290 1300 2361 quisquis
1348 2290 1677 2360 provincias.
1730 2291 2065 2354 tribunatus,

512 2383 878 2450 przt-fecturas,
910 2385 1215 2438 consulatus
1244 2387 1423 2449 cupit,
1456 2383 1586 2435 iribii
1623 2396 1840 2436 necesse
1867 2389 1950 2436 est
1977 2397 2069 2450 pe-

514 2472 713 2526 cuniam
749 2487 841 2541 per
870 2471 948 2527 fas
977 2480 1033 2527 et
1058 2474 1205 2526 nefas
1236 2481 1467 2543 qumrat,
1503 2486 1565 2525 ac
1593 2471 1888 2525 libertatem
1918 2484 2067 2526 suam

509 2563 764 2617 salutator
788 2562 907 2615 vilis
934 2562 1230 2616 imminuat.
1270 2562 1480 2627 Quanto
1506 2560 1667 2615 fuerit
1697 2560 1926 2629 paratior
1949 2575 2064 2616 ser-

510 2653 685 2715 vituti,
706 2658 853 2706 tanto
880 2648 1085 2705 honore
1106 2650 1369 2720 indignior
1390 2650 1411 2680 ⁸
1436 2651 1726 2704 vocabitur.
1764 2651 1895 2705 Tum
1925 2649 2067 2705 aliud

508 2742 765 2809 quoddam
813 2742 1083 2796 hominum
1120 2756 1291 2813 genus
1330 2752 1413 2798 est
1456 2744 1507 2797 in
1548 2744 1777 2797 amicitia
1813 2743 2065 2811 principis

512 2832 711 2896 nostri,
753 2834 905 2897 rude,
948 2839 1007 2886 nt
1033 2833 1249 2887 urbanis
1279 2833 1395 2887 istis
1420 2834 1646 2896 videtur,
1680 2848 1862 2901 parum
1891 2846 2063 2897 come,

511 2922 908 2987 subrusticum;
961 2921 1337 2975 blandimentis
1389 2922 1713 2975 adulantium
1769 2931 2063 2990 repugnat,

511 3011 748 3076 pecuniae
780 3024 908 3063 vero
937 3010 1124 3064 aliena:
1153 3019 1399 3078 tanquam
1440 3012 1515 3063 rei
1548 3012 1719 3064 noxia:
1751 3020 1944 3064 tactum
1978 3028 2063 3065 re-

509 3100 787 3166 formidat,
853 3101 1111 3155 maximas
1158 3115 1290 3171 opes
1337 3102 1389 3154 in
1438 3102 1741 3169 reipublicae
1786 3101 1968 3155 salute‘
2010 3109 2065 3157 et

508 3190 737 3257 gloriosa
770 3191 1103 3259 imperatoris
1143 3193 1224 3245 sui
1267 3192 1419 3246 laude
1455 3194 1749 3245 constituit.
1798 3193 1915 3245 Jam
1953 3192 2064 3260 ipse

2170 2018 2531 2088 multipliciter
2582 2030 2953 2083 messuerunt,
3007 2020 3134 2074 mihi
3179 2029 3323 2074 certe
3372 2020 3525 2074 tertia
3579 2020 3721 2073 unius

2169 2108 2294 2161 anni
2336 2108 2546 2162 ubertas
2589 2120 2670 2163 est
2707 2109 3036 2163 consulatus.
3088 2109 3317 2163 Primum
3353 2108 3721 2164 thesaurorum

2168 2203 2403 2257 omnium
2434 2203 2677 2258 mandata
2712 2202 2982 2269 custodia,
3013 2212 3066 2256 et
3092 2203 3419 2271 dispensatio
3447 2203 3716 2271 largiendi.

2168 2291 2467 2347 Secundum
2500 2292 2672 2347 locum
2712 2300 2857 2346 tenet
2899 2294 2949 2345 in
2987 2292 3248 2348 honorum
3280 2306 3518 2345 meorum
3549 2292 3721 2346 fructi»

2169 2380 2267 2433 bus
2292 2379 2628 2448 praefectura.
2672 2379 2898 2435 Additus
2925 2381 3028 2446 his,
3059 2395 3162 2448 quo
3190 2380 3273 2433 vel
3302 2380 3420 2433 solo
3446 2380 3719 2447 cujuslibet

2167 2469 2394 2523 aviditas
2413 2469 2729 2537 vinceretur,
2752 2482 3100 2537 proventuurn
3128 2477 3336 2522 tuorum
3368 2467 3576 2532 tertius,
3599 2482 3717 2523 cen-

2166 2561 2392 2617 sulatus.
2447 2560 2578 2616 Dein
2623 2576 2742 2616 cum
2788 2576 2915 2631 ager
2958 2560 3265 2615 assiduitate
3309 2560 3575 2613 fructuum
3614 2558 3641 2597 δ
3670 2559 3717 2615 in

2168 2651 2392 2707 maciem
2439 2650 2814 2718 decoquatur:
2866 2650 3203 2719 imperatoris
3252 2649 3417 2703 nostri
3468 2647 3717 2717 posterior

2171 2738 2458 2795 liberalitas
2483 2738 2644 2793 vincit
2669 2737 2921 2807 priorem,
2946 2750 3042 2791 nec
3067 2738 3125 2790 tit
3145 2734 3300 2791 eﬂ‘eta
3328 2736 3611 2805 gignendo,
3632 2735 3716 2790 sed

2166 2844 2260 2899 per
2300 2829 2443 2883 vices
2488 2829 2746 2884 fructuum
2794 2828 3127 2884 fecundatur.
3184 2827 3327 2883 Nova
3375 2842 3592 2895 prorsus
3629 2826 3716 2882 fuit

2166 2918 2423 2974 honorum
2449 2918 2853 2975 deferendorum
2882 2930 2934 2976 et
2962 2920 3229 2988 insperata
3256 2919 3550 2988 congestio.
3584 2918 3715 2971 Nou-

2164 3008 2289 3063 dum
2333 3018 2527 3064 statum
2574 3026 2725 3065 suum
2770 3011 3000 3065 siderum
3046 3009 3307 3065 curricola
3350 3017 3706 3068 mutaverant,

2168 3115 2191 3143 ο
2215 3106 2324 3173 jam
2356 3104 2603 3173 princeps
2631 3117 2847 3157 cursum
2873 3102 3142 3171 dignitatis
3170 3100 3387 3155 alterius
3415 3114 3709 3154 commove-

2165 3194 2282 3257 bat;
2314 3202 2368 3247 et
2392 3194 2500 3259 jam
2532 3200 2642 3244 tum
2670 3192 2749 3244 sol
2785 3191 2852 3244 ab
2878 3189 3186 3245 earumdem
3215 3200 3479 3244 astrorum
3513 3191 3712 3258 regione

508 3287 529 3310 ⁵
550 3281 747 3348 ingenti
779 3282 1065 3351 divinaque
1103 3283 1435 3350 providentia
1476 3284 1731 3337 adversus
1767 3297 1953 3337 omnes
1981 3298 2063 3336 as-
2089 3261 2133 3322 c
2166 3283 2429 3347 radiabat,
2455 3282 2566 3351 jam
2596 3282 2857 3349 Augustus
2886 3282 3035 3334 tertia
3069 3281 3405 3349 magistratus
3441 3282 3543 3334 mei
3572 3278 3709 3347 signa

510 3378 835 3423 scutatorum
894 3371 1170 3425 illecebras
1226 3373 1609 3440 captionesque
1674 3374 1907 3428 munitus
1958 3382 2060 3428 est.

512 3466 536 3492 ο
566 3458 769 3525 Quippe
797 3460 844 3513 ei
873 3475 903 3512 a
930 3460 1117 3513 fucatis
1154 3460 1478 3514 adulantium
1506 3462 1723 3514 venenis
1751 3463 1891 3530 quod
1924 3465 2062 3531 peri-

510 3546 683 3597 culum
725 3557 835 3613 est,
878 3549 965 3616 qui
1006 3563 1162 3601 aures
1192 3548 1352 3600 etiam
1380 3549 1517 3601 veris
1552 3550 1792 3603 laudibus
1819 3562 2063 3618 gravatus

511 3635 815 3700 impertiat?
866 3637 971 3689 Sed
1018 3638 1181 3690 multo
1227 3638 1498 3704 multoque
1545 3653 1681 3691 nunc
1732 3638 1938 3694 facilior
1980 3649 2061 3695 est

508 3726 642 3776 ratio
685 3724 941 3778 honorum
982 3726 1351 3794 petendorum.
1397 3726 1667 3795 Quisquis,
1708 3730 1939 3797 inquam,
1971 3747 2061 3786 ca-

509 3812 631 3878 pere
670 3816 1030 3881 magistratum
1071 3816 1247 3881 voies,
1300 3817 1415 3868 auri
1464 3828 1622 3883 atque
1660 3819 1861 3885 argenti
1900 3822 2062 3889 neglio

508 3916 635 3968 gens
683 3911 829 3966 esto;
881 3904 1047 3955 nullas
1095 3904 1325 3956 ostiatim
1371 3906 1662 3975 potentium
1712 3907 1851 3961 aedes
1895 3911 2058 3975 obito,

509 3990 699 4042 nullius
731 3992 911 4058 pedes,
943 3991 1137 4044 nullius
1170 4006 1340 4061 genua
1367 3996 1751 4060 complectitor.
1800 3998 2061 4053 Adhibeto

508 4089 704 4133 tan'um
738 4081 826 4132 tibi
857 4069 1138 4148 gratuitas
1168 4089 1221 4132 et
1262 4090 1443 4148 paratu
1483 4080 1758 4135 facillimas
1809 4086 2060 4152 comites,

508 4167 790 4236 iustitiam,
832 4169 1229 4239 fortitudinem,
1271 4171 1706 4237 temperantiam,
1746 4184 1903 4241 atque
1930 4190 2063 4243 pru-

509 4344 625 4406 fuit,
665 4360 693 4396 a
732 4358 834 4410 quo
888 4343 952 4397 ad
978 4342 1322 4410 juriscivilis
1349 4345 1623 4400 scientiam
1668 4349 1928 4403 excitatur
1980 4367 2059 4407 ms

510 4416 681 4467 verbis
714 4430 725 4463 :
755 4412 927 4489 liurpe
971 4424 1042 4465 est
1079 4412 1307 4489 {uirida
1341 4430 1518 4489 causas
1556 4419 1737 4489 oranti,
1762 4421 1846 4487 jus
1874 4423 1925 4473 in
1953 4438 2058 4489 quo

508 4493 730 4558 versatur
780 4483 1034 4558 ignorare.
1085 4483 1329 4558 Omnium
1371 4484 1569 4549 primus
1594 4483 1917 4558 dialecticam
1952 4483 2057 4558 ,ἰυτί

2171 3372 2591 3427 transcenderat.
2622 3372 2831 3434 Quaeso,
2860 3383 2966 3424 non
2992 3369 3140 3423 vobis
3170 3369 3339 3423 inanis
3369 3372 3551 3438 gloria:
3574 3370 3710 3436 cupi-

2165 3466 2437 3525 dissimus.
2458 3477 2563 3517 non
2581 3461 2811 3531 flagrans
2828 3461 3115 3516 ambitione
3138 3462 3356 3515 notabili
3376 3462 3657 3527 videretur,
3674 3460 3709 3513 si

2165 3554 2283 3623 quis
2310 3554 2363 3607 in
2389 3567 2449 3607 se
2480 3562 2623 3605 tanta
2666 3553 2859 3619 pariter
2888 3559 3150 3617 aptasset,
3190 3558 3382 3619 quanta
3423 3550 3477 3604 in
3508 3565 3589 3606 me
3619 3563 3711 3603 uno

2162 3655 2404 3709 tempore
2428 3643 2696 3708 Augustus
2722 3638 2936 3705 ingessit
2958 3638 2978 3689 1

2235 3729 2422 3784 XXIII.
2466 3729 2698 3782 Habitari
2746 3726 2813 3781 ab
2856 3726 3013 3795 justis
3040 3728 3165 3780 virts
3204 3735 3373 3781 terras
3419 3728 3472 3781 in
3515 3727 3710 3782 Oceano

2165 3822 2363 3889 ferunt,
2391 3834 2523 3891 quas
2544 3823 2563 3851 ’
2580 3818 2985 3883 Fortunatorum
3014 3817 3209 3871 insulas
3234 3825 3446 3882 vocant,
3469 3816 3604 3885 quod
3628 3829 3710 3883 per

2162 3926 2257 3967 eas
2285 3926 2389 3965 non
2422 3918 2570 3964 arato
2601 3909 2714 3963 solo
2741 3909 3001 3963 frumenta
3029 3917 3334 3967 nascuntur,
3373 3906 3606 3960 fortuitis
3632 3907 3702 3957 vi-

2168 4006 2307 4060 tibus
2342 4004 2468 4073 juga
2512 4001 2724 4056 collium
2750 4000 3066 4067 vestiuntur,
3116 4007 3305 4067 sponte
3350 3997 3520 4064 pomis
3562 3995 3706 4047 arbor

2169 4104 2439 4159 gravatur,
2479 4091 2544 4143 ad
2582 4090 2863 4144 herbarum
2891 4089 3057 4143 vicem
3085 4090 3202 4142 olus
3231 4086 3386 4154 vulgo
3416 4095 3518 4140 est.
3547 4084 3709 4151 Quam

2172 4183 2284 4234 tula
2310 4182 2408 4235 ista
2429 4190 2571 4245 sunt,
2594 4178 2639 4232 si
2657 4176 2817 4231 deum
2834 4170 3100 4231 auctorem
3121 4175 3449 4241 consideres,
3474 4186 3705 4227 munera.

2235 4325 2265 4389 ⁸.
2301 4358 2540 4413 Duodem
2586 4372 2617 4411 a
2662 4354 2938 4411 lictoribus
2986 4364 3109 4409 ante
3153 4355 3427 4410 consulem
3470 4354 3707 4424 praefere-

2164 4427 2564 4549 bagigeurihus
2604 4491 2901 4548 Mamertini
2942 4492 3334 4562 magistratibus
3378 4493 3526 4548 initio
3567 4490 3708 4560 hujus

509 4552 851 4623 atl‘liihuittet
869 4553 1055 4623 ordine
1085 4552 1308 4623 quodam
1328 4562 1562 4623 tractare
1592 4555 1773 4620 erepit.
1816 4552 2059 4613 Ciceroni
2089 4564 2141 4623 Ι)
2166 4566 2423 4619 orationis
2450 4564 2647 4619 dictum
2677 4572 2779 4617 est.

512 4620 609 4693 fuit
638 4619 1101 4693 familiarissimus,
1128 4621 1216 4686 qui
1243 4622 1421 4693 etripsi
1456 4622 1519 4674 ad
1563 4619 1835 4690 Mutinam,
1864 4644 1968 4693 quo
1999 4629 2061 4681 ad

512 4689 821 4756 placandum
842 4689 1135 4756 eloquentia
1168 4703 1261 4742 sua
1286 4692 1568 4743 Antonium
1605 4708 1631 4744 a
1658 4689 1841 4747 senatu
1869 4689 2062 4751 missus

513 4768 645 4818 erat.
698 4768 905 4810 mortuo
951 4769 1174 4811 statuam
1215 4774 1404 4812 arcam
1451 4760 1746 4828 pedestrem
1774 4763 1821 4815 in
1876 4769 2063 4820 rostris

514 4828 704 4895 posuit.
736 4828 806 4881 De
832 4830 932 4879 hoc
959 4842 1099 4893 szepe
1125 4829 1262 4894 apud
1296 4828 1520 4883 Tullium
1551 4832 1747 4884 mentio
1778 4842 1877 4886 cst.

586 4898 599 4925 ί
632 4898 918 4963 Jnt'enalis,
950 4910 1050 4951 sat.
1079 4899 1130 4964 5,
1166 4900 1295 4952 MS.

606 5010 840 5063 Quantum
859 5012 1067 5069 quisque
1089 5024 1174 5057 sua
1198 5024 1491 5061 nummorum
1516 5024 1675 5064 servat
1693 5018 1737 5062 in
1761 5028 1867 5063 arca

606 5072 808 5118 'i‘antum
834 5071 981 5118 habet
1000 5076 1052 5119 et
1074 5071 1202 5119 iidei.

518 5243 547 5295 5
583 5176 601 5201 ¹
627 5173 772 5293 Leti:
783 5189 1011 5238 cernuos,
1033 5183 1088 5225 ut
1109 5173 1353 5227 observat
1370 5174 1592 5243 Lipsius,
1615 5176 1857 5246 Epistoi.,
1874 5178 2063 5249 quaesti

556 5283 569 5295 .
597 5258 678 5295 cn.
704 5254 721 5269 ν
780 5278 792 5291 .

597 5258 622 5292 c
668 5284 678 5294 .
704 5258 792 5293 24.

556 5283 602 5339 "
622 5261 944 5387 ﬁtillSaI‘Slus
960 5321 1023 5387 et
1042 5313 1301 5387 Gruterus
1323 5314 1863 5383 leguntjudicabitur:
1893 5318 2066 5387 itaque

516 5390 592 5434 est
622 5382 671 5433 in
698 5382 931 5435 editione
960 5381 1264 5434 Viennensi.

584 5450 604 5477 ’⁵
625 5453 891 5504 Acidalius
914 5450 1037 5520 legit
1063 5453 1248 5519 ingenti
1274 5453 1565 5517 diutinaque
1590 5454 1939 5520 providentia.

2237 4636 2257 4665 τ
2284 4633 2494 4685 Navalis
2520 4633 2600 4685 vel
2646 4631 2823 4684 navale
2859 4636 2997 4685 terra
3039 4639 3121 4685 est
3157 4646 3275 4698 qua:
3318 4631 3531 4685 alternis
3568 4629 3707 4683 annis

2168 4702 2389 4769 quiescit
2410 4716 2471 4754 ac
2490 4701 2705 4761 seritur,
2730 4713 2834 4767 quo
2861 4714 3020 4753 sensu
3045 4700 3227 4767 Virgil.
3248 4700 3463 4768 Georg.,
3482 4700 3570 4753 lib.
3590 4714 3628 4766 t,
3650 4699 3705 4751 7:

2410 4790 2621 4838 Alternis
2642 4789 2767 4837 idem
2788 4796 2948 4837 tonsas
2972 4799 3163 4837 cessare
3190 4786 3401 4836 novales.

2167 4892 2277 4946 iloc
2302 4891 2419 4962 loco
2443 4905 2539 4962 pro
2565 4890 3039 4962 terrasimpliciter
3060 4889 3303 4962 sumitur.
3430 4956 3437 4962 _

2235 4964 2255 4993 ⁸
2282 4961 2389 5014 Vox
2410 4956 2677 5023 a'Catone,
2700 4956 2936 5013 Varrone
2972 4968 3025 5010 et
3050 4956 3334 5011 Columella
3360 4956 3602 5025 usurpata
3621 4969 3705 5025 pro

2168 5038 2407 5096 tempore
2432 5029 2844 5097 colligendarum
2872 5028 3151 5097 olivarum.

2240 5102 2259 5133 '
2285 5091 2357 5153 De
2386 5097 2465 5152 bis
2495 5091 2688 5166 passim
2715 5098 2853 5165 apud
2883 5104 3082 5165 poetas.
3113 5094 3317 5160 Horat.,
3348 5094 3502 5165 epod.
3533 5091 3628 5147 l6:

2502 5219 2650 5266 Beata
2675 5222 2895 5277 petamus
2910 5226 3037 5267 arva.
3060 5214 3234 5277 divites
3377 5274 3389 5277 Α
3425 5265 3432 5273 ,

2505 5279 2565 5327 Et
2592 5274 2785 5336 institas,
2814 5276 2973 5323 reddit
2996 5277 3072 5323 ubi
3097 5276 3331 5324 Cererem
3376 5274 3389 5285 ‘

2564 5338 2731 5384 Tellus
2754 5340 2931 5385 inarata
2956 5340 3226 5397 quotannis,

2406 5450 2409 5451 ν
2568 5398 2627 5446 Et
2651 5400 2881 5458 imputata
2902 5398 3039 5447 floret
3060 5408 3211 5455 usque

2504 5462 2677 5518 Vinea,
2706 5466 2802 5507 etc.

1834 5559 2401 5616 INTERPRETATIO.

582 5658 605 5683 α
640 5650 810 5713 Neque
841 5649 971 5698 enim
1002 5650 1313 5701 mctuendmtt
1352 5660 1501 5700 estne
1534 5650 1674 5717 [alsia
1703 5660 2063 5703 assentatorum

518 5720 818 5771 sciirionibns
863 5719 972 5786 capi
1000 5735 1049 5769 ac
1076 5720 1209 5770 sinat
1242 5722 1281 5773 is
1316 5722 1397 5787 qui
1423 5720 1569 5772 etiam
1597 5736 1723 5787 a’gre
1754 5737 1899 5774 aures
1930 5738 2059 5787 piat-

518 5794 621 5838 bcat
656 5792 774 5841 t'crta'
808 5792 1191 5842 laudarionlms.

2245 5652 2269 5689 δ
2302 5649 2595 5701 Macilentus
2625 5649 2885 5700 reddatur.

2250 5733 2265 5757 τ
2296 5720 2410 5772 Jam
2444 5722 2711 5787 imperator
2746 5732 2923 5771 novant
2950 5714 3234 5785 dign'talcm
3271 5711 3392 5767 mihi
3417 5709 3682 5764 destinabat
