  <div class='ocr_page' id='page_1' title='image "/cluster/home/n/w/nwhite01/storage/ocr_20150623/18-19/uva.x000826554/225.png"; bbox 0 0 3820 6350; ppageno 0'>
   <div class='ocr_carea' id='block_1_1' title="bbox 526 445 628 499">
    <p class='ocr_par' dir='ltr' id='par_1_1' title="bbox 526 445 628 499">
     <span class='ocr_line' id='line_1_1' title="bbox 526 445 628 499; baseline -0.01 0"><span class='ocrx_word' id='word_1_1' title='bbox 526 445 628 499; x_wconf 65' lang='grc'><strong>427</strong></span> 
     </span>
    </p>
   </div>
   <div class='ocr_carea' id='block_1_2' title="bbox 1206 440 2080 503">
    <p class='ocr_par' dir='ltr' id='par_1_2' title="bbox 1206 440 2080 503">
     <span class='ocr_line' id='line_1_2' title="bbox 1206 440 2080 503; baseline -0.001 -8"><span class='ocrx_word' id='word_1_2' title='bbox 1206 440 1665 498; x_wconf 71' lang='grc' dir='ltr'><strong>ΜΑΜΕΠΤΙΝυΞ.</strong></span> <span class='ocrx_word' id='word_1_3' title='bbox 1695 469 1763 503; x_wconf 76' lang='grc' dir='ltr'><strong>τ-</strong></span> <span class='ocrx_word' id='word_1_4' title='bbox 1793 440 2080 496; x_wconf 72' lang='lat' dir='ltr'><strong>CRATlAll</strong></span> 
     </span>
    </p>
   </div>
   <div class='ocr_carea' id='block_1_3' title="bbox 2193 440 3729 503">
    <p class='ocr_par' dir='ltr' id='par_1_3' title="bbox 2193 440 3729 502">
     <span class='ocr_line' id='line_1_3' title="bbox 2193 440 3729 502; baseline 0.005 -7"><span class='ocrx_word' id='word_1_5' title='bbox 2193 444 2194 447; x_wconf 62' lang='grc'><em>“</em></span> <span class='ocrx_word' id='word_1_6' title='bbox 2235 441 2435 497; x_wconf 84' lang='lat' dir='ltr'><strong>ACTlO</strong></span> <span class='ocrx_word' id='word_1_7' title='bbox 2474 441 2608 496; x_wconf 72' lang='lat' dir='ltr'><strong>PRO</strong></span> <span class='ocrx_word' id='word_1_8' title='bbox 2648 440 3065 499; x_wconf 73' lang='lat' dir='ltr'><strong>CONSULATU.</strong></span> <span class='ocrx_word' id='word_1_9' title='bbox 3644 447 3729 502; x_wconf 68' lang='lat'><strong>438</strong></span> 
     </span>
    </p>
   </div>
   <div class='ocr_carea' id='block_1_4' title="bbox 524 551 3729 623">
    <p class='ocr_par' dir='ltr' id='par_1_4' title="bbox 524 551 3729 623">
     <span class='ocr_line' id='line_1_4' title="bbox 524 551 3729 623; baseline -0.001 -12"><span class='ocrx_word' id='word_1_10' title='bbox 524 566 756 611; x_wconf 87' lang='lat' dir='ltr'><strong>ratorum</strong></span> <span class='ocrx_word' id='word_1_11' title='bbox 782 554 999 609; x_wconf 78' lang='lat' dir='ltr'><strong>hilarem</strong></span> <span class='ocrx_word' id='word_1_12' title='bbox 1027 551 1327 614; x_wconf 84' lang='lat' dir='ltr'><strong>diritatem,</strong></span> <span class='ocrx_word' id='word_1_13' title='bbox 1358 553 1371 582; x_wconf 87' lang='grc'>¹</span> <span class='ocrx_word' id='word_1_14' title='bbox 1402 551 1914 619; x_wconf 89' lang='lat' dir='ltr'><strong>cachinnantemque</strong></span> <span class='ocrx_word' id='word_1_15' title='bbox 1936 554 2088 604; x_wconf 63' lang='lat' dir='ltr'><strong>Snevi-</strong></span> <span class='ocrx_word' id='word_1_16' title='bbox 2118 556 2162 611; x_wconf 77' lang='grc' dir='ltr'><strong>Λ</strong></span> <span class='ocrx_word' id='word_1_17' title='bbox 2195 560 2408 605; x_wconf 86' lang='lat' dir='ltr'><strong>ventare</strong></span> <span class='ocrx_word' id='word_1_18' title='bbox 2432 567 2527 606; x_wconf 87' lang='lat' dir='ltr'><strong>nos</strong></span> <span class='ocrx_word' id='word_1_19' title='bbox 2559 554 2806 622; x_wconf 77' lang='lat' dir='ltr'><strong>principi,</strong></span> <span class='ocrx_word' id='word_1_20' title='bbox 2846 553 2980 608; x_wconf 87' lang='lat' dir='ltr'><strong>fo-te</strong></span> <span class='ocrx_word' id='word_1_21' title='bbox 3008 564 3114 607; x_wconf 88' lang='lat' dir='ltr'><strong>tu-n</strong></span> <span class='ocrx_word' id='word_1_22' title='bbox 3145 553 3289 608; x_wconf 87' lang='lat' dir='ltr'><strong>danti</strong></span> <span class='ocrx_word' id='word_1_23' title='bbox 3312 569 3532 623; x_wconf 81' lang='lat' dir='ltr'><strong>operam</strong></span> <span class='ocrx_word' id='word_1_24' title='bbox 3555 559 3575 590; x_wconf 77' lang='lat'><strong>’</strong></span> <span class='ocrx_word' id='word_1_25' title='bbox 3606 560 3729 610; x_wconf 80' lang='lat' dir='ltr'><strong>salu-</strong></span> 
     </span>
    </p>
   </div>
   <div class='ocr_carea' id='block_1_5' title="bbox 529 640 2094 713">
    <p class='ocr_par' dir='ltr' id='par_1_5' title="bbox 529 640 2094 713">
     <span class='ocr_line' id='line_1_5' title="bbox 529 640 2094 713; baseline -0.004 -14"><span class='ocrx_word' id='word_1_26' title='bbox 529 652 688 709; x_wconf 74' lang='lat' dir='ltr'><strong>tLam;</strong></span> <span class='ocrx_word' id='word_1_27' title='bbox 725 659 756 696; x_wconf 88' lang='lat' dir='ltr'><strong>a</strong></span> <span class='ocrx_word' id='word_1_28' title='bbox 797 643 987 713; x_wconf 84' lang='lat' dir='ltr'><strong>quibus</strong></span> <span class='ocrx_word' id='word_1_29' title='bbox 1028 640 1254 710; x_wconf 89' lang='lat' dir='ltr'><strong>ingenita</strong></span> <span class='ocrx_word' id='word_1_30' title='bbox 1286 640 1573 694; x_wconf 74' lang='lat' dir='ltr'><strong>crudelitas</strong></span> <span class='ocrx_word' id='word_1_31' title='bbox 1610 640 1860 708; x_wconf 85' lang='lat' dir='ltr'><strong>figmento</strong></span> <span class='ocrx_word' id='word_1_32' title='bbox 1902 640 2094 694; x_wconf 68' lang='lat' dir='ltr'><strong>ltBliliac</strong></span> 
     </span>
    </p>
   </div>
   <div class='ocr_carea' id='block_1_6' title="bbox 529 731 2095 807">
    <p class='ocr_par' dir='ltr' id='par_1_6' title="bbox 529 731 2095 807">
     <span class='ocr_line' id='line_1_6' title="bbox 529 731 2095 807; baseline -0.003 -18"><span class='ocrx_word' id='word_1_33' title='bbox 529 736 840 807; x_wconf 70' lang='lat' dir='ltr'><strong>tegebatur?</strong></span> <span class='ocrx_word' id='word_1_34' title='bbox 863 736 986 789; x_wconf 74' lang='lat' dir='ltr'><strong>Mira</strong></span> <span class='ocrx_word' id='word_1_35' title='bbox 1010 743 1090 788; x_wconf 89' lang='lat' dir='ltr'><strong>est</strong></span> <span class='ocrx_word' id='word_1_36' title='bbox 1119 736 1169 787; x_wconf 90' lang='lat' dir='ltr'><strong>itt</strong></span> <span class='ocrx_word' id='word_1_37' title='bbox 1196 734 1432 802; x_wconf 87' lang='lat' dir='ltr'><strong>principe</strong></span> <span class='ocrx_word' id='word_1_38' title='bbox 1460 740 1645 786; x_wconf 88' lang='lat' dir='ltr'><strong>nostro</strong></span> <span class='ocrx_word' id='word_1_39' title='bbox 1667 735 1860 785; x_wconf 87' lang='lat' dir='ltr'><strong>mentis</strong></span> <span class='ocrx_word' id='word_1_40' title='bbox 1883 731 2095 800; x_wconf 77' lang='lat' dir='ltr'><strong>lingua:-</strong></span> 
     </span>
    </p>
   </div>
   <div class='ocr_carea' id='block_1_7' title="bbox 526 821 2090 897">
    <p class='ocr_par' dir='ltr' id='par_1_7' title="bbox 526 821 2090 897">
     <span class='ocr_line' id='line_1_7' title="bbox 526 821 2090 897; baseline -0.007 -14"><span class='ocrx_word' id='word_1_41' title='bbox 526 845 629 897; x_wconf 88' lang='lat' dir='ltr'><strong>que</strong></span> <span class='ocrx_word' id='word_1_42' title='bbox 670 828 969 882; x_wconf 82' lang='lat' dir='ltr'><strong>concordia.</strong></span> <span class='ocrx_word' id='word_1_43' title='bbox 1010 826 1123 880; x_wconf 81' lang='lat' dir='ltr'><strong>Non</strong></span> <span class='ocrx_word' id='word_1_44' title='bbox 1166 824 1324 878; x_wconf 92' lang='lat' dir='ltr'><strong>modo</strong></span> <span class='ocrx_word' id='word_1_45' title='bbox 1371 823 1585 877; x_wconf 86' lang='lat' dir='ltr'><strong>humilis</strong></span> <span class='ocrx_word' id='word_1_46' title='bbox 1629 831 1682 876; x_wconf 89' lang='lat' dir='ltr'><strong>et</strong></span> <span class='ocrx_word' id='word_1_47' title='bbox 1726 826 1871 888; x_wconf 84' lang='lat' dir='ltr'><strong>parvi</strong></span> <span class='ocrx_word' id='word_1_48' title='bbox 1908 821 2090 888; x_wconf 85' lang='lat' dir='ltr'><strong>an&#39;mi,</strong></span> 
     </span>
    </p>
   </div>
   <div class='ocr_carea' id='block_1_8' title="bbox 528 900 2088 975">
    <p class='ocr_par' dir='ltr' id='par_1_8' title="bbox 528 900 2088 975">
     <span class='ocr_line' id='line_1_8' title="bbox 528 900 2088 975; baseline -0.005 -2"><span class='ocrx_word' id='word_1_49' title='bbox 528 920 620 975; x_wconf 86' lang='lat' dir='ltr'><strong>sed</strong></span> <span class='ocrx_word' id='word_1_50' title='bbox 649 923 671 953; x_wconf 81' lang='grc'>⁸</span> <span class='ocrx_word' id='word_1_51' title='bbox 702 919 893 974; x_wconf 80' lang='lat' dir='ltr'><strong>senile</strong></span> <span class='ocrx_word' id='word_1_52' title='bbox 918 919 1101 972; x_wconf 81' lang='lat' dir='ltr'><strong>vitium</strong></span> <span class='ocrx_word' id='word_1_53' title='bbox 1147 916 1246 970; x_wconf 85' lang='lat' dir='ltr'><strong>scit</strong></span> <span class='ocrx_word' id='word_1_54' title='bbox 1287 929 1405 969; x_wconf 90' lang='lat' dir='ltr'><strong>esse</strong></span> <span class='ocrx_word' id='word_1_55' title='bbox 1444 913 1799 968; x_wconf 81' lang='lat' dir='ltr'><strong>mendacium.</strong></span> <span class='ocrx_word' id='word_1_56' title='bbox 1834 900 1897 964; x_wconf 79' lang='lat' dir='ltr'><strong>Et</strong></span> <span class='ocrx_word' id='word_1_57' title='bbox 1926 926 2052 965; x_wconf 82' lang='lat' dir='ltr'><strong>vere</strong></span> <span class='ocrx_word' id='word_1_58' title='bbox 2075 954 2088 975; x_wconf 94' lang='lat'><strong>,</strong></span> 
     </span>
    </p>
   </div>
   <div class='ocr_carea' id='block_1_9' title="bbox 527 1004 2092 1074">
    <p class='ocr_par' dir='ltr' id='par_1_9' title="bbox 527 1004 2092 1074">
     <span class='ocr_line' id='line_1_9' title="bbox 527 1004 2092 1074; baseline -0.008 -10"><span class='ocrx_word' id='word_1_59' title='bbox 527 1026 646 1064; x_wconf 89' lang='lat' dir='ltr'><strong>cum</strong></span> <span class='ocrx_word' id='word_1_60' title='bbox 672 1010 954 1064; x_wconf 80' lang='lat' dir='ltr'><strong>mendaces</strong></span> <span class='ocrx_word' id='word_1_61' title='bbox 987 1009 1227 1061; x_wconf 88' lang='lat' dir='ltr'><strong>homines</strong></span> <span class='ocrx_word' id='word_1_62' title='bbox 1258 1013 1351 1058; x_wconf 88' lang='lat' dir='ltr'><strong>aut</strong></span> <span class='ocrx_word' id='word_1_63' title='bbox 1374 1005 1569 1074; x_wconf 84' lang='lat' dir='ltr'><strong>inopia,</strong></span> <span class='ocrx_word' id='word_1_64' title='bbox 1601 1014 1692 1057; x_wconf 84' lang='lat' dir='ltr'><strong>aut</strong></span> <span class='ocrx_word' id='word_1_65' title='bbox 1719 1004 1875 1057; x_wconf 84' lang='lat' dir='ltr'><strong>timor</strong></span> <span class='ocrx_word' id='word_1_66' title='bbox 1906 1004 2092 1065; x_wconf 83' lang='lat' dir='ltr'><strong>faciat,</strong></span> 
     </span>
    </p>
   </div>
   <div class='ocr_carea' id='block_1_10' title="bbox 527 1093 2093 1170">
    <p class='ocr_par' dir='ltr' id='par_1_10' title="bbox 527 1093 2093 1170">
     <span class='ocr_line' id='line_1_10' title="bbox 527 1093 2093 1170; baseline -0.006 -14"><span class='ocrx_word' id='word_1_67' title='bbox 527 1100 941 1170; x_wconf 78' lang='lat' dir='ltr'><strong>magnitudinem</strong></span> <span class='ocrx_word' id='word_1_68' title='bbox 984 1098 1208 1151; x_wconf 78' lang='lat' dir='ltr'><strong>fortun:e</strong></span> <span class='ocrx_word' id='word_1_69' title='bbox 1247 1111 1355 1150; x_wconf 77' lang='lat' dir='ltr'><strong>sure</strong></span> <span class='ocrx_word' id='word_1_70' title='bbox 1398 1095 1684 1160; x_wconf 80' lang='lat' dir='ltr'><strong>imperator</strong></span> <span class='ocrx_word' id='word_1_71' title='bbox 1722 1094 1808 1161; x_wconf 94' lang='lat' dir='ltr'><strong>qui</strong></span> <span class='ocrx_word' id='word_1_72' title='bbox 1845 1093 2093 1146; x_wconf 86' lang='lat' dir='ltr'><strong>mentitur</strong></span> 
     </span>
    </p>
   </div>
   <div class='ocr_carea' id='block_1_11' title="bbox 528 1181 2084 1259">
    <p class='ocr_par' dir='ltr' id='par_1_11' title="bbox 528 1181 2084 1259">
     <span class='ocr_line' id='line_1_11' title="bbox 528 1181 2084 1259; baseline -0.008 -15"><span class='ocrx_word' id='word_1_73' title='bbox 528 1191 755 1259; x_wconf 78' lang='lat' dir='ltr'><strong>ignorat.</strong></span> <span class='ocrx_word' id='word_1_74' title='bbox 783 1188 911 1253; x_wconf 85' lang='lat' dir='ltr'><strong>Quis</strong></span> <span class='ocrx_word' id='word_1_75' title='bbox 929 1227 945 1253; x_wconf 90' lang='lat'><strong>,</strong></span> <span class='ocrx_word' id='word_1_76' title='bbox 974 1200 1068 1240; x_wconf 90' lang='lat' dir='ltr'><strong>oro</strong></span> <span class='ocrx_word' id='word_1_77' title='bbox 1096 1198 1189 1237; x_wconf 84' lang='lat' dir='ltr'><strong>vos</strong></span> <span class='ocrx_word' id='word_1_78' title='bbox 1210 1224 1223 1246; x_wconf 93' lang='lat'><strong>,</strong></span> <span class='ocrx_word' id='word_1_79' title='bbox 1257 1183 1407 1252; x_wconf 88' lang='lat' dir='ltr'><strong>plura</strong></span> <span class='ocrx_word' id='word_1_80' title='bbox 1436 1182 1657 1250; x_wconf 63' lang='lat' dir='ltr'><strong>prmbuit</strong></span> <span class='ocrx_word' id='word_1_81' title='bbox 1688 1181 1805 1235; x_wconf 88' lang='lat' dir='ltr'><strong>fidei</strong></span> <span class='ocrx_word' id='word_1_82' title='bbox 1849 1188 2084 1233; x_wconf 54' lang='lat' dir='ltr'><strong>constare</strong></span> 
     </span>
    </p>
   </div>
   <div class='ocr_carea' id='block_1_12' title="bbox 528 1271 2091 1348">
    <p class='ocr_par' dir='ltr' id='par_1_12' title="bbox 528 1271 2091 1348">
     <span class='ocr_line' id='line_1_12' title="bbox 528 1271 2091 1348; baseline -0.007 -14"><span class='ocrx_word' id='word_1_83' title='bbox 528 1282 724 1348; x_wconf 70' lang='lat' dir='ltr'><strong>tiaeque</strong></span> <span class='ocrx_word' id='word_1_84' title='bbox 758 1276 1105 1332; x_wconf 77' lang='lat' dir='ltr'><strong>documenta?</strong></span> <span class='ocrx_word' id='word_1_85' title='bbox 1133 1275 1333 1329; x_wconf 90' lang='lat' dir='ltr'><strong>Omnes</strong></span> <span class='ocrx_word' id='word_1_86' title='bbox 1362 1287 1494 1340; x_wconf 89' lang='lat' dir='ltr'><strong>quos</strong></span> <span class='ocrx_word' id='word_1_87' title='bbox 1527 1272 1759 1341; x_wconf 79' lang='lat' dir='ltr'><strong>privatus</strong></span> <span class='ocrx_word' id='word_1_88' title='bbox 1790 1274 1840 1324; x_wconf 91' lang='lat' dir='ltr'><strong>in</strong></span> <span class='ocrx_word' id='word_1_89' title='bbox 1864 1271 2091 1323; x_wconf 88' lang='lat' dir='ltr'><strong>familia-</strong></span> 
     </span>
    </p>
   </div>
   <div class='ocr_carea' id='block_1_13' title="bbox 526 1361 2091 1435">
    <p class='ocr_par' dir='ltr' id='par_1_13' title="bbox 526 1361 2091 1435">
     <span class='ocr_line' id='line_1_13' title="bbox 526 1361 2091 1435; baseline -0.01 -10"><span class='ocrx_word' id='word_1_90' title='bbox 526 1373 737 1425; x_wconf 83' lang='lat' dir='ltr'><strong>ritatem</strong></span> <span class='ocrx_word' id='word_1_91' title='bbox 759 1365 1179 1435; x_wconf 89' lang='lat' dir='ltr'><strong>recepit,eodem</strong></span> <span class='ocrx_word' id='word_1_92' title='bbox 1203 1363 1363 1417; x_wconf 81' lang='lat' dir='ltr'><strong>habet</strong></span> <span class='ocrx_word' id='word_1_93' title='bbox 1386 1362 1674 1429; x_wconf 88' lang='lat' dir='ltr'><strong>imperator</strong></span> <span class='ocrx_word' id='word_1_94' title='bbox 1694 1361 1883 1415; x_wconf 78' lang='lat' dir='ltr'><strong>affectu</strong></span> <span class='ocrx_word' id='word_1_95' title='bbox 1928 1361 2091 1413; x_wconf 79' lang='lat' dir='ltr'><strong>Nemo</strong></span> 
     </span>
    </p>
   </div>
   <div class='ocr_carea' id='block_1_14' title="bbox 529 1450 2088 1529">
    <p class='ocr_par' dir='ltr' id='par_1_14' title="bbox 529 1450 2088 1529">
     <span class='ocr_line' id='line_1_14' title="bbox 529 1450 2088 1529; baseline -0.006 -16"><span class='ocrx_word' id='word_1_96' title='bbox 529 1460 695 1529; x_wconf 82' lang='lat' dir='ltr'><strong>gradu</strong></span> <span class='ocrx_word' id='word_1_97' title='bbox 736 1455 945 1525; x_wconf 87' lang='lat' dir='ltr'><strong>pulsus,</strong></span> <span class='ocrx_word' id='word_1_98' title='bbox 992 1468 1150 1509; x_wconf 87' lang='lat' dir='ltr'><strong>nemo</strong></span> <span class='ocrx_word' id='word_1_99' title='bbox 1191 1453 1335 1507; x_wconf 91' lang='lat' dir='ltr'><strong>aditu</strong></span> <span class='ocrx_word' id='word_1_100' title='bbox 1379 1451 1706 1520; x_wconf 83' lang='lat' dir='ltr'><strong>prohibitus,</strong></span> <span class='ocrx_word' id='word_1_101' title='bbox 1742 1452 1868 1504; x_wconf 90' lang='lat' dir='ltr'><strong>nulli</strong></span> <span class='ocrx_word' id='word_1_102' title='bbox 1914 1450 2088 1519; x_wconf 75' lang='lat' dir='ltr'><strong>palatii</strong></span> 
     </span>
    </p>
   </div>
   <div class='ocr_carea' id='block_1_15' title="bbox 517 1544 2091 1613">
    <p class='ocr_par' dir='ltr' id='par_1_15' title="bbox 517 1544 2091 1613">
     <span class='ocr_line' id='line_1_15' title="bbox 517 1544 2091 1613; baseline -0.003 -14"><span class='ocrx_word' id='word_1_103' title='bbox 517 1545 665 1606; x_wconf 79' lang='lat' dir='ltr'><strong>fores</strong></span> <span class='ocrx_word' id='word_1_104' title='bbox 698 1549 892 1601; x_wconf 68' lang='lat' dir='ltr'><strong>clausa:</strong></span> <span class='ocrx_word' id='word_1_105' title='bbox 916 1554 1059 1601; x_wconf 84' lang='lat' dir='ltr'><strong>sunt.</strong></span> <span class='ocrx_word' id='word_1_106' title='bbox 1084 1545 1103 1577; x_wconf 84' lang='grc'>³</span> <span class='ocrx_word' id='word_1_107' title='bbox 1126 1545 1320 1599; x_wconf 88' lang='lat' dir='ltr'><strong>Omnes</strong></span> <span class='ocrx_word' id='word_1_108' title='bbox 1347 1545 1513 1599; x_wconf 84' lang='lat' dir='ltr'><strong>bonos</strong></span> <span class='ocrx_word' id='word_1_109' title='bbox 1545 1544 1719 1597; x_wconf 81' lang='lat' dir='ltr'><strong>habet.</strong></span> <span class='ocrx_word' id='word_1_110' title='bbox 1751 1545 1802 1596; x_wconf 89' lang='lat' dir='ltr'><strong>ltt</strong></span> <span class='ocrx_word' id='word_1_111' title='bbox 1837 1544 2091 1613; x_wconf 55' lang='lat' dir='ltr'><strong>recipfen-</strong></span> 
     </span>
    </p>
   </div>
   <div class='ocr_carea' id='block_1_16' title="bbox 523 1634 2089 1706">
    <p class='ocr_par' dir='ltr' id='par_1_16' title="bbox 523 1634 2089 1706">
     <span class='ocr_line' id='line_1_16' title="bbox 523 1634 2089 1706; baseline -0.008 -8"><span class='ocrx_word' id='word_1_112' title='bbox 523 1640 612 1699; x_wconf 81' lang='lat' dir='ltr'><strong>dis</strong></span> <span class='ocrx_word' id='word_1_113' title='bbox 651 1639 834 1693; x_wconf 86' lang='lat' dir='ltr'><strong>amicis</strong></span> <span class='ocrx_word' id='word_1_114' title='bbox 870 1637 1101 1705; x_wconf 91' lang='lat' dir='ltr'><strong>optimus</strong></span> <span class='ocrx_word' id='word_1_115' title='bbox 1126 1637 1287 1706; x_wconf 90' lang='lat' dir='ltr'><strong>judex</strong></span> <span class='ocrx_word' id='word_1_116' title='bbox 1313 1644 1413 1690; x_wconf 91' lang='lat' dir='ltr'><strong>est.</strong></span> <span class='ocrx_word' id='word_1_117' title='bbox 1443 1635 1496 1690; x_wconf 90' lang='lat' dir='ltr'><strong>Si</strong></span> <span class='ocrx_word' id='word_1_118' title='bbox 1524 1634 1685 1702; x_wconf 80' lang='lat' dir='ltr'><strong>aliqui</strong></span> <span class='ocrx_word' id='word_1_119' title='bbox 1716 1643 1837 1687; x_wconf 81' lang='lat' dir='ltr'><strong>sunt</strong></span> <span class='ocrx_word' id='word_1_120' title='bbox 1868 1635 2089 1701; x_wconf 77' lang='lat' dir='ltr'><strong>improbi</strong></span> 
     </span>
    </p>
   </div>
   <div class='ocr_carea' id='block_1_17' title="bbox 531 1724 2086 1793">
    <p class='ocr_par' dir='ltr' id='par_1_17' title="bbox 531 1724 2086 1793">
     <span class='ocr_line' id='line_1_17' title="bbox 531 1724 2086 1793; baseline -0.005 -10"><span class='ocrx_word' id='word_1_121' title='bbox 531 1727 826 1793; x_wconf 86' lang='lat' dir='ltr'><strong>tolerandi,</strong></span> <span class='ocrx_word' id='word_1_122' title='bbox 860 1726 1191 1780; x_wconf 83' lang='lat' dir='ltr'><strong>familiarium</strong></span> <span class='ocrx_word' id='word_1_123' title='bbox 1217 1725 1356 1779; x_wconf 87' lang='lat' dir='ltr'><strong>vitiis</strong></span> <span class='ocrx_word' id='word_1_124' title='bbox 1387 1724 1725 1778; x_wconf 88' lang='lat' dir='ltr'><strong>immutabilis</strong></span> <span class='ocrx_word' id='word_1_125' title='bbox 1754 1733 1833 1777; x_wconf 92' lang='lat' dir='ltr'><strong>est</strong></span> <span class='ocrx_word' id='word_1_126' title='bbox 1869 1726 2086 1777; x_wconf 90' lang='lat' dir='ltr'><strong>amicus.</strong></span> 
     </span>
    </p>
   </div>
   <div class='ocr_carea' id='block_1_18' title="bbox 597 1815 2083 1873">
    <p class='ocr_par' dir='ltr' id='par_1_18' title="bbox 597 1815 2083 1873">
     <span class='ocr_line' id='line_1_18' title="bbox 597 1815 2083 1873; baseline -0.003 0"><span class='ocrx_word' id='word_1_127' title='bbox 597 1818 803 1873; x_wconf 74' lang='lat' dir='ltr'><strong>XXVII.</strong></span> <span class='ocrx_word' id='word_1_128' title='bbox 835 1819 904 1872; x_wconf 85' lang='lat' dir='ltr'><strong>At</strong></span> <span class='ocrx_word' id='word_1_129' title='bbox 931 1826 1137 1872; x_wconf 91' lang='lat' dir='ltr'><strong>mutant</strong></span> <span class='ocrx_word' id='word_1_130' title='bbox 1157 1815 1403 1870; x_wconf 71' lang='lat' dir='ltr'><strong>secunda:</strong></span> <span class='ocrx_word' id='word_1_131' title='bbox 1433 1830 1519 1870; x_wconf 92' lang='lat' dir='ltr'><strong>res</strong></span> <span class='ocrx_word' id='word_1_132' title='bbox 1546 1816 1795 1869; x_wconf 74' lang='lat' dir='ltr'><strong>animos?</strong></span> <span class='ocrx_word' id='word_1_133' title='bbox 1834 1815 2083 1869; x_wconf 79' lang='lat' dir='ltr'><strong>Nostrum</strong></span> 
     </span>
    </p>
   </div>
   <div class='ocr_carea' id='block_1_19' title="bbox 2200 642 3731 716">
    <p class='ocr_par' dir='ltr' id='par_1_19' title="bbox 2200 642 3731 716">
     <span class='ocr_line' id='line_1_19' title="bbox 2200 642 3731 716; baseline 0.007 -24"><span class='ocrx_word' id='word_1_134' title='bbox 2200 642 2477 708; x_wconf 78' lang='lat' dir='ltr'><strong>latoribus,</strong></span> <span class='ocrx_word' id='word_1_135' title='bbox 2510 643 2797 697; x_wconf 86' lang='lat' dir='ltr'><strong>nuntiatur.</strong></span> <span class='ocrx_word' id='word_1_136' title='bbox 2832 643 3020 697; x_wconf 84' lang='lat' dir='ltr'><strong>Statim</strong></span> <span class='ocrx_word' id='word_1_137' title='bbox 3053 658 3082 697; x_wconf 90' lang='lat' dir='ltr'><strong>e</strong></span> <span class='ocrx_word' id='word_1_138' title='bbox 3105 645 3239 697; x_wconf 88' lang='lat' dir='ltr'><strong>solio</strong></span> <span class='ocrx_word' id='word_1_139' title='bbox 3264 646 3306 676; x_wconf 83' lang='grc'><strong>¹⁰</strong></span> <span class='ocrx_word' id='word_1_140' title='bbox 3337 654 3585 715; x_wconf 88' lang='lat' dir='ltr'><strong>tanquam</strong></span> <span class='ocrx_word' id='word_1_141' title='bbox 3617 664 3731 716; x_wconf 67' lang='lat' dir='ltr'><strong>pra-</strong></span> 
     </span>
    </p>
   </div>
   <div class='ocr_carea' id='block_1_20' title="bbox 2197 733 3730 805">
    <p class='ocr_par' dir='ltr' id='par_1_20' title="bbox 2197 733 3730 805">
     <span class='ocr_line' id='line_1_20' title="bbox 2197 733 3730 805; baseline 0.005 -21"><span class='ocrx_word' id='word_1_142' title='bbox 2197 744 2383 799; x_wconf 83' lang='lat' dir='ltr'><strong>ceptus</strong></span> <span class='ocrx_word' id='word_1_143' title='bbox 2411 733 2647 797; x_wconf 86' lang='lat' dir='ltr'><strong>exsiluit,</strong></span> <span class='ocrx_word' id='word_1_144' title='bbox 2672 734 2821 786; x_wconf 91' lang='lat' dir='ltr'><strong>vultu</strong></span> <span class='ocrx_word' id='word_1_145' title='bbox 2849 734 3057 801; x_wconf 87' lang='lat' dir='ltr'><strong>trepido</strong></span> <span class='ocrx_word' id='word_1_146' title='bbox 3086 744 3243 802; x_wconf 87' lang='lat' dir='ltr'><strong>atque</strong></span> <span class='ocrx_word' id='word_1_147' title='bbox 3262 746 3555 805; x_wconf 83' lang='lat' dir='ltr'><strong>satagente,</strong></span> <span class='ocrx_word' id='word_1_148' title='bbox 3578 740 3730 805; x_wconf 89' lang='lat' dir='ltr'><strong>qualis</strong></span> 
     </span>
    </p>
   </div>
   <div class='ocr_carea' id='block_1_21' title="bbox 2197 824 3729 893">
    <p class='ocr_par' dir='ltr' id='par_1_21' title="bbox 2197 824 3729 893">
     <span class='ocr_line' id='line_1_21' title="bbox 2197 824 3729 893; baseline 0.006 -22"><span class='ocrx_word' id='word_1_149' title='bbox 2197 834 2350 874; x_wconf 90' lang='lat' dir='ltr'><strong>mens</strong></span> <span class='ocrx_word' id='word_1_150' title='bbox 2377 836 2493 874; x_wconf 91' lang='lat' dir='ltr'><strong>mea</strong></span> <span class='ocrx_word' id='word_1_151' title='bbox 2525 836 2643 875; x_wconf 90' lang='lat' dir='ltr'><strong>esse</strong></span> <span class='ocrx_word' id='word_1_152' title='bbox 2671 825 2949 890; x_wconf 85' lang='lat' dir='ltr'><strong>potuisset,</strong></span> <span class='ocrx_word' id='word_1_153' title='bbox 2981 824 3025 877; x_wconf 89' lang='lat' dir='ltr'><strong>si</strong></span> <span class='ocrx_word' id='word_1_154' title='bbox 3062 825 3281 893; x_wconf 84' lang='lat' dir='ltr'><strong>principi</strong></span> <span class='ocrx_word' id='word_1_155' title='bbox 3310 840 3464 880; x_wconf 85' lang='lat' dir='ltr'><strong>serus</strong></span> <span class='ocrx_word' id='word_1_156' title='bbox 3506 842 3729 881; x_wconf 79' lang='lat' dir='ltr'><strong>occurre-</strong></span> 
     </span>
    </p>
   </div>
   <div class='ocr_carea' id='block_1_22' title="bbox 2196 896 3731 984">
    <p class='ocr_par' dir='ltr' id='par_1_22' title="bbox 2196 896 3731 984">
     <span class='ocr_line' id='line_1_22' title="bbox 2196 896 3731 984; baseline 0.005 -21"><span class='ocrx_word' id='word_1_157' title='bbox 2196 924 2332 963; x_wconf 87' lang='lat' dir='ltr'><strong>rem.</strong></span> <span class='ocrx_word' id='word_1_158' title='bbox 2372 909 2536 980; x_wconf 68' lang='lat' dir='ltr'><strong>}Egre</strong></span> <span class='ocrx_word' id='word_1_159' title='bbox 2571 914 2789 966; x_wconf 88' lang='lat' dir='ltr'><strong>remotis</strong></span> <span class='ocrx_word' id='word_1_160' title='bbox 2833 914 3005 981; x_wconf 82' lang='lat' dir='ltr'><strong>populi</strong></span> <span class='ocrx_word' id='word_1_161' title='bbox 3047 915 3133 981; x_wconf 92' lang='lat' dir='ltr'><strong>qui</strong></span> <span class='ocrx_word' id='word_1_162' title='bbox 3175 930 3270 969; x_wconf 81' lang='lat' dir='ltr'><strong>nos</strong></span> <span class='ocrx_word' id='word_1_163' title='bbox 3303 896 3731 984; x_wconf 54' lang='lat' dir='ltr'><strong>praegrediebatn&#39;r</strong></span> 
     </span>
    </p>
   </div>
   <div class='ocr_carea' id='block_1_23' title="bbox 2197 997 3730 1073">
    <p class='ocr_par' dir='ltr' id='par_1_23' title="bbox 2197 997 3730 1073">
     <span class='ocr_line' id='line_1_23' title="bbox 2197 997 3730 1073; baseline 0.006 -24"><span class='ocrx_word' id='word_1_164' title='bbox 2197 997 2515 1066; x_wconf 77' lang='lat' dir='ltr'><strong>agminibus,</strong></span> <span class='ocrx_word' id='word_1_165' title='bbox 2548 1009 2603 1053; x_wconf 93' lang='lat' dir='ltr'><strong>ut</strong></span> <span class='ocrx_word' id='word_1_166' title='bbox 2632 1016 2786 1068; x_wconf 91' lang='lat' dir='ltr'><strong>quam</strong></span> <span class='ocrx_word' id='word_1_167' title='bbox 2815 1002 3115 1070; x_wconf 87' lang='lat' dir='ltr'><strong>longissime</strong></span> <span class='ocrx_word' id='word_1_168' title='bbox 3143 1004 3292 1055; x_wconf 87' lang='lat' dir='ltr'><strong>nobis</strong></span> <span class='ocrx_word' id='word_1_169' title='bbox 3322 1004 3531 1056; x_wconf 79' lang='lat' dir='ltr'><strong>obviam</strong></span> <span class='ocrx_word' id='word_1_170' title='bbox 3565 1020 3730 1073; x_wconf 81' lang='lat' dir='ltr'><strong>prore-</strong></span> 
     </span>
    </p>
   </div>
   <div class='ocr_carea' id='block_1_24' title="bbox 2196 1088 3728 1162">
    <p class='ocr_par' dir='ltr' id='par_1_24' title="bbox 2196 1088 3728 1162">
     <span class='ocr_line' id='line_1_24' title="bbox 2196 1088 3728 1162; baseline 0.004 -20"><span class='ocrx_word' id='word_1_171' title='bbox 2196 1088 2346 1142; x_wconf 67' lang='lat' dir='ltr'><strong>derrt</strong></span> <span class='ocrx_word' id='word_1_172' title='bbox 2373 1088 2650 1142; x_wconf 81' lang='lat' dir='ltr'><strong>laboravit.</strong></span> <span class='ocrx_word' id='word_1_173' title='bbox 2680 1090 2805 1155; x_wconf 89' lang='lat' dir='ltr'><strong>Illic,</strong></span> <span class='ocrx_word' id='word_1_174' title='bbox 2834 1092 2962 1158; x_wconf 89' lang='lat' dir='ltr'><strong>proh</strong></span> <span class='ocrx_word' id='word_1_175' title='bbox 2996 1104 3177 1145; x_wconf 86' lang='lat' dir='ltr'><strong>sancta</strong></span> <span class='ocrx_word' id='word_1_176' title='bbox 3207 1092 3488 1146; x_wconf 86' lang='lat' dir='ltr'><strong>divinitas!</strong></span> <span class='ocrx_word' id='word_1_177' title='bbox 3512 1095 3728 1162; x_wconf 85' lang='lat' dir='ltr'><strong>gauden-</strong></span> 
     </span>
    </p>
   </div>
   <div class='ocr_carea' id='block_1_25' title="bbox 2197 1180 3729 1252">
    <p class='ocr_par' dir='ltr' id='par_1_25' title="bbox 2197 1180 3729 1252">
     <span class='ocr_line' id='line_1_25' title="bbox 2197 1180 3729 1252; baseline 0.003 -20"><span class='ocrx_word' id='word_1_178' title='bbox 2197 1180 2335 1233; x_wconf 92' lang='lat' dir='ltr'><strong>tibus</strong></span> <span class='ocrx_word' id='word_1_179' title='bbox 2354 1180 2576 1242; x_wconf 78' lang='lat' dir='ltr'><strong>cunctis,</strong></span> <span class='ocrx_word' id='word_1_180' title='bbox 2598 1194 2702 1248; x_wconf 87' lang='lat' dir='ltr'><strong>quo</strong></span> <span class='ocrx_word' id='word_1_181' title='bbox 2722 1181 2850 1235; x_wconf 76' lang='lat' dir='ltr'><strong>ore?</strong></span> <span class='ocrx_word' id='word_1_182' title='bbox 2876 1196 2978 1249; x_wconf 88' lang='lat' dir='ltr'><strong>qua</strong></span> <span class='ocrx_word' id='word_1_183' title='bbox 3008 1183 3168 1237; x_wconf 84' lang='lat' dir='ltr'><strong>voce?</strong></span> <span class='ocrx_word' id='word_1_184' title='bbox 3198 1185 3382 1252; x_wconf 88' lang='lat' dir='ltr'><strong>inquit.</strong></span> <span class='ocrx_word' id='word_1_185' title='bbox 3408 1184 3542 1250; x_wconf 93' lang='lat' dir='ltr'><strong>Ave,</strong></span> <span class='ocrx_word' id='word_1_186' title='bbox 3560 1187 3600 1217; x_wconf 82' lang='lat'>“</span> <span class='ocrx_word' id='word_1_187' title='bbox 3621 1200 3729 1239; x_wconf 80' lang='lat' dir='ltr'><strong>can-</strong></span> 
     </span>
    </p>
   </div>
   <div class='ocr_carea' id='block_1_26' title="bbox 2194 1268 3729 1338">
    <p class='ocr_par' dir='ltr' id='par_1_26' title="bbox 2194 1268 3729 1338">
     <span class='ocr_line' id='line_1_26' title="bbox 2194 1268 3729 1338; baseline 0.005 -18"><span class='ocrx_word' id='word_1_188' title='bbox 2194 1268 2277 1320; x_wconf 90' lang='lat' dir='ltr'><strong>sul</strong></span> <span class='ocrx_word' id='word_1_189' title='bbox 2315 1269 2660 1336; x_wconf 89' lang='lat' dir='ltr'><strong>amplissime.</strong></span> <span class='ocrx_word' id='word_1_190' title='bbox 2706 1269 2959 1338; x_wconf 88' lang='lat' dir='ltr'><strong>Dignatus</strong></span> <span class='ocrx_word' id='word_1_191' title='bbox 3001 1274 3181 1325; x_wconf 86' lang='lat' dir='ltr'><strong>osculo</strong></span> <span class='ocrx_word' id='word_1_192' title='bbox 3220 1272 3331 1327; x_wconf 91' lang='lat' dir='ltr'><strong>oris</strong></span> <span class='ocrx_word' id='word_1_193' title='bbox 3372 1274 3514 1327; x_wconf 88' lang='lat' dir='ltr'><strong>illius</strong></span> <span class='ocrx_word' id='word_1_194' title='bbox 3555 1274 3729 1328; x_wconf 73' lang='lat' dir='ltr'><strong>divin-is</strong></span> 
     </span>
    </p>
   </div>
   <div class='ocr_carea' id='block_1_27' title="bbox 2194 1354 3727 1437">
    <p class='ocr_par' dir='ltr' id='par_1_27' title="bbox 2194 1354 3727 1437">
     <span class='ocr_line' id='line_1_27' title="bbox 2194 1354 3727 1437; baseline 0.006 -29"><span class='ocrx_word' id='word_1_195' title='bbox 2194 1354 2439 1410; x_wconf 77' lang='lat' dir='ltr'><strong>aﬂatibus</strong></span> <span class='ocrx_word' id='word_1_196' title='bbox 2462 1360 2757 1415; x_wconf 84' lang='lat' dir='ltr'><strong>consecrati</strong></span> <span class='ocrx_word' id='word_1_197' title='bbox 2780 1359 3049 1437; x_wconf 80' lang='lat' dir='ltr'><strong>dexteram</strong></span> <span class='ocrx_word' id='word_1_198' title='bbox 3078 1360 3243 1427; x_wconf 86' lang='lat' dir='ltr'><strong>dedit,</strong></span> <span class='ocrx_word' id='word_1_199' title='bbox 3279 1362 3421 1416; x_wconf 86' lang='lat' dir='ltr'><strong>illam</strong></span> <span class='ocrx_word' id='word_1_200' title='bbox 3448 1363 3727 1425; x_wconf 70' lang='lat' dir='ltr'><strong>dexteram.</strong></span> 
     </span>
    </p>
   </div>
   <div class='ocr_carea' id='block_1_28' title="bbox 2196 1448 3729 1517">
    <p class='ocr_par' dir='ltr' id='par_1_28' title="bbox 2196 1448 3729 1517">
     <span class='ocr_line' id='line_1_28' title="bbox 2196 1448 3729 1517; baseline 0.005 -16"><span class='ocrx_word' id='word_1_201' title='bbox 2196 1448 2494 1502; x_wconf 86' lang='lat' dir='ltr'><strong>immortale</strong></span> <span class='ocrx_word' id='word_1_202' title='bbox 2545 1450 2730 1517; x_wconf 76' lang='lat' dir='ltr'><strong>pignus</strong></span> <span class='ocrx_word' id='word_1_203' title='bbox 2777 1452 3021 1515; x_wconf 89' lang='lat' dir='ltr'><strong>virtutis,</strong></span> <span class='ocrx_word' id='word_1_204' title='bbox 3074 1463 3127 1507; x_wconf 90' lang='lat' dir='ltr'><strong>et</strong></span> <span class='ocrx_word' id='word_1_205' title='bbox 3155 1453 3293 1507; x_wconf 84' lang='lat' dir='ltr'><strong>fidei.</strong></span> <span class='ocrx_word' id='word_1_206' title='bbox 3348 1456 3524 1509; x_wconf 69' lang='lat' dir='ltr'><strong>l‘oetre</strong></span> <span class='ocrx_word' id='word_1_207' title='bbox 3572 1455 3729 1510; x_wconf 81' lang='lat' dir='ltr'><strong>ferunt</strong></span> 
     </span>
    </p>
   </div>
   <div class='ocr_carea' id='block_1_29' title="bbox 2193 1539 3726 1613">
    <p class='ocr_par' dir='ltr' id='par_1_29' title="bbox 2193 1539 3726 1613">
     <span class='ocr_line' id='line_1_29' title="bbox 2193 1539 3726 1613; baseline 0.005 -22"><span class='ocrx_word' id='word_1_208' title='bbox 2193 1539 2504 1594; x_wconf 81' lang='lat' dir='ltr'><strong>altissimum</strong></span> <span class='ocrx_word' id='word_1_209' title='bbox 2553 1541 2730 1607; x_wconf 89' lang='lat' dir='ltr'><strong>illum,</strong></span> <span class='ocrx_word' id='word_1_210' title='bbox 2780 1550 2833 1596; x_wconf 91' lang='lat' dir='ltr'><strong>et</strong></span> <span class='ocrx_word' id='word_1_211' title='bbox 2880 1554 3067 1597; x_wconf 89' lang='lat' dir='ltr'><strong>cuncta</strong></span> <span class='ocrx_word' id='word_1_212' title='bbox 3112 1553 3369 1613; x_wconf 58' lang='lat' dir='ltr'><strong>potestate</strong></span> <span class='ocrx_word' id='word_1_213' title='bbox 3410 1546 3726 1601; x_wconf 81' lang='lat' dir='ltr'><strong>cohibentem</strong></span> 
     </span>
    </p>
   </div>
   <div class='ocr_carea' id='block_1_30' title="bbox 2194 1629 3727 1705">
    <p class='ocr_par' dir='ltr' id='par_1_30' title="bbox 2194 1629 3727 1705">
     <span class='ocr_line' id='line_1_30' title="bbox 2194 1629 3727 1705; baseline 0.005 -25"><span class='ocrx_word' id='word_1_214' title='bbox 2194 1629 2381 1693; x_wconf 89' lang='lat' dir='ltr'><strong>dcunt,</strong></span> <span class='ocrx_word' id='word_1_215' title='bbox 2428 1630 2515 1697; x_wconf 90' lang='lat' dir='ltr'><strong>qui</strong></span> <span class='ocrx_word' id='word_1_216' title='bbox 2554 1630 2754 1686; x_wconf 87' lang='lat' dir='ltr'><strong>ditione</strong></span> <span class='ocrx_word' id='word_1_217' title='bbox 2808 1643 3055 1701; x_wconf 89' lang='lat' dir='ltr'><strong>perpetua</strong></span> <span class='ocrx_word' id='word_1_218' title='bbox 3099 1634 3271 1688; x_wconf 88' lang='lat' dir='ltr'><strong>divina</strong></span> <span class='ocrx_word' id='word_1_219' title='bbox 3310 1645 3468 1705; x_wconf 85' lang='lat' dir='ltr'><strong>atque</strong></span> <span class='ocrx_word' id='word_1_220' title='bbox 3515 1638 3727 1691; x_wconf 84' lang='lat' dir='ltr'><strong>humana</strong></span> 
     </span>
    </p>
   </div>
   <div class='ocr_carea' id='block_1_31' title="bbox 2196 1717 3727 1787">
    <p class='ocr_par' dir='ltr' id='par_1_31' title="bbox 2196 1717 3727 1787">
     <span class='ocr_line' id='line_1_31' title="bbox 2196 1717 3727 1787; baseline 0.006 -17"><span class='ocrx_word' id='word_1_221' title='bbox 2196 1717 2516 1784; x_wconf 89' lang='lat' dir='ltr'><strong>moderatur,</strong></span> <span class='ocrx_word' id='word_1_222' title='bbox 2533 1734 2649 1773; x_wconf 91' lang='lat' dir='ltr'><strong>cum</strong></span> <span class='ocrx_word' id='word_1_223' title='bbox 2673 1720 2928 1787; x_wconf 81' lang='lat' dir='ltr'><strong>deSpiciat</strong></span> <span class='ocrx_word' id='word_1_224' title='bbox 2947 1723 3001 1777; x_wconf 91' lang='lat' dir='ltr'><strong>in</strong></span> <span class='ocrx_word' id='word_1_225' title='bbox 3030 1732 3197 1777; x_wconf 84' lang='lat' dir='ltr'><strong>terras</strong></span> <span class='ocrx_word' id='word_1_226' title='bbox 3219 1725 3259 1754; x_wconf 86' lang='lat'>&quot;</span> <span class='ocrx_word' id='word_1_227' title='bbox 3282 1724 3461 1778; x_wconf 90' lang='lat' dir='ltr'><strong>habitu</strong></span> <span class='ocrx_word' id='word_1_228' title='bbox 3478 1727 3586 1779; x_wconf 88' lang='lat' dir='ltr'><strong>oris</strong></span> <span class='ocrx_word' id='word_1_229' title='bbox 3612 1736 3727 1781; x_wconf 66' lang='lat' dir='ltr'><strong>tem—</strong></span> 
     </span>
    </p>
   </div>
   <div class='ocr_carea' id='block_1_32' title="bbox 2196 1810 3727 1881">
    <p class='ocr_par' dir='ltr' id='par_1_32' title="bbox 2196 1810 3727 1881">
     <span class='ocr_line' id='line_1_32' title="bbox 2196 1810 3727 1881; baseline 0.005 -17"><span class='ocrx_word' id='word_1_230' title='bbox 2196 1820 2451 1879; x_wconf 89' lang='lat' dir='ltr'><strong>pestatum</strong></span> <span class='ocrx_word' id='word_1_231' title='bbox 2481 1810 2682 1864; x_wconf 86' lang='lat' dir='ltr'><strong>incerta</strong></span> <span class='ocrx_word' id='word_1_232' title='bbox 2708 1822 2940 1880; x_wconf 90' lang='lat' dir='ltr'><strong>mutare,</strong></span> <span class='ocrx_word' id='word_1_233' title='bbox 2983 1814 3097 1881; x_wconf 88' lang='lat' dir='ltr'><strong>ejus</strong></span> <span class='ocrx_word' id='word_1_234' title='bbox 3125 1823 3250 1868; x_wconf 92' lang='lat' dir='ltr'><strong>nutu</strong></span> <span class='ocrx_word' id='word_1_235' title='bbox 3283 1815 3537 1870; x_wconf 87' lang='lat' dir='ltr'><strong>mundum</strong></span> <span class='ocrx_word' id='word_1_236' title='bbox 3566 1819 3727 1871; x_wconf 84' lang='lat' dir='ltr'><strong>tremi-</strong></span> 
     </span>
    </p>
   </div>
   <div class='ocr_carea' id='block_1_33' title="bbox 530 1901 3724 1977">
    <p class='ocr_par' dir='ltr' id='par_1_33' title="bbox 530 1901 3724 1977">
     <span class='ocr_line' id='line_1_33' title="bbox 530 1901 3724 1977; baseline -0.001 -14"><span class='ocrx_word' id='word_1_237' title='bbox 530 1909 826 1977; x_wconf 87' lang='lat' dir='ltr'><strong>principem</strong></span> <span class='ocrx_word' id='word_1_238' title='bbox 854 1909 898 1963; x_wconf 88' lang='lat' dir='ltr'><strong>si</strong></span> <span class='ocrx_word' id='word_1_239' title='bbox 921 1907 1150 1962; x_wconf 91' lang='lat' dir='ltr'><strong>nondum</strong></span> <span class='ocrx_word' id='word_1_240' title='bbox 1178 1907 1515 1970; x_wconf 87' lang='lat' dir='ltr'><strong>mutaverint,</strong></span> <span class='ocrx_word' id='word_1_241' title='bbox 1536 1906 1747 1975; x_wconf 90' lang='lat' dir='ltr'><strong>quando</strong></span> <span class='ocrx_word' id='word_1_242' title='bbox 1777 1907 2090 1960; x_wconf 82' lang='lat' dir='ltr'><strong>mutabunt?</strong></span> <span class='ocrx_word' id='word_1_243' title='bbox 2127 1910 2167 1968; x_wconf 79' lang='grc' dir='ltr'><strong><em>Β</em></strong></span> <span class='ocrx_word' id='word_1_244' title='bbox 2194 1914 2361 1962; x_wconf 87' lang='lat' dir='ltr'><strong>scere,</strong></span> <span class='ocrx_word' id='word_1_245' title='bbox 2407 1901 2544 1955; x_wconf 88' lang='lat' dir='ltr'><strong>illius</strong></span> <span class='ocrx_word' id='word_1_246' title='bbox 2573 1902 2832 1956; x_wconf 78' lang='lat' dir='ltr'><strong>hilaritate</strong></span> <span class='ocrx_word' id='word_1_247' title='bbox 2872 1902 3108 1958; x_wconf 90' lang='lat' dir='ltr'><strong>turbines</strong></span> <span class='ocrx_word' id='word_1_248' title='bbox 3147 1903 3306 1974; x_wconf 90' lang='lat' dir='ltr'><strong>abigi,</strong></span> <span class='ocrx_word' id='word_1_249' title='bbox 3358 1904 3523 1960; x_wconf 85' lang='lat' dir='ltr'><strong>nubes</strong></span> <span class='ocrx_word' id='word_1_250' title='bbox 3552 1905 3724 1976; x_wconf 87' lang='lat' dir='ltr'><strong>fugari,</strong></span> 
     </span>
    </p>
   </div>
   <div class='ocr_carea' id='block_1_34' title="bbox 528 1996 2079 2068">
    <p class='ocr_par' dir='ltr' id='par_1_34' title="bbox 528 1996 2079 2068">
     <span class='ocr_line' id='line_1_34' title="bbox 528 1996 2079 2068; baseline 0 -17"><span class='ocrx_word' id='word_1_251' title='bbox 528 2000 690 2068; x_wconf 81' lang='lat' dir='ltr'><strong>Cujus</strong></span> <span class='ocrx_word' id='word_1_252' title='bbox 718 2012 946 2066; x_wconf 90' lang='lat' dir='ltr'><strong>unquam</strong></span> <span class='ocrx_word' id='word_1_253' title='bbox 969 1997 1194 2051; x_wconf 82' lang='lat' dir='ltr'><strong>divinior</strong></span> <span class='ocrx_word' id='word_1_254' title='bbox 1224 1997 1444 2051; x_wconf 88' lang='lat' dir='ltr'><strong>felicitas</strong></span> <span class='ocrx_word' id='word_1_255' title='bbox 1472 1996 1609 2050; x_wconf 84' lang='lat' dir='ltr'><strong>fuit?</strong></span> <span class='ocrx_word' id='word_1_256' title='bbox 1642 1997 1805 2050; x_wconf 84' lang='lat' dir='ltr'><strong>Paulo</strong></span> <span class='ocrx_word' id='word_1_257' title='bbox 1835 2008 1958 2051; x_wconf 88' lang='lat' dir='ltr'><strong>ante</strong></span> <span class='ocrx_word' id='word_1_258' title='bbox 1979 1998 1998 2027; x_wconf 73' lang='grc'><strong><em>³</em></strong></span> <span class='ocrx_word' id='word_1_259' title='bbox 2028 1999 2079 2051; x_wconf 90' lang='lat' dir='ltr'><strong>in</strong></span> 
     </span>
    </p>
   </div>
   <div class='ocr_carea' id='block_1_35' title="bbox 529 2085 2084 2155">
    <p class='ocr_par' dir='ltr' id='par_1_35' title="bbox 529 2085 2084 2155">
     <span class='ocr_line' id='line_1_35' title="bbox 529 2085 2084 2155; baseline -0.001 -14"><span class='ocrx_word' id='word_1_260' title='bbox 529 2088 777 2142; x_wconf 59' lang='lat' dir='ltr'><strong>laceratis</strong></span> <span class='ocrx_word' id='word_1_261' title='bbox 803 2086 988 2141; x_wconf 67' lang='lat' dir='ltr'><strong>Gallia:</strong></span> <span class='ocrx_word' id='word_1_262' title='bbox 1025 2085 1313 2155; x_wconf 79' lang='lat' dir='ltr'><strong>provinciis</strong></span> <span class='ocrx_word' id='word_1_263' title='bbox 1361 2085 1539 2154; x_wconf 66' lang='lat' dir='ltr'><strong>lapsus</strong></span> <span class='ocrx_word' id='word_1_264' title='bbox 1576 2087 1596 2117; x_wconf 83' lang='grc'>⁸</span> <span class='ocrx_word' id='word_1_265' title='bbox 1636 2085 1967 2140; x_wconf 83' lang='lat' dir='ltr'><strong>inimicorum</strong></span> <span class='ocrx_word' id='word_1_266' title='bbox 1997 2104 2084 2139; x_wconf 75' lang='lat' dir='ltr'><strong>ra-</strong></span> 
     </span>
    </p>
   </div>
   <div class='ocr_carea' id='block_1_36' title="bbox 529 2176 2080 2245">
    <p class='ocr_par' dir='ltr' id='par_1_36' title="bbox 529 2176 2080 2245">
     <span class='ocr_line' id='line_1_36' title="bbox 529 2176 2080 2245; baseline -0.001 -14"><span class='ocrx_word' id='word_1_267' title='bbox 529 2178 768 2244; x_wconf 88' lang='lat' dir='ltr'><strong>pitalium</strong></span> <span class='ocrx_word' id='word_1_268' title='bbox 790 2178 985 2245; x_wconf 85' lang='lat' dir='ltr'><strong>apertis</strong></span> <span class='ocrx_word' id='word_1_269' title='bbox 1006 2177 1191 2243; x_wconf 90' lang='lat' dir='ltr'><strong>armis,</strong></span> <span class='ocrx_word' id='word_1_270' title='bbox 1218 2186 1271 2230; x_wconf 93' lang='lat' dir='ltr'><strong>et</strong></span> <span class='ocrx_word' id='word_1_271' title='bbox 1302 2176 1524 2231; x_wconf 83' lang='lat' dir='ltr'><strong>occultis</strong></span> <span class='ocrx_word' id='word_1_272' title='bbox 1550 2176 1757 2229; x_wconf 74' lang='lat' dir='ltr'><strong>insidis</strong></span> <span class='ocrx_word' id='word_1_273' title='bbox 1780 2178 2080 2245; x_wconf 83' lang='lat' dir='ltr'><strong>petebatur;</strong></span> 
     </span>
    </p>
   </div>
   <div class='ocr_carea' id='block_1_37' title="bbox 521 2267 2079 2338">
    <p class='ocr_par' dir='ltr' id='par_1_37' title="bbox 521 2267 2079 2338">
     <span class='ocr_line' id='line_1_37' title="bbox 521 2267 2079 2338; baseline 0 -16"><span class='ocrx_word' id='word_1_274' title='bbox 521 2270 585 2323; x_wconf 84' lang='lat' dir='ltr'><strong>~in</strong></span> <span class='ocrx_word' id='word_1_275' title='bbox 616 2269 848 2337; x_wconf 88' lang='lat' dir='ltr'><strong>pauculis</strong></span> <span class='ocrx_word' id='word_1_276' title='bbox 874 2268 1143 2321; x_wconf 89' lang='lat' dir='ltr'><strong>mensibus</strong></span> <span class='ocrx_word' id='word_1_277' title='bbox 1159 2267 1336 2320; x_wconf 90' lang='lat' dir='ltr'><strong>divino</strong></span> <span class='ocrx_word' id='word_1_278' title='bbox 1360 2283 1578 2324; x_wconf 78' lang='lat' dir='ltr'><strong>munere</strong></span> <span class='ocrx_word' id='word_1_279' title='bbox 1604 2268 1803 2338; x_wconf 64' lang='lat' dir='ltr'><strong>Libym,</strong></span> <span class='ocrx_word' id='word_1_280' title='bbox 1836 2271 2079 2337; x_wconf 70' lang='lat' dir='ltr'><strong>Europze,</strong></span> 
     </span>
    </p>
   </div>
   <div class='ocr_carea' id='block_1_38' title="bbox 531 2358 2084 2428">
    <p class='ocr_par' dir='ltr' id='par_1_38' title="bbox 531 2358 2084 2428">
     <span class='ocr_line' id='line_1_38' title="bbox 531 2358 2084 2428; baseline 0.001 -16"><span class='ocrx_word' id='word_1_281' title='bbox 531 2361 773 2426; x_wconf 62' lang='lat' dir='ltr'><strong>Asiaque</strong></span> <span class='ocrx_word' id='word_1_282' title='bbox 815 2368 1059 2427; x_wconf 73' lang='lat' dir='ltr'><strong>regnator</strong></span> <span class='ocrx_word' id='word_1_283' title='bbox 1108 2366 1205 2411; x_wconf 88' lang='lat' dir='ltr'><strong>est.</strong></span> <span class='ocrx_word' id='word_1_284' title='bbox 1250 2358 1379 2424; x_wconf 66' lang='lat' dir='ltr'><strong>Quae</strong></span> <span class='ocrx_word' id='word_1_285' title='bbox 1426 2359 1624 2427; x_wconf 85' lang='lat' dir='ltr'><strong>majora</strong></span> <span class='ocrx_word' id='word_1_286' title='bbox 1655 2360 2084 2428; x_wconf 77' lang='lat' dir='ltr'><strong>exspectabimus</strong></span> 
     </span>
    </p>
   </div>
   <div class='ocr_carea' id='block_1_39' title="bbox 530 2445 2084 2514">
    <p class='ocr_par' dir='ltr' id='par_1_39' title="bbox 530 2445 2084 2514">
     <span class='ocr_line' id='line_1_39' title="bbox 530 2445 2084 2514; baseline 0.001 -15"><span class='ocrx_word' id='word_1_287' title='bbox 530 2447 616 2499; x_wconf 89' lang='lat' dir='ltr'><strong>dei</strong></span> <span class='ocrx_word' id='word_1_288' title='bbox 646 2446 888 2514; x_wconf 62' lang='lat' dir='ltr'><strong>prtemia,</strong></span> <span class='ocrx_word' id='word_1_289' title='bbox 931 2460 1118 2513; x_wconf 67' lang='lat' dir='ltr'><strong>quatve</strong></span> <span class='ocrx_word' id='word_1_290' title='bbox 1150 2445 1393 2499; x_wconf 84' lang='lat' dir='ltr'><strong>uberiora</strong></span> <span class='ocrx_word' id='word_1_291' title='bbox 1424 2447 1561 2500; x_wconf 90' lang='lat' dir='ltr'><strong>dona</strong></span> <span class='ocrx_word' id='word_1_292' title='bbox 1593 2446 1853 2500; x_wconf 61' lang='lat' dir='ltr'><strong>fortunat?</strong></span> <span class='ocrx_word' id='word_1_293' title='bbox 1898 2446 2084 2501; x_wconf 77' lang='lat' dir='ltr'><strong>Videte</strong></span> 
     </span>
    </p>
   </div>
   <div class='ocr_carea' id='block_1_40' title="bbox 531 2534 2083 2605">
    <p class='ocr_par' dir='ltr' id='par_1_40' title="bbox 531 2534 2083 2605">
     <span class='ocr_line' id='line_1_40' title="bbox 531 2534 2083 2605; baseline 0.002 -18"><span class='ocrx_word' id='word_1_294' title='bbox 531 2552 657 2589; x_wconf 89' lang='lat' dir='ltr'><strong>num</strong></span> <span class='ocrx_word' id='word_1_295' title='bbox 697 2535 945 2589; x_wconf 87' lang='lat' dir='ltr'><strong>secundis</strong></span> <span class='ocrx_word' id='word_1_296' title='bbox 990 2534 1147 2587; x_wconf 90' lang='lat' dir='ltr'><strong>rebus</strong></span> <span class='ocrx_word' id='word_1_297' title='bbox 1183 2535 1351 2588; x_wconf 88' lang='lat' dir='ltr'><strong>elatus</strong></span> <span class='ocrx_word' id='word_1_298' title='bbox 1390 2534 1585 2605; x_wconf 88' lang='lat' dir='ltr'><strong>aliquid</strong></span> <span class='ocrx_word' id='word_1_299' title='bbox 1627 2536 1693 2590; x_wconf 88' lang='lat' dir='ltr'><strong>de</strong></span> <span class='ocrx_word' id='word_1_300' title='bbox 1737 2536 1926 2603; x_wconf 87' lang='lat' dir='ltr'><strong>prioris</strong></span> <span class='ocrx_word' id='word_1_301' title='bbox 1965 2536 2083 2590; x_wconf 67' lang='lat' dir='ltr'><strong>vitae</strong></span> 
     </span>
    </p>
   </div>
   <div class='ocr_carea' id='block_1_41' title="bbox 530 2610 2083 2679">
    <p class='ocr_par' dir='ltr' id='par_1_41' title="bbox 530 2610 2083 2679">
     <span class='ocr_line' id='line_1_41' title="bbox 530 2610 2083 2679; baseline 0 -2"><span class='ocrx_word' id='word_1_302' title='bbox 530 2624 934 2679; x_wconf 49' lang='lat' dir='ltr'><strong>mattsttetudine</strong></span> <span class='ocrx_word' id='word_1_303' title='bbox 981 2632 1034 2677; x_wconf 90' lang='lat' dir='ltr'><strong>et</strong></span> <span class='ocrx_word' id='word_1_304' title='bbox 1088 2622 1449 2677; x_wconf 72' lang='lat' dir='ltr'><strong>moderatione</strong></span> <span class='ocrx_word' id='word_1_305' title='bbox 1494 2626 1798 2679; x_wconf 82' lang='lat' dir='ltr'><strong>mutaverit.</strong></span> <span class='ocrx_word' id='word_1_306' title='bbox 1867 2610 2083 2678; x_wconf 70' lang='lat' dir='ltr'><strong>alutatit</strong></span> 
     </span>
    </p>
   </div>
   <div class='ocr_carea' id='block_1_42' title="bbox 531 2712 2082 2783">
    <p class='ocr_par' dir='ltr' id='par_1_42' title="bbox 531 2712 2082 2783">
     <span class='ocr_line' id='line_1_42' title="bbox 531 2712 2082 2783; baseline 0.002 -19"><span class='ocrx_word' id='word_1_307' title='bbox 531 2717 702 2783; x_wconf 83' lang='lat' dir='ltr'><strong>plane,</strong></span> <span class='ocrx_word' id='word_1_308' title='bbox 736 2715 973 2768; x_wconf 89' lang='lat' dir='ltr'><strong>mutavit.</strong></span> <span class='ocrx_word' id='word_1_309' title='bbox 1006 2712 1134 2766; x_wconf 86' lang='lat' dir='ltr'><strong>Nam</strong></span> <span class='ocrx_word' id='word_1_310' title='bbox 1160 2713 1369 2765; x_wconf 91' lang='lat' dir='ltr'><strong>civilior</strong></span> <span class='ocrx_word' id='word_1_311' title='bbox 1392 2712 1561 2766; x_wconf 86' lang='lat' dir='ltr'><strong>factus</strong></span> <span class='ocrx_word' id='word_1_312' title='bbox 1592 2728 1967 2781; x_wconf 83' lang='lat' dir='ltr'><strong>prosperorum</strong></span> <span class='ocrx_word' id='word_1_313' title='bbox 2003 2715 2082 2767; x_wconf 89' lang='lat' dir='ltr'><strong>in-</strong></span> 
     </span>
    </p>
   </div>
   <div class='ocr_carea' id='block_1_43' title="bbox 526 2802 2082 2872">
    <p class='ocr_par' dir='ltr' id='par_1_43' title="bbox 526 2802 2082 2872">
     <span class='ocr_line' id='line_1_43' title="bbox 526 2802 2082 2872; baseline 0.001 -16"><span class='ocrx_word' id='word_1_314' title='bbox 526 2805 685 2872; x_wconf 84' lang='lat' dir='ltr'><strong>fregit</strong></span> <span class='ocrx_word' id='word_1_315' title='bbox 731 2803 1002 2857; x_wconf 77' lang='lat' dir='ltr'><strong>invidiam.</strong></span> <span class='ocrx_word' id='word_1_316' title='bbox 1058 2803 1151 2855; x_wconf 83' lang='lat' dir='ltr'><strong>Cui</strong></span> <span class='ocrx_word' id='word_1_317' title='bbox 1199 2817 1302 2855; x_wconf 87' lang='lat' dir='ltr'><strong>non</strong></span> <span class='ocrx_word' id='word_1_318' title='bbox 1333 2803 1415 2855; x_wconf 90' lang='lat' dir='ltr'><strong>vel</strong></span> <span class='ocrx_word' id='word_1_319' title='bbox 1459 2802 1586 2855; x_wconf 92' lang='lat' dir='ltr'><strong>illud</strong></span> <span class='ocrx_word' id='word_1_320' title='bbox 1634 2812 1844 2872; x_wconf 86' lang='lat' dir='ltr'><strong>tempus</strong></span> <span class='ocrx_word' id='word_1_321' title='bbox 1887 2804 2082 2857; x_wconf 68' lang='lat' dir='ltr'><strong>sedata:</strong></span> 
     </span>
    </p>
   </div>
   <div class='ocr_carea' id='block_1_44' title="bbox 528 2892 2083 2962">
    <p class='ocr_par' dir='ltr' id='par_1_44' title="bbox 528 2892 2083 2962">
     <span class='ocr_line' id='line_1_44' title="bbox 528 2892 2083 2962; baseline 0 -15"><span class='ocrx_word' id='word_1_322' title='bbox 528 2896 751 2962; x_wconf 69' lang='lat' dir='ltr'><strong>praebuit</strong></span> <span class='ocrx_word' id='word_1_323' title='bbox 781 2894 973 2947; x_wconf 88' lang='lat' dir='ltr'><strong>mentis</strong></span> <span class='ocrx_word' id='word_1_324' title='bbox 1002 2893 1282 2958; x_wconf 90' lang='lat' dir='ltr'><strong>indicium,</strong></span> <span class='ocrx_word' id='word_1_325' title='bbox 1338 2908 1443 2960; x_wconf 93' lang='lat' dir='ltr'><strong>quo</strong></span> <span class='ocrx_word' id='word_1_326' title='bbox 1494 2893 1744 2947; x_wconf 88' lang='lat' dir='ltr'><strong>horrendi</strong></span> <span class='ocrx_word' id='word_1_327' title='bbox 1779 2892 1901 2947; x_wconf 87' lang='lat' dir='ltr'><strong>belli</strong></span> <span class='ocrx_word' id='word_1_328' title='bbox 1942 2906 2083 2947; x_wconf 87' lang='lat' dir='ltr'><strong>metu</strong></span> 
     </span>
    </p>
   </div>
   <div class='ocr_carea' id='block_1_45' title="bbox 529 2983 2083 3051">
    <p class='ocr_par' dir='ltr' id='par_1_45' title="bbox 529 2983 2083 3051">
     <span class='ocr_line' id='line_1_45' title="bbox 529 2983 2083 3051; baseline -0.001 -13"><span class='ocrx_word' id='word_1_329' title='bbox 529 2986 797 3051; x_wconf 83' lang='lat' dir='ltr'><strong>republica</strong></span> <span class='ocrx_word' id='word_1_330' title='bbox 828 2984 1067 3045; x_wconf 86' lang='lat' dir='ltr'><strong>liberata,</strong></span> <span class='ocrx_word' id='word_1_331' title='bbox 1095 2983 1220 3037; x_wconf 88' lang='lat' dir='ltr'><strong>elati</strong></span> <span class='ocrx_word' id='word_1_332' title='bbox 1252 2997 1433 3035; x_wconf 89' lang='lat' dir='ltr'><strong>smnus</strong></span> <span class='ocrx_word' id='word_1_333' title='bbox 1461 2984 1635 3036; x_wconf 89' lang='lat' dir='ltr'><strong>cuncti</strong></span> <span class='ocrx_word' id='word_1_334' title='bbox 1667 2984 1924 3050; x_wconf 88' lang='lat' dir='ltr'><strong>gestiente</strong></span> <span class='ocrx_word' id='word_1_335' title='bbox 1956 2984 2083 3036; x_wconf 68' lang='lat' dir='ltr'><strong>lacti—</strong></span> 
     </span>
    </p>
   </div>
   <div class='ocr_carea' id='block_1_46' title="bbox 528 3072 2080 3140">
    <p class='ocr_par' dir='ltr' id='par_1_46' title="bbox 528 3072 2080 3140">
     <span class='ocr_line' id='line_1_46' title="bbox 528 3072 2080 3140; baseline -0.001 -13"><span class='ocrx_word' id='word_1_336' title='bbox 528 3075 633 3127; x_wconf 72' lang='lat' dir='ltr'><strong>tia?</strong></span> <span class='ocrx_word' id='word_1_337' title='bbox 658 3074 762 3127; x_wconf 89' lang='lat' dir='ltr'><strong>Sed</strong></span> <span class='ocrx_word' id='word_1_338' title='bbox 803 3074 1111 3137; x_wconf 78' lang='lat' dir='ltr'><strong>imperator,</strong></span> <span class='ocrx_word' id='word_1_339' title='bbox 1140 3086 1438 3140; x_wconf 88' lang='lat' dir='ltr'><strong>quanquam</strong></span> <span class='ocrx_word' id='word_1_340' title='bbox 1480 3072 1684 3125; x_wconf 74' lang='lat' dir='ltr'><strong>ctelesti</strong></span> <span class='ocrx_word' id='word_1_341' title='bbox 1726 3086 1825 3139; x_wconf 87' lang='lat' dir='ltr'><strong>ope</strong></span> <span class='ocrx_word' id='word_1_342' title='bbox 1860 3074 2080 3126; x_wconf 62' lang='lat' dir='ltr'><strong>salutem</strong></span> 
     </span>
    </p>
   </div>
   <div class='ocr_carea' id='block_1_47' title="bbox 526 3163 2081 3234">
    <p class='ocr_par' dir='ltr' id='par_1_47' title="bbox 526 3163 2081 3234">
     <span class='ocr_line' id='line_1_47' title="bbox 526 3163 2081 3234; baseline 0.001 -16"><span class='ocrx_word' id='word_1_343' title='bbox 526 3164 833 3232; x_wconf 57' lang='lat' dir='ltr'><strong>reipublic:</strong></span> <span class='ocrx_word' id='word_1_344' title='bbox 854 3170 1191 3232; x_wconf 88' lang='lat' dir='ltr'><strong>propagatam</strong></span> <span class='ocrx_word' id='word_1_345' title='bbox 1215 3163 1438 3234; x_wconf 76' lang='lat' dir='ltr'><strong>videret,</strong></span> <span class='ocrx_word' id='word_1_346' title='bbox 1460 3172 1514 3217; x_wconf 91' lang='lat' dir='ltr'><strong>et</strong></span> <span class='ocrx_word' id='word_1_347' title='bbox 1533 3164 1889 3219; x_wconf 83' lang='lat' dir='ltr'><strong>conditionem</strong></span> <span class='ocrx_word' id='word_1_348' title='bbox 1915 3165 2081 3219; x_wconf 85' lang='lat' dir='ltr'><strong>doluit</strong></span> 
     </span>
    </p>
   </div>
   <div class='ocr_carea' id='block_1_48' title="bbox 2190 1990 3200 2059">
    <p class='ocr_par' dir='ltr' id='par_1_48' title="bbox 2190 1990 3200 2059">
     <span class='ocr_line' id='line_1_48' title="bbox 2190 1990 3200 2059; baseline 0.007 -17"><span class='ocrx_word' id='word_1_349' title='bbox 2190 1990 2408 2042; x_wconf 81' lang='lat' dir='ltr'><strong>nitentia</strong></span> <span class='ocrx_word' id='word_1_350' title='bbox 2430 2004 2523 2059; x_wconf 86' lang='lat' dir='ltr'><strong>per</strong></span> <span class='ocrx_word' id='word_1_351' title='bbox 2546 1991 2728 2046; x_wconf 91' lang='lat' dir='ltr'><strong>orbem</strong></span> <span class='ocrx_word' id='word_1_352' title='bbox 2759 2007 2947 2047; x_wconf 90' lang='lat' dir='ltr'><strong>serena</strong></span> <span class='ocrx_word' id='word_1_353' title='bbox 2975 1994 3200 2049; x_wconf 87' lang='lat' dir='ltr'><strong>refundi.</strong></span> 
     </span>
    </p>
   </div>
   <div class='ocr_carea' id='block_1_49' title="bbox 2257 2080 3731 2155">
    <p class='ocr_par' dir='ltr' id='par_1_49' title="bbox 2257 2080 3731 2155">
     <span class='ocr_line' id='line_1_49' title="bbox 2257 2080 3731 2155; baseline 0.005 -22"><span class='ocrx_word' id='word_1_354' title='bbox 2257 2080 2447 2135; x_wconf 77' lang='lat' dir='ltr'><strong>XXIX.</strong></span> <span class='ocrx_word' id='word_1_355' title='bbox 2488 2082 2599 2137; x_wconf 85' lang='lat' dir='ltr'><strong>Hoc</strong></span> <span class='ocrx_word' id='word_1_356' title='bbox 2625 2083 2693 2135; x_wconf 91' lang='lat' dir='ltr'><strong>ita</strong></span> <span class='ocrx_word' id='word_1_357' title='bbox 2720 2098 2858 2145; x_wconf 83' lang='lat' dir='ltr'><strong>esse,</strong></span> <span class='ocrx_word' id='word_1_358' title='bbox 2889 2087 3041 2152; x_wconf 89' lang='lat' dir='ltr'><strong>paulo</strong></span> <span class='ocrx_word' id='word_1_359' title='bbox 3069 2098 3190 2139; x_wconf 89' lang='lat' dir='ltr'><strong>ante</strong></span> <span class='ocrx_word' id='word_1_360' title='bbox 3216 2088 3381 2141; x_wconf 90' lang='lat' dir='ltr'><strong>oculis</strong></span> <span class='ocrx_word' id='word_1_361' title='bbox 3411 2089 3555 2142; x_wconf 90' lang='lat' dir='ltr'><strong>licuit</strong></span> <span class='ocrx_word' id='word_1_362' title='bbox 3581 2103 3731 2155; x_wconf 82' lang='lat' dir='ltr'><strong>expe-</strong></span> 
     </span>
    </p>
   </div>
   <div class='ocr_carea' id='block_1_50' title="bbox 2186 2171 3728 2244">
    <p class='ocr_par' dir='ltr' id='par_1_50' title="bbox 2186 2171 3728 2244">
     <span class='ocr_line' id='line_1_50' title="bbox 2186 2171 3728 2244; baseline 0.005 -20"><span class='ocrx_word' id='word_1_363' title='bbox 2186 2171 2299 2226; x_wconf 92' lang='lat' dir='ltr'><strong>riri.</strong></span> <span class='ocrx_word' id='word_1_364' title='bbox 2330 2180 2354 2206; x_wconf 70' lang='grc' dir='ltr'><strong><em>η</em></strong></span> <span class='ocrx_word' id='word_1_365' title='bbox 2386 2171 2440 2225; x_wconf 91' lang='lat' dir='ltr'><strong>ln</strong></span> <span class='ocrx_word' id='word_1_366' title='bbox 2468 2180 2717 2240; x_wconf 89' lang='lat' dir='ltr'><strong>quantam</strong></span> <span class='ocrx_word' id='word_1_367' title='bbox 2750 2173 2954 2227; x_wconf 88' lang='lat' dir='ltr'><strong>laxatus</strong></span> <span class='ocrx_word' id='word_1_368' title='bbox 2981 2183 3062 2227; x_wconf 90' lang='lat' dir='ltr'><strong>est</strong></span> <span class='ocrx_word' id='word_1_369' title='bbox 3100 2177 3323 2244; x_wconf 88' lang='lat' dir='ltr'><strong>populus</strong></span> <span class='ocrx_word' id='word_1_370' title='bbox 3360 2185 3411 2231; x_wconf 89' lang='lat' dir='ltr'><strong>te</strong></span> <span class='ocrx_word' id='word_1_371' title='bbox 3439 2179 3728 2232; x_wconf 86' lang='lat' dir='ltr'><strong>consulibus</strong></span> 
     </span>
    </p>
   </div>
   <div class='ocr_carea' id='block_1_51' title="bbox 2186 2263 3726 2323">
    <p class='ocr_par' dir='ltr' id='par_1_51' title="bbox 2186 2263 3726 2323">
     <span class='ocr_line' id='line_1_51' title="bbox 2186 2263 3726 2323; baseline 0.003 -8"><span class='ocrx_word' id='word_1_372' title='bbox 2186 2263 2287 2316; x_wconf 91' lang='lat' dir='ltr'><strong>tuis</strong></span> <span class='ocrx_word' id='word_1_373' title='bbox 2316 2263 2583 2319; x_wconf 84' lang='lat' dir='ltr'><strong>arridente</strong></span> <span class='ocrx_word' id='word_1_374' title='bbox 2611 2264 2842 2318; x_wconf 68' lang='lat' dir='ltr'><strong>laetitiam</strong></span> <span class='ocrx_word' id='word_1_375' title='bbox 2866 2268 2889 2317; x_wconf 70' lang='grc' dir='ltr'><strong>ἵν</strong></span> <span class='ocrx_word' id='word_1_376' title='bbox 2930 2265 3165 2320; x_wconf 78' lang='lat' dir='ltr'><strong>Vidimus</strong></span> <span class='ocrx_word' id='word_1_377' title='bbox 3194 2268 3447 2321; x_wconf 87' lang='lat' dir='ltr'><strong>attonitos</strong></span> <span class='ocrx_word' id='word_1_378' title='bbox 3472 2269 3726 2323; x_wconf 89' lang='lat' dir='ltr'><strong>admiran-</strong></span> 
     </span>
    </p>
   </div>
   <div class='ocr_carea' id='block_1_52' title="bbox 2186 2354 3726 2422">
    <p class='ocr_par' dir='ltr' id='par_1_52' title="bbox 2186 2354 3726 2422">
     <span class='ocr_line' id='line_1_52' title="bbox 2186 2354 3726 2422; baseline 0.005 -16"><span class='ocrx_word' id='word_1_379' title='bbox 2186 2355 2317 2407; x_wconf 89' lang='lat' dir='ltr'><strong>tium</strong></span> <span class='ocrx_word' id='word_1_380' title='bbox 2348 2356 2550 2417; x_wconf 88' lang='lat' dir='ltr'><strong>vulttts,</strong></span> <span class='ocrx_word' id='word_1_381' title='bbox 2593 2354 2941 2410; x_wconf 90' lang='lat' dir='ltr'><strong>multiformes</strong></span> <span class='ocrx_word' id='word_1_382' title='bbox 2984 2356 3271 2410; x_wconf 71' lang='lat' dir='ltr'><strong>ltetantium</strong></span> <span class='ocrx_word' id='word_1_383' title='bbox 3310 2367 3516 2422; x_wconf 87' lang='lat' dir='ltr'><strong>status,</strong></span> <span class='ocrx_word' id='word_1_384' title='bbox 3564 2360 3726 2413; x_wconf 77' lang='lat' dir='ltr'><strong>varios</strong></span> 
     </span>
    </p>
   </div>
   <div class='ocr_carea' id='block_1_53' title="bbox 2185 2446 3726 2517">
    <p class='ocr_par' dir='ltr' id='par_1_53' title="bbox 2185 2446 3726 2517">
     <span class='ocr_line' id='line_1_53' title="bbox 2185 2446 3726 2517; baseline 0.002 -19"><span class='ocrx_word' id='word_1_385' title='bbox 2185 2459 2463 2513; x_wconf 87' lang='lat' dir='ltr'><strong>corporum</strong></span> <span class='ocrx_word' id='word_1_386' title='bbox 2500 2456 2696 2501; x_wconf 81' lang='lat' dir='ltr'><strong>motus.</strong></span> <span class='ocrx_word' id='word_1_387' title='bbox 2746 2446 3020 2501; x_wconf 89' lang='lat' dir='ltr'><strong>Clamores</strong></span> <span class='ocrx_word' id='word_1_388' title='bbox 3067 2449 3364 2503; x_wconf 84' lang='lat' dir='ltr'><strong>inconditos</strong></span> <span class='ocrx_word' id='word_1_389' title='bbox 3393 2451 3726 2517; x_wconf 73' lang='lat' dir='ltr'><strong>profundebat</strong></span> 
     </span>
    </p>
   </div>
   <div class='ocr_carea' id='block_1_54' title="bbox 2186 2534 3727 2614">
    <p class='ocr_par' dir='ltr' id='par_1_54' title="bbox 2186 2534 3727 2614">
     <span class='ocr_line' id='line_1_54' title="bbox 2186 2534 3727 2614; baseline 0.003 -27"><span class='ocrx_word' id='word_1_390' title='bbox 2186 2534 2430 2588; x_wconf 88' lang='lat' dir='ltr'><strong>laudandi</strong></span> <span class='ocrx_word' id='word_1_391' title='bbox 2461 2535 2624 2589; x_wconf 74' lang='lat' dir='ltr'><strong>elfusa</strong></span> <span class='ocrx_word' id='word_1_392' title='bbox 2657 2537 2889 2614; x_wconf 81' lang='lat' dir='ltr'><strong>libertas.</strong></span> <span class='ocrx_word' id='word_1_393' title='bbox 2923 2537 3263 2604; x_wconf 83' lang='lat' dir='ltr'><strong>Tripudiabat</strong></span> <span class='ocrx_word' id='word_1_394' title='bbox 3292 2539 3496 2593; x_wconf 87' lang='lat' dir='ltr'><strong>crebris</strong></span> <span class='ocrx_word' id='word_1_395' title='bbox 3522 2540 3727 2593; x_wconf 82' lang='lat' dir='ltr'><strong>saltibus</strong></span> 
     </span>
    </p>
   </div>
   <div class='ocr_carea' id='block_1_55' title="bbox 2186 2624 3727 2697">
    <p class='ocr_par' dir='ltr' id='par_1_55' title="bbox 2186 2624 3727 2697">
     <span class='ocr_line' id='line_1_55' title="bbox 2186 2624 3727 2697; baseline 0.003 -20"><span class='ocrx_word' id='word_1_396' title='bbox 2186 2624 2487 2679; x_wconf 89' lang='lat' dir='ltr'><strong>multitudo.</strong></span> <span class='ocrx_word' id='word_1_397' title='bbox 2538 2624 2722 2679; x_wconf 72' lang='lat' dir='ltr'><strong>Nimire</strong></span> <span class='ocrx_word' id='word_1_398' title='bbox 2758 2627 2954 2679; x_wconf 66' lang='lat' dir='ltr'><strong>laetitiae</strong></span> <span class='ocrx_word' id='word_1_399' title='bbox 2982 2627 3188 2681; x_wconf 78' lang='lat' dir='ltr'><strong>decoris</strong></span> <span class='ocrx_word' id='word_1_400' title='bbox 3214 2637 3335 2681; x_wconf 91' lang='lat' dir='ltr'><strong>sunt</strong></span> <span class='ocrx_word' id='word_1_401' title='bbox 3366 2639 3418 2681; x_wconf 89' lang='lat' dir='ltr'><strong>et</strong></span> <span class='ocrx_word' id='word_1_402' title='bbox 3463 2628 3727 2697; x_wconf 86' lang='lat' dir='ltr'><strong>gravitatis</strong></span> 
     </span>
    </p>
   </div>
   <div class='ocr_carea' id='block_1_56' title="bbox 2186 2714 3726 2783">
    <p class='ocr_par' dir='ltr' id='par_1_56' title="bbox 2186 2714 3726 2783">
     <span class='ocr_line' id='line_1_56' title="bbox 2186 2714 3726 2783; baseline 0.001 -18"><span class='ocrx_word' id='word_1_403' title='bbox 2186 2714 2544 2767; x_wconf 85' lang='lat' dir='ltr'><strong>immemores.</strong></span> <span class='ocrx_word' id='word_1_404' title='bbox 2597 2714 2686 2767; x_wconf 93' lang='lat' dir='ltr'><strong>llla</strong></span> <span class='ocrx_word' id='word_1_405' title='bbox 2726 2714 2948 2781; x_wconf 88' lang='lat' dir='ltr'><strong>jactatio</strong></span> <span class='ocrx_word' id='word_1_406' title='bbox 2994 2724 3263 2783; x_wconf 88' lang='lat' dir='ltr'><strong>togarum,</strong></span> <span class='ocrx_word' id='word_1_407' title='bbox 3318 2717 3403 2770; x_wconf 91' lang='lat' dir='ltr'><strong>illa</strong></span> <span class='ocrx_word' id='word_1_408' title='bbox 3453 2719 3726 2772; x_wconf 81' lang='lat' dir='ltr'><strong>exsultatio</strong></span> 
     </span>
    </p>
   </div>
   <div class='ocr_carea' id='block_1_57' title="bbox 2184 2802 3724 2870">
    <p class='ocr_par' dir='ltr' id='par_1_57' title="bbox 2184 2802 3724 2870">
     <span class='ocr_line' id='line_1_57' title="bbox 2184 2802 3724 2870; baseline 0.003 -16"><span class='ocrx_word' id='word_1_409' title='bbox 2184 2816 2467 2867; x_wconf 90' lang='lat' dir='ltr'><strong>corporum</strong></span> <span class='ocrx_word' id='word_1_410' title='bbox 2498 2803 2857 2856; x_wconf 79' lang='lat' dir='ltr'><strong>nescientibus</strong></span> <span class='ocrx_word' id='word_1_411' title='bbox 2884 2817 3018 2870; x_wconf 90' lang='lat' dir='ltr'><strong>pene</strong></span> <span class='ocrx_word' id='word_1_412' title='bbox 3045 2802 3346 2859; x_wconf 84' lang='lat' dir='ltr'><strong>horninibus</strong></span> <span class='ocrx_word' id='word_1_413' title='bbox 3386 2806 3724 2861; x_wconf 81' lang='lat' dir='ltr'><strong>excitabatur.</strong></span> 
     </span>
    </p>
   </div>
   <div class='ocr_carea' id='block_1_58' title="bbox 2184 2889 3722 2960">
    <p class='ocr_par' dir='ltr' id='par_1_58' title="bbox 2184 2889 3722 2960">
     <span class='ocr_line' id='line_1_58' title="bbox 2184 2889 3722 2960; baseline 0.003 -18"><span class='ocrx_word' id='word_1_414' title='bbox 2184 2889 2405 2943; x_wconf 91' lang='lat' dir='ltr'><strong>Omnem</strong></span> <span class='ocrx_word' id='word_1_415' title='bbox 2436 2891 2749 2945; x_wconf 76' lang='lat' dir='ltr'><strong>modeStiam</strong></span> <span class='ocrx_word' id='word_1_416' title='bbox 2783 2891 2980 2960; x_wconf 77' lang='lat' dir='ltr'><strong>populi,</strong></span> <span class='ocrx_word' id='word_1_417' title='bbox 3017 2907 3226 2946; x_wconf 89' lang='lat' dir='ltr'><strong>omnem</strong></span> <span class='ocrx_word' id='word_1_418' title='bbox 3262 2895 3629 2948; x_wconf 86' lang='lat' dir='ltr'><strong>verecundiam</strong></span> <span class='ocrx_word' id='word_1_419' title='bbox 3656 2896 3722 2947; x_wconf 85' lang='lat' dir='ltr'><strong>tui</strong></span> 
     </span>
    </p>
   </div>
   <div class='ocr_carea' id='block_1_59' title="bbox 2185 2980 3725 3051">
    <p class='ocr_par' dir='ltr' id='par_1_59' title="bbox 2185 2980 3725 3051">
     <span class='ocr_line' id='line_1_59' title="bbox 2185 2980 3725 3051; baseline 0.001 -20"><span class='ocrx_word' id='word_1_420' title='bbox 2185 2980 2376 3049; x_wconf 89' lang='lat' dir='ltr'><strong>gaudia</strong></span> <span class='ocrx_word' id='word_1_421' title='bbox 2417 2980 2617 3034; x_wconf 80' lang='lat' dir='ltr'><strong>effrena</strong></span> <span class='ocrx_word' id='word_1_422' title='bbox 2655 2992 3050 3050; x_wconf 79' lang='lat' dir='ltr'><strong>superaverant.</strong></span> <span class='ocrx_word' id='word_1_423' title='bbox 3118 2983 3249 3047; x_wconf 83' lang='lat' dir='ltr'><strong>Ave,</strong></span> <span class='ocrx_word' id='word_1_424' title='bbox 3294 2984 3478 3036; x_wconf 84' lang='lat' dir='ltr'><strong>consul</strong></span> <span class='ocrx_word' id='word_1_425' title='bbox 3523 2984 3725 3051; x_wconf 81' lang='lat' dir='ltr'><strong>amplis-</strong></span> 
     </span>
    </p>
   </div>
   <div class='ocr_carea' id='block_1_60' title="bbox 2184 3071 3725 3141">
    <p class='ocr_par' dir='ltr' id='par_1_60' title="bbox 2184 3071 3725 3141">
     <span class='ocr_line' id='line_1_60' title="bbox 2184 3071 3725 3141; baseline 0.002 -19"><span class='ocrx_word' id='word_1_426' title='bbox 2184 3071 2336 3123; x_wconf 90' lang='lat' dir='ltr'><strong>sime.</strong></span> <span class='ocrx_word' id='word_1_427' title='bbox 2386 3073 2530 3124; x_wconf 86' lang='lat' dir='ltr'><strong>Aveo</strong></span> <span class='ocrx_word' id='word_1_428' title='bbox 2574 3071 2755 3138; x_wconf 87' lang='lat' dir='ltr'><strong>plane,</strong></span> <span class='ocrx_word' id='word_1_429' title='bbox 2804 3072 3091 3139; x_wconf 83' lang='lat' dir='ltr'><strong>imperator</strong></span> <span class='ocrx_word' id='word_1_430' title='bbox 3118 3115 3131 3140; x_wconf 93' lang='lat'><strong>,</strong></span> <span class='ocrx_word' id='word_1_431' title='bbox 3176 3080 3228 3125; x_wconf 87' lang='lat' dir='ltr'><strong>et</strong></span> <span class='ocrx_word' id='word_1_432' title='bbox 3255 3072 3447 3127; x_wconf 80' lang='lat' dir='ltr'><strong>avebo.</strong></span> <span class='ocrx_word' id='word_1_433' title='bbox 3482 3072 3508 3111; x_wconf 70' lang='grc' dir='ltr'>δ</span> <span class='ocrx_word' id='word_1_434' title='bbox 3559 3074 3725 3141; x_wconf 62' lang='lat' dir='ltr'><strong>Neque</strong></span> 
     </span>
    </p>
   </div>
   <div class='ocr_carea' id='block_1_61' title="bbox 2184 3158 3719 3237">
    <p class='ocr_par' dir='ltr' id='par_1_61' title="bbox 2184 3158 3719 3237">
     <span class='ocr_line' id='line_1_61' title="bbox 2184 3158 3719 3237; baseline 0.001 -26"><span class='ocrx_word' id='word_1_435' title='bbox 2184 3158 2327 3212; x_wconf 91' lang='lat' dir='ltr'><strong>enim</strong></span> <span class='ocrx_word' id='word_1_436' title='bbox 2369 3169 2588 3237; x_wconf 80' lang='lat' dir='ltr'><strong>eventus</strong></span> <span class='ocrx_word' id='word_1_437' title='bbox 2626 3174 2745 3213; x_wconf 83' lang='lat' dir='ltr'><strong>esse</strong></span> <span class='ocrx_word' id='word_1_438' title='bbox 2792 3169 2963 3227; x_wconf 88' lang='lat' dir='ltr'><strong>potest</strong></span> <span class='ocrx_word' id='word_1_439' title='bbox 3002 3160 3168 3228; x_wconf 88' lang='lat' dir='ltr'><strong>optati</strong></span> <span class='ocrx_word' id='word_1_440' title='bbox 3220 3161 3373 3227; x_wconf 87' lang='lat' dir='ltr'><strong>hujus</strong></span> <span class='ocrx_word' id='word_1_441' title='bbox 3417 3162 3719 3230; x_wconf 83' lang='lat' dir='ltr'><strong>ambiguus;</strong></span> 
     </span>
    </p>
   </div>
   <div class='ocr_carea' id='block_1_62' title="bbox 529 3248 3723 3319">
    <p class='ocr_par' dir='ltr' id='par_1_62' title="bbox 529 3248 3723 3319">
     <span class='ocr_line' id='line_1_62' title="bbox 529 3248 3723 3319; baseline -0.001 -14"><span class='ocrx_word' id='word_1_442' title='bbox 529 3254 830 3315; x_wconf 89' lang='lat' dir='ltr'><strong>humanam,</strong></span> <span class='ocrx_word' id='word_1_443' title='bbox 880 3262 955 3315; x_wconf 88' lang='lat' dir='ltr'><strong>ct,</strong></span> <span class='ocrx_word' id='word_1_444' title='bbox 1000 3252 1322 3305; x_wconf 77' lang='lat' dir='ltr'><strong>offensarum</strong></span> <span class='ocrx_word' id='word_1_445' title='bbox 1361 3252 1585 3319; x_wconf 87' lang='lat' dir='ltr'><strong>gratiam</strong></span> <span class='ocrx_word' id='word_1_446' title='bbox 1638 3252 1858 3317; x_wconf 89' lang='lat' dir='ltr'><strong>faciens,</strong></span> <span class='ocrx_word' id='word_1_447' title='bbox 1914 3254 2076 3306; x_wconf 88' lang='lat' dir='ltr'><strong>induit</strong></span> <span class='ocrx_word' id='word_1_448' title='bbox 2106 3258 2148 3317; x_wconf 65' lang='grc' dir='ltr'><strong>(ἶ</strong></span> <span class='ocrx_word' id='word_1_449' title='bbox 2183 3264 2301 3301; x_wconf 89' lang='lat' dir='ltr'><strong>cum</strong></span> <span class='ocrx_word' id='word_1_450' title='bbox 2334 3252 2377 3301; x_wconf 89' lang='lat' dir='ltr'><strong>is</strong></span> <span class='ocrx_word' id='word_1_451' title='bbox 2398 3263 2557 3302; x_wconf 87' lang='lat' dir='ltr'><strong>avere</strong></span> <span class='ocrx_word' id='word_1_452' title='bbox 2577 3248 2780 3316; x_wconf 89' lang='lat' dir='ltr'><strong>jubeat,</strong></span> <span class='ocrx_word' id='word_1_453' title='bbox 2812 3250 2899 3315; x_wconf 91' lang='lat' dir='ltr'><strong>qui</strong></span> <span class='ocrx_word' id='word_1_454' title='bbox 2924 3248 3032 3317; x_wconf 90' lang='lat' dir='ltr'><strong>jam</strong></span> <span class='ocrx_word' id='word_1_455' title='bbox 3062 3249 3184 3303; x_wconf 87' lang='lat' dir='ltr'><strong>fecit</strong></span> <span class='ocrx_word' id='word_1_456' title='bbox 3207 3258 3512 3303; x_wconf 86' lang='lat' dir='ltr'><strong>utavcrem.</strong></span> <span class='ocrx_word' id='word_1_457' title='bbox 3536 3250 3723 3304; x_wconf 89' lang='lat' dir='ltr'><strong>Consul</strong></span> 
     </span>
    </p>
   </div>
   <div class='ocr_carea' id='block_1_63' title="bbox 526 3340 2075 3409">
    <p class='ocr_par' dir='ltr' id='par_1_63' title="bbox 526 3340 2075 3409">
     <span class='ocr_line' id='line_1_63' title="bbox 526 3340 2075 3409; baseline 0 -17"><span class='ocrx_word' id='word_1_458' title='bbox 526 3342 761 3405; x_wconf 83' lang='lat' dir='ltr'><strong>fratrem,</strong></span> <span class='ocrx_word' id='word_1_459' title='bbox 784 3349 835 3393; x_wconf 91' lang='lat' dir='ltr'><strong>et</strong></span> <span class='ocrx_word' id='word_1_460' title='bbox 859 3341 1012 3407; x_wconf 89' lang='lat' dir='ltr'><strong>cujus</strong></span> <span class='ocrx_word' id='word_1_461' title='bbox 1036 3342 1195 3393; x_wconf 89' lang='lat' dir='ltr'><strong>armis</strong></span> <span class='ocrx_word' id='word_1_462' title='bbox 1218 3340 1238 3370; x_wconf 85' lang='grc'><strong>⁸</strong></span> <span class='ocrx_word' id='word_1_463' title='bbox 1266 3340 1425 3393; x_wconf 83' lang='lat' dir='ltr'><strong>vitam</strong></span> <span class='ocrx_word' id='word_1_464' title='bbox 1454 3341 1809 3409; x_wconf 72' lang='lat' dir='ltr'><strong>impugnatum</strong></span> <span class='ocrx_word' id='word_1_465' title='bbox 1839 3342 2034 3396; x_wconf 82' lang='lat' dir='ltr'><strong>sciebat</strong></span> <span class='ocrx_word' id='word_1_466' title='bbox 2061 3360 2075 3407; x_wconf 87' lang='lat'><strong>;</strong></span> 
     </span>
    </p>
   </div>
   <div class='ocr_carea' id='block_1_64' title="bbox 525 3430 2074 3500">
    <p class='ocr_par' dir='ltr' id='par_1_64' title="bbox 525 3430 2074 3500">
     <span class='ocr_line' id='line_1_64' title="bbox 525 3430 2074 3500; baseline 0.003 -17"><span class='ocrx_word' id='word_1_467' title='bbox 525 3440 749 3483; x_wconf 87' lang='lat' dir='ltr'><strong>mortem</strong></span> <span class='ocrx_word' id='word_1_468' title='bbox 778 3431 892 3496; x_wconf 90' lang='lat' dir='ltr'><strong>ejus</strong></span> <span class='ocrx_word' id='word_1_469' title='bbox 918 3430 1147 3493; x_wconf 91' lang='lat' dir='ltr'><strong>ornavit,</strong></span> <span class='ocrx_word' id='word_1_470' title='bbox 1190 3443 1250 3484; x_wconf 89' lang='lat' dir='ltr'><strong>ac</strong></span> <span class='ocrx_word' id='word_1_471' title='bbox 1274 3438 1453 3497; x_wconf 89' lang='lat' dir='ltr'><strong>postea</strong></span> <span class='ocrx_word' id='word_1_472' title='bbox 1497 3430 1609 3499; x_wconf 87' lang='lat' dir='ltr'><strong>ipse</strong></span> <span class='ocrx_word' id='word_1_473' title='bbox 1636 3431 1771 3499; x_wconf 82' lang='lat' dir='ltr'><strong>justa</strong></span> <span class='ocrx_word' id='word_1_474' title='bbox 1805 3433 2074 3500; x_wconf 77' lang='lat' dir='ltr'><strong>persolvit.</strong></span> 
     </span>
    </p>
   </div>
   <div class='ocr_carea' id='block_1_65' title="bbox 525 3520 2074 3588">
    <p class='ocr_par' dir='ltr' id='par_1_65' title="bbox 525 3520 2074 3588">
     <span class='ocr_line' id='line_1_65' title="bbox 525 3520 2074 3588; baseline 0.002 -15"><span class='ocrx_word' id='word_1_475' title='bbox 525 3520 589 3573; x_wconf 79' lang='lat' dir='ltr'><strong>Et</strong></span> <span class='ocrx_word' id='word_1_476' title='bbox 611 3520 883 3585; x_wconf 86' lang='lat' dir='ltr'><strong>memoria,</strong></span> <span class='ocrx_word' id='word_1_477' title='bbox 910 3531 963 3573; x_wconf 93' lang='lat' dir='ltr'><strong>et</strong></span> <span class='ocrx_word' id='word_1_478' title='bbox 985 3520 1253 3574; x_wconf 88' lang='lat' dir='ltr'><strong>oblivione</strong></span> <span class='ocrx_word' id='word_1_479' title='bbox 1281 3520 1555 3584; x_wconf 89' lang='lat' dir='ltr'><strong>mirabilis,</strong></span> <span class='ocrx_word' id='word_1_480' title='bbox 1579 3522 1597 3551; x_wconf 83' lang='grc'><strong>⁷</strong></span> <span class='ocrx_word' id='word_1_481' title='bbox 1630 3521 1825 3575; x_wconf 91' lang='lat' dir='ltr'><strong>oblitus</strong></span> <span class='ocrx_word' id='word_1_482' title='bbox 1858 3522 2074 3588; x_wconf 82' lang='lat' dir='ltr'><strong>inimici,</strong></span> 
     </span>
    </p>
   </div>
   <div class='ocr_carea' id='block_1_66' title="bbox 523 3609 1038 3663">
    <p class='ocr_par' dir='ltr' id='par_1_66' title="bbox 523 3609 1038 3663">
     <span class='ocr_line' id='line_1_66' title="bbox 523 3609 1038 3663; baseline -0.002 -1"><span class='ocrx_word' id='word_1_483' title='bbox 523 3610 761 3663; x_wconf 81' lang='lat' dir='ltr'><strong>meminit</strong></span> <span class='ocrx_word' id='word_1_484' title='bbox 792 3609 1038 3662; x_wconf 71' lang='lat' dir='ltr'><strong>bteredis.</strong></span> 
     </span>
    </p>
   </div>
   <div class='ocr_carea' id='block_1_67' title="bbox 595 3698 2073 3768">
    <p class='ocr_par' dir='ltr' id='par_1_67' title="bbox 595 3698 2073 3768">
     <span class='ocr_line' id='line_1_67' title="bbox 595 3698 2073 3768; baseline 0 -15"><span class='ocrx_word' id='word_1_485' title='bbox 595 3700 827 3753; x_wconf 77' lang='lat' dir='ltr'><strong>XXHII.</strong></span> <span class='ocrx_word' id='word_1_486' title='bbox 876 3698 980 3753; x_wconf 86' lang='lat' dir='ltr'><strong>Sed</strong></span> <span class='ocrx_word' id='word_1_487' title='bbox 1023 3699 1147 3768; x_wconf 87' lang='lat' dir='ltr'><strong>quid</strong></span> <span class='ocrx_word' id='word_1_488' title='bbox 1190 3714 1289 3767; x_wconf 91' lang='lat' dir='ltr'><strong>ego</strong></span> <span class='ocrx_word' id='word_1_489' title='bbox 1335 3699 1542 3767; x_wconf 90' lang='lat' dir='ltr'><strong>longius</strong></span> <span class='ocrx_word' id='word_1_490' title='bbox 1582 3699 1776 3753; x_wconf 89' lang='lat' dir='ltr'><strong>indicia</strong></span> <span class='ocrx_word' id='word_1_491' title='bbox 1827 3702 1969 3755; x_wconf 85' lang='lat' dir='ltr'><strong>mitis</strong></span> <span class='ocrx_word' id='word_1_492' title='bbox 2018 3710 2073 3754; x_wconf 91' lang='lat' dir='ltr'><strong>et</strong></span> 
     </span>
    </p>
   </div>
   <div class='ocr_carea' id='block_1_68' title="bbox 524 3788 2072 3858">
    <p class='ocr_par' dir='ltr' id='par_1_68' title="bbox 524 3788 2072 3858">
     <span class='ocr_line' id='line_1_68' title="bbox 524 3788 2072 3858; baseline 0.001 -16"><span class='ocrx_word' id='word_1_493' title='bbox 524 3799 809 3843; x_wconf 81' lang='lat' dir='ltr'><strong>mansueta:</strong></span> <span class='ocrx_word' id='word_1_494' title='bbox 838 3790 1030 3842; x_wconf 90' lang='lat' dir='ltr'><strong>mentis</strong></span> <span class='ocrx_word' id='word_1_495' title='bbox 1054 3790 1307 3843; x_wconf 84' lang='lat' dir='ltr'><strong>accerso?</strong></span> <span class='ocrx_word' id='word_1_496' title='bbox 1330 3789 1423 3844; x_wconf 90' lang='lat' dir='ltr'><strong>llic</strong></span> <span class='ocrx_word' id='word_1_497' title='bbox 1447 3790 1577 3857; x_wconf 69' lang='lat' dir='ltr'><strong>ipse,</strong></span> <span class='ocrx_word' id='word_1_498' title='bbox 1608 3788 1695 3843; x_wconf 93' lang='lat' dir='ltr'><strong>hic</strong></span> <span class='ocrx_word' id='word_1_499' title='bbox 1726 3790 1937 3857; x_wconf 78' lang='lat' dir='ltr'><strong>inquam</strong></span> <span class='ocrx_word' id='word_1_500' title='bbox 1963 3791 2072 3858; x_wconf 83' lang='lat' dir='ltr'><strong>ipse</strong></span> 
     </span>
    </p>
   </div>
   <div class='ocr_carea' id='block_1_69' title="bbox 516 3878 2067 3946">
    <p class='ocr_par' dir='ltr' id='par_1_69' title="bbox 516 3878 2067 3946">
     <span class='ocr_line' id='line_1_69' title="bbox 516 3878 2067 3946; baseline -0.001 -13"><span class='ocrx_word' id='word_1_501' title='bbox 516 3880 637 3934; x_wconf 87' lang='lat' dir='ltr'><strong>dies</strong></span> <span class='ocrx_word' id='word_1_502' title='bbox 684 3878 905 3946; x_wconf 74' lang='lat' dir='ltr'><strong>przebuit</strong></span> <span class='ocrx_word' id='word_1_503' title='bbox 941 3879 1110 3931; x_wconf 87' lang='lat' dir='ltr'><strong>civilis</strong></span> <span class='ocrx_word' id='word_1_504' title='bbox 1157 3880 1315 3932; x_wconf 88' lang='lat' dir='ltr'><strong>animi</strong></span> <span class='ocrx_word' id='word_1_505' title='bbox 1368 3879 1499 3932; x_wconf 88' lang='lat' dir='ltr'><strong>satis</strong></span> <span class='ocrx_word' id='word_1_506' title='bbox 1543 3881 1686 3933; x_wconf 90' lang='lat' dir='ltr'><strong>clara</strong></span> <span class='ocrx_word' id='word_1_507' title='bbox 1734 3879 2067 3933; x_wconf 84' lang='lat' dir='ltr'><strong>documenta.</strong></span> 
     </span>
    </p>
   </div>
   <div class='ocr_carea' id='block_1_70' title="bbox 524 3967 2065 4036">
    <p class='ocr_par' dir='ltr' id='par_1_70' title="bbox 524 3967 2065 4036">
     <span class='ocr_line' id='line_1_70' title="bbox 524 3967 2065 4036; baseline -0.001 -15"><span class='ocrx_word' id='word_1_508' title='bbox 524 3968 637 4036; x_wconf 81' lang='lat' dir='ltr'><strong>Ego</strong></span> <span class='ocrx_word' id='word_1_509' title='bbox 664 3977 718 4020; x_wconf 92' lang='lat' dir='ltr'><strong>et</strong></span> <span class='ocrx_word' id='word_1_510' title='bbox 744 3968 767 3998; x_wconf 77' lang='grc'>⁸</span> <span class='ocrx_word' id='word_1_511' title='bbox 794 3967 991 4035; x_wconf 83' lang='lat' dir='ltr'><strong>collega</strong></span> <span class='ocrx_word' id='word_1_512' title='bbox 1040 3982 1211 4030; x_wconf 75' lang='lat' dir='ltr'><strong>mem,</strong></span> <span class='ocrx_word' id='word_1_513' title='bbox 1240 3983 1305 4019; x_wconf 87' lang='lat' dir='ltr'><strong>ne</strong></span> <span class='ocrx_word' id='word_1_514' title='bbox 1342 3967 1465 4034; x_wconf 91' lang='lat' dir='ltr'><strong>quid</strong></span> <span class='ocrx_word' id='word_1_515' title='bbox 1498 3968 1757 4020; x_wconf 81' lang='lat' dir='ltr'><strong>maximus</strong></span> <span class='ocrx_word' id='word_1_516' title='bbox 1785 3968 2065 4034; x_wconf 84' lang='lat' dir='ltr'><strong>imperator</strong></span> 
     </span>
    </p>
   </div>
   <div class='ocr_carea' id='block_1_71' title="bbox 524 4056 2067 4125">
    <p class='ocr_par' dir='ltr' id='par_1_71' title="bbox 524 4056 2067 4125">
     <span class='ocr_line' id='line_1_71' title="bbox 524 4056 2067 4125; baseline -0.003 -14"><span class='ocrx_word' id='word_1_517' title='bbox 524 4056 837 4125; x_wconf 81' lang='lat' dir='ltr'><strong>propensius</strong></span> <span class='ocrx_word' id='word_1_518' title='bbox 881 4056 1219 4109; x_wconf 88' lang='lat' dir='ltr'><strong>humanitatis</strong></span> <span class='ocrx_word' id='word_1_519' title='bbox 1264 4056 1440 4109; x_wconf 90' lang='lat' dir='ltr'><strong>studio</strong></span> <span class='ocrx_word' id='word_1_520' title='bbox 1488 4056 1683 4109; x_wconf 83' lang='lat' dir='ltr'><strong>faceret</strong></span> <span class='ocrx_word' id='word_1_521' title='bbox 1735 4058 2067 4108; x_wconf 82' lang='lat' dir='ltr'><strong>verebamur.</strong></span> 
     </span>
    </p>
   </div>
   <div class='ocr_carea' id='block_1_72' title="bbox 522 4147 2073 4214">
    <p class='ocr_par' dir='ltr' id='par_1_72' title="bbox 522 4147 2073 4214">
     <span class='ocr_line' id='line_1_72' title="bbox 522 4147 2073 4214; baseline -0.001 -15"><span class='ocrx_word' id='word_1_522' title='bbox 522 4147 700 4213; x_wconf 86' lang='lat' dir='ltr'><strong>Itaque</strong></span> <span class='ocrx_word' id='word_1_523' title='bbox 739 4147 995 4199; x_wconf 90' lang='lat' dir='ltr'><strong>matutino</strong></span> <span class='ocrx_word' id='word_1_524' title='bbox 1032 4148 1345 4213; x_wconf 85' lang='lat' dir='ltr'><strong>crepusculo</strong></span> <span class='ocrx_word' id='word_1_525' title='bbox 1389 4148 1635 4214; x_wconf 89' lang='lat' dir='ltr'><strong>palatium</strong></span> <span class='ocrx_word' id='word_1_526' title='bbox 1682 4148 1927 4213; x_wconf 73' lang='lat' dir='ltr'><strong>llt&#39;lianS.</strong></span> <span class='ocrx_word' id='word_1_527' title='bbox 1976 4148 2073 4198; x_wconf 80' lang='lat' dir='ltr'><strong>Ad-</strong></span> 
     </span>
    </p>
   </div>
   <div class='ocr_carea' id='block_1_73' title="bbox 2180 3339 3725 3406">
    <p class='ocr_par' dir='ltr' id='par_1_73' title="bbox 2180 3339 3725 3406">
     <span class='ocr_line' id='line_1_73' title="bbox 2180 3339 3725 3406; baseline -0.001 -15"><span class='ocrx_word' id='word_1_528' title='bbox 2180 3339 2523 3406; x_wconf 89' lang='lat' dir='ltr'><strong>amplissime.</strong></span> <span class='ocrx_word' id='word_1_529' title='bbox 2572 3341 2701 3393; x_wconf 87' lang='lat' dir='ltr'><strong>Sum</strong></span> <span class='ocrx_word' id='word_1_530' title='bbox 2746 3339 2895 3406; x_wconf 87' lang='lat' dir='ltr'><strong>plane</strong></span> <span class='ocrx_word' id='word_1_531' title='bbox 2946 3349 2998 3391; x_wconf 91' lang='lat' dir='ltr'><strong>ct</strong></span> <span class='ocrx_word' id='word_1_532' title='bbox 3034 3339 3240 3401; x_wconf 86' lang='lat' dir='ltr'><strong>consul,</strong></span> <span class='ocrx_word' id='word_1_533' title='bbox 3284 3349 3335 3392; x_wconf 91' lang='lat' dir='ltr'><strong>et</strong></span> <span class='ocrx_word' id='word_1_534' title='bbox 3376 3339 3725 3406; x_wconf 52' lang='lat' dir='ltr'><strong>amplissimus</strong></span> 
     </span>
    </p>
   </div>
   <div class='ocr_carea' id='block_1_74' title="bbox 2132 3428 3721 3498">
    <p class='ocr_par' dir='ltr' id='par_1_74' title="bbox 2132 3428 3721 3498">
     <span class='ocr_line' id='line_1_74' title="bbox 2132 3428 3721 3498; baseline 0 -16"><span class='ocrx_word' id='word_1_535' title='bbox 2132 3457 2152 3468; x_wconf 85' lang='lat'><strong>--</strong></span> <span class='ocrx_word' id='word_1_536' title='bbox 2179 3430 2380 3483; x_wconf 88' lang='lat' dir='ltr'><strong>consul.</strong></span> <span class='ocrx_word' id='word_1_537' title='bbox 2400 3428 2525 3494; x_wconf 85' lang='lat' dir='ltr'><strong>Quis</strong></span> <span class='ocrx_word' id='word_1_538' title='bbox 2546 3430 2684 3483; x_wconf 88' lang='lat' dir='ltr'><strong>enim</strong></span> <span class='ocrx_word' id='word_1_539' title='bbox 2703 3444 2785 3482; x_wconf 87' lang='lat' dir='ltr'><strong>me</strong></span> <span class='ocrx_word' id='word_1_540' title='bbox 2805 3428 3132 3498; x_wconf 86' lang='lat' dir='ltr'><strong>fuitamplior</strong></span> <span class='ocrx_word' id='word_1_541' title='bbox 3147 3429 3349 3493; x_wconf 89' lang='lat' dir='ltr'><strong>consul,</strong></span> <span class='ocrx_word' id='word_1_542' title='bbox 3370 3443 3524 3491; x_wconf 76' lang='lat' dir='ltr'><strong>quem</strong></span> <span class='ocrx_word' id='word_1_543' title='bbox 3544 3429 3583 3461; x_wconf 81' lang='lat'>“</span> <span class='ocrx_word' id='word_1_544' title='bbox 3598 3430 3721 3482; x_wconf 87' lang='lat' dir='ltr'><strong>sub-</strong></span> 
     </span>
    </p>
   </div>
   <div class='ocr_carea' id='block_1_75' title="bbox 2178 3516 3722 3586">
    <p class='ocr_par' dir='ltr' id='par_1_75' title="bbox 2178 3516 3722 3586">
     <span class='ocr_line' id='line_1_75' title="bbox 2178 3516 3722 3586; baseline -0.003 -15"><span class='ocrx_word' id='word_1_545' title='bbox 2178 3518 2325 3571; x_wconf 89' lang='lat' dir='ltr'><strong>limat</strong></span> <span class='ocrx_word' id='word_1_546' title='bbox 2364 3527 2417 3571; x_wconf 88' lang='lat' dir='ltr'><strong>et</strong></span> <span class='ocrx_word' id='word_1_547' title='bbox 2462 3518 2688 3571; x_wconf 86' lang='lat' dir='ltr'><strong>illustrat</strong></span> <span class='ocrx_word' id='word_1_548' title='bbox 2730 3516 3052 3580; x_wconf 86' lang='lat' dir='ltr'><strong>consulatus,</strong></span> <span class='ocrx_word' id='word_1_549' title='bbox 3084 3532 3238 3586; x_wconf 87' lang='lat' dir='ltr'><strong>quem</strong></span> <span class='ocrx_word' id='word_1_550' title='bbox 3287 3517 3515 3570; x_wconf 89' lang='lat' dir='ltr'><strong>tr.buisti</strong></span> <span class='ocrx_word' id='word_1_551' title='bbox 3550 3534 3563 3569; x_wconf 89' lang='lat'><strong>:</strong></span> <span class='ocrx_word' id='word_1_552' title='bbox 3615 3532 3722 3568; x_wconf 82' lang='lat' dir='ltr'><strong>arn-</strong></span> 
     </span>
    </p>
   </div>
   <div class='ocr_carea' id='block_1_76' title="bbox 2181 3605 3721 3676">
    <p class='ocr_par' dir='ltr' id='par_1_76' title="bbox 2181 3605 3721 3676">
     <span class='ocr_line' id='line_1_76' title="bbox 2181 3605 3721 3676; baseline -0.003 -16"><span class='ocrx_word' id='word_1_553' title='bbox 2181 3606 2399 3676; x_wconf 86' lang='lat' dir='ltr'><strong>plitudo,</strong></span> <span class='ocrx_word' id='word_1_554' title='bbox 2431 3620 2585 3675; x_wconf 89' lang='lat' dir='ltr'><strong>quam</strong></span> <span class='ocrx_word' id='word_1_555' title='bbox 2617 3606 2821 3659; x_wconf 87' lang='lat' dir='ltr'><strong>tribuis.</strong></span> <span class='ocrx_word' id='word_1_556' title='bbox 2854 3606 2978 3659; x_wconf 87' lang='lat' dir='ltr'><strong>Post</strong></span> <span class='ocrx_word' id='word_1_557' title='bbox 3004 3605 3187 3673; x_wconf 82' lang='lat' dir='ltr'><strong>prima:</strong></span> <span class='ocrx_word' id='word_1_558' title='bbox 3211 3606 3538 3661; x_wconf 84' lang='lat' dir='ltr'><strong>salutationis</strong></span> <span class='ocrx_word' id='word_1_559' title='bbox 3560 3605 3721 3658; x_wconf 76' lang='lat' dir='ltr'><strong>fausta</strong></span> 
     </span>
    </p>
   </div>
   <div class='ocr_carea' id='block_1_77' title="bbox 2178 3694 3724 3765">
    <p class='ocr_par' dir='ltr' id='par_1_77' title="bbox 2178 3694 3724 3765">
     <span class='ocr_line' id='line_1_77' title="bbox 2178 3694 3724 3765; baseline -0.004 -14"><span class='ocrx_word' id='word_1_560' title='bbox 2178 3698 2460 3765; x_wconf 78' lang='lat' dir='ltr'><strong>colloquia,</strong></span> <span class='ocrx_word' id='word_1_561' title='bbox 2489 3695 2608 3763; x_wconf 89' lang='lat' dir='ltr'><strong>quid</strong></span> <span class='ocrx_word' id='word_1_562' title='bbox 2641 3711 2732 3764; x_wconf 92' lang='lat' dir='ltr'><strong>pro</strong></span> <span class='ocrx_word' id='word_1_563' title='bbox 2758 3695 2876 3761; x_wconf 88' lang='lat' dir='ltr'><strong>jure</strong></span> <span class='ocrx_word' id='word_1_564' title='bbox 2897 3694 3153 3749; x_wconf 89' lang='lat' dir='ltr'><strong>consulari</strong></span> <span class='ocrx_word' id='word_1_565' title='bbox 3176 3708 3330 3763; x_wconf 88' lang='lat' dir='ltr'><strong>agere</strong></span> <span class='ocrx_word' id='word_1_566' title='bbox 3358 3695 3506 3747; x_wconf 84' lang='lat' dir='ltr'><strong>nobis</strong></span> <span class='ocrx_word' id='word_1_567' title='bbox 3528 3696 3724 3762; x_wconf 76' lang='lat' dir='ltr'><strong>placeat</strong></span> 
     </span>
    </p>
   </div>
   <div class='ocr_carea' id='block_1_78' title="bbox 2177 3783 3723 3852">
    <p class='ocr_par' dir='ltr' id='par_1_78' title="bbox 2177 3783 3723 3852">
     <span class='ocr_line' id='line_1_78' title="bbox 2177 3783 3723 3852; baseline -0.005 -12"><span class='ocrx_word' id='word_1_568' title='bbox 2177 3787 2496 3850; x_wconf 78' lang='lat' dir='ltr'><strong>sciscitatur,</strong></span> <span class='ocrx_word' id='word_1_569' title='bbox 2542 3786 2865 3839; x_wconf 90' lang='lat' dir='ltr'><strong>senatorium</strong></span> <span class='ocrx_word' id='word_1_570' title='bbox 2898 3783 3208 3852; x_wconf 88' lang='lat' dir='ltr'><strong>impleturus</strong></span> <span class='ocrx_word' id='word_1_571' title='bbox 3237 3783 3464 3838; x_wconf 84' lang='lat' dir='ltr'><strong>officium</strong></span> <span class='ocrx_word' id='word_1_572' title='bbox 3493 3786 3534 3836; x_wconf 91' lang='lat' dir='ltr'><strong>si</strong></span> <span class='ocrx_word' id='word_1_573' title='bbox 3565 3784 3723 3836; x_wconf 86' lang='lat' dir='ltr'><strong>libeat</strong></span> 
     </span>
    </p>
   </div>
   <div class='ocr_carea' id='block_1_79' title="bbox 2181 3873 3721 3945">
    <p class='ocr_par' dir='ltr' id='par_1_79' title="bbox 2181 3873 3721 3945">
     <span class='ocr_line' id='line_1_79' title="bbox 2181 3873 3721 3945; baseline -0.005 -16"><span class='ocrx_word' id='word_1_574' title='bbox 2181 3878 2223 3909; x_wconf 76' lang='lat'>&quot;</span> <span class='ocrx_word' id='word_1_575' title='bbox 2254 3878 2480 3930; x_wconf 90' lang='lat' dir='ltr'><strong>tribunal</strong></span> <span class='ocrx_word' id='word_1_576' title='bbox 2514 3886 2721 3945; x_wconf 88' lang='lat' dir='ltr'><strong>petere,</strong></span> <span class='ocrx_word' id='word_1_577' title='bbox 2749 3875 2792 3928; x_wconf 89' lang='lat' dir='ltr'><strong>si</strong></span> <span class='ocrx_word' id='word_1_578' title='bbox 2820 3874 3123 3928; x_wconf 87' lang='lat' dir='ltr'><strong>concionem</strong></span> <span class='ocrx_word' id='word_1_579' title='bbox 3152 3875 3433 3938; x_wconf 80' lang='lat' dir='ltr'><strong>advocare,</strong></span> <span class='ocrx_word' id='word_1_580' title='bbox 3486 3873 3527 3926; x_wconf 88' lang='lat' dir='ltr'><strong>si</strong></span> <span class='ocrx_word' id='word_1_581' title='bbox 3556 3882 3721 3926; x_wconf 65' lang='lat' dir='ltr'><strong>rostra</strong></span> 
     </span>
    </p>
   </div>
   <div class='ocr_carea' id='block_1_80' title="bbox 2176 3962 3719 4032">
    <p class='ocr_par' dir='ltr' id='par_1_80' title="bbox 2176 3962 3719 4032">
     <span class='ocr_line' id='line_1_80' title="bbox 2176 3962 3719 4032; baseline -0.006 -10"><span class='ocrx_word' id='word_1_582' title='bbox 2176 3967 2553 4022; x_wconf 84' lang='lat' dir='ltr'><strong>conscendere.</strong></span> <span class='ocrx_word' id='word_1_583' title='bbox 2586 3968 2689 4020; x_wconf 87' lang='lat' dir='ltr'><strong>Sed</strong></span> <span class='ocrx_word' id='word_1_584' title='bbox 2722 3981 2815 4020; x_wconf 91' lang='lat' dir='ltr'><strong>nos</strong></span> <span class='ocrx_word' id='word_1_585' title='bbox 2842 3966 2907 4019; x_wconf 88' lang='lat' dir='ltr'><strong>ad</strong></span> <span class='ocrx_word' id='word_1_586' title='bbox 2933 3967 3129 4018; x_wconf 86' lang='lat' dir='ltr'><strong>curiam</strong></span> <span class='ocrx_word' id='word_1_587' title='bbox 3157 3964 3409 4019; x_wconf 71' lang='lat' dir='ltr'><strong>solemnia</strong></span> <span class='ocrx_word' id='word_1_588' title='bbox 3442 3964 3591 4032; x_wconf 85' lang='lat' dir='ltr'><strong>hujus</strong></span> <span class='ocrx_word' id='word_1_589' title='bbox 3619 3962 3719 4014; x_wconf 89' lang='lat' dir='ltr'><strong>dici</strong></span> 
     </span>
    </p>
   </div>
   <div class='ocr_carea' id='block_1_81' title="bbox 2176 4046 3720 4124">
    <p class='ocr_par' dir='ltr' id='par_1_81' title="bbox 2176 4046 3720 4124">
     <span class='ocr_line' id='line_1_81' title="bbox 2176 4046 3720 4124; baseline -0.005 -15"><span class='ocrx_word' id='word_1_590' title='bbox 2176 4057 2627 4109; x_wconf 62' lang='grc' dir='ltr'><strong>εριιξιιιιειεοηδιιὶιςι</strong></span> <span class='ocrx_word' id='word_1_591' title='bbox 2654 4057 2932 4109; x_wconf 88' lang='lat' dir='ltr'><strong>ducebant.</strong></span> <span class='ocrx_word' id='word_1_592' title='bbox 2967 4055 3142 4124; x_wconf 83' lang='lat' dir='ltr'><strong>itaque</strong></span> <span class='ocrx_word' id='word_1_593' title='bbox 3174 4069 3231 4108; x_wconf 91' lang='lat' dir='ltr'><strong>se</strong></span> <span class='ocrx_word' id='word_1_594' title='bbox 3272 4046 3513 4107; x_wconf 78' lang='lat' dir='ltr'><strong>contiem</strong></span> <span class='ocrx_word' id='word_1_595' title='bbox 3544 4055 3720 4105; x_wconf 85' lang='lat' dir='ltr'><strong>statim</strong></span> 
     </span>
    </p>
   </div>
   <div class='ocr_carea' id='block_1_82' title="bbox 2184 4140 3724 4216">
    <p class='ocr_par' dir='ltr' id='par_1_82' title="bbox 2184 4140 3724 4216">
     <span class='ocr_line' id='line_1_82' title="bbox 2184 4140 3724 4216; baseline -0.006 -16"><span class='ocrx_word' id='word_1_596' title='bbox 2184 4147 2420 4216; x_wconf 68' lang='lat' dir='ltr'><strong>praebet,</strong></span> <span class='ocrx_word' id='word_1_597' title='bbox 2467 4157 2519 4199; x_wconf 90' lang='lat' dir='ltr'><strong>et</strong></span> <span class='ocrx_word' id='word_1_598' title='bbox 2568 4155 2844 4209; x_wconf 89' lang='lat' dir='ltr'><strong>utrumque</strong></span> <span class='ocrx_word' id='word_1_599' title='bbox 2885 4144 3019 4197; x_wconf 88' lang='lat' dir='ltr'><strong>latus</strong></span> <span class='ocrx_word' id='word_1_600' title='bbox 3056 4144 3357 4197; x_wconf 66' lang='lat' dir='ltr'><strong>consulatus</strong></span> <span class='ocrx_word' id='word_1_601' title='bbox 3407 4140 3724 4210; x_wconf 82' lang='lat' dir='ltr'><strong>pra-textatis</strong></span> 
     </span>
    </p>
   </div>
   <div class='ocr_carea' id='block_1_83' title="bbox 594 4273 2459 4345">
    <p class='ocr_par' dir='ltr' id='par_1_83' title="bbox 594 4273 2459 4345">
     <span class='ocr_line' id='line_1_83' title="bbox 594 4273 2459 4345; baseline 0.002 -20"><span class='ocrx_word' id='word_1_602' title='bbox 594 4276 608 4303; x_wconf 82' lang='grc'>³</span> <span class='ocrx_word' id='word_1_603' title='bbox 640 4273 697 4345; x_wconf 72' lang='lat' dir='ltr'><strong>Id</strong></span> <span class='ocrx_word' id='word_1_604' title='bbox 722 4281 823 4345; x_wconf 81' lang='lat' dir='ltr'><strong>est,</strong></span> <span class='ocrx_word' id='word_1_605' title='bbox 850 4288 1003 4345; x_wconf 87' lang='lat' dir='ltr'><strong>quam</strong></span> <span class='ocrx_word' id='word_1_606' title='bbox 1034 4273 1289 4326; x_wconf 71' lang='lat' dir='ltr'><strong>cachinno</strong></span> <span class='ocrx_word' id='word_1_607' title='bbox 1318 4290 1409 4345; x_wconf 77' lang='lat' dir='ltr'><strong>seu</strong></span> <span class='ocrx_word' id='word_1_608' title='bbox 1434 4273 1600 4327; x_wconf 80' lang='lat' dir='ltr'><strong>effuso</strong></span> <span class='ocrx_word' id='word_1_609' title='bbox 1629 4276 1733 4327; x_wconf 87' lang='lat' dir='ltr'><strong>risu</strong></span> <span class='ocrx_word' id='word_1_610' title='bbox 1763 4275 2067 4328; x_wconf 82' lang='lat' dir='ltr'><strong>dissimula-</strong></span> <span class='ocrx_word' id='word_1_611' title='bbox 2103 4278 2146 4335; x_wconf 92' lang='lat' dir='ltr'><strong>D</strong></span> <span class='ocrx_word' id='word_1_612' title='bbox 2176 4292 2244 4340; x_wconf 88' lang='lat' dir='ltr'><strong>tv,</strong></span> <span class='ocrx_word' id='word_1_613' title='bbox 2277 4292 2363 4345; x_wconf 91' lang='lat' dir='ltr'><strong>ep.</strong></span> <span class='ocrx_word' id='word_1_614' title='bbox 2390 4278 2420 4329; x_wconf 89' lang='lat'>8</span> <span class='ocrx_word' id='word_1_615' title='bbox 2449 4294 2459 4328; x_wconf 91' lang='lat'>:</span> 
     </span>
    </p>
   </div>
   <div class='ocr_carea' id='block_1_84' title="bbox 520 4342 2072 4411">
    <p class='ocr_par' dir='ltr' id='par_1_84' title="bbox 520 4342 2072 4411">
     <span class='ocr_line' id='line_1_84' title="bbox 520 4342 2072 4411; baseline 0.001 -17"><span class='ocrx_word' id='word_1_616' title='bbox 520 4344 628 4394; x_wconf 87' lang='lat' dir='ltr'><strong>bat.</strong></span> <span class='ocrx_word' id='word_1_617' title='bbox 670 4342 1017 4395; x_wconf 86' lang='lat' dir='ltr'><strong>Domitianum</strong></span> <span class='ocrx_word' id='word_1_618' title='bbox 1067 4350 1243 4406; x_wconf 88' lang='lat' dir='ltr'><strong>notat,</strong></span> <span class='ocrx_word' id='word_1_619' title='bbox 1271 4342 1392 4408; x_wconf 90' lang='lat' dir='ltr'><strong>qui,</strong></span> <span class='ocrx_word' id='word_1_620' title='bbox 1422 4345 1837 4411; x_wconf 83' lang='lat' dir='ltr'><strong>quotiescunque</strong></span> <span class='ocrx_word' id='word_1_621' title='bbox 1885 4346 2072 4396; x_wconf 70' lang='lat' dir='ltr'><strong>sinite</strong></span> 
     </span>
    </p>
   </div>
   <div class='ocr_carea' id='block_1_85' title="bbox 518 4411 2073 4479">
    <p class='ocr_par' dir='ltr' id='par_1_85' title="bbox 518 4411 2073 4479">
     <span class='ocr_line' id='line_1_85' title="bbox 518 4411 2073 4479; baseline 0.001 -14"><span class='ocrx_word' id='word_1_622' title='bbox 518 4413 573 4465; x_wconf 86' lang='lat' dir='ltr'><strong>in</strong></span> <span class='ocrx_word' id='word_1_623' title='bbox 599 4412 890 4478; x_wconf 89' lang='lat' dir='ltr'><strong>quempiam</strong></span> <span class='ocrx_word' id='word_1_624' title='bbox 920 4411 1233 4473; x_wconf 69' lang='lat' dir='ltr'><strong>destinabat,</strong></span> <span class='ocrx_word' id='word_1_625' title='bbox 1262 4412 1553 4479; x_wconf 15' lang='lat' dir='ltr'><strong>comprisito</strong></span> <span class='ocrx_word' id='word_1_626' title='bbox 1592 4412 1655 4464; x_wconf 88' lang='lat' dir='ltr'><strong>ad</strong></span> <span class='ocrx_word' id='word_1_627' title='bbox 1694 4427 1829 4466; x_wconf 80' lang='lat' dir='ltr'><strong>r:sus</strong></span> <span class='ocrx_word' id='word_1_628' title='bbox 1853 4414 2073 4479; x_wconf 86' lang='lat' dir='ltr'><strong>etjocos</strong></span> 
     </span>
    </p>
   </div>
   <div class='ocr_carea' id='block_1_86' title="bbox 518 4479 1287 4543">
    <p class='ocr_par' dir='ltr' id='par_1_86' title="bbox 518 4479 1287 4543">
     <span class='ocr_line' id='line_1_86' title="bbox 518 4479 1287 4543; baseline 0 -11"><span class='ocrx_word' id='word_1_629' title='bbox 518 4482 683 4541; x_wconf 82' lang='lat' dir='ltr'><strong>vultu,</strong></span> <span class='ocrx_word' id='word_1_630' title='bbox 716 4480 1035 4532; x_wconf 86' lang='lat' dir='ltr'><strong>iracundiam</strong></span> <span class='ocrx_word' id='word_1_631' title='bbox 1064 4479 1287 4543; x_wconf 80' lang='lat' dir='ltr'><strong>tegebat.</strong></span> 
     </span>
    </p>
   </div>
   <div class='ocr_carea' id='block_1_87' title="bbox 587 4528 2131 4616">
    <p class='ocr_par' dir='ltr' id='par_1_87' title="bbox 587 4528 2131 4616">
     <span class='ocr_line' id='line_1_87' title="bbox 587 4528 2131 4616; baseline 0 -15"><span class='ocrx_word' id='word_1_632' title='bbox 587 4528 1175 4616; x_wconf 44' lang='lat' dir='ltr'><strong>{subjiiiiiiiiiiia&#39;él&#39;</strong></span> <span class='ocrx_word' id='word_1_633' title='bbox 1189 4528 1471 4600; x_wconf 48' lang='lat' dir='ltr'><strong>illutarclto</strong></span> <span class='ocrx_word' id='word_1_634' title='bbox 1497 4548 1563 4601; x_wconf 88' lang='lat' dir='ltr'><strong>de</strong></span> <span class='ocrx_word' id='word_1_635' title='bbox 1593 4549 1921 4603; x_wconf 68' lang='lat' dir='ltr'><strong>Institutione</strong></span> <span class='ocrx_word' id='word_1_636' title='bbox 1950 4566 2073 4616; x_wconf 87' lang='lat' dir='ltr'><strong>pue-</strong></span> <span class='ocrx_word' id='word_1_637' title='bbox 2126 4528 2131 4535; x_wconf 46' lang='grc'><strong>’</strong></span> 
     </span>
    </p>
   </div>
   <div class='ocr_carea' id='block_1_88' title="bbox 522 4614 1493 4690">
    <p class='ocr_par' dir='ltr' id='par_1_88' title="bbox 522 4614 1493 4690">
     <span class='ocr_line' id='line_1_88' title="bbox 522 4614 1493 4690; baseline -0.001 -22"><span class='ocrx_word' id='word_1_638' title='bbox 522 4631 724 4690; x_wconf 62' lang='lat' dir='ltr'><strong>torum,</strong></span> <span class='ocrx_word' id='word_1_639' title='bbox 754 4614 1088 4690; x_wconf 63' lang='grc' dir='ltr'><strong>δονλοπρςπὲς</strong></span> <span class='ocrx_word' id='word_1_640' title='bbox 1118 4622 1172 4690; x_wconf 55' lang='grc' dir='ltr'><strong>τὸ</strong></span> <span class='ocrx_word' id='word_1_641' title='bbox 1202 4616 1493 4690; x_wconf 38' lang='lat' dir='ltr'><strong>prodiderat.</strong></span> 
     </span>
    </p>
   </div>
   <div class='ocr_carea' id='block_1_89' title="bbox 592 4684 2071 4756">
    <p class='ocr_par' dir='ltr' id='par_1_89' title="bbox 592 4684 2071 4756">
     <span class='ocr_line' id='line_1_89' title="bbox 592 4684 2071 4756; baseline 0.004 -22"><span class='ocrx_word' id='word_1_642' title='bbox 592 4684 612 4713; x_wconf 90' lang='grc'><strong><em>³</em></strong></span> <span class='ocrx_word' id='word_1_643' title='bbox 641 4692 722 4756; x_wconf 68' lang='lat' dir='ltr'><strong>Att</strong></span> <span class='ocrx_word' id='word_1_644' title='bbox 742 4694 874 4735; x_wconf 85' lang='lat' dir='ltr'><strong>amat</strong></span> <span class='ocrx_word' id='word_1_645' title='bbox 896 4700 913 4736; x_wconf 90' lang='lat'><strong><em>:</em></strong></span> <span class='ocrx_word' id='word_1_646' title='bbox 938 4684 1035 4736; x_wconf 78' lang='lat' dir='ltr'><strong>nisi</strong></span> <span class='ocrx_word' id='word_1_647' title='bbox 1066 4686 1213 4756; x_wconf 76' lang='lat' dir='ltr'><strong>habet</strong></span> <span class='ocrx_word' id='word_1_648' title='bbox 1233 4686 1282 4736; x_wconf 89' lang='lat' dir='ltr'><strong>id</strong></span> <span class='ocrx_word' id='word_1_649' title='bbox 1306 4686 1579 4751; x_wconf 88' lang='lat' dir='ltr'><strong>signilicat,</strong></span> <span class='ocrx_word' id='word_1_650' title='bbox 1604 4688 1743 4754; x_wconf 90' lang='lat' dir='ltr'><strong>quod</strong></span> <span class='ocrx_word' id='word_1_651' title='bbox 1767 4688 1899 4756; x_wconf 84' lang='lat' dir='ltr'><strong>apud</strong></span> <span class='ocrx_word' id='word_1_652' title='bbox 1929 4687 2071 4740; x_wconf 74' lang='lat' dir='ltr'><strong>Cra:-</strong></span> 
     </span>
    </p>
   </div>
   <div class='ocr_carea' id='block_1_90' title="bbox 517 4752 1329 4821">
    <p class='ocr_par' dir='ltr' id='par_1_90' title="bbox 517 4752 1329 4821">
     <span class='ocr_line' id='line_1_90' title="bbox 517 4752 1329 4821; baseline -0.002 -16"><span class='ocrx_word' id='word_1_653' title='bbox 517 4767 615 4805; x_wconf 86' lang='lat' dir='ltr'><strong>cos</strong></span> <span class='ocrx_word' id='word_1_654' title='bbox 642 4752 779 4821; x_wconf 78' lang='grc' dir='ltr'><strong>ἔχει,</strong></span> <span class='ocrx_word' id='word_1_655' title='bbox 813 4769 905 4815; x_wconf 80' lang='lat' dir='ltr'><strong>pro</strong></span> <span class='ocrx_word' id='word_1_656' title='bbox 935 4762 1095 4813; x_wconf 82' lang='lat' dir='ltr'><strong>tenet,</strong></span> <span class='ocrx_word' id='word_1_657' title='bbox 1125 4755 1329 4805; x_wconf 67' lang='lat' dir='ltr'><strong>retinet.</strong></span> 
     </span>
    </p>
   </div>
   <div class='ocr_carea' id='block_1_91' title="bbox 556 4821 2066 4901">
    <p class='ocr_par' dir='ltr' id='par_1_91' title="bbox 556 4821 2066 4901">
     <span class='ocr_line' id='line_1_91' title="bbox 556 4821 2066 4901; baseline 0.001 -26"><span class='ocrx_word' id='word_1_658' title='bbox 556 4821 614 4901; x_wconf 43' lang='grc'><strong>,⁸</strong></span> <span class='ocrx_word' id='word_1_659' title='bbox 650 4824 915 4875; x_wconf 72' lang='grc' dir='ltr'><strong>Αωάειιὶυε</strong></span> <span class='ocrx_word' id='word_1_660' title='bbox 971 4824 1114 4888; x_wconf 85' lang='lat' dir='ltr'><strong>legit,</strong></span> <span class='ocrx_word' id='word_1_661' title='bbox 1188 4823 1238 4872; x_wconf 67' lang='lat' dir='ltr'><strong>tt</strong></span> <span class='ocrx_word' id='word_1_662' title='bbox 1288 4823 1534 4875; x_wconf 76' lang='lat' dir='ltr'><strong>laceratus</strong></span> <span class='ocrx_word' id='word_1_663' title='bbox 1606 4821 1791 4876; x_wconf 80' lang='lat' dir='ltr'><strong>Callia:</strong></span> <span class='ocrx_word' id='word_1_664' title='bbox 1865 4826 2066 4893; x_wconf 78' lang='lat' dir='ltr'><strong>provin-</strong></span> 
     </span>
    </p>
   </div>
   <div class='ocr_carea' id='block_1_92' title="bbox 522 4906 646 4941">
    <p class='ocr_par' dir='ltr' id='par_1_92' title="bbox 522 4906 646 4941">
     <span class='ocr_line' id='line_1_92' title="bbox 522 4906 646 4941; baseline 0.008 -1"><span class='ocrx_word' id='word_1_665' title='bbox 522 4906 646 4941; x_wconf 73' lang='grc' dir='ltr'><strong>(ιω.</strong></span> 
     </span>
    </p>
   </div>
   <div class='ocr_carea' id='block_1_93' title="bbox 592 4958 847 5027">
    <p class='ocr_par' dir='ltr' id='par_1_93' title="bbox 592 4958 847 5027">
     <span class='ocr_line' id='line_1_93' title="bbox 592 4958 847 5027; baseline -0.004 -17"><span class='ocrx_word' id='word_1_666' title='bbox 592 4959 614 4988; x_wconf 86' lang='grc'><strong>⁸</strong></span> <span class='ocrx_word' id='word_1_667' title='bbox 652 4958 847 5027; x_wconf 83' lang='lat' dir='ltr'><strong>Nempe</strong></span> 
     </span>
    </p>
   </div>
   <div class='ocr_carea' id='block_1_94' title="bbox 592 5027 1947 5097">
    <p class='ocr_par' dir='ltr' id='par_1_94' title="bbox 592 5027 1947 5097">
     <span class='ocr_line' id='line_1_94' title="bbox 592 5027 1947 5097; baseline 0.004 -20"><span class='ocrx_word' id='word_1_668' title='bbox 592 5028 613 5057; x_wconf 84' lang='grc'><strong><em>⁸</em></strong></span> <span class='ocrx_word' id='word_1_669' title='bbox 651 5027 1031 5097; x_wconf 74' lang='lat' dir='ltr'><strong>[littersltusius</strong></span> <span class='ocrx_word' id='word_1_670' title='bbox 1063 5027 1202 5093; x_wconf 87' lang='lat' dir='ltr'><strong>legit,</strong></span> <span class='ocrx_word' id='word_1_671' title='bbox 1235 5030 1385 5078; x_wconf 76' lang='lat' dir='ltr'><strong>vitam</strong></span> <span class='ocrx_word' id='word_1_672' title='bbox 1406 5046 1549 5080; x_wconf 85' lang='lat' dir='ltr'><strong>suam</strong></span> <span class='ocrx_word' id='word_1_673' title='bbox 1579 5032 1947 5097; x_wconf 80' lang='lat' dir='ltr'><strong>impugnatum.</strong></span> 
     </span>
    </p>
   </div>
   <div class='ocr_carea' id='block_1_95' title="bbox 584 5095 2064 5174">
    <p class='ocr_par' dir='ltr' id='par_1_95' title="bbox 584 5095 2064 5174">
     <span class='ocr_line' id='line_1_95' title="bbox 584 5095 2064 5174; baseline 0.001 -26"><span class='ocrx_word' id='word_1_674' title='bbox 584 5097 608 5139; x_wconf 75' lang='grc' dir='ltr'><strong>-τ</strong></span> <span class='ocrx_word' id='word_1_675' title='bbox 645 5096 853 5174; x_wconf 79' lang='lat' dir='ltr'><strong>Oblitus</strong></span> <span class='ocrx_word' id='word_1_676' title='bbox 873 5110 930 5147; x_wconf 68' lang='lat' dir='ltr'><strong>se</strong></span> <span class='ocrx_word' id='word_1_677' title='bbox 958 5095 1222 5173; x_wconf 64' lang='lat' dir='ltr'><strong>inimicum</strong></span> <span class='ocrx_word' id='word_1_678' title='bbox 1253 5098 1433 5162; x_wconf 64' lang='lat' dir='ltr'><strong>fuisw,</strong></span> <span class='ocrx_word' id='word_1_679' title='bbox 1457 5095 1694 5152; x_wconf 71' lang='lat' dir='ltr'><strong>lueltllllll</strong></span> <span class='ocrx_word' id='word_1_680' title='bbox 1718 5095 1775 5152; x_wconf 82' lang='lat' dir='ltr'><strong>se</strong></span> <span class='ocrx_word' id='word_1_681' title='bbox 1801 5099 2064 5151; x_wconf 69' lang='lat' dir='ltr'><strong>hteredt-tn</strong></span> 
     </span>
    </p>
   </div>
   <div class='ocr_carea' id='block_1_96' title="bbox 609 5179 1031 5216">
    <p class='ocr_par' dir='ltr' id='par_1_96' title="bbox 609 5179 1031 5216">
     <span class='ocr_line' id='line_1_96' title="bbox 609 5179 1031 5216; baseline -0.005 0"><span class='ocrx_word' id='word_1_682' title='bbox 609 5180 635 5216; x_wconf 75' lang='lat' dir='ltr'><strong>S</strong></span> <span class='ocrx_word' id='word_1_683' title='bbox 661 5179 779 5216; x_wconf 88' lang='lat' dir='ltr'><strong>esse</strong></span> <span class='ocrx_word' id='word_1_684' title='bbox 809 5179 1031 5216; x_wconf 71' lang='lat' dir='ltr'><strong>lmmﬂ&#39;ll.</strong></span> 
     </span>
    </p>
   </div>
   <div class='ocr_carea' id='block_1_97' title="bbox 520 5178 1920 5299">
    <p class='ocr_par' dir='ltr' id='par_1_97' title="bbox 520 5178 1920 5299">
     <span class='ocr_line' id='line_1_97' title="bbox 520 5178 1031 5233; baseline -0.006 -16"><span class='ocrx_word' id='word_1_685' title='bbox 520 5180 635 5233; x_wconf 70' lang='lat' dir='ltr'><strong>ejus</strong></span> <span class='ocrx_word' id='word_1_686' title='bbox 661 5178 779 5217; x_wconf 88' lang='lat' dir='ltr'><strong>esse</strong></span> <span class='ocrx_word' id='word_1_687' title='bbox 809 5178 1031 5229; x_wconf 89' lang='lat' dir='ltr'><strong>tmpertt.</strong></span> 
     </span>
     <span class='ocr_line' id='line_1_98' title="bbox 586 5233 1920 5299; baseline 0.001 -15"><span class='ocrx_word' id='word_1_688' title='bbox 586 5236 610 5267; x_wconf 82' lang='grc'><strong><em>⁸</em></strong></span> <span class='ocrx_word' id='word_1_689' title='bbox 646 5235 845 5291; x_wconf 78' lang='lat' dir='ltr'><strong>Nevita,</strong></span> <span class='ocrx_word' id='word_1_690' title='bbox 876 5233 941 5285; x_wconf 89' lang='lat' dir='ltr'><strong>de</strong></span> <span class='ocrx_word' id='word_1_691' title='bbox 969 5248 1074 5299; x_wconf 90' lang='lat' dir='ltr'><strong>quo</strong></span> <span class='ocrx_word' id='word_1_692' title='bbox 1106 5247 1206 5284; x_wconf 92' lang='lat' dir='ltr'><strong>non</strong></span> <span class='ocrx_word' id='word_1_693' title='bbox 1234 5248 1337 5284; x_wconf 93' lang='lat' dir='ltr'><strong>uno</strong></span> <span class='ocrx_word' id='word_1_694' title='bbox 1360 5234 1409 5285; x_wconf 90' lang='lat' dir='ltr'><strong>itt</strong></span> <span class='ocrx_word' id='word_1_695' title='bbox 1445 5234 1561 5287; x_wconf 85' lang='lat' dir='ltr'><strong>loco</strong></span> <span class='ocrx_word' id='word_1_696' title='bbox 1594 5235 1920 5289; x_wconf 76' lang='lat' dir='ltr'><strong>Ammianus.</strong></span> 
     </span>
    </p>
   </div>
   <div class='ocr_carea' id='block_1_98' title="bbox 589 5301 2065 5372">
    <p class='ocr_par' dir='ltr' id='par_1_98' title="bbox 589 5301 2065 5372">
     <span class='ocr_line' id='line_1_99' title="bbox 589 5301 2065 5372; baseline 0.001 -19"><span class='ocrx_word' id='word_1_697' title='bbox 589 5308 608 5333; x_wconf 71' lang='grc' dir='ltr'><strong><em>ν</em></strong></span> <span class='ocrx_word' id='word_1_698' title='bbox 645 5301 772 5372; x_wconf 70' lang='lat' dir='ltr'><strong>Nam</strong></span> <span class='ocrx_word' id='word_1_699' title='bbox 802 5302 960 5352; x_wconf 83' lang='lat' dir='ltr'><strong>moris</strong></span> <span class='ocrx_word' id='word_1_700' title='bbox 990 5311 1103 5353; x_wconf 90' lang='lat' dir='ltr'><strong>crat</strong></span> <span class='ocrx_word' id='word_1_701' title='bbox 1123 5301 1258 5369; x_wconf 88' lang='lat' dir='ltr'><strong>apud</strong></span> <span class='ocrx_word' id='word_1_702' title='bbox 1290 5303 1572 5372; x_wconf 3' lang='lat' dir='ltr'><strong>lintgttanos,</strong></span> <span class='ocrx_word' id='word_1_703' title='bbox 1603 5316 1658 5356; x_wconf 93' lang='lat' dir='ltr'><strong>ut</strong></span> <span class='ocrx_word' id='word_1_704' title='bbox 1681 5305 1773 5355; x_wconf 83' lang='lat' dir='ltr'><strong>viri</strong></span> <span class='ocrx_word' id='word_1_705' title='bbox 1804 5304 2065 5372; x_wconf 85' lang='lat' dir='ltr'><strong>principes</strong></span> 
     </span>
    </p>
   </div>
   <div class='ocr_carea' id='block_1_99' title="bbox 517 5370 2066 5439">
    <p class='ocr_par' dir='ltr' id='par_1_99' title="bbox 517 5370 2066 5439">
     <span class='ocr_line' id='line_1_100' title="bbox 517 5370 2066 5439; baseline 0.002 -16"><span class='ocrx_word' id='word_1_706' title='bbox 517 5386 611 5423; x_wconf 81' lang='lat' dir='ltr'><strong>seu</strong></span> <span class='ocrx_word' id='word_1_707' title='bbox 639 5370 728 5435; x_wconf 90' lang='lat' dir='ltr'><strong>qui</strong></span> <span class='ocrx_word' id='word_1_708' title='bbox 751 5384 902 5439; x_wconf 79' lang='lat' dir='ltr'><strong>supra</strong></span> <span class='ocrx_word' id='word_1_709' title='bbox 931 5378 1151 5422; x_wconf 68' lang='lat' dir='ltr'><strong>cwteros</strong></span> <span class='ocrx_word' id='word_1_710' title='bbox 1201 5370 1426 5439; x_wconf 82' lang='lat' dir='ltr'><strong>potentia</strong></span> <span class='ocrx_word' id='word_1_711' title='bbox 1465 5374 1787 5435; x_wconf 84' lang='lat' dir='ltr'><strong>eminerent,</strong></span> <span class='ocrx_word' id='word_1_712' title='bbox 1808 5370 1984 5438; x_wconf 76' lang='lat' dir='ltr'><strong>prima</strong></span> <span class='ocrx_word' id='word_1_713' title='bbox 2013 5384 2066 5426; x_wconf 91' lang='lat' dir='ltr'><strong>et</strong></span> 
     </span>
    </p>
   </div>
   <div class='ocr_carea' id='block_1_100' title="bbox 517 5437 2061 5506">
    <p class='ocr_par' dir='ltr' id='par_1_100' title="bbox 517 5437 2061 5506">
     <span class='ocr_line' id='line_1_101' title="bbox 517 5437 2061 5506; baseline 0.002 -15"><span class='ocrx_word' id='word_1_714' title='bbox 517 5442 751 5491; x_wconf 72' lang='lat' dir='ltr'><strong>secunda</strong></span> <span class='ocrx_word' id='word_1_715' title='bbox 779 5437 907 5489; x_wconf 90' lang='lat' dir='ltr'><strong>hora</strong></span> <span class='ocrx_word' id='word_1_716' title='bbox 936 5437 1211 5492; x_wconf 85' lang='lat' dir='ltr'><strong>matutina</strong></span> <span class='ocrx_word' id='word_1_717' title='bbox 1236 5440 1609 5493; x_wconf 79' lang='lat' dir='ltr'><strong>Salutarentnr.</strong></span> <span class='ocrx_word' id='word_1_718' title='bbox 1653 5442 1900 5493; x_wconf 60' lang='lat' dir='ltr'><strong>Martialis</strong></span> <span class='ocrx_word' id='word_1_719' title='bbox 1919 5481 1933 5506; x_wconf 90' lang='lat'><strong>,</strong></span> <span class='ocrx_word' id='word_1_720' title='bbox 1971 5444 2061 5494; x_wconf 87' lang='lat' dir='ltr'><strong>lib.</strong></span> 
     </span>
    </p>
   </div>
   <div class='ocr_carea' id='block_1_101' title="bbox 876 4958 1715 5025">
    <p class='ocr_par' dir='ltr' id='par_1_101' title="bbox 876 4958 1715 5025">
     <span class='ocr_line' id='line_1_102' title="bbox 876 4958 1715 5025; baseline 0.004 -15"><span class='ocrx_word' id='word_1_721' title='bbox 876 4958 1185 5021; x_wconf 84' lang='lat' dir='ltr'><strong>Constantii,</strong></span> <span class='ocrx_word' id='word_1_722' title='bbox 1215 4958 1433 5025; x_wconf 83' lang='lat' dir='ltr'><strong>ejusque</strong></span> <span class='ocrx_word' id='word_1_723' title='bbox 1455 4959 1715 5015; x_wconf 86' lang='lat' dir='ltr'><strong>factionis.</strong></span> 
     </span>
    </p>
   </div>
   <div class='ocr_carea' id='block_1_102' title="bbox 2326 4364 3485 4427">
    <p class='ocr_par' dir='ltr' id='par_1_102' title="bbox 2326 4364 3485 4427">
     <span class='ocr_line' id='line_1_103' title="bbox 2326 4364 3485 4427; baseline -0.003 -12"><span class='ocrx_word' id='word_1_724' title='bbox 2326 4367 2483 4415; x_wconf 82' lang='lat' dir='ltr'><strong>Prima</strong></span> <span class='ocrx_word' id='word_1_725' title='bbox 2504 4366 2763 4415; x_wconf 84' lang='lat' dir='ltr'><strong>salutantes</strong></span> <span class='ocrx_word' id='word_1_726' title='bbox 2784 4371 2929 4427; x_wconf 87' lang='lat' dir='ltr'><strong>atquc</strong></span> <span class='ocrx_word' id='word_1_727' title='bbox 2954 4365 3104 4414; x_wconf 85' lang='lat' dir='ltr'><strong>altera</strong></span> <span class='ocrx_word' id='word_1_728' title='bbox 3123 4364 3333 4413; x_wconf 87' lang='lat' dir='ltr'><strong>conterit</strong></span> <span class='ocrx_word' id='word_1_729' title='bbox 3354 4364 3485 4412; x_wconf 90' lang='lat' dir='ltr'><strong>hora.</strong></span> 
     </span>
    </p>
   </div>
   <div class='ocr_carea' id='block_1_103' title="bbox 2252 4445 3721 4516">
    <p class='ocr_par' dir='ltr' id='par_1_103' title="bbox 2252 4445 3721 4516">
     <span class='ocr_line' id='line_1_104' title="bbox 2252 4445 3721 4516; baseline 0 -17"><span class='ocrx_word' id='word_1_730' title='bbox 2252 4450 2291 4478; x_wconf 86' lang='grc'><strong>¹⁰</strong></span> <span class='ocrx_word' id='word_1_731' title='bbox 2334 4450 2385 4501; x_wconf 93' lang='lat' dir='ltr'><strong>ld</strong></span> <span class='ocrx_word' id='word_1_732' title='bbox 2414 4460 2528 4515; x_wconf 84' lang='lat' dir='ltr'><strong>est,</strong></span> <span class='ocrx_word' id='word_1_733' title='bbox 2563 4457 2968 4516; x_wconf 70' lang='lat' dir='ltr'><strong>prmventus,ut</strong></span> <span class='ocrx_word' id='word_1_734' title='bbox 3001 4447 3177 4514; x_wconf 80' lang='lat' dir='ltr'><strong>Virgil.</strong></span> <span class='ocrx_word' id='word_1_735' title='bbox 3220 4446 3430 4500; x_wconf 64' lang='lat' dir='ltr'><strong>dinem.</strong></span> <span class='ocrx_word' id='word_1_736' title='bbox 3471 4462 3536 4501; x_wconf 67' lang='grc' dir='ltr'><strong>γι,</strong></span> <span class='ocrx_word' id='word_1_737' title='bbox 3581 4445 3721 4499; x_wconf 66' lang='lat'><strong>{05:</strong></span> 
     </span>
    </p>
   </div>
   <div class='ocr_carea' id='block_1_104' title="bbox 2328 4536 3632 4599">
    <p class='ocr_par' dir='ltr' id='par_1_104' title="bbox 2328 4536 3632 4599">
     <span class='ocr_line' id='line_1_105' title="bbox 2328 4536 3632 4599; baseline -0.002 -13"><span class='ocrx_word' id='word_1_738' title='bbox 2328 4538 2497 4586; x_wconf 84' lang='lat' dir='ltr'><strong>Omnia</strong></span> <span class='ocrx_word' id='word_1_739' title='bbox 2520 4538 2742 4599; x_wconf 72' lang='lat' dir='ltr'><strong>praecepi,</strong></span> <span class='ocrx_word' id='word_1_740' title='bbox 2761 4544 2903 4597; x_wconf 88' lang='lat' dir='ltr'><strong>atque</strong></span> <span class='ocrx_word' id='word_1_741' title='bbox 2928 4538 3082 4585; x_wconf 85' lang='lat' dir='ltr'><strong>animo</strong></span> <span class='ocrx_word' id='word_1_742' title='bbox 3102 4547 3286 4584; x_wconf 87' lang='lat' dir='ltr'><strong>mecum</strong></span> <span class='ocrx_word' id='word_1_743' title='bbox 3308 4542 3420 4584; x_wconf 84' lang='lat' dir='ltr'><strong>ante</strong></span> <span class='ocrx_word' id='word_1_744' title='bbox 3444 4536 3632 4596; x_wconf 78' lang='lat' dir='ltr'><strong>peregi.</strong></span> 
     </span>
    </p>
   </div>
   <div class='ocr_carea' id='block_1_105' title="bbox 2249 4616 3723 4673">
    <p class='ocr_par' dir='ltr' id='par_1_105' title="bbox 2249 4616 3723 4673">
     <span class='ocr_line' id='line_1_106' title="bbox 2249 4616 3723 4673; baseline -0.001 -2"><span class='ocrx_word' id='word_1_745' title='bbox 2249 4618 2286 4647; x_wconf 85' lang='lat'><strong>&quot;</strong></span> <span class='ocrx_word' id='word_1_746' title='bbox 2328 4618 2509 4671; x_wconf 85' lang='lat' dir='ltr'><strong>Utrum</strong></span> <span class='ocrx_word' id='word_1_747' title='bbox 2541 4618 2641 4673; x_wconf 90' lang='lat' dir='ltr'><strong>hoc</strong></span> <span class='ocrx_word' id='word_1_748' title='bbox 2666 4619 2877 4670; x_wconf 89' lang='lat' dir='ltr'><strong>honoris</strong></span> <span class='ocrx_word' id='word_1_749' title='bbox 2909 4618 3057 4671; x_wconf 89' lang='lat' dir='ltr'><strong>titulo</strong></span> <span class='ocrx_word' id='word_1_750' title='bbox 3082 4616 3553 4669; x_wconf 87' lang='lat' dir='ltr'><strong>cohonestabantur</strong></span> <span class='ocrx_word' id='word_1_751' title='bbox 3597 4631 3723 4669; x_wconf 88' lang='lat' dir='ltr'><strong>con-</strong></span> 
     </span>
    </p>
   </div>
   <div class='ocr_carea' id='block_1_106' title="bbox 2176 4684 3718 4755">
    <p class='ocr_par' dir='ltr' id='par_1_106' title="bbox 2176 4684 3718 4755">
     <span class='ocr_line' id='line_1_107' title="bbox 2176 4684 3718 4755; baseline -0.003 -16"><span class='ocrx_word' id='word_1_752' title='bbox 2176 4686 2321 4739; x_wconf 88' lang='lat' dir='ltr'><strong>sules</strong></span> <span class='ocrx_word' id='word_1_753' title='bbox 2341 4725 2356 4749; x_wconf 83' lang='lat'><strong>,</strong></span> <span class='ocrx_word' id='word_1_754' title='bbox 2390 4699 2447 4739; x_wconf 90' lang='lat' dir='ltr'><strong>ut</strong></span> <span class='ocrx_word' id='word_1_755' title='bbox 2468 4688 2532 4739; x_wconf 90' lang='lat' dir='ltr'><strong>ad</strong></span> <span class='ocrx_word' id='word_1_756' title='bbox 2560 4688 2725 4755; x_wconf 82' lang='lat' dir='ltr'><strong>epigr.</strong></span> <span class='ocrx_word' id='word_1_757' title='bbox 2753 4686 2806 4749; x_wconf 85' lang='lat'><strong>9,</strong></span> <span class='ocrx_word' id='word_1_758' title='bbox 2863 4685 2953 4737; x_wconf 84' lang='lat' dir='ltr'><strong>lib.</strong></span> <span class='ocrx_word' id='word_1_759' title='bbox 2992 4702 3006 4738; x_wconf 91' lang='grc' dir='ltr'>ι</span> <span class='ocrx_word' id='word_1_760' title='bbox 3051 4685 3367 4755; x_wconf 65' lang='lat' dir='ltr'><strong>Apollinaris</strong></span> <span class='ocrx_word' id='word_1_761' title='bbox 3389 4684 3592 4755; x_wconf 73' lang='lat' dir='ltr'><strong>Sidonii</strong></span> <span class='ocrx_word' id='word_1_762' title='bbox 3624 4694 3718 4736; x_wconf 84' lang='lat' dir='ltr'><strong>oh-</strong></span> 
     </span>
    </p>
   </div>
   <div class='ocr_carea' id='block_1_107' title="bbox 2176 4751 3716 4821">
    <p class='ocr_par' dir='ltr' id='par_1_107' title="bbox 2176 4751 3716 4821">
     <span class='ocr_line' id='line_1_108' title="bbox 2176 4751 3716 4821; baseline -0.001 -14"><span class='ocrx_word' id='word_1_763' title='bbox 2176 4765 2351 4808; x_wconf 86' lang='lat' dir='ltr'><strong>servat</strong></span> <span class='ocrx_word' id='word_1_764' title='bbox 2374 4755 2527 4809; x_wconf 81' lang='lat' dir='ltr'><strong>Joan.</strong></span> <span class='ocrx_word' id='word_1_765' title='bbox 2555 4751 2787 4809; x_wconf 55' lang='lat' dir='ltr'><strong>saeuo?</strong></span> <span class='ocrx_word' id='word_1_766' title='bbox 2815 4768 2879 4806; x_wconf 89' lang='lat' dir='ltr'><strong>an</strong></span> <span class='ocrx_word' id='word_1_767' title='bbox 2904 4755 3040 4821; x_wconf 90' lang='lat' dir='ltr'><strong>quod</strong></span> <span class='ocrx_word' id='word_1_768' title='bbox 3064 4751 3404 4806; x_wconf 80' lang='lat' dir='ltr'><strong>Mamertinus</strong></span> <span class='ocrx_word' id='word_1_769' title='bbox 3429 4753 3494 4806; x_wconf 92' lang='lat' dir='ltr'><strong>ad</strong></span> <span class='ocrx_word' id='word_1_770' title='bbox 3524 4768 3716 4806; x_wconf 73' lang='grc' dir='ltr'><strong>ωσι-υ-</strong></span> 
     </span>
    </p>
   </div>
   <div class='ocr_carea' id='block_1_108' title="bbox 2176 4821 3719 4892">
    <p class='ocr_par' dir='ltr' id='par_1_108' title="bbox 2176 4821 3719 4892">
     <span class='ocr_line' id='line_1_109' title="bbox 2176 4821 3719 4892; baseline -0.001 -18"><span class='ocrx_word' id='word_1_771' title='bbox 2176 4824 2335 4875; x_wconf 91' lang='lat' dir='ltr'><strong>latum</strong></span> <span class='ocrx_word' id='word_1_772' title='bbox 2370 4826 2558 4877; x_wconf 85' lang='lat' dir='ltr'><strong>virtute</strong></span> <span class='ocrx_word' id='word_1_773' title='bbox 2584 4840 2674 4877; x_wconf 90' lang='lat' dir='ltr'><strong>sua</strong></span> <span class='ocrx_word' id='word_1_774' title='bbox 2701 4822 3063 4890; x_wconf 76' lang='lat' dir='ltr'><strong>pervenisset?</strong></span> <span class='ocrx_word' id='word_1_775' title='bbox 3090 4821 3315 4892; x_wconf 6' lang='lat' dir='ltr'><strong>lsgenint,</strong></span> <span class='ocrx_word' id='word_1_776' title='bbox 3340 4821 3719 4892; x_wconf 63' lang='lat' dir='ltr'><strong>inquit&#39;l‘ullius</strong></span> 
     </span>
    </p>
   </div>
   <div class='ocr_carea' id='block_1_109' title="bbox 2176 4890 3720 4959">
    <p class='ocr_par' dir='ltr' id='par_1_109' title="bbox 2176 4890 3720 4959">
     <span class='ocr_line' id='line_1_110' title="bbox 2176 4890 3720 4959; baseline -0.001 -17"><span class='ocrx_word' id='word_1_777' title='bbox 2176 4907 2270 4959; x_wconf 91' lang='lat' dir='ltr'><strong>pro</strong></span> <span class='ocrx_word' id='word_1_778' title='bbox 2292 4892 2484 4946; x_wconf 80' lang='lat' dir='ltr'><strong>Roscio</strong></span> <span class='ocrx_word' id='word_1_779' title='bbox 2518 4892 2782 4953; x_wconf 83' lang='lat' dir='ltr'><strong>Amerino,</strong></span> <span class='ocrx_word' id='word_1_780' title='bbox 2814 4907 2955 4943; x_wconf 89' lang='lat' dir='ltr'><strong>ttttttt.</strong></span> <span class='ocrx_word' id='word_1_781' title='bbox 2985 4893 3091 4945; x_wconf 83' lang='lat'><strong>85:</strong></span> <span class='ocrx_word' id='word_1_782' title='bbox 3134 4890 3263 4943; x_wconf 73' lang='lat' dir='ltr'><strong>Milli</strong></span> <span class='ocrx_word' id='word_1_783' title='bbox 3286 4890 3482 4945; x_wconf 74' lang='lat' dir='ltr'><strong>videtur</strong></span> <span class='ocrx_word' id='word_1_784' title='bbox 3516 4894 3720 4957; x_wconf 65' lang='lat' dir='ltr'><strong>nuptis-</strong></span> 
     </span>
    </p>
   </div>
   <div class='ocr_carea' id='block_1_110' title="bbox 2173 4959 3580 5027">
    <p class='ocr_par' dir='ltr' id='par_1_110' title="bbox 2173 4959 3580 5027">
     <span class='ocr_line' id='line_1_111' title="bbox 2173 4959 3580 5027; baseline -0.004 -16"><span class='ocrx_word' id='word_1_785' title='bbox 2173 4962 2348 5023; x_wconf 79' lang='lat' dir='ltr'><strong>simus,</strong></span> <span class='ocrx_word' id='word_1_786' title='bbox 2376 4965 2463 5027; x_wconf 83' lang='lat' dir='ltr'><strong>qui</strong></span> <span class='ocrx_word' id='word_1_787' title='bbox 2488 4978 2580 5013; x_wconf 80' lang='lat' dir='ltr'><strong>sua</strong></span> <span class='ocrx_word' id='word_1_788' title='bbox 2607 4961 2785 5011; x_wconf 77' lang='lat' dir='ltr'><strong>virtute</strong></span> <span class='ocrx_word' id='word_1_789' title='bbox 2810 4962 2861 5011; x_wconf 80' lang='lat' dir='ltr'><strong>in</strong></span> <span class='ocrx_word' id='word_1_790' title='bbox 2888 4959 3115 5012; x_wconf 79' lang='lat' dir='ltr'><strong>altiorem</strong></span> <span class='ocrx_word' id='word_1_791' title='bbox 3146 4959 3311 5011; x_wconf 83' lang='lat' dir='ltr'><strong>locum</strong></span> <span class='ocrx_word' id='word_1_792' title='bbox 3343 4963 3580 5027; x_wconf 71' lang='lat' dir='ltr'><strong>peruenit.</strong></span> 
     </span>
    </p>
   </div>
   <div class='ocr_carea' id='block_1_111' title="bbox 2244 5024 3707 5096">
    <p class='ocr_par' dir='ltr' id='par_1_111' title="bbox 2244 5024 3707 5096">
     <span class='ocr_line' id='line_1_112' title="bbox 2244 5024 3707 5096; baseline -0.003 -15"><span class='ocrx_word' id='word_1_793' title='bbox 2244 5031 2287 5059; x_wconf 77' lang='lat'>&quot;</span> <span class='ocrx_word' id='word_1_794' title='bbox 2326 5024 2403 5081; x_wconf 81' lang='lat' dir='ltr'><strong>An</strong></span> <span class='ocrx_word' id='word_1_795' title='bbox 2428 5030 2626 5081; x_wconf 80' lang='lat' dir='ltr'><strong>halitu?</strong></span> <span class='ocrx_word' id='word_1_796' title='bbox 2646 5030 2949 5096; x_wconf 85' lang='lat' dir='ltr'><strong>Quanquam</strong></span> <span class='ocrx_word' id='word_1_797' title='bbox 2974 5040 3025 5083; x_wconf 89' lang='lat' dir='ltr'><strong>et</strong></span> <span class='ocrx_word' id='word_1_798' title='bbox 3043 5029 3237 5079; x_wconf 78' lang='lat' dir='ltr'><strong>habitus</strong></span> <span class='ocrx_word' id='word_1_799' title='bbox 3258 5024 3360 5079; x_wconf 73' lang='lat' dir='ltr'><strong>om</strong></span> <span class='ocrx_word' id='word_1_800' title='bbox 3382 5030 3515 5096; x_wconf 89' lang='lat' dir='ltr'><strong>apud</strong></span> <span class='ocrx_word' id='word_1_801' title='bbox 3541 5024 3707 5078; x_wconf 82' lang='lat' dir='ltr'><strong>Luca-</strong></span> 
     </span>
    </p>
   </div>
   <div class='ocr_carea' id='block_1_112' title="bbox 2175 5098 2535 5151">
    <p class='ocr_par' dir='ltr' id='par_1_112' title="bbox 2175 5098 2535 5151">
     <span class='ocr_line' id='line_1_113' title="bbox 2175 5098 2535 5151; baseline 0.011 -4"><span class='ocrx_word' id='word_1_802' title='bbox 2175 5112 2296 5149; x_wconf 89' lang='lat' dir='ltr'><strong>num</strong></span> <span class='ocrx_word' id='word_1_803' title='bbox 2326 5098 2535 5151; x_wconf 84' lang='lat' dir='ltr'><strong>dicitur.</strong></span> 
     </span>
    </p>
   </div>
   <div class='ocr_carea' id='block_1_113' title="bbox 2248 5163 3160 5219">
    <p class='ocr_par' dir='ltr' id='par_1_113' title="bbox 2248 5163 3160 5219">
     <span class='ocr_line' id='line_1_114' title="bbox 2248 5163 3160 5219; baseline -0.002 -1"><span class='ocrx_word' id='word_1_804' title='bbox 2248 5165 2291 5196; x_wconf 78' lang='lat'>&quot;</span> <span class='ocrx_word' id='word_1_805' title='bbox 2335 5168 2563 5219; x_wconf 73' lang='lat' dir='ltr'><strong>txtollit.</strong></span> <span class='ocrx_word' id='word_1_806' title='bbox 2591 5165 2699 5218; x_wconf 80' lang='lat' dir='ltr'><strong>Vox</strong></span> <span class='ocrx_word' id='word_1_807' title='bbox 2732 5164 2885 5218; x_wconf 80' lang='lat' dir='ltr'><strong>Ennii</strong></span> <span class='ocrx_word' id='word_1_808' title='bbox 2913 5172 2965 5217; x_wconf 81' lang='lat' dir='ltr'><strong>et</strong></span> <span class='ocrx_word' id='word_1_809' title='bbox 2991 5163 3160 5217; x_wconf 83' lang='lat' dir='ltr'><strong>Nonii.</strong></span> 
     </span>
    </p>
   </div>
   <div class='ocr_carea' id='block_1_114' title="bbox 2246 5232 3717 5299">
    <p class='ocr_par' dir='ltr' id='par_1_114' title="bbox 2246 5232 3717 5299">
     <span class='ocr_line' id='line_1_115' title="bbox 2246 5232 3717 5299; baseline -0.005 -11"><span class='ocrx_word' id='word_1_810' title='bbox 2246 5235 2287 5266; x_wconf 74' lang='lat'>“</span> <span class='ocrx_word' id='word_1_811' title='bbox 2327 5236 2455 5288; x_wconf 85' lang='lat' dir='ltr'><strong>Nota</strong></span> <span class='ocrx_word' id='word_1_812' title='bbox 2510 5237 2655 5287; x_wconf 89' lang='lat' dir='ltr'><strong>varia</strong></span> <span class='ocrx_word' id='word_1_813' title='bbox 2697 5235 2971 5287; x_wconf 85' lang='lat' dir='ltr'><strong>consulum</strong></span> <span class='ocrx_word' id='word_1_814' title='bbox 3019 5233 3215 5295; x_wconf 83' lang='lat' dir='ltr'><strong>oflicia,</strong></span> <span class='ocrx_word' id='word_1_815' title='bbox 3247 5232 3470 5287; x_wconf 83' lang='lat' dir='ltr'><strong>tribunal</strong></span> <span class='ocrx_word' id='word_1_816' title='bbox 3514 5241 3717 5299; x_wconf 58' lang='lat' dir='ltr'><strong>petere,</strong></span> 
     </span>
    </p>
   </div>
   <div class='ocr_carea' id='block_1_115' title="bbox 2171 5302 3715 5362">
    <p class='ocr_par' dir='ltr' id='par_1_115' title="bbox 2171 5302 3715 5362">
     <span class='ocr_line' id='line_1_116' title="bbox 2171 5302 3715 5362; baseline -0.004 -5"><span class='ocrx_word' id='word_1_817' title='bbox 2171 5308 2473 5359; x_wconf 89' lang='lat' dir='ltr'><strong>concionem</strong></span> <span class='ocrx_word' id='word_1_818' title='bbox 2505 5306 2799 5362; x_wconf 84' lang='lat' dir='ltr'><strong>advocare.</strong></span> <span class='ocrx_word' id='word_1_819' title='bbox 2846 5314 3015 5356; x_wconf 85' lang='lat' dir='ltr'><strong>rostra</strong></span> <span class='ocrx_word' id='word_1_820' title='bbox 3045 5304 3433 5362; x_wconf 84' lang='lat' dir='ltr'><strong>conscendere,</strong></span> <span class='ocrx_word' id='word_1_821' title='bbox 3484 5302 3531 5352; x_wconf 91' lang='lat' dir='ltr'><strong>in</strong></span> <span class='ocrx_word' id='word_1_822' title='bbox 3568 5316 3715 5352; x_wconf 80' lang='lat' dir='ltr'><strong>entia</strong></span> 
     </span>
    </p>
   </div>
   <div class='ocr_carea' id='block_1_116' title="bbox 2170 5371 3721 5441">
    <p class='ocr_par' dir='ltr' id='par_1_116' title="bbox 2170 5371 3721 5441">
     <span class='ocr_line' id='line_1_117' title="bbox 2170 5371 3721 5441; baseline -0.005 -14"><span class='ocrx_word' id='word_1_823' title='bbox 2170 5376 2622 5428; x_wconf 81' lang='lat' dir='ltr'><strong>senatusconsulta</strong></span> <span class='ocrx_word' id='word_1_824' title='bbox 2674 5376 2926 5441; x_wconf 75' lang='lat' dir='ltr'><strong>proferre.</strong></span> <span class='ocrx_word' id='word_1_825' title='bbox 2995 5373 3103 5426; x_wconf 88' lang='lat' dir='ltr'><strong>Iloc</strong></span> <span class='ocrx_word' id='word_1_826' title='bbox 3148 5372 3341 5441; x_wconf 76' lang='lat' dir='ltr'><strong>passim</strong></span> <span class='ocrx_word' id='word_1_827' title='bbox 3394 5371 3567 5422; x_wconf 72' lang='lat' dir='ltr'><strong>vidi-re</strong></span> <span class='ocrx_word' id='word_1_828' title='bbox 3644 5382 3721 5424; x_wconf 76' lang='lat' dir='ltr'><strong>c~t</strong></span> 
     </span>
    </p>
   </div>
   <div class='ocr_carea' id='block_1_117' title="bbox 2171 5443 3175 5512">
    <p class='ocr_par' dir='ltr' id='par_1_117' title="bbox 2171 5443 3175 5512">
     <span class='ocr_line' id='line_1_118' title="bbox 2171 5443 3175 5512; baseline -0.002 -17"><span class='ocrx_word' id='word_1_829' title='bbox 2171 5445 2308 5512; x_wconf 87' lang='lat' dir='ltr'><strong>apud</strong></span> <span class='ocrx_word' id='word_1_830' title='bbox 2343 5444 2572 5495; x_wconf 36' lang='lat' dir='ltr'><strong>historia:</strong></span> <span class='ocrx_word' id='word_1_831' title='bbox 2599 5445 2845 5493; x_wconf 69' lang='lat' dir='ltr'><strong>Itomanre</strong></span> <span class='ocrx_word' id='word_1_832' title='bbox 2872 5443 3175 5510; x_wconf 84' lang='lat' dir='ltr'><strong>scriptntcs.</strong></span> 
     </span>
    </p>
   </div>
   <div class='ocr_carea' id='block_1_118' title="bbox 1780 5571 2385 5626">
    <p class='ocr_par' dir='ltr' id='par_1_118' title="bbox 1780 5571 2385 5626">
     <span class='ocr_line' id='line_1_119' title="bbox 1780 5571 2385 5626; baseline 0.003 -2"><span class='ocrx_word' id='word_1_833' title='bbox 1780 5585 1787 5595; x_wconf 84' lang='lat'>&#39;</span> <span class='ocrx_word' id='word_1_834' title='bbox 1828 5571 2385 5626; x_wconf 76' lang='lat' dir='ltr'><strong>lNTERPRETATlO.</strong></span> 
     </span>
    </p>
   </div>
   <div class='ocr_carea' id='block_1_119' title="bbox 510 5676 2062 5750">
    <p class='ocr_par' dir='ltr' id='par_1_119' title="bbox 510 5676 2062 5750">
     <span class='ocr_line' id='line_1_120' title="bbox 510 5676 2062 5750; baseline 0.004 -21"><span class='ocrx_word' id='word_1_835' title='bbox 510 5690 521 5695; x_wconf 93' lang='lat'><strong><em>&#39;</em></strong></span> <span class='ocrx_word' id='word_1_836' title='bbox 591 5690 614 5715; x_wconf 78' lang='grc' dir='ltr'>ι</span> <span class='ocrx_word' id='word_1_837' title='bbox 646 5679 705 5730; x_wconf 85' lang='lat' dir='ltr'><strong>In</strong></span> <span class='ocrx_word' id='word_1_838' title='bbox 735 5692 973 5750; x_wconf 77' lang='lat' dir='ltr'><strong>quantum</strong></span> <span class='ocrx_word' id='word_1_839' title='bbox 993 5681 1229 5747; x_wconf 81' lang='lat' dir='ltr'><strong>gaudium</strong></span> <span class='ocrx_word' id='word_1_840' title='bbox 1258 5680 1443 5743; x_wconf 72' lang='lat' dir='ltr'><strong>e/fttsus</strong></span> <span class='ocrx_word' id='word_1_841' title='bbox 1472 5692 1539 5733; x_wconf 79' lang='lat' dir='ltr'><strong>est</strong></span> <span class='ocrx_word' id='word_1_842' title='bbox 1565 5676 1796 5750; x_wconf 71' lang='lat' dir='ltr'><strong>papulas,</strong></span> <span class='ocrx_word' id='word_1_843' title='bbox 1821 5682 1937 5733; x_wconf 85' lang='lat' dir='ltr'><strong>dum</strong></span> <span class='ocrx_word' id='word_1_844' title='bbox 1966 5685 2062 5735; x_wconf 79' lang='lat' dir='ltr'><strong>tuis</strong></span> 
     </span>
    </p>
   </div>
   <div class='ocr_carea' id='block_1_120' title="bbox 516 5747 1201 5801">
    <p class='ocr_par' dir='ltr' id='par_1_120' title="bbox 516 5747 1201 5801">
     <span class='ocr_line' id='line_1_121' title="bbox 516 5747 1201 5801; baseline 0.003 -3"><span class='ocrx_word' id='word_1_845' title='bbox 516 5752 797 5799; x_wconf 79' lang='lat' dir='ltr'><strong>coasulibus</strong></span> <span class='ocrx_word' id='word_1_846' title='bbox 820 5747 1201 5801; x_wconf 45' lang='lat' dir='ltr'><strong>adblatttt‘rcn&#39;r.</strong></span> 
     </span>
    </p>
   </div>
   <div class='ocr_carea' id='block_1_121' title="bbox 2235 5683 3725 5764">
    <p class='ocr_par' dir='ltr' id='par_1_121' title="bbox 2235 5683 3725 5764">
     <span class='ocr_line' id='line_1_122' title="bbox 2235 5683 3725 5764; baseline 0.004 -33"><span class='ocrx_word' id='word_1_847' title='bbox 2235 5683 2265 5764; x_wconf 55' lang='lat' dir='ltr'><strong>tt</strong></span> <span class='ocrx_word' id='word_1_848' title='bbox 2304 5683 2480 5762; x_wconf 60' lang='lat' dir='ltr'><strong>Neque</strong></span> <span class='ocrx_word' id='word_1_849' title='bbox 2529 5686 2656 5737; x_wconf 82' lang='lat' dir='ltr'><strong>enim</strong></span> <span class='ocrx_word' id='word_1_850' title='bbox 2706 5697 2859 5751; x_wconf 57' lang='lat' dir='ltr'><strong>potest</strong></span> <span class='ocrx_word' id='word_1_851' title='bbox 2904 5684 3085 5737; x_wconf 71' lang='lat' dir='ltr'><strong>dubius</strong></span> <span class='ocrx_word' id='word_1_852' title='bbox 3128 5700 3232 5737; x_wconf 77' lang='lat' dir='ltr'><strong>esse</strong></span> <span class='ocrx_word' id='word_1_853' title='bbox 3267 5702 3434 5739; x_wconf 68' lang='lat' dir='ltr'><strong>sttrces</strong></span> <span class='ocrx_word' id='word_1_854' title='bbox 3465 5702 3516 5737; x_wconf 78' lang='lat' dir='ltr'><strong>us</strong></span> <span class='ocrx_word' id='word_1_855' title='bbox 3565 5686 3725 5757; x_wconf 55' lang='lat' dir='ltr'><strong>hujus</strong></span> 
     </span>
    </p>
   </div>
   <div class='ocr_carea' id='block_1_122' title="bbox 2172 5764 2490 5806">
    <p class='ocr_par' dir='ltr' id='par_1_122' title="bbox 2172 5764 2490 5806">
     <span class='ocr_line' id='line_1_123' title="bbox 2172 5764 2490 5806; baseline -0.009 0"><span class='ocrx_word' id='word_1_856' title='bbox 2172 5765 2264 5806; x_wconf 74' lang='lat' dir='ltr'><strong>UOH</strong></span> <span class='ocrx_word' id='word_1_857' title='bbox 2294 5764 2386 5806; x_wconf 82' lang='grc' dir='ltr'><strong>ιυι.</strong></span> <span class='ocrx_word' id='word_1_858' title='bbox 2487 5772 2490 5774; x_wconf 68' lang='grc'>⁷</span> 
     </span>
    </p>
   </div>
  </div>
