3820 6334
137 493 216 545 li!)
594 489 681 544 AD
718 487 1086 543 ΜᾹΜΕΒΤΙΝΙ
1123 483 1526 543 οιιυεευιωι
1568 482 1641 536 Ai‘

1748 479 1901 533 nntx
1935 510 1999 519 _
2034 479 2184 532 vm
2219 450 2324 532 FL.
2364 478 2463 532 CL.
2495 475 2774 532 JULIANI.

3186 468 3288 520 4πο

139 613 273 654 teetus
299 600 500 662 incedit,
531 615 634 651 non
667 600 882 650 multum
914 598 1162 651 differens
1190 614 1216 649 a
1246 591 1640 663 magistratibus
1675 595 1714 650 Α
1750 598 1898 654 putes
1926 601 2044 640 esse
2067 585 2422 638 tribuendum.
2455 584 2618 637 Nemo
2645 596 2872 650 unquam
2906 589 3017 645 post
3051 577 3290 628 homines

137 694 225 742 suis
243 700 288 741 r-t
311 705 490 756 genere
515 701 566 742 et
593 689 770 740 colore
798 690 1040 740 vestitus.

195 777 336 831 XXX.
374 778 701 843 Supeilluurn
740 775 875 829 forte
915 776 1154 830 videatur
1193 790 1308 844 qua
1340 775 1639 840 vosuictipsi

141 868 312 920 vidistis
338 868 518 920 iterare
537 907 551 928 ,
575 881 746 931 neque
769 865 910 918 enim
937 866 1152 916 auribus
1180 873 1336 930 expet
1377 872 1494 913 titur
1523 879 1638 926 qua:

141 957 539 1022 luerintnsurpata
557 955 857 1016 luminibus,
879 956 969 1007 sed
989 953 1274 1006 mandandi
1295 963 1416 1005 sunt
1436 952 1638 1009 litteris,

140 1047 372 1100 inserenda
391 1046 759 1107 monumentis,
785 1038 1035 1096 mittenda
1065 1044 1116 1096 in
1143 1055 1382 1109 postens
1411 1047 1640 1095 Vellllﬂ'ls

139 1137 310 1190 sacculis
335 1139 412 1188 vix
441 1136 703 1191 credenda
733 1137 1006 1188 miracula.
1035 1134 1179 1189 Peue
1215 1138 1344 1188 intra
1387 1137 1524 1200 ipsas
1551 1152 1638 1203 pa-

141 1229 284 1280 l-itina:
307 1229 483 1280 domus
512 1229 722 1290 valvas,
767 1227 981 1281 lecticas
1027 1228 1329 1281 consulares
1364 1227 1520 1293 jussit
1558 1228 1638 1279 in-

139 1316 267 1378 ferri;
302 1326 510 1378 etcum,
553 1316 740 1370 honori
779 1317 892 1384 ejus
922 1316 1348 1385 veneratiouiquc
1372 1317 1638 1379 cedentes,

137 1405 272 1458 sedile
299 1405 410 1458 illud
445 1405 712 1473 dignitatis
736 1405 1070 1472 amplissima:
1108 1419 1501 1467 recusaremus,
1531 1406 1639 1456 Sllla

138 1512 215 1548 uos
242 1513 387 1564 prope
415 1497 653 1549 manibus
680 1497 951 1564 itttpnsittts
980 1498 1174 1549 mixtus
1209 1497 1403 1563 agmini
1435 1506 1637 1563 togato-

135 1600 231 1636 nun
258 1587 425 1651 prrire
449 1586 608 1652 coepit
642 1585 820 1652 pedes,
849 1585 1065 1652 gradum
1095 1584 1374 1637 moderans
1409 1599 1540 1652 pene
1575 1587 1639 1636 ad

134 1674 302 1725 lictoris
326 1684 518 1734 nutum,
551 1684 604 1726 et
633 1675 847 1726 viatoris
868 1671 1163 1743 imperium.
1208 1673 1402 1727 Credet
1425 1674 1522 1728 hoc
1547 1675 1642 1728 ali-

133 1763 232 1828 qtti~
255 1766 330 1829 qui
354 1765 433 1817 i‘.la
465 1773 869 1832 purpuratorum
907 1764 1038 1819 vidit
1078 1765 1231 1832 paulo
1260 1777 1381 1818 ante
1409 1764 1638 1830 fastidia,

132 1857 202 1921 qui
250 1855 352 1909 ideo
399 1865 595 1908 tantum
645 1857 897 1910 honorem
940 1857 990 1908 in
1033 1870 1156 1910 suos
1183 1895 1196 1918 ,
1243 1870 1309 1909 nc
1348 1855 1636 1907 inhonorus

1749 689 1898 728 unos
1931 678 2068 743 ampl
2093 690 2184 729 ora
2215 678 2431 742 pra'mia
2469 680 2509 725 a‘
2539 676 2746 740 regibus
2773 683 2928 735 atque
2957 671 3287 737 imperatori-

1748 768 1842 819 lius
1869 776 2178 820 COHSCCUllla
2208 775 2316 825 est;
2348 764 2472 817 nulli
2493 766 2608 832 plus
2628 767 2806 816 oneris
2837 761 3157 828 impositum.
3177 759 3284 810 Neu

1745 855 1966 909 abnuant
2013 855 2370 922 prafeeturas,
2411 867 2462 907 ct
2495 853 2801 906 coniulatus
2842 853 3021 905 mults
3049 865 3165 903 esse
3191 848 3285 903 de-

1747 947 1896 1008 latus,
1940 944 2033 997 sed
2077 944 2155 996 bis
2192 954 2309 1011 post
2341 945 2626 996 imtnensiis
2670 944 2895 1003 labores,
2944 941 3109 992 bonos
3138 939 3290 1008 quasi

1744 1035 1949 1086 debitus
1981 1035 2247 1088 resritutns
2286 1045 2364 1086 est
2399 1051 2412 1085 :
2455 1033 2580 1085 tnibi
2607 1050 2724 1084 cum
2750 1034 2857 1098 jam
2888 1033 3141 1085 honorent
3167 1031 3292 1083 adc-

1746 1134 1862 1188 ptus
1899 1124 2016 1187 sint,
2056 1138 2192 1177 nunc
2222 1123 2430 1176 demum
2469 1137 2518 1175 ut
2556 1137 2761 1175 merear
2804 1120 3144 1174 laborandum
3182 1130 3275 1174 est.

1749 1213 1904 1264 \‘ersa
1950 1213 2151 1265 ratione
2184 1223 2498 1280 temporum,
2532 1220 2822 1280 permutata
2855 1225 3130 1263 munerum
3173 1210 3286 1261 vice.

1745 1304 1897 1356 modo
1918 1305 2218 1358 enitendum
2241 1315 2315 1356 est
2337 1313 2393 1356 ut
2419 1304 2636 1373 prinmio
2652 1304 2836 1370 dignus
2857 1303 3147 1362 existimer,
3165 1316 3228 1353 cu
3245 1323 3292 1360 ιιι

1737 1395 1843 1456 jam
1871 1389 2137 1461 pr'mniiutn
2165 1394 2411 1460 ceperim.
2443 1395 2484 1446 υ
2512 1394 2636 1445 mihi
2681 1394 2881 1445 testium
2922 1403 3025 1445 tum
3055 1395 3284 1446 benevo-

1744 1485 1915 1536 lentia:
1940 1485 2306 1551 gravissimum
2340 1485 2567 1550 pondus!
2607 1483 2799 1537 Vereor
2829 1495 2882 1536 ut
2910 1499 3006 1550 ape
3039 1493 3088 1535 te
3112 1510 3120 1526 α
3147 1487 3274 1548 spri-

1742 1588 1887 1626 mere
1915 1574 2279 1626 dil‘licultatum
2313 1589 2548 1627 mearum
2569 1574 2806 1625 ordinem
2824 1573 3043 1626 valeam.
3062 1572 3281 1625 Furzlitts

1742 1677 1841 1729 εει,
1872 1667 2175 1732 imperator,
2206 1664 2355 1717 bonis
2381 1665 2582 1716 artibus
2625 1666 2814 1717 mereri
2849 1664 3114 1717 consulem
3146 1664 3278 1727 lieri,

1741 1769 1898 1821 quam
1929 1754 2181 1807 industria
2211 1764 2266 1807 et
2306 1753 2487 1807 labore
2527 1756 2776 1821 perlicere
2823 1765 2876 1807 ut
2923 1754 3144 1807 videaris
3177 1771 3283 1806 me-

1743 1844 1912 1896 ruisse
1933 1857 2053 1896 cum
2077 1844 2245 1896 tactus
2272 1843 2364 1896 sis.

131 1912 505 2007 contemnerent,
530 1944 908 1998 conferebant?
935 1944 1122 1997 Credet
1147 1912 1338 2011 aliquis
1356 1953 1499 1996 tanto
1522 1954 1637 2012 post

1812 1931 2016 1985 x-xxn.
2055 1933 2223 1992 Absit,
2271 1935 2523 2000 Auguste,
2568 1941 2619 1986 et
2659 1912 2795 1986 istud
2834 1941 3012 1986 sancta
3040 1932 3284 1985 divinitas

132 2048 199 2085 vet
231 2051 326 2086 rem
353 2034 486 2086 illam
535 2034 824 2102 priscorum
866 2042 1160 2102 temporum
1200 2035 1495 2087 libertatem
1536 2036 1638 2086 rei-

131 2124 317 2186 publicm
347 2124 640 2176 redditam?
671 2123 849 2190 Neque
877 2122 1015 2176 enim
1042 2137 1138 2187 ego
1171 2123 1185 2151 ‘
1222 2122 1364 2175 Lucii
1395 2122 1556 2185 Bruti,
1585 2130 1635 2174 et

135 2211 274 2265 Publii
309 2214 523 2280 Valerii,
568 2215 654 2281 qui
697 2214 850 2281 primi
887 2213 1084 2267 examis
1131 2212 1338 2280 regibus
1383 2220 1640 2279 potestate

131 2317 272 2354 annua
299 2303 491 2356 civibus
523 2302 702 2370 praefui
724 2313 874 2361 runt.
912 2302 1238 2353 consulatum
1285 2311 1468 2353 nostro
1494 2308 1642 2352 ante-

137 2393 396 2457 puundum
429 2404 556 2460 puto
609 2392 840 2460 Uterque
867 2392 1003 2445 bono
1034 2392 1261 2459 publico,
1288 2399 1506 2458 uterque
1536 2389 1639 2442 Ro-

132 2498 271 2535 mana:
298 2483 586 2550 reipublicm
613 2481 885 2543 salutari~,
927 2489 1146 2548 uterque
1192 2481 1410 2548 insignis
1447 2478 1641 2548 princi-

132 2573 214 2639 piis
237 2574 621 2628 commudorum
652 2592 664 2634 ;
712 2573 803 2627 sed
854 2572 1012 2626 habet
1058 2571 1254 2643 aliquid
1286 2572 1641 2640 unusquisque

131 2668 426 2734 pmipuum.
462 2667 540 2720 Illi
571 2673 884 2733 potestatem
906 2664 1240 2719 consularem
1273 2680 1367 2733 per
1396 2665 1640 2731 populum

130 2768 435 2823 acmperunt,
479 2771 580 2809 nos
626 2771 719 2822 per
754 2755 1019 2809 lulianum
1060 2755 1376 2824 recepimus.
1428 2753 1640 2826 Illorum

130 2860 244 2897 anno
268 2846 472 2899 libertas
501 2858 620 2898 orta
648 2855 751 2909 est,
785 2853 968 2898 nostro
995 2847 1256 2898 restituta.
1474 2825 1487 2839 ’

190 2934 354 2988 XXXI.
383 2936 485 2989 Sed
515 2934 645 2998 sint,
676 2934 1002 2988 sanctissime
1030 2934 1333 3002 imperator,
1365 2949 1423 2987 ea
1450 2949 1566 3001 qua:
1589 2944 1642 2987 tu

127 3024 264 3090 justo,
304 3028 590 3090 moderate,
630 3025 853 3080 civiliter
881 3027 1010 3080 facis
1047 3027 1161 3080 aliis
1190 3027 1322 3081 forte
1351 3028 1642 3085 miraculo:

130 3114 239 3167 mihi
277 3131 385 3170 esse
433 3130 538 3170 non
582 3125 823 3183 possunt,
869 3117 954 3183 qui
996 3125 1047 3169 te
1084 3114 1324 3168 omnibus
1352 3117 1372 3145 ³
1403 3114 1645 3171 humanis

132 3205 249 3257 v.tiis
265 3206 548 3260 ab~o|utum
571 3212 626 3259 et
651 3204 893 3268 liberum,
908 3202 1068 3258 sciam
1097 3203 1212 3258 solo
1237 3205 1644 3275 immortalitatis

129 3310 286 3350 amore
310 3297 524 3366 ﬂagrare
543 3340 557 3362 ,
591 3297 820 3364 dirigere
847 3309 1034 3350 omnes
1060 3281 1270 3365 apeset
1298 3296 1644 3365 cogitationes

130 3396 230 3438 tuas
268 3388 323 3441 ad
348 3387 653 3442 memoriam
693 3386 1020 3454 posteritatis
1047 3396 1321 3451 :eternam,
1364 3397 1522 3454 atque
1563 3388 1644 3441 bis

132 3477 331 3531 maxime
370 3479 567 3530 servire
609 3475 872 3542 iudicibus
910 3475 998 3542 qui
1041 3476 1108 3528 de
1146 3477 1303 3528 rebus
1343 3477 1502 3543 gestis
1543 3478 1644 3529 tuis

129 3566 232 3618 sine
248 3567 358 3619 odio
377 3576 429 3619 et
450 3567 618 3634 gratia
650 3567 890 3619 venturis
926 3567 1136 3618 sarculis
1156 3565 1485 3633 judicabuut.
1531 3566 1642 3619 Non

131 3665 282 3723 potest
308 3657 582 3727 quidquam
616 3657 874 3725 abiectum
915 3666 970 3711 et
1017 3656 1212 3710 humile
1258 3659 1510 3725 cogitare,
1555 3659 1644 3727 qui

129 3748 216 3798 scit
237 3747 294 3800 de
317 3762 371 3801 se
397 3763 602 3815 semper
636 3747 973 3814 loquendum.
1009 3744 1156 3800 Nunc
1188 3746 1234 3798 si
1263 3746 1377 3808 tibi,
1416 3747 1641 3812 impera-

132 3844 222 3897 tor,
252 3850 417 3902 parum
446 3835 644 3903 ampla,
669 3849 766 3888 uec
791 3833 1140 3900 respondente
1171 3833 1374 3888 meritis
1401 3834 1502 3888 tuis
1529 3850 1646 3886 ora-

130 3925 256 3978 tione
278 3940 394 3978 nsus
418 3926 653 3986 videbor,
681 3938 860 3991 quaeso
879 3923 1218 3990 obtestorque
1239 3933 1310 3988 te,
1335 3939 1465 3977 mea:
1486 3923 1535 3976 id
1559 3940 1648 3976 na-

129 4026 246 4069 ture
272 4015 428 4083 potius
456 4029 609 4080 quam
643 4012 985 4081 magnitudini
1033 4012 1408 4066 beneﬁciorum
1439 4022 1643 4066 tuorum

191 4140 205 4168 ¹
245 4141 313 4195 De
355 4141 431 4195 bs
465 4140 648 4206 primis
685 4140 1041 4192 Romanorum
1068 4140 1374 4194 consulibus
1403 4143 1644 4196 abstineo

128 4206 448 4277 referre,qu:e
474 4212 668 4264 habent
690 4209 805 4262 l’use
823 4211 1053 4262 historia:
1067 4209 1315 4262 Romana:
1337 4216 1640 4278 scriptores.

190 4280 206 4308 ’
247 4280 382 4331 Haud
408 4282 472 4333 ita
501 4296 620 4334 esse
660 4279 724 4330 ad
762 4277 953 4331 Juliini
988 4280 1108 4331 vitae
1141 4279 1296 4330 linem
1326 4277 1638 4333 observabo.

190 4347 207 4375 ’
245 4348 296 4398 lu
328 4350 546 4403 editione
591 4350 823 4402 Puteana
866 4357 947 4400 est
981 4365 1011 4398 α
1051 4363 1127 4399 me
1170 4347 1338 4398 animo
1383 4349 1636 4413 defecerit.

128 4413 252 4468 Duas
277 4419 476 4471 voculas
501 4418 728 4484 expunxi
766 4430 886 4468 cum
918 4415 1169 4467 Acidalio.
1205 4417 1256 4467 In
1282 4415 1399 4468 aliis
1426 4426 1506 4470 est
1527 4433 1639 4469 cum

1742 2043 1897 2079 muen
1920 2035 2140 2088 avertat,
2172 2036 2226 2078 nt
2250 2035 2302 2078 tu
2343 2041 2370 2077 a
2393 2040 2655 2095 quoquam
2687 2025 2982 2079 mortalium
3013 2038 3284 2093 exspectes

1742 2133 1769 2166 ν
1794 2133 1906 2170 cem
1932 2117 2169 2171 benelicii
2194 2119 2207 2169 !
2247 2117 2633 2180 Verumtamen,
2663 2116 2798 2185 quod
2828 2117 3008 2171 solum
3028 2118 3106 2170 vel
3148 2120 3284 2170 acri-

1744 2221 1866 2271 pere
1888 2215 2058 2272 potest
2081 2206 2175 2258 ista
2208 2206 2526 2267 fortuita,va
2549 2221 2577 2257 a
2605 2208 2754 2259 nobis
2779 2207 2965 2274 opibus
2982 2208 3082 2261 tuis
3105 2209 3283 2270 tribui,

1743 2295 2184 2347 immortalitatem
2210 2309 2483 2347 munerum
2513 2305 2718 2348 tuorqu
2747 2299 2917 2350 culam
2939 2296 3125 2350 ol’llciis
3146 2314 3284 2352 scm-

1742 2387 1977 2454 pitetuis.
2019 2386 2186 2442 Omtte
2221 2389 2508 2457 negotium,
2538 2404 2694 2444 omne
2735 2391 2898 2443 otium
2926 2406 3099 2445 meum
3130 2394 3179 2445 in
3208 2408 3283 2444 οτ-

1743 2480 1928 2532 ητιιιόις
1945 2480 2101 2534 rebus
2127 2482 2227 2533 tuis
2258 2481 2692 2550 celebrandisque
2722 2492 2975 2550 ponetur;
3002 2499 3167 2552 neque
3197 2500 3282 2538 so-

1743 2571 1846 2622 lum
1879 2571 2085 2624 vivente
2107 2587 2189 2624 me
2215 2586 2276 2626 ac
2308 2574 2514 2639 vigente
2547 2575 2680 2642 grati
2715 2576 2874 2629 animi
2922 2577 3282 2631 benevolentia

1741 2661 2116 2726 declarabitur;
2149 2661 2241 2715 sed
2270 2663 2428 2715 etiam
2460 2661 2479 2691 ³
2516 2678 2634 2716 cum
2661 2667 2833 2717 anima
2859 2665 3130 2729 defecerit,
3175 2684 3285 2719 mu-

1743 2763 1987 2803 numenta
2015 2753 2085 2802 tui
2113 2751 2163 2803 in
2195 2766 2277 2804 me
2298 2751 2537 2805 beneﬁcii
2578 2755 2977 2821 permanebunt.
3011 2755 3031 2784 ⁸
3072 2756 3123 2808 In
3151 2759 3282 2810 rele—

1744 2840 1904 2893 renda
1933 2849 2106 2894 autem
2135 2843 2322 2909 gratia,
2366 2844 2700 2899 sanctissime
2728 2844 3032 2914 imperator,
3073 2846 3168 2899 hoe
3193 2849 3280 2900 tibi

1743 2931 2014 2997 polliceor,
2049 2945 2364 3000 semperque
2399 2932 2678 2999 priestabo,
2719 2934 2847 2987 mihi
2887 2951 3056 3003 neque
3086 2937 3135 2990 in
3166 2953 3284 3005 sug-

1743 3021 1990 3088 gerendis
2025 3020 2259 3074 consiliis
2297 3022 2592 3088 veritatem,
2641 3037 2808 3092 neque
2844 3025 2896 3078 in
2924 3027 3199 3090 adeundis,
3240 3032 3282 3080 si

1743 3125 1832 3164 res
1852 3111 2170 3178 poposcerit,
2203 3110 2447 3177 periculis
2473 3112 2917 3182 animum,neque
2947 3114 2997 3168 iu
3027 3119 3282 3172 sententia

1744 3201 2050 3268 simpliciter
2076 3199 2291 3256 ferenda
2316 3200 2495 3269 tidem,
2530 3218 2701 3271 neque
2730 3204 2782 3257 in
2814 3206 3081 3259 hominum
3104 3209 3271 3261 volun

1746 3295 1938 3347 tatibus
1956 3308 2050 3360 pro
2061 3292 2324 3362 republica
2344 3304 2498 3363 teque
2519 3295 2769 3350 laedendis
2784 3295 3101 3363 libertatem,
3117 3315 3286 3368 neque

1748 3383 1796 3433 iu
1825 3381 2091 3436 laboribus
2115 3381 2439 3449 perferendis
2469 3381 2984 3454 industriam,ncque
3014 3387 3064 3440 in
3091 3402 3284 3457 augen-

1743 3472 1826 3524 dis
1858 3472 2058 3538 imperii
2090 3471 2162 3525 tui
2191 3471 2482 3525 commodis
2504 3473 2638 3541 grati
2669 3473 2830 3526 animi
2862 3474 3287 3530 benevolenti:uu

1743 3560 2066 3622 defuturam;
2100 3560 2255 3628 idque
2293 3561 2439 3638 omni
2468 3562 2586 3615 vitae.
2623 3575 2754 3617 mete
2793 3572 3030 3629 tempore
3065 3573 3285 3620 Stltlllltlti

1745 3654 1932 3718 Opibus
1960 3651 2253 3717 euixurum,
2268 3651 2681 3718 elaboraturum,
2697 3652 3026 3719 ell‘ectnrum,
3047 3665 3103 3708 nt
3123 3657 3287 3710 bouu—

1749 3757 1831 3795 rcs
1861 3744 1909 3793 in
1933 3755 2016 3794 me
2037 3741 2109 3792 tui
2140 3755 2240 3792 non
2267 3741 2384 3808 quia
2406 3739 2621 3794 necesse
2649 3741 2809 3794 luerit
2835 3741 2900 3795 ad
2929 3757 3292 3812 quemcunque

1751 3833 1930 3899 delati,
1961 3834 2052 3886 sed
2073 3834 2195 3901 quia
2219 3834 2513 3900 oportuerit
2542 3842 2684 3888 recte
2705 3835 2858 3902 positi
2884 3843 2938 3888 et
2964 3836 3166 3891 ratione
3186 3842 3295 3892 cot-

1751 3925 1901 3977 locati
1924 3938 2044 3978 esse
2073 3923 2370 3978 videantur.

1751 4159 1824 4195 me
1847 4145 2014 4196 animo
2040 4145 2293 4211 defecerit.

1819 4213 1838 4240 ‘
1876 4210 2148 4280 Sumpttuu
2183 4215 2328 4278 illud,
2361 4223 2414 4266 ut
2448 4210 2523 4265 vel
2571 4217 2805 4266 omnium
2835 4216 3046 4267 minime
3075 4218 3296 4270 mulatis

1749 4290 1911 4348 patet,
1947 4298 2011 4336 ex
2054 4282 2382 4334 Ciceroniunu
2423 4284 2644 4336 oratione
2683 4296 2789 4352 pint
2830 4286 3042 4337 reditum
3080 4290 3145 4337 ad
3173 4289 3295 4352 Qui-

1746 4355 1884 4415 rites,
1916 4353 2012 4404 sub
2041 4353 2218 4405 linem.

3147 4533 3278 4543 -η

1194 4629 2178 4739 APPENDIX.

897 4917 1158 5035 VITA
1227 4893 1390 4998 η.
1469 4865 1945 4995 CLAUDII
2018 4919 2501 5002 JULIANI.

1672 4822 2052 4843 ————-._.

1545 5056 1870 5069 ⁵-σ--ο-ισ-⁸

120 5142 255 5195 Almo
301 5141 448 5196 Urbis
490 5144 711 5217 conditis
755 5140 911 5217 l0_8_i.
959 5137 1146 5217 Ceriali
1165 5139 1289 5202 351,
1330 5137 1646 5191 Constantini
1679 5121 1724 5178 ί)
1752 5141 1846 5192 Αη.
1880 5139 1945 5192 U.
1975 5140 2032 5192 (Ι.
2067 5141 2242 5217 1090.“
2252 5141 2594 5217 Chr‘stii337,
2641 5147 2975 5217 Constantini,
3018 5150 3297 5210 Constantii

652 5210 832 5279 Magni
856 5211 978 5277 imp.
1009 5208 1102 5262 26.

181 5317 386 5373 Flavius
409 5321 657 5374 Claudius
695 5319 956 5386 Julianus,
1001 5327 1350 5388 cognomento
1372 5316 1645 5383 Apostata,

116 5387 248 5449 qiiod
286 5404 316 5440 a
340 5389 631 5445 Christiana
661 5389 942 5451 religione,
990 5386 1144 5456 quam
1188 5386 1498 5440 adolescens
1528 5402 1648 5450 pro-

120 5459 281 5509 fessus
295 5471 423 5521 erat,
439 5475 612 5512 rerum
640 5460 838 5525 potitus
862 5456 1147 5510 [certissime
1162 5457 1468 5525 deiecisset;
1500 5465 1650 5522 patre

118 5525 416 5579 tlomtantio
438 5524 768 5581 Constantini
814 5525 982 5592 Magni
1026 5529 1204 5587 fratre,
1232 5539 1398 5578 matre
1426 5524 1647 5576 Basilina

122 5595 429 5648 nobilissima
475 5598 664 5650 temina
710 5595 1026 5657 Christiana,
1074 5595 1306 5648 secunda
1350 5593 1641 5646 Constantii

123 5676 299 5722 litore.
328 5680 410 5716 viu
456 5665 571 5718 idus
612 5664 871 5718 Novemb.
910 5662 1138 5715 nascitur
1172 5661 1640 5728 Constantinopoli.

125 5730 276 5801 Mater
302 5732 473 5793 parcis
504 5745 622 5798 post
648 5731 918 5786 mensibus
943 5733 1165 5786 excessit
1183 5747 1213 5787 e
1236 5733 1356 5784 vita.
1386 5731 1645 5801 (Julianus

128 5803 175 5848 tn
207 5799 553 5871 Misopogona.)

105 6324 225 6331 τ-τ
288 6324 434 6334 ι-κ-ι

2129 5221 2173 5260 et
2203 5208 2485 5265 Constantis
2505 5208 2666 5284 Adgg.
2701 5219 2824 5283 irup.
2858 5220 2906 5272 L

1800 5319 2168 5398 Constantius.
2225 5322 2443 5398 ejusque
2471 5325 2631 5398 frater
2660 5328 3057 5398 Annibalianus,
3090 5345 3150 5384 ac
3177 5333 3296 5387 Dal-

1752 5389 2095 5466 matiieornrn
2120 5389 2297 5443 lratris
2325 5389 2461 5446 titius
2483 5394 2764 5449 Dalmatius
2777 5397 2975 5458 Caesar,
3002 5413 3134 5466 quos
3158 5403 3294 5456 Con-

1750 5457 2008 5534 stantinus
2039 5457 2253 5534 Magnus
2300 5476 2560 5534 purpurea
2599 5479 2863 5534 aureaque
2891 5457 3033 5520 veste
3056 5479 3108 5523 et
3140 5474 3295 5525 nobi-

1753 5476 2008 5534 stanttnus
2039 5476 2253 5524 magnus
2296 5476 2560 5580 purpurea
2599 5479 2863 5534 aureaque
2891 5477 3033 5520 veste
3056 5479 3108 5523 et
3140 5476 3292 5525 nobi-

1753 5526 2033 5604 lissmiatus
2082 5528 2605 5604 titulo_i_ouaverat,
2663 5533 2722 5604 in
2763 5534 3024 5604 seditione
3078 5542 3292 5592 militari

1751 5597 2135 5672 opprimuntur,
2184 5597 2263 5649 vel
2291 5599 2592 5664 instigante,
2647 5603 2728 5655 vel
2745 5602 3119 5668 ,dissimulante
3149 5620 3293 5662 certe

1750 5661 2058 5744 Constantio
2075 5667 2359 5744 augusto:
2391 5661 2502 5722 s've
2541 5661 2598 5723 ut
2641 5661 2799 5744 tutius
2831 5673 3113 5741 imperaret
3137 5716 3153 5737 ,
3182 5661 3294 5728 sive

1753 5741 1809 5809 ut
1836 5730 2189 5809 Constantino
2208 5737 2337 5809 patri
2367 5748 2685 5809 porrectum.
2718 5741 2790 5792 uti
2820 5730 3201 5808 suspicabatur,
3231 5752 3297 5797 ah

1755 5805 1816 5852 iis
1843 5816 2096 5854 veucuuin
2131 5805 2432 5858 vindicaret.
2482 5806 2577 5860 Vix
2613 5808 2851 5863 Julianus
2889 5805 2940 5865 et
2971 5812 3151 5866 Gallus
3182 5817 3297 5883 ejus
