3820 6386
515 456 615 507 ἆϋῧ

514 586 569 623 re
597 550 963 637 l’hilostorgio,
998 570 1110 638 ipso
1133 569 1297 623 Ullila:
1327 571 1534 637 :rqnali,
1553 571 1652 624 fide
1673 570 1878 638 dignior
1899 570 2049 621 testis

514 675 667 711 nemo
697 660 921 711 videtur.
964 659 1163 711 Abesse
1190 673 1221 709 a
1252 658 1492 713 tersione
1519 659 1729 726 gothica
1761 658 1923 725 libros
1952 655 2054 709 Re-

509 762 635 810 gum
681 762 796 800 cum
847 748 1006 799 sciret
1058 748 1171 813 ipse
1227 749 1307 799 vel
1363 747 1499 801 fama
1556 748 1883 813 accepisset,
1940 746 2055 812 ejus

514 816 812 887 omissionis
842 850 1051 888 causam
1092 836 1317 900 aliquam
1364 835 1623 903 subjicere
1665 834 1907 895 volebat,
1948 847 2051 885 non

513 941 703 979 curans
736 940 856 979 vera
902 934 1071 988 esset,
1103 940 1289 979 necne.
1333 925 1519 979 Libros
1561 926 1757 994 Regum
1790 924 1945 989 igitur
1986 924 2053 975 ab

515 1014 666 1068 Ulfila
710 1029 810 1067 non
849 1030 967 1067 esse
996 1028 1282 1068 conversos
1309 1019 1432 1081 quin
1471 1014 1765 1071 credamus,
1794 1012 1923 1064 nihil
1957 1014 2052 1063 im-

514 1105 653 1169 pedit
678 1105 723 1166 ';
757 1119 849 1156 cur
876 1120 978 1155 non
1002 1106 1339 1164 converterit,
1364 1104 1567 1157 noscite
1598 1118 1691 1153 nos
1716 1102 1936 1153 fatentes
1965 1115 2054 1153 su-

511 1196 789 1259 spicamur,
811 1194 1015 1247 L‘lftlam
1045 1194 1107 1245 ad
1130 1208 1261 1260 opus
1285 1204 1392 1245 tam
1418 1193 1647 1258 amplum
1669 1192 2050 1246 conficiendum

510 1292 601 1335 aut
624 1284 759 1335 vires
788 1293 872 1335 aut
902 1290 1106 1347 tempus
1132 1282 1426 1344 defccisse;
1457 1284 1737 1334 maximam
1768 1281 2052 1333 bibliorum

512 1380 711 1440 partem
751 1375 792 1423 si
832 1374 1115 1433 transtulit,
1148 1373 1197 1425 id
1241 1373 1411 1440 ipsum
1438 1375 1718 1425 maximam
1748 1380 1919 1425 movet
1961 1371 2055 1423 ad-

510 1463 869 1525 mirationem,
918 1476 1035 1515 cum
1082 1470 1275 1529 praeter
1323 1461 1458 1515 hanc
1502 1475 1683 1515 curam
1728 1475 1832 1513 nou
1881 1459 2051 1513 solum

508 1553 651 1608 dumi
682 1555 932 1620 permulta
962 1553 1165 1620 negotia
1192 1562 1372 1605 essent
1394 1551 1643 1620 gerenda,
1672 1550 1763 1605 sed
1789 1550 1947 1603 etiam
1977 1547 2053 1601 le-

508 1644 745 1712 gationes
772 1642 838 1695 ad
859 1642 1463 1709 Constantin‘tipolitanos
1489 1653 1706 1694 suorum
1735 1637 1926 1693 civium
1952 1651 2049 1691 no-

510 1733 651 1784 mine
676 1729 1024 1797 suscipiendte
1052 1730 1095 1780 ⁸.
1314 1744 1321 1747 τ

577 1818 765 1872 Totum
793 1825 968 1871 autem
988 1816 1239 1869 librorum
1261 1829 1532 1869 sacrorum
1553 1828 1745 1881 corpus
1771 1812 1977 1867 Gothos
1999 1813 2049 1866 in

488 1922 656 1961 suum
687 1921 983 1960 sermonem
1017 1919 1328 1959 conversum
1360 1905 1635 1967 habuisse,
1680 1903 1731 1956 id
1757 1904 1893 1971 quod
1924 1904 2047 1956 olim

506 1997 841 2062 scriptorum,
868 1995 1052 2047 barum
1082 2009 1256 2047 rerum
1283 1993 1645 2059 imperitorum
1673 2002 1725 2044 et
1746 1993 1909 2044 relata
1938 2002 2051 2043 tan-

508 2097 615 2139 tum
664 2084 1035 2150 referentium,
1068 2082 1172 2137 title
1216 2082 1546 2147 credebatur,
1589 2096 1729 2135 nunc
1779 2082 2050 2150 permultis

505 2175 829 2243 argumentis
869 2160 1262 2241 comprobatur.
1312 2171 1511 2226 Praeter
1554 2170 1824 2237 evangelia
1866 2170 2006 2222 enim
2032 2208 2047 2233 ,

504 2274 655 2317 antea
685 2263 798 2316 sola
826 2261 1053 2329 cognita,
1080 2269 1260 2313 nostra
1288 2268 1444 2313 etate
1484 2258 1767 2325 fragmenta
1804 2260 2051 2325 epiStola-

506 2369 623 2407 rnm
645 2352 975 2405 Paulinarum
997 2359 1049 2402 et
1073 2349 1140 2402 de
1163 2348 1359 2401 veteris
1381 2348 1675 2401 testamenti
1702 2349 1849 2400 libris
1872 2350 2049 2401 Esdraz

506 2451 563 2496 et
581 2441 847 2495 Neuemic
874 2438 1114 2507 quaedam
1143 2447 1321 2506 partes
1345 2436 1573 2491 iuventte
1597 2448 1719 2490 sunt
1740 2452 1757 2500 ;
1780 2437 1915 2489 unde
1943 2439 2051 2507 col-

507 2532 738 2600 ‘igimus,
781 2528 1033 2584 Gothicos
1077 2528 1353 2596 theologos
1395 2528 1553 2581 etiam
1602 2528 1829 2595 reliquos
1857 2527 2052 2580 veteris

510 2619 807 2675 testamenti
846 2619 1008 2673 libros
1039 2632 1143 2671 non
1185 2617 1410 2670 intactos
1450 2615 1740 2684 reliquisse.
1772 2616 1899 2668 Nam
1924 2614 2048 2683 quid

501 2723 837 2763 commovere
865 2708 986 2760 illos
1004 2707 1192 2774 potuit,
1216 2715 1273 2759 ut
1292 2706 1503 2760 omissis
1526 2698 1654 2758 aliis'
1668 2714 1771 2757 tam
1798 2714 2048 2770 prmstan-

506 2800 649 2852 tibus
675 2811 832 2866 atque
856 2796 1124 2863 gravibus,
1145 2795 1309 2850 libros
1332 2806 1435 2847 tam
1456 2794 1619 2863 jejuni
1644 2795 1932 2863 argumenti
1958 2808 2049 2847 ue-

506 2906 609 2955 qtte
638 2890 700 2941 ad
726 2888 879 2941 ﬁdem
906 2895 996 2940 aut
1018 2888 1081 2939 ad
1108 2887 1303 2939 cultum
1326 2886 1606 2953 quidquam
1631 2885 1863 2939 valentes
1883 2895 2051 2938 traus~

508 2980 643 3030 latos
663 2979 771 3030 suis
794 2975 1101 3030 traderent?
1148 2974 1318 3041 Quid?
1342 2974 1482 3043 quod
1511 2975 1668 3027 etiam
1694 2988 1897 3035 eorum,
1924 2987 2049 3038 quo-

506 3085 623 3122 rum
656 3069 795 3121 nulla
827 3068 1123 3134 fragmenta
1150 3065 1322 3118 adhuc
1340 3077 1465 3118 sunt
1494 3073 1724 3132 reperta,
1754 3064 1970 3131 vestigia
1998 3065 2048 3116 in

506 3159 623 3214 aliis
664 3156 1007 3210 conservatis'
1040 3156 1485 3224 deprehendimus
1518 3172 1531 3207 :
1578 3156 1629 3207 in
1674 3155 1846 3209 Skeir.
1882 3170 1935 3223 p.
1983 3155 2049 3208 57

510 3264 688 3301 «reus
716 3248 849 3300 alter
888 3232 944 3301 et
990 3249 1178 3299 tertius
1227 3246 1416 3301 Psalmi
1458 3246 1877 3313 quinquagesimi
1912 3246 2049 3298 tertii

504 3342 762 3391 citantur:
782 3322 885 3387 suci
907 3333 1104 3403 {rapjni
1125 3332 1333 3403 aippau
1346 3333 1506 3403 sokjai
1522 3333 1656 3402 gap.
1672 3330 1789 3386 ξιιιαὶ
1816 3333 2052 3426 αευαηξιῑ-

505 3426 693 3477 dedun.
725 3439 931 3477 romana
968 3423 1232 3491 unbrukjui
1262 3422 1519 3493 catulum.
1546 3424 1578 3474 i.
1605 3440 1655 3475 e.
1687 3423 1769 3488 qui
1803 3422 2050 3491 intelligat

504 3526 591 3566 aut
628 3515 847 3581 requirat
895 3511 1097 3579 Deum,“
1127 3529 1293 3564 omnes
1321 3514 1727 3573 declinaverunt;
1760 3514 1906 3565 simul
1935 3515 2050 3563 iuu-

504 3605 615 3656 tiles
642 3603 761 3671 facti
787 3612 919 3653 sunt.
959 3600 1157 3653 Deinde
1194 3600 1390 3666 Ephes.
1432 3600 1578 3665 tv,£
1617 3601 1667 3651 in
1698 3601 1931 3667 margine
1960 3614 2050 3651 (εο-

488 3693 634 3744 νσιιεὶε
664 3695 702 3742 Α
732 3687 1055 3755 adscriptum
1083 3698 1164 3742 est
1190 3690 1473 3755 psalmo...,
1504 3704 1607 3756 quo
1638 3691 1877 3741 librarius
1907 3690 2046 3743 hunc

496 3783 676 3834 locum
695 3795 726 3833 e
753 3781 883 3831 libro
910 3780 1226 3845 pSalmorum
1250 3778 1361 3846 (68,
1390 3778 1474 3845 i9)
1504 3783 1740 3829 haustum
1772 3794 1887 3830 esse
1917 3779 2051 3830 indi-

492 3884 625 3923 care
652 3871 836 3922 voluit.
869 3868 1000 3920 Hinc
1031 3868 1267 3919 Psalmos
1312 3870 1519 3933 gothice
1560 3882 1842 3920 conversos
1891 3870 2050 3921 fuisse

462 3960 623 4013 -sine
668 3956 836 4010 dubio
872 3968 1016 4009 recte
1053 3957 1332 4023 eonjicitur
1361 3956 1452 4024 ');
1494 3967 1637 4008 certe
1688 3958 2049 4024 explicationis

492 4050 645 4104 illius
671 4057 855 4101 auctor
898 4048 1070 4099 omnia
1118 4046 1238 4100 novi
1280 4048 1575 4099 testamenti
1607 4049 1719 4100 loca
1752 4062 1782 4100 e
1812 4049 2050 4100 versione

497 4149 683 4192 nostra
700 4137 899 4199 citavit,
919 4151 1089 4204 neque
1114 4150 1208 4187 nos
1230 4135 1440 4201 quidem
1467 4134 1781 4197 dubitamus,
1806 4136 1853 4186 id
1879 4136 2047 4201 ipsum

500 4228 717 4291 fixisse,
737 4226 781 4278 si
803 4236 922 4292 qua:
948 4226 1063 4277 loca
1084 4238 1116 4276 e
1140 4224 1354 4290 reliquis
1378 4222 1657 4274 bibliorum
1681 4213 1823 4276 libris
1847 4225 2047 4276 laudata

452 4310 453 4313 “
498 4316 781 4369 θσεηπει
802 4314 987 4366 eadem
1008 4313 1265 4379 evangelii
1287 4312 1507 4365 Joannei
1532 4313 1876 4379 explil'atione
1893 4316 2048 4365 etiam

499 4406 667 4460 libros
692 4403 883 4474 Moysis
911 4404 1172 4471 gothicam
1208 4401 1504 4453 versionem
1531 4402 1857 4469 complexam
1892 4404 2050 4457 fuisse

504 4495 900 4562 cognoscimus;
933 4506 1052 4543 nam
1088 4506 1139 4559 p.
1160 4490 1223 4542 41
1254 4505 1334 4559 sq.
1361 4490 1567 4544 etiamsi
1596 4506 1700 4545 non
1730 4492 1885 4544 verba
1913 4494 2045 4558 ipsa,

507 4597 680 4637 tamen
711 4595 899 4635 sensim
928 4595 1171 4633 versuum
1211 4579 1349 4633 2—9
1373 4580 1559 4645 capitis
1595 4594 1679 4630 xtx
1716 4579 1833 4631 libri
1859 4579 2052 4633 Nume-

503 4690 683 4727 rorum
714 4665 992 4724 redditur:
1021 4669 1176 4720 vasult
1201 4667 1315 4737 pan
1344 4668 1439 4736 jalt
1476 4668 1647 4736 [rauja
1682 4666 1758 4737 [)0
1787 4669 2052 4720 ahmeinott

502 4761 819 4827 anaﬁlltands
845 4757 1083 4823 daupein.
1102 4756 1258 4827 cibari
1276 4757 1572 4825 garailttaba
1600 4756 1728 4825 var];
1758 4758 1805 4809 bi
1828 4758 2052 4809 sviltneirt

502 4852 695 4902 sokcius
718 4849 1111 4917 guattgidaatnte
1136 4844 1283 4916 υἱιθρ
1307 4845 1430 4915 piae
1457 4848 1846 4913 unfaurveisane
1867 4850 2053 4899 missa-

503 4940 630 4990 dede
676 4939 897 4988 ainaizos
933 4932 1087 5005 υἱιορ
1135 4937 1337 4988 raidida
1379 4952 1410 4986 α
1425 4952 1453 4985 z
1466 4953 1496 5004 g
1512 4952 1539 4987 ο
1554 4953 1585 4987 η
1630 4936 1661 4987 k
1676 4953 1704 4986 a
1717 4920 1736 4986 Ι
1751 4936 1778 4987 b
1792 4952 1821 4989 ο
1835 4954 1864 4987 η
1878 4953 1900 4988 s
1941 4955 1972 5006 g
1990 4953 2049 4990 a-

502 5027 969 5079 brannidaiaos
1024 5034 1218 5081 utana
1281 5026 1798 5093 bibaurgeinais.
1858 5028 2044 5093 αῖονυή

502 5116 709 5185 peribo
744 5119 795 5167 in
834 5120 977 5167 itan
1016 5116 1441 5180 vairpandans
1473 5116 1651 5165 brain
1681 5114 1790 5182 jalt
1831 5115 2045 5183 hysso-

504 5224 617 5270 pon
653 5209 769 5275 jalt
808 5206 1009 5257 vultui
1052 5218 1119 5257 ra
1138 5204 1290 5255 udai
1334 5207 1837 5273 ufartrusnjnudans.
1873 5223 2045 5260 altatae

572 5360 589 5387 ¹
614 5357 698 5410 Cf.
740 5356 938 5411 Cztstill.
974 5354 1182 5408 Επειιη.
1208 5356 1271 5405 ad
1304 5354 1526 5421 Philipp.
1562 5371 1609 5419 ι).
1640 5357 1728 5408 65.
1942 5408 1949 5415 ,

494 5478 501 5491 κ
571 5430 612 5498 Ἀ
646 5420 761 5478 Viti.
812 5427 1139 5492 Essbcrgium
1198 5426 1298 5487 l5,
1350 5428 1432 5476 Η.
1491 5423 1673 5475 Zultut'i
1731 5423 2044 5498 Einleilung.

505 5494 841 5616 p.‘lecmhr.
874 5561 1067 5615 Salish.
1099 5561 1220 5613 Nro.
1258 5560 1355 5613 ΗΟ
1378 5562 1502 5613 olim
1530 5560 1721 5615 Salisb.
1752 5578 1896 5614 intt.

570 5632 589 5661 ⁸
633 5633 748 5683 \'id.
774 5630 855 5683 W.
887 5631 933 5682 J.
960 5647 1079 5682 xutt
1114 5647 1161 5696 p.
1198 5630 1261 5681 15
1281 5644 1396 5697 sqq.
1498 5676 1499 5679 η

573 5702 603 5765 ⁵,
635 5698 753 5752 νιιι.
810 5702 1150 5753 Sozomcunm
1202 5700 1263 5761 7,
1322 5702 1403 5749 Π.
1452 5698 1797 5765 Nicephorum
1839 5701 2039 5755 Callist.

506 5762 603 5831 l2,
627 5765 711 5822 50.

1596 456 1947 510 BlliLlURUM
1983 454 2311 509 ULFILXAA
2350 455 2607 509 VERSIO.

3565 458 3679 531 ‘tot

2153 568 2313 633 gadob
2328 567 2461 636 [mus
2483 567 2750 634 ufarmiton
2776 572 3109 637 mannutlans,
3128 573 3162 625 i.
3178 587 3226 625 e.
3244 574 3338 641 fuit
3359 582 3529 624 autem
3551 573 3682 624 etiam

2159 656 2386 707 dominus
2407 656 2601 725 (Iesus)
2622 658 2752 710 hunc
2776 661 3089 727 spiritualem
3124 667 3483 715 commendans
3509 662 3684 726 baptis-

2158 759 2291 793 mum
2317 759 2335 805 ;
2369 744 2522 810 igitur
2550 756 2679 797 recte
2708 747 2801 813 fuit
2831 750 2893 798 de
2916 750 3269 814 puriﬁcatione
3297 752 3509 815 quiestio
3528 766 3684 813 mo'a;

2156 846 2273 881 nam
2318 834 2397 882 (ex
2432 832 2608 884 ltorttm
2650 836 3173 888 nan-voluntariorum
3204 852 3522 903 peccu'orum
3550 844 3686 893 unius

2153 918 2312 987 legem
2339 920 2512 971 statuit
2534 922 2747 974 cinerem
2772 939 2931 976 vacem
2958 927 3221 978 combusta:
3249 942 3387 977 extra
3415 932 3684 979 munimen-

2154 1019 2293 1069 tum;
2318 1009 2524 1072 posthac
2545 1023 2712 1063 autem
2741 1013 2873 1086 Itum:
2898 1015 2947 1065 in
2968 1030 3146 1081 aquam
3172 1017 3417 1083 conjicien
3442 1033 3491 1067 es
3524 1033 3686 1079 puram

2153 1104 2199 1145 et
2222 1097 2434 1165 ItyssOpo
2455 1108 2498 1147 et
2527 1098 2644 1150 [ann
2665 1103 2815 1152 rubra
2840 1112 3186 1171 contegentes;
3208 1106 3280 1155 uti
3307 1105 3471 1156 decuit
3499 1105 3588 1156 ltus
3612 1122 3688 1155 su-

2155 1186 2346 1251 perbire
2384 1188 2661 1256 cogitantes
2699 1193 2758 1241 ".
2788 1190 2949 1243 Multo
2988 1186 3181 1245 clarius
3212 1208 3394 1246 eorum
3446 1195 3683 1247 librorum

2141 1284 2325 1327 'vcrsw
2353 1278 2686 1342 eugnoscitttr
2708 1295 2771 1332 ex
2796 1281 2899 1333 alio
2919 1282 3122 1347 codice,
3144 1285 3230 1349 qui
3252 1283 3583 1337 Vindobona:
3606 1287 3683 1336 ad-

2151 1364 2489 1418 serwtur’et
2508 1377 2698 1432 praeter
2719 1383 2965 1423 runorum
2988 1370 3133 1437 signa
3156 1372 3311 1435 etiam
3336 1374 3584 1440 pleraque
3607 1387 3686 1441 go-

2155 1452 2292 1504 lhica
2322 1456 2478 1504 verba
2505 1466 2554 1506 ct
2584 1448 2785 1510 litteras
2808 1474 3143 1512 numerorum
3166 1463 3417 1523 continet,
3435 1478 3566 1530 quas
3583 1479 3684 1529 pos-

2155 1552 2349 1594 tremas
2380 1543 2664 1597 maximam
2706 1558 2904 1614 partem
2942 1564 2973 1601 e
3009 1549 3278 1605 Gcncscos
3311 1555 3485 1618 capite
3520 1555 3685 1619 quinto

2151 1631 2336 1685 ductas
2354 1647 2471 1686 esse
2498 1634 2813 1690 Wilheltnus
2832 1637 3139 1705 Grimtnius,
3161 1642 3241 1693 vir
3262 1642 3554 1694 litterarum
3583 1656 3685 1710 ger-

2152 1723 2475 1775 mauicarum
2512 1724 2879 1792 peritissimus,
2912 1729 3109 1795 primus
3138 1730 3265 1782 vidit
3288 1730 3337 1793 ‘;
3365 1744 3490 1783 sunt
3524 1742 3683 1784 autem

2154 1813 2264 1863 hie:
2291 1827 2443 1865 versu
2473 1814 2506 1865 5
2532 1814 2578 1865 εἳ
2596 1808 2777 1868 -ενὲὅυ
2800 1817 2975 1884 (Vulg.
3012 1816 3275 1885 130);vs.
3309 1820 3342 1870 5
3367 1813 3438 1871 τι
3468 1843 3530 1869 ε-τι
3560 1824 3679 1881 95ος

2149 1913 2226 1951 vs.
2268 1901 2297 1950 7
2335 1915 2408 1951 wz
2437 1921 2498 1945 ==
2532 1903 2631 1955 707
2664 1903 2840 1972 (Vulg.
2879 1906 3065 1973 807);
3113 1923 3196 1959 vs.
3237 1909 3270 1961 8
3307 1900 3399 1961 *σὺ
3445 1931 3507 1957 ==
3559 1911 3683 1973 912;

2152 2001 2231 2039 vs.
2260 1989 2323 2042 i3
2347 2004 2439 2039 tum
2469 2010 2527 2034 =
2563 1992 2663 2043 760
2693 1992 2867 2062 (Vulg.
2894 1994 3049 2062 340);
3083 1998 3203 2050 inde
3232 1998 3408 2051 autem
3439 2001 3683 2067 sequitur,

2151 2074 2295 2127 illntn
2332 2076 2602 2129 librarium
2632 2081 2895 2144 codicem,
2936 2088 3289 2139 continentem
3318 2088 3580 2155 gothicam
3608 2105 3687 2143 ve-

2152 2166 2278 2217 teris
2324 2170 2621 2221 testamenti
2654 2170 2953 2224 versionem
2977 2209 2992 2233 ,
3022 2184 3145 2227 ante
3189 2176 3370 2230 oculos
3422 2178 3683 2241 habuisse,

2149 2258 2288 2309 unde
2319 2258 2433 2309 illas
2459 2261 2759 2327 exscripsit.

2222 2347 2416 2399 Omnes
2440 2348 2595 2415 igitur
2617 2349 2732 2402 libri
2755 2351 2889 2403 sacri
2916 2351 2965 2403 in
2987 2352 3246 2418 gothicam
3274 2354 3503 2422 linguam
3529 2365 3686 2409 trans-

2152 2432 2242 2484 lati
2286 2434 2447 2488 fuisse
2477 2436 2738 2501 videntur,
2778 2454 3090 2506 quamquam
3120 2433 3416 2507 aliquorum
3448 2446 3528 2496 vel
3574 2448 3684 2497 novi

2150 2522 2363 2575 hederis
2392 2524 2641 2577 librorum
2682 2529 2822 2579 nulla
2855 2528 3025 2581 adhuc
3076 2540 3332 2597 apparent
3364 2534 3601 2601 vestigia,
3639 2549 3683 2585 v.

2149 2625 2198 2664 c.
2227 2622 2463 2664 actorum
2493 2614 2885 2679 Apostolorum,
2917 2620 3259 2681 epistularum
3290 2624 3683 2687 catholicarum,

2148 2687 2523 2771 apocalypseos
2541 2703 2820 2767 Joannem;
2850 2721 2966 2771 quae
2987 2722 3160 2760 autem
3193 2712 3403 2773 desunt,
3431 2714 3687 2765 lat-autne

2151 2793 2201 2844 in
2218 2795 2653 2847 monasteriorum
2674 2798 2901 2848 tenebris
2921 2807 3007 2848 aut
3024 2802 3261 2852 codicem
3274 2802 3685 2856 oblitteratoruut

2148 2884 2439 2948 sepultura,
2468 2899 2535 2935 an
2569 2885 3000 2939 bibliothecarum
3030 2890 3265 2941 cladibus
3308 2894 3526 2947 omnino
3553 2895 3687 2948 inte-

2150 2970 2370 3034 rierint,
2409 2970 2527 3038 quis
2554 2972 2787 3026 divinare
2830 2976 3043 3041 p0test?
3072 2978 3174 3030 Sed
3208 2977 3388 3031 Ullilas
3420 2996 3546 3033 num
3581 2982 3687 3049 ipse

2151 3059 2292 3111 illam
2335 3060 2725 3114 translationem
2774 3065 3094 3127 coniecerit,
3148 3067 3251 3118 alia
3294 3060 3519 3134 quaisuo
3561 3079 3687 3133 est;

2151 3147 2435 3215 perfecisse
2482 3159 2641 3205 totam
2670 3167 2765 3203 cur
2792 3168 3061 3220 negemus,
3094 3169 3250 3221 supra
3302 3159 3685 3223 indicavimus;

2152 3248 2206 3290 at
2233 3253 2351 3292 cum
2402 3248 2508 3292 tota
2556 3241 2863 3305 antiquitate
2904 3242 3039 3293 fama
3098 3254 3337 3297 manaret
3384 3261 3503 3299 eum
3534 3248 3685 3300 biblia

2152 3328 2206 3379 in
2248 3327 2512 3395 gothicam
2556 3330 2781 3397 linguam
2809 3332 3163 3398 convertisse,
3194 3336 3345 3387 facile
3384 3339 3495 3392 ﬁeri
3524 3340 3689 3405 potuit

2152 3425 2210 3471 ut
2238 3419 2327 3486 qui
2367 3418 2572 3474 initium
2614 3422 2989 3488 interpretandi
3011 3423 3221 3478 fecisset
3241 3426 3497 3496 cujusque
3520 3430 3689 3497 auspi-

2149 3508 2247 3561 ciis
2260 3517 2315 3561 et
2340 3508 2566 3563 fortasse
2589 3512 2897 3565 auctoritate
2934 3528 3016 3577 ea,
3046 3530 3165 3581 qua:
3188 3516 3297 3583 ipse
3323 3533 3429 3572 non
3460 3519 3691 3587 perfece-

2152 3604 2261 3661 rat,
2286 3597 2351 3648 ab
2372 3598 2490 3670 aliis
2510 3598 2634 3650 viris
2667 3600 2888 3652 eruditis
2928 3604 3156 3665 perfecta
3188 3615 3385 3671 essent,
3414 3608 3481 3658 ab
3506 3609 3687 3660 eodem

2152 3688 2266 3754 ipso
2304 3688 2532 3755 prolecta
2562 3704 2679 3742 esse
2707 3690 3022 3767 dicerentur.
3056 3692 3115 3746 Si
3151 3695 3201 3745 in
3228 3702 3377 3749 tanta
3404 3711 3580 3749 rerum
3602 3700 3693 3752 ob-

2151 3777 2397 3832 scuritate
2416 3779 2716 3846 conjectura
2741 3784 2810 3853 uti
2836 3782 2975 3843 licet.
3009 3785 3096 3849 qui
3118 3784 3349 3838 maxime
3383 3798 3573 3851 prauer
3603 3787 3691 3839 Ul-

2110 3885 2117 3891 ο
2153 3865 2289 3915 ﬁlum
2331 3865 2737 3931 interpretandis
2778 3868 2950 3921 bibliis
2994 3885 3210 3935 operam
3253 3887 3401 3925 suam
3454 3887 3691 3943 poneret,

2120 4018 2121 4021 η
2152 3954 2356 4008 Salinas
2396 3956 2606 4023 quidam
2647 3958 2805 4009 luisse
2836 3958 3060 4023 videtttr,
3096 3975 3251 4028 queat
3286 3963 3466 4017 Ulfilas
3490 3981 3517 4017 a
3547 3981 3696 4019 com-

2152 4047 2423 4099 tnentariis
2472 4056 2525 4099 et
2564 4046 2615 4098 in
2663 4033 2965 4115 episcopatu
3008 4065 3370 4106 successorem
3420 4057 3603 4108 habuit
3642 4058 3691 4116 '.

2150 4132 2241 4183 ille
2301 4134 2442 4185 enim
2496 4144 2552 4187 et
2606 4136 2757 4200 patrii
2822 4144 2877 4189 et
2937 4140 3092 4204 grarci
3148 4143 3410 4195 sermonis
3456 4158 3693 4209 gnarus,

2150 4235 2280 4286 opus
2316 4234 2345 4271 a
2370 4221 2648 4275 decessore
2677 4222 2997 4289 inchoattun,
3024 4236 3109 4278 aut
3134 4234 3405 4295 ret-optum
3447 4243 3531 4283 aut
3572 4247 3693 4284 sus-

2151 4319 2356 4372 ceptum
2377 4347 2393 4369 ,
2436 4309 2488 4361 itt
2514 4310 2747 4364 ecclesiae
2772 4326 2880 4364 suae
2903 4314 3236 4366 commodum
3263 4317 3415 4369 facile
3440 4318 3697 4385 perﬁcere

2152 4394 2319 4466 potuit
2346 4399 2385 4453 ‘.
2864 4395 2873 4404 ’

2219 4486 2456 4540 Gothicae
2478 4487 2671 4542 deinde
2697 4489 3054 4544 translationis
3084 4508 3187 4544 non
3212 4494 3381 4547 solum
3414 4495 3697 4558 confecta.

2139 4577 2242 4629 .sed
2272 4578 2428 4630 etiam
2459 4592 2551 4644 per
2579 4579 2756 4632 secula
2785 4592 3068 4635 asservata'.
3092 4587 3364 4652 complura
3395 4589 3528 4654 apud
3562 4593 3699 4642 scti—

2154 4678 2333 4735 ptores
2348 4669 2685 4723 inveniuntur
2703 4670 3021 4738 testimonia,
3038 4689 3204 4743 eaque
3223 4678 3469 4743 maxime,
3490 4694 3561 4731 ex
3596 4697 3701 4747 quo

2151 4754 2441 4810 Gothorum
2466 4773 2654 4824 magna
2672 4773 2815 4826 pars,
2838 4760 3031 4815 relictis
3051 4764 3265 4815 sedibus
3291 4764 3504 4828 Isti-iris,
3525 4767 3701 4822 Theo-

2150 4844 2332 4896 dorico
2358 4845 2491 4898 duce
2516 4847 2677 4913 Alpes
2708 4851 3017 4916 transgressi
3050 4850 3247 4906 Italiam
3288 4866 3598 4921 occupatam
3626 4869 3702 4910 te-

2153 4943 2400 4989 nuerunt.
2418 4934 2576 4987 Gothi
2601 4936 2741 4990 enim
2764 4938 2867 4990 illic
2888 4938 3177 4992 incolentes
3197 4948 3353 5007 atque
3371 4943 3703 5009 imperantes

2153 5040 2254 5077 non
2286 5026 2472 5079 mirum
2512 5036 2620 5093 est,
2653 5028 2696 5081 si
2742 5044 2833 5095 per
2874 5028 3029 5097 hujus
3072 5039 3225 5083 terit:
3265 5033 3426 5097 lines,
3454 5047 3609 5089 certe
3639 5038 3704 5089 iis

2152 5102 2482 5183 regionibus,
2511 5117 2599 5169 ubi
2628 5120 2773 5185 regni
2812 5119 2966 5171 sedes
2995 5131 3125 5183 erat,
3166 5122 3375 5188 gothica
3403 5126 3586 5192 lingua
3620 5127 3701 5185 lo-

2150 5208 2255 5259 cuti
2277 5217 2328 5262 et
2350 5210 2402 5260 in
2426 5206 2665 5261 ecclesiis
2688 5212 2794 5262 suis
2818 5210 3043 5279 gothicis
3067 5213 3225 5264 etiam
3247 5214 3422 5267 bibitis
3445 5218 3524 5267 usi
3549 5229 3703 5270 sunt.

2222 5364 2246 5411 ⁶«
2279 5362 2669 5417 Cf.Castillion.
2702 5363 2919 5426 Specint.
2940 5366 3137 5432 pruriat.
3174 5366 3229 5433 p.
3251 5382 3282 5419 ι
3314 5381 3416 5433 sq.:
3454 5382 3478 5416 a
3511 5367 3700 5421 Seliua

2155 5449 2373 5498 primum
2417 5433 2617 5501 credit"
2670 5443 2751 5495 est
2800 5435 3004 5499 golhtt'a
3057 5438 3212 5488 lithlia
3258 5437 3489 5487 dictatth
3541 5438 3701 5491 Ullila

2152 5505 2309 5553 fuisse
2335 5502 2628 5568 Conscripta
2652 5510 2704 5553 et
2729 5518 2821 5568 pro
2850 5516 2944 5555 suo
2970 5506 3168 5557 librarii
3196 5520 3411 5555 munere
3440 5508 3702 5561 distinCta

2148 5581 2304 5634 atque
2332 5566 2629 5621 emendata.

2219 5644 2231 5660 '
2261 5639 2341 5690 Cf.
2374 5638 2584 5697 Mussttt.
2612 5638 2774 5690 Skeir.
2806 5655 2858 5705 ρ.
2882 5639 2968 5694 88.

2217 5712 2251 5729 ’·
2286 5707 2509 5757 Gothum
2544 5708 2655 5757 huc
2692 5722 2753 5759 ex
2784 5711 3000 5775 cpistola
3038 5710 3102 5760 ad
3145 5708 3393 5762 llebrteoc
3421 5710 3707 5776 citavissc,

2146 5774 2353 5828 Massm.
2382 5778 2415 5826 ³.
2443 5776 2500 5838 1.,
2532 5791 2582 5841 p.
2602 5776 2671 5830 65
2694 5792 2775 5844 sq.
2802 5774 3075 5849 liObiS_lt0|l
3101 5780 3379 5845 persuasit.
