3820 6348
169 472 253 525 165

167 585 228 636 Ea
250 587 539 648 tempestate
557 578 651 632 illa
674 577 1019 639 oratiuncula,
1039 577 1090 629 in
1110 576 1212 628 line
1236 575 1431 629 codicis
1455 575 1681 627 Brixiani

170 673 331 740 Insita,
360 667 602 722 confecta
636 682 761 720 esse
792 667 1012 728 videtur,
1043 666 1094 717 in
1137 679 1236 730 qua
1266 673 1324 714 ut
1351 672 1577 715 caveant
1606 662 1688 712 iii-

169 772 392 830 terpretes
429 760 735 814 litterarum
784 773 1049 812 sacrarum
1088 766 1387 818 monentur,
1418 769 1479 804 ne
1509 753 1688 821 legenti

168 853 362 903 ridentur
381 850 521 901 aliud
539 849 592 900 in
610 863 777 915 grrrca
795 845 1136 915 Iingua,aliud
1158 844 1208 895 in
1229 843 1384 895 latina
1395 841 1470 894 vel
1489 840 1688 907 gothica

168 942 395 1008 designata
422 955 525 990 esse
557 937 841 1004 conscripta
865 936 902 986 ί.
957 933 1102 988 Unde
1132 932 1392 999 gothicam
1433 931 1690 994 interpre-

169 1032 390 1081 tationem
434 1042 537 1080 non
587 1025 760 1077 solum
805 1025 854 1075 in
903 1021 1047 1073 Italia
1094 1021 1312 1087 aliisque
1344 1020 1526 1083 terris,
1562 1032 1689 1083 quas

169 1116 300 1171 Gothi
349 1116 627 1178 tenebant,
665 1113 956 1179 posteriore
997 1119 1234 1176 tempore
1273 1108 1565 1168 exstitisse.
1595 1107 1688 1159 sed

169 1206 305 1258 etiam
343 1219 459 1256 cum
491 1203 654 1254 latina
682 1201 789 1267 pari
821 1199 1129 1251 auctoritate
1157 1197 1382 1249 valuisse
1412 1195 1686 1248 discimus.

169 1295 381 1348 Alterum
422 1291 488 1343 de
538 1290 785 1342 versione
835 1287 1045 1355 gotbica
1093 1285 1445 1339 testimonium
1501 1285 1690 1351 legitur

169 1383 284 1451 apud
312 1381 653 1434 Walalridum
682 1379 925 1432 Strabutn
946 1420 960 1442 ,
990 1379 1302 1444 scriptorem
1347 1376 1508 1429 seculi
1541 1378 1686 1439 noni,

169 1474 241 1540 qui
281 1473 603 1542 gothicorum
646 1470 925 1522 biblinrum
953 1477 1290 1519 monumenta
1327 1482 1424 1518 suo
1453 1474 1690 1530 tempore

169 1564 284 1628 apud
305 1560 579 1614 nonnullos
599 1558 779 1611 haberi
801 1557 993 1618 dicit‘;
1025 1555 1174 1620 cujus
1199 1554 1328 1608 fides
1352 1555 1430 1607 his
1459 1554 1508 1607 in
1531 1554 1691 1607 rebus

170 1665 225 1704 eo
249 1650 406 1717 major
431 1660 529 1713 est,
565 1638 704 1714 quod
732 1646 1057 1698 monasterio
1091 1644 1523 1697 Ileicbenaviensi
1558 1659 1692 1710 pra:-

173 1739 368 1805 positus,
401 1740 450 1791 in
478 1736 707 1790 conﬁnio
738 1733 851 1788 fere
875 1733 1142 1784 habitabat
1184 1747 1366 1786 earum
1394 1732 1687 1799 regionum,

170 1843 280 1896 quas
315 1826 464 1879 Gothi
489 1824 698 1892 utrique
721 1823 846 1875 olim
874 1821 1221 1875 incoluerant.

228 1916 493 1982 Postquam
523 1913 714 1966 deinde
753 1926 849 1980 per
887 1925 979 1964 sex
1011 1911 1189 1964 secula
1215 1925 1244 1963 a
1275 1910 1485 1964 nemine
1512 1910 1687 1978 gothi-

171 2019 330 2058 eorum
361 2002 632 2055 bibliorum
670 2001 867 2053 mentio
918 1998 1051 2051 facta
1073 2007 1177 2061 est,
1216 1999 1314 2051 nisi
1345 2000 1388 2051 si
1419 2001 1535 2066 quis
1575 2014 1692 2068 quas

171 2093 287 2158 apud
314 2091 590 2158 scriptores
615 2089 858 2156 antiquos
884 2087 1115 2154 legisset,
1138 2086 1386 2152 reddidit,
1407 2103 1576 2155 neque
1598 2089 1692 2141 ali-

171 2181 271 2234 cubi
319 2181 587 2247 vestigium
631 2176 885 2230 librorum
925 2175 1066 2228 illam
1095 2175 1388 2229 versionem
1417 2175 1694 2229 continen-

173 2272 283 2322 tium
308 2265 622 2333 comparuit:
667 2264 847 2318 seculo
883 2271 1034 2316 sexto
1065 2262 1268 2316 decimo
1296 2265 1346 2316 in
1375 2264 1684 2317 monasterii

175 2356 561 2419 Werdenensis,
590 2354 643 2406 in
681 2353 850 2407 Gallia
892 2351 1095 2420 Belgica
1139 2351 1206 2405 ad
1247 2351 1441 2405 Ruram
1471 2353 1691 2415 conditi,

175 2449 461 2503 bibliotheca
489 2446 664 2501 codex
715 2457 852 2497 unus
890 2443 1136 2497 inventus
1163 2451 1264 2498 est.
1295 2445 1524 2498 Antonio
1551 2445 1691 2496 enim

176 2540 408 2594 Iorilloni
440 2539 480 2602 ³,
527 2536 616 2604 qui
643 2535 874 2588 Antonio
906 2534 1212 2597 Perrenoto,
1244 2533 1498 2587 cardinali
1526 2533 1695 2587 Gran-

176 2629 385 2690 vellaoo,
420 2627 485 2678 ab
537 2623 777 2692 epistolis
803 2631 949 2686 erat,
981 2623 1311 2676 bibliothecae
1345 2623 1486 2676 illius
1534 2624 1694 2677 libros

177 2716 534 2781 manuscriptos
577 2711 927 2780 perscrutanti
975 2713 1027 2765 in
1070 2725 1256 2764 manus
1297 2712 1477 2765 incidit
1502 2713 1690 2776 codex,

176 2817 309 2870 quem
333 2803 602 2856 Uliilanam
623 2794 917 2855 versionem
946 2801 1219 2854 continere
1242 2801 1325 2854 ille
1346 2802 1522 2854 statim
1539 2801 1688 2869 vidit,

176 2903 218 2943 et
243 2893 512 2946 orationem
541 2876 860 2943 dominicam
889 2905 1005 2942 cum
1043 2890 1162 2942 aliis
1187 2889 1500 2957 quibusdam
1527 2893 1689 2957 parti-

177 2982 290 3032 culis
312 2982 372 3032 ab
415 2995 478 3032 eo
507 2980 629 3031 inde
663 2978 979 3040 descriptam
1028 2979 1431 3041 lilaximilianus,
1477 2981 1690 3034 Antonii

177 3069 330 3129 frater,
367 3083 483 3121 cum
528 3068 763 3133 GorOpio
806 3068 1010 3120 Becano
1055 3069 1481 3130 communicavit,
1510 3071 1598 3136 qui
1628 3086 1687 3122 ea

173 3157 476 3212 Golodanicis
510 3160 622 3213 suis
652 3158 932 3212 inseruit‘.
969 3158 1128 3212 Paulo
1158 3169 1276 3225 post
1301 3159 1557 3215 Gruterus
1586 3163 1688 3215 ali-

175 3259 281 3314 quot
305 3264 497 3313 versus,
529 3250 597 3302 ab
622 3248 856 3301 Arnoldo
885 3249 1173 3302 Mercatore
1195 3263 1261 3302 ex
1290 3253 1476 3303 eodem
1507 3255 1688 3306 codice

174 3351 435 3405 excerptos,
465 3340 517 3391 in
548 3338 795 3391 thesauro
820 3338 1218 3405 inscriptionum
1244 3339 1408 3393 edidit
1436 3342 1474 3391 ⁵.
1502 3343 1687 3396 Omnia

173 3426 459 3493 ingnienta.
487 3426 540 3479 in
572 3427 662 3478 illo
697 3427 883 3478 codice
906 3437 1145 3488 servata,
1186 3428 1351 3480 multo
1383 3438 1500 3496 post
1529 3431 1687 3497 (anno
1735 3478 1746 3491 ,

172 3512 305 3579 1665)
331 3530 483 3580 opera
532 3513 796 3566 Fraucisci
825 3513 964 3567 :luuii
997 3525 1051 3568 ct
1087 3515 1278 3569 deinde
1307 3518 1501 3584 sacpius
1545 3518 1685 3572 edita

172 3611 290 3654 sunt.
326 3603 422 3657 Sed
453 3603 550 3656 viri
595 3603 820 3671 gothica:
851 3603 1040 3671 linguae
1068 3605 1288 3657 studiosi
1319 3607 1408 3660 diu
1438 3610 1686 3661 multum-

171 3704 255 3756 que
277 3695 434 3758 questi
462 3701 639 3755 erant,
668 3691 810 3758 quod
835 3690 900 3744 de
928 3694 1024 3744 hac
1047 3689 1500 3762 totiusScripturte
1521 3713 1685 3752 sacra:

172 3780 380 3835 versione
432 3791 537 3835 tam
593 3795 803 3849 pauca,
860 3795 1026 3850 eaque
1081 3786 1472 3851 evangeliorum
1526 3789 1686 3841 modo

171 3867 422 3936 fragmenta
453 3874 638 3927 relicta
665 3879 865 3939 essent,
892 3887 1009 3939 quae
1028 3872 1093 3925 ad
1115 3875 1418 3928 enodandas
1437 3885 1489 3930 et
1519 3873 1719 3931 remo-'

173 3959 343 4011 vendas
376 3960 757 4031 intergiretandi
804 3959 1136 4013 difﬁcultates
1180 3977 1282 4014 non
1333 3964 1632 4021 sutticeri-nt
1667 3985 1680 4020 :

171 4059 268 4100 eum
296 4049 595 4111 Knittelius.
647 4051 777 4103 aedis
824 4052 1238 4118 metropolitano:
1277 4055 1413 4117 apud
1446 4056 1684 4110 Guelfer-

172 4133 366 4203 bytanos
387 4138 810 4203 archidiaconus,
847 4139 1028 4192 seculo
1058 4140 1300 4206 proxime
1327 4143 1600 4208 superiore
1628 4145 1680 4197 in

171 4227 321 4281 codice
339 4230 666 4283 bibliotheca
689 4229 1115 4299 Guelferbytanae
1135 4232 1423 4298 fragmenta
1447 4235 1684 4300 epistola)

171 4313 291 4369 Pauli
315 4320 376 4372 ad
403 4321 673 4374 Romanos
703 4323 913 4387 scripta:
940 4321 1158 4374 invenit.
1189 4320 1244 4373 ln
1288 4323 1495 4395 ἕρμαιον
1519 4313 1682 4391 κτίιηέ

170 4402 268 4457 dius
292 4408 532 4475 incidere,
557 4422 665 4477 quo
692 4406 850 4462 biblia
876 4408 1108 4477 gothica,
1140 4409 1348 4463 etiamsi
1377 4427 1478 4465 non
1510 4415 1678 4466 omni-

226 4557 374 4629 ‘Yid.
411 4560 738 4615 Garbellum.
787 4575 871 4629 ap.
928 4561 1286 4619 Blancbiniutn
1345 4564 1674 4629 Evangeliar.

169 4626 411 4694 quadrupl.
439 4632 673 4700 prolegg.
702 4646 753 4695 p.
775 4626 915 4700 τδρ.
941 4631 1018 4700 _Ea
1046 4632 1204 4683 verba
1233 4633 1421 4700 vitiose
1445 4626 1680 4685 conscri-

170 4702 239 4758 pta
273 4707 322 4750 et
351 4697 606 4752 vitiosius
634 4697 898 4762 descripta
934 4698 1171 4751 Semlero
1207 4699 1270 4750 ad
1318 4701 1674 4763 przafatiodem

168 4768 429 4828 quamdam,
450 4767 828 4833 comparationi
856 4769 1077 4832 gothioa:
1100 4769 1356 4821 versiouis
1375 4785 1492 4821 cum
1517 4772 1675 4824 latina

169 4838 363 4904 ettextn
397 4849 567 4904 νεα)
623 4834 878 4887 facienda:
932 4835 1218 4904 prteﬁxam,
1267 4842 1528 4897 pertinere
1554 4849 1680 4893 sunt

170 4900 276 4959 visa.
301 4900 578 4971 vidfhuj-is
607 4905 701 4954 viri
735 4901 1045 4971 venerabilis
1077 4903 1294 4956 Versuch
1325 4908 1460 4956 einer
1490 4907 1674 4958 Eritiu-

166 4973 458 5088 lézzgiejgir
481 4965 622 5088 ("allen
651 4971 789 5040 Spur
819 4973 951 5025 einer
975 4965 1260 5039 'gotliischeu
1288 4973 1672 5044 Uebersetzung,

289 5079 294 5083 -
353 5059 366 5088 Ι
445 5082 457 5088 -
518 5081 531 5088 -

256 5041 531 5104 ωίπη,ι

223 5107 241 5134 ¹
263 5105 328 5158 De
351 5113 489 5160 rebus
518 5109 886 5171 ecclesiastiiis,
916 5122 1035 5170 cap.
1065 5111 1115 5161 '7.

168 5236 178 5248 .
222 5171 474 5248 '“Primum
499 5176 736 5248 Ullllanae
779 5178 1381 5248 rei-sinnisrepertorem
1416 5193 1532 5229 cum
1560 5180 1674 5248 lhre

167 5239 211 5289 in
225 5239 566 5297 dissertatione
598 5248 663 5296 de
687 5247 859 5310 lingua
880 5246 1077 5314 codicis
1097 5239 1342 5314 Argentei
1372 5247 1669 5314 eottsrripla

165 5315 352 5382 etalio
382 5314 512 5367 1751
545 5314 688 5366 edita
725 5324 867 5367 recte
907 5313 1230 5367 Merillone’m
1269 5317 1668 5382 appellavisset,

167 5377 298 5450 [toqu
318 5393 424 5446 post
455 5381 506 5434 in
553 5384 722 5432 altera
771 5390 838 5431 ue
866 5385 1052 5436 codice
1089 5377 1354 5450 Argeutéo
1384 5385 1505 5435 anni
1536 5385 1668 5437 1759

166 5445 413 5514 grachum
444 5451 787 5503 Mercatorem
820 5451 981 5502 fuisse
1011 5445 1185 5503 minus
1214 5463 1354 5504 recte
1387 5453 1534 5514 dicit,
1561 5454 1663 5504 vid.

165 5507 320 5567 labuii
357 5516 556 5585 δέδιε-ξι.
617 5536 669 5584 p.
701 5519 768 5571 39
813 5534 894 5584 sq.
949 5521 1206 5572 Cancrum
1252 5507 1532 5585 itumitum.
1565 5534 1665 5582 est,

166 5589 314 5652 atque
354 5584 433 5637 ille
476 5589 643 5639 codex
677 5590 996 5652 Argenteus,
1028 5602 1095 5638 an
1135 5584 1281 5640 alius
1307 5587 1500 5651 fuerit;
1548 5590 1668 5642 lhre

167 5641 280 5700 lilll.
305 5651 478 5705 illum.
513 5670 631 5720 pag.
670 5641 938 5720 98"luisie
969 5641 1120 5716 negat
1172 5659 1302 5708 hanc
1344 5641 1570 5709 maxime
1600 5641 1668 5709 ob

166 5725 360 5776 causam.
376 5727 504 5786 quod
526 5723 771 5774 Ilbrillou
794 5723 1121 5786 COIIIPCIIdliS
1139 5725 1401 5777 scribendi
1425 5739 1546 5775 usus
1574 5728 1660 5786 sit,

169 5797 262 5848 qua:
286 5787 330 5838 in
355 5789 524 5844 codice
541 5793 826 5857 Argeuteo,
845 5801 992 5845 certe
1021 5792 1144 5844 locis
1175 5795 1238 5843 an
1267 5806 1330 5844 eo
1360 5795 1656 5859 exscriptis,

1458 425 1976 517 PRULhGOMENA.

3223 471 3324 521 466

1791 575 1885 628 lius
1925 576 2158 640 partibus
2197 575 2433 642 integra.
2476 578 2727 642 ampliora
2774 587 2947 631 tamen
2986 577 3324 646 plurimorum

1789 663 1906 713 novi
1950 661 2160 715 hederis
2198 663 2447 717 librorum
2479 666 2766 733 fragmenta
2811 669 2948 720 nacti
2979 683 3178 728 sumus,
3203 670 3326 717 viris

1786 750 1950 801 doctis
1991 751 2159 802 nostri
2195 752 2358 804 seculi
2398 764 2716 805 reservatum
2748 763 2896 808 erat:
2930 756 2980 806 in
3013 754 3324 807 bibliotheca

1785 841 1922 890 enim
1957 839 2328 893 Mediolancnsi
2358 842 2422 892 ab
2450 843 2646 908 Angelo
2669 844 2799 908 blajo
2823 858 2875 897 ct
2903 844 3091 897 Carolo
3111 847 3329 898 Octavio

1785 928 2138 982 Castillionmo
2173 930 2383 982 codices
2415 934 2652 998 rescripti
2689 942 2811 985 sunt
2856 933 3074 999 reperti,
3104 948 3327 1000 quorum

1786 1019 2012 1083 priorem
2032 1018 2371 1082 scriptionem
2397 1018 2702 1086 diligentius
2727 1021 3047 1074 intuentibus
3074 1021 3178 1092 illis
3199 1021 3328 1074 viris

1785 1105 1974 1168 doctis,
2004 1104 2241 1158 Ultilauze
2275 1106 2535 1161 versionis
2564 1109 2821 1175 evangelii
2856 1093 3100 1174 Matthmll
3129 1109 3328 1176 episto-

1787 1194 1949 1246 lurum
1983 1193 2313 1248 Paulinarum
2343 1198 2406 1250 ad
2436 1197 2700 1250 Romanos
2727 1201 2945 1265 ejusque
2975 1201 3140 1266 plura,
3170 1217 3326 1268 quam

1787 1298 1901 1350 qua:
1919 1284 2195 1338 Knittelins
2211 1287 2330 1353 jam‘
2340 1297 2629 1354 repercrat,
2645 1290 2916 1354 utriusque
2931 1291 2994 1343 ad
3010 1292 3328 1353 Corinthios.

1788 1373 2016 1435 Galatas,
2048 1375 2324 1441 Ephesios,
2353 1377 2738 1444 Philippeuses,
2762 1379 3340 1441 Colossenses,utrius-

1788 1477 1891 1529 que
1933 1465 1996 1515 ad
2041 1463 2536 1518 Thessalonicenses
2576 1475 2628 1517 et
2663 1467 2998 1534 pastoralium
3047 1468 3110 1519 ad
3158 1468 3332 1520 Timo-

1789 1550 1988 1611 theum,
2021 1551 2194 1604 Titum
2249 1561 2303 1605 et
2345 1552 2731 1619 Philemonem,
2779 1565 3028 1622 praeterea
3061 1555 3243 1609 Esdrae
3282 1569 3335 1607 ct

1790 1640 2086 1704 Nebemitn,
2133 1643 2205 1695 lib
2236 1658 2382 1693 orum
2424 1646 2617 1697 veteris
2667 1645 2997 1708 testamenti,
3045 1646 3330 1713 fragmenta

1789 1728 2058 1780 continere
2095 1731 2401 1798 apparebat,
2431 1746 2548 1797 qua:
2572 1732 2862 1799 fragmenta
2895 1733 3114 1799 primum
3146 1735 3334 1786 duum-

1793 1817 1888 1869 viri
1915 1817 1988 1870 illi
2026 1818 2321 1885 conjunctis
2361 1821 2522 1883 curis,
2554 1821 2745 1874 deinde
2781 1821 3164 1877 Castillionzeus
3193 1825 3336 1877 solus

1793 1904 1915 1959 inde
1939 1906 2004 1959 ab
2025 1921 2162 1958 anno
2189 1907 2340 1974 hujus
2366 1911 2530 1962 seculi
2563 1911 2953 1964 undevicesimo
2975 1912 3160 1966 edidit.

1865 1996 1966 2049 Sed
1985 1995 2296 2062 jampridem
2326 2001 2675 2066 qumstionem
2702 2010 2984 2068 posuerunt
3007 2003 3100 2054 viri
3125 2002 3335 2062 eruditi.
3425 2040 3432 2045 .

1792 2093 1964 2136 utrum
2008 2100 2097 2144 ea,
2131 2101 2247 2151 qua:
2286 2102 2377 2152 pro
2415 2088 2652 2142 Ulfilante
2691 2103 2782 2142 seu
2818 2093 3042 2155 gothicm
3082 2093 3338 2144 versionis

1793 2171 2097 2239 fragmentis
2141 2173 2477 2238 haberentur,
2525 2192 2648 2229 vere
2689 2178 2896 2244 gothica
2937 2191 3134 2244 essent,
3178 2196 3242 2232 an
3272 2181 3335 2233 ad

1793 2261 1970 2324 aliam,
2006 2263 2056 2315 in
2102 2278 2252 2315 usum
2297 2265 2431 2318 alius
2477 2266 2763 2320 barbarica:
2807 2271 2976 2337 gentis
3022 2270 3337 2331 conlectam,

1793 2353 2134 2418 pertinerent.
2164 2353 2303 2406 Inter
2322 2355 2453 2407 alios
2475 2356 2754 2409 Lacrozius
2775 2357 2983 2425 negavit
3001 2368 3052 2412 et
3067 2359 3338 2426 [ram-imm

1792 2453 1912 2492 esse
1960 2441 2187 2508 linguam
2233 2451 2424 2495 nostra:
2487 2446 2744 2497 versionis
2789 2451 3011 2513 probare
3059 2450 3255 2500 studuit
3295 2451 3334 2500 ⁸.

1792 2528 1958 2592 Quam
2000 2532 2119 2584 trita
2149 2540 2230 2585 est
2257 2546 2318 2585 ac
2344 2547 2505 2600 prepe
2533 2534 2808 2587 decantata
2836 2537 2922 2588 illa
2943 2540 3187 2602 qumstio.
3235 2549 3341 2590 tam.

1793 2617 1966 2685 inepta
1996 2627 2152 2684 atque
2181 2618 2383 2671 inﬁrmo
2411 2629 2532 2672 sunt
2559 2633 2889 2688 argumenta,
2921 2626 3107 2689 qu~bus
3149 2625 3326 2678 Lacro-

1795 2708 1905 2760 sius
1925 2708 2157 2774 opinioni
2187 2724 2302 2771 sure
2328 2711 2481 2763 [idem
2518 2711 2690 2764 facere
2717 2713 2998 2777 laboravit;
3029 2716 3166 2781 quod
3196 2721 3337 2768 enim

1793 2796 2018 2863 primum
2047 2797 2194 2862 dicit,
2240 2800 2474 2853 codicem
2521 2813 2713 2855 nostra:
2744 2781 3002 2854 versiculis
3033 2821 3134 2856 non
3179 2806 3228 2856 in
3275 2806 3337 2857 iis

1791 2885 2113 2951 regionibus,
2143 2888 2229 2939 ubi
2261 2887 2416 2940 Gothi
2447 2888 2758 2952 incolerent,
2782 2892 2877 2946 sed
2903 2893 2987 2944 tibi
3025 2891 3229 2955 Franci,
3255 2908 3334 2946 re-

1793 2985 1998 3044 pertum
2027 2992 2175 3038 esse;
2202 2977 2394 3029 deinde
2415 2978 2694 3032 nonnullos
2721 2981 2903 3034 harum
2929 2981 3214 3034 litterarum
3242 2981 3335 3032 du~

1791 3073 1905 3117 ctus
1926 3066 1990 3117 ad
2022 3064 2340 3118 Francorum
2370 3076 2600 3120 veterem
2631 3069 2893 3122 scribendi
2920 3071 3175 3122 rationem
3208 3084 3331 3136 pro-

1793 3157 1911 3221 pius
1938 3156 2224 3218 accedere;
2255 3165 2361 3208 tum
2389 3157 2518 3209 alias
2540 3159 2792 3225 quasdam
2829 3160 3009 3212 latinas
3039 3175 3175 3222 esse,
3206 3175 3335 3225 quas

1792 3244 1944 3296 Gellii
1978 3246 2027 3296 in
2068 3245 2247 3298 Mmsia
2279 3245 2570 3301 habitantes
2592 3248 2830 3315 cognitas
2863 3248 3056 3301 habere
3083 3265 3183 3301 non
3214 3264 3328 3316 po--

1788 3342 1936 3393 sent;
1977 3344 2242 3399 postremo
2294 3335 2431 3385 inter
2461 3336 2658 3388 litteras
2708 3336 2860 3400 hujus
2892 3335 3081 3404 lingure
3115 3346 3335 3403 quatuor

1789 3434 1951 3472 novas
1971 3431 2024 3474 et
2045 3435 2072 3470 a
2093 3435 2384 3488 gramarum
2408 3430 2462 3476 et
2483 3423 2760 3476 latiuarum
2784 3425 3124 3478 similitudine
3143 3425 3331 3478 abhor-

1788 3519 1964 3563 rentes
1994 3511 2235 3573 inveniri,
2282 3526 2501 3578 quarum
2552 3521 2660 3566 tres
2708 3513 2894 3568 litteris
2940 3530 2967 3569 a
3017 3515 3331 3579 Chilperico,

1790 3598 2110 3653 Francorum
2136 3614 2280 3667 rege,
2309 3601 2572 3655 renovatis
2592 3615 2884 3668 congruere
2910 3618 2924 3654 :
2946 3603 3064 3669 quis
3084 3614 3183 3666 est,
3209 3605 3332 3670 quin

1787 3678 1959 3742 videat
2009 3704 2069 3742 ea
2098 3699 2424 3755 argumenta,
2455 3704 2572 3757 quae
2610 3689 2918 3746 refellantur
2958 3692 3042 3742 vix
3087 3691 3238 3757 dgna
3277 3703 3329 3747 et

1786 3794 1845 3830 ea
1875 3778 2131 3845 posuisse,
2160 3791 2278 3831 esse
2303 3778 2597 3832 refutasse?
2623 3778 2811 3832 Mirum
2846 3778 3020 3844 igitur,
3052 3781 3188 3846 ψιικι
3221 3781 3332 3834 hmo

1782 3869 2177 3937 argumentandi
2207 3871 2521 3936 perversitas
2566 3870 2700 3922 inter
2750 3871 2880 3924 alios
2909 3873 2926 3900 "
2958 3870 3331 3934 Wetstenium,

1785 3962 1953 4014 virum
1982 3975 2184 4028 magna:
2211 3961 2531 4027 sagacitatis.
2575 3969 2630 4012 ut
2661 3961 2906 4025 probaret
2935 3961 3087 4014 i<tam
3130 3963 3330 4028 opinio-

1785 4066 1924 4113 netn,
1958 4065 2265 4118 permovere
2314 4051 2479 4115 potuit
2517 4052 2558 4104 ⁸.
2628 4053 2873 4106 Omnium
2915 4055 3135 4118 optime,
3175 4068 3329 4118 quam

1739 4121 1983 4209 'l‘rigidis
2011 4140 2301 4195 rationibus
2329 4157 2454 4194 usus
2483 4150 2622 4195 esset
2667 4142 2970 4201 Lacrozius.
3002 4143 3332 4195 demonstra-

1781 4235 1854 4285 vit
1883 4232 1995 4286 lbre
2026 4235 2075 4284 in
2119 4233 2489 4286 dissertatione
2527 4232 2594 4284 de
2637 4233 2810 4298 lingua
2853 4232 3050 4284 codicis
3084 4234 3328 4298 Argeutei

1781 4335 1920 4372 anno
1960 4321 2094 4372 1754
2134 4321 2273 4376 edita
2301 4323 2319 4354 °
2365 4329 2420 4373 et
2466 4321 2813 4387 sapientiores
2860 4319 3171 4388 jampridem
3213 4320 3332 4375 illas

1780 4424 1944 4477 nugas
1971 4409 2395 4477 improbaverunt
2425 4410 2484 4460 ιο.

1779 4581 1883 4617 ηομ
1930 4566 2297 4628 inveniantur,
2338 4567 2529 4621 deinde
2580 4582 2787 4634 quoque
2840 4568 2982 4622 illum
3037 4568 3327 4623 litterarum

1781 4634 1973 4686 formas
2015 4635 2316 4688 exhibuisse
2342 4676 2356 4698 ,
2401 4653 2531 4702 quas
2571 4638 2736 4690 codex
2780 4639 3074 4698 Argenteus
3111 4639 3326 4689 omnino

1780 4717 1884 4753 non
1927 4715 2195 4767 agnost-at.
2229 4707 2328 4755 Alii
2365 4706 2562 4756 nullum
2591 4707 2780 4769 alium,
2815 4720 2968 4768 quam
3007 4706 3322 4770 Ai'gentrutu

1777 4781 1901 4823 ante
1947 4774 2128 4825 oculos
2171 4774 2417 4826 habuisse
2473 4778 2982 4841 comprobaverunt.
3036 4775 3140 4825 vid.
3190 4774 3325 4827 Zali-

1781 4842 1920 4891 nium
1953 4843 1984 4891 Ι.
2021 4843 2053 4891 Ι.

1850 4908 1874 4978 ‘_
1905 4908 2014 4958 Vid.
2050 4908 2264 4975 Goropii
2302 4909 2542 4977 Origines
2582 4913 2974 4978 Antuerpenaes
3010 4911 3142 4964 libro
3173 4927 3238 4963 vn
3271 4929 3319 4976 ιι.

1780 4975 1882 5028 759
1911 4991 1990 5043 sq.
2019 4979 2140 5028 750.

1849 5045 1952 5097 ‘1".
1990 5048 2084 5099 147
2116 5062 2196 5112 sq.

1847 5113 1866 5142 ⁸
1910 5115 2022 5164 Vid.
2071 5114 2301 5165 Larrozii
2355 5116 2615 5180 epistolam
2671 5116 2738 5165 ad
2765 5114 3011 5166 Joannem
3045 5114 3316 5166 Chamber.

1777 5181 2002 5252 (ennium
2030 5186 2078 5252 in
2108 5181 2363 5252 Thesauro
2390 5184 2710 5252 epistolam»:
2735 5193 2863 5235 tom.
2894 5183 2958 5237 Ill
2988 5199 3037 5251 p.
3067 5184 3138 5235 92
3167 5199 3248 5252 sq.

1848 5251 1864 5277 ⁷
1900 5251 2010 5300 Vitl.
2047 5250 2228 5302 Zaltnii
2257 5250 2463 5304 Einleil.
2495 5267 2546 5318 p.
2575 5251 2664 5304 ‘27.

1844 5319 2216 5388 “irrWetstcuii
2288 5319 2526 5388 Prolegg.
2596 5321 2647 5371 in
2713 5335 2891 5372 nonum
2971 5329 3318 5373 testamentum

1777 5402 1828 5448 β.
1859 5387 1960 5438 501
1989 5402 2068 5453 sq.
2100 5391 2185 5446 ed.
2218 5389 2439 5440 Scmler.

1841 5460 1860 5486 ⁸
1921 5456 2031 5507 ‘Jid.
2069 5456 2212 5521 Ul/il.
2245 5457 2482 5507 illustrat.
2518 5471 2569 5519 p.
2597 5455 2701 5516 259
2727 5469 2842 5521 sqq.

1841 5527 1882 5555 ¹⁰
1939 5525 2205 5576 Senilerus
2231 5526 2296 5574 ad
2327 5524 2566 5577 lvi-'ets'en.
2623 5521 2861 5593 Prolrgg.
2908 5540 2956 5590 p.
2993 5525 3098 5577 505
3137 5525 3314 5589 (quem

1772 5604 1945 5645 tamen
1993 5598 2243 5659 miramur
2273 5595 2428 5659 paulo
2459 5606 2575 5659 post
2606 5609 2655 5658 p.
2690 5593 2794 5645 308
2837 5597 3172 5655 interpretem
3223 5609 3316 5643 no-

1771 5675 1935 5712 strum
1979 5658 2381 5727 Fraucogothum
2424 5658 2710 5727 appellare)
2760 5662 2828 5712 cf.
2880 5661 3058 5713 Zabnii
3105 5660 3315 5716 Emisit.

1774 5749 1820 5796 ν.
1854 5736 1920 5780 2o
1951 5744 2098 5796 seqq.
2132 5729 2514 5782 Aschbacliium
2548 5731 2583 5782 ι.
2618 5728 2654 5781 ι;
2689 5748 2737 5797 p.
2763 5731 2836 5781 .56
2869 5746 2945 5796 sq.
