3820 6334
3166 504 3265 556 4ῖο

1719 643 1858 691 mus,
1893 627 2212 697 procedente
2253 637 2489 696 tempore
2521 627 2605 681 hic
2634 627 2740 681 illic
2763 623 3080 678 mutationes
3115 634 3269 689 quas-

1717 720 1837 772 dam
1867 718 2034 772 factas
2077 731 2196 772 esse
2226 731 2330 770 non
2358 731 2630 785 negamus.
2679 714 2829 781 Quod
2868 729 2898 768 e
2953 711 3133 766 codice
3172 712 3274 762 Ar-

1715 819 1931 876 genteo,
1957 807 2266 860 conditione
2289 815 2345 862 et
2371 806 2548 860 indole
2573 806 2893 874 singularum
2917 802 3030 868 ejus
3053 800 3272 867 partium

1715 895 2020 963 diligentius
2050 905 2348 964 perspecta,
2380 896 2628 964 cognosci
2649 891 3072 963 poterat,plurcs
3092 903 3273 942 recen-

1719 987 1896 1038 siones
1922 984 2193 1037 exstitisse
2215 985 2388 1054 (cujus
2410 986 2485 1040 rei
2514 983 2841 1053 ignoratione
2869 981 3063 1035 factum
3091 990 3195 1043 est,
3219 988 3276 1032 ut

1719 1075 2070 1130 Mari-shallus
2099 1076 2153 1128 in
2189 1074 2427 1129 fraudem
2457 1075 2734 1138 incideret,
2766 1087 2887 1128 cum
2931 1080 3146 1140 propter
3170 1080 3280 1122 stu-

1720 1166 1944 1234 pendam
1971 1167 2296 1219 vetustatem
2318 1165 2517 1218 codicis
2546 1163 2797 1233 Argentei
2823 1156 2962 1216 hanc:
2985 1162 3279 1215 versionem

1721 1271 1825 1311 non
1875 1256 2030 1309 aliam
2070 1269 2212 1320 esse,
2260 1270 2418 1322 quam
2461 1254 2632 1310 Ullilze
2678 1254 2819 1308 illam
2858 1249 3282 1320 antiquissimam

1722 1348 2049 1403 existimaret
2086 1346 2141 1413 ‘;
2205 1361 2346 1400 nunc
2391 1360 2512 1401 cum
2564 1346 2909 1415 epistolarum
2949 1354 3126 1412 partes
3168 1357 3286 1410 per-

1723 1439 1937 1500 multas,
1968 1436 2363 1506 evangeliorum
2391 1436 2672 1490 nonnullas
2707 1437 2788 1490 bis
2819 1439 2870 1490 in
2899 1435 3121 1489 diversis
3145 1433 3289 1489 codi-

1724 1529 1874 1582 cibus
1901 1540 2212 1594 comparare
2237 1526 2379 1588 licet,
2408 1526 2568 1579 etiam
2597 1525 2794 1579 clarius
2816 1509 3152 1592 intelligitur;
3184 1522 3287 1575 illa:

121 524 196 576 ιω
1413 512 1939 570 PROLEGOMENA.

119 629 427 698 properantius
452 636 645 694 ageret,
674 641 794 681 nam
814 637 870 682 ut
893 629 1152 696 interpres
1179 627 1292 698 gap
1314 643 1372 680 re
1398 641 1522 679 vera
1549 625 1613 678 ad

119 722 334 772 tlhristum
363 719 612 784 retulerit,
649 734 966 787 quamquam
996 718 1045 771 id
1087 733 1190 770 non
1218 732 1351 784 opus
1372 732 1490 770 esse
1515 716 1616 769 viri

117 811 228 861 docti
252 809 308 861 sd
332 809 380 862 h.
411 809 445 860 l.
467 808 773 871 docuerunt,
810 808 1092 862 tenendum
1118 816 1219 869 est,
1253 806 1478 859 Ariauos
1507 823 1610 859 non

119 898 393 950 divinitatem
416 896 628 963 Christi,
650 899 744 950 sed
773 898 967 951 Christi
998 912 1114 950 cum
1147 897 1254 951 Deo
1281 907 1427 964 patre
1464 896 1613 965 quasi

119 985 391 1038 iilentitatem
418 987 708 1054 negavisse,
748 996 804 1039 ut
835 986 944 1039 Arii
971 996 1200 1040 sectator
1225 987 1307 1040 vel
1337 987 1617 1040 severissi-

121 1091 213 1127 mus
236 1077 293 1128 ita
313 1075 527 1129 scribere
566 1086 768 1144 posset,
798 1078 870 1129 uti
900 1086 1084 1130 auctor
1109 1077 1450 1144 expositionis
1476 1076 1617 1128 illius

120 1166 275 1230 sepius
318 1165 475 1218 citata:
504 1166 520 1196 ⁸
564 1163 841 1216 aiuabaura
879 1182 1038 1219 simau
1076 1165 1213 1235 gups
1243 1165 1354 1235 gap
1383 1164 1616 1217 visandt'n

123 1259 216 1323 (soli
240 1258 330 1311 til‘o
351 1258 452 1325 Dei,
467 1259 605 1312 Deus
627 1259 945 1326 exsistenti).
972 1259 1151 1325 Neque
1173 1274 1288 1312 eam
1316 1258 1382 1310 ob
1403 1271 1616 1311 causam

124 1349 256 1412 locus,
295 1348 372 1400 diu
410 1336 916 1413 desideratissim’t'ts,
960 1350 1191 1402 Timutli.
1232 1327 1392 1415 t,'m,
1445 1349 1509 1401 ιθ
1553 1349 1618 1402 ad

121 1439 412 1504 ψιεειίοηεω
444 1439 823 1507 proﬂigandam
856 1438 997 1498 facit,
1027 1440 1110 1490 ubi
1136 1440 1293 1492 etiam
1317 1438 1382 1491 dc
1410 1436 1622 1491 ChriSIo

123 1527 211 1597 gap
233 1529 454 1597 g..bairlui
455 1528 523 1600 1n
554 1546 640 1581 uas
678 1532 734 1580 iu
761 1528 886 1580 leika
917 1528 1108 1581 dicitur
1134 1530 1184 1591 ¹;
1216 1543 1310 1580 nec
1330 1527 1469 1595 quod
1496 1525 1620 1578 Cas-

126 1617 355 1672 tillionmus
386 1620 446 1671 ad
488 1621 757 1686 gothicam
789 1620 1086 1672 versionem
1119 1616 1474 1670 heterodoxia:
1518 1615 1624 1666 cri-

123 1707 237 1758 mine
263 1707 558 1762 liberandam
585 1707 792 1762 Coloss.
825 1725 862 1773 l,
914 1708 978 1761 16
1007 1706 1259 1769 laudavit,
1289 1706 1416 1760 satis
1443 1705 1624 1758 mirari

125 1808 369 1860 possumus.
411 1796 554 1851 Unus
583 1797 945 1850 tantummodo
975 1798 1120 1849 locus
1163 1804 1264 1860 est,
1297 1810 1324 1846 a
1355 1793 1621 1848 Castillio-

126 1899 216 1936 ntro
233 1885 326 1952 jam
368 1888 646 1952 indicatus,
677 1904 742 1942 ex
778 1904 882 1956 quo
926 1887 1230 1954 interpretis
1283 1887 1446 1940 nostri
1489 1887 1624 1939 aria-

127 1975 285 2028 nismus
322 1980 585 2046 perspicue
623 1979 995 2047 cognoscitur;
1043 1978 1266 2043 Philipp.
1309 1978 1450 2029 enim
1492 1993 1548 2039 ll,
1594 1977 1627 2029 6

125 2064 277 2128 legitur
299 2081 312 2119 :
333 2069 379 2118 in
402 2068 597 2119 πίειρα
631 2070 760 2120 issu.
790 2069 891 2120 saei
919 2071 970 2119 in
1001 2064 1392 2136 gupaskaunein
1424 2066 1631 2117 uisenda

125 2151 165 2201 ni
181 2154 299 2204 ειιιιια
323 2155 528 2207 raltnida
555 2157 696 2208 sitan
725 2155 800 2208 sik
821 2156 923 2226 gat
933 2158 986 2208 ei
1000 2158 1070 2208 ko
1095 2154 1257 2225 galia.
1279 2154 1394 2219 Quo
1415 2152 1626 2222 quidem

125 2243 216 2295 loco
248 2244 591 2300 Massmannus
620 2247 792 2301 Skeir.
839 2262 889 2314 p.
919 2249 1006 2313 75,
1045 2247 1132 2314 qui
1159 2246 1421 2298 samafet'ks
1461 2254 1514 2297 et
1539 2260 1631 2312 ga-

127 2333 223 2385 leih
247 2350 337 2388 non
363 2346 499 2391 recte
527 2336 877 2399 distinxisset,
906 2337 1247 2388 arimismum
1283 2336 1490 2402 probari
1535 2349 1627 2386 ue-

123 2426 254 2488 gavit,
272 2423 352 2480 sed
379 2427 766 2482 Castilliona-us
793 2427 844 2480 in
871 2429 1127 2495 epimetro
1152 2426 1391 2493 epistolae
1421 2415 1485 2478 ad
1513 2425 1634 2477 Phi-

125 2513 345 2582 lippenses
367 2520 545 2572 addito
572 2534 625 2587 p.
657 2519 725 2573 63
759 2533 873 2587 sqq.
907 2518 1155 2585 praeclare
1193 2518 1260 2572 de
1294 2533 1359 2571 eo
1383 2517 1635 2570 disseruit

123 2619 308 2675 eumque
326 2609 572 2663 exhibere
590 2619 977 2675 argumentum,
1004 2608 1344 2675 interpretem
1365 2607 1634 2675 gothicum

125 2695 194 2759 qui
217 2696 593 2751 similitudinem
621 2711 718 2766 pro
742 2698 1042 2764 aequalitate
1072 2696 1328 2763 posuerit,
1361 2695 1636 2749 arianismi

127 2783 332 2849 placitum
358 2784 405 2838 in
430 2796 637 2840 textum
665 2785 907 2839 intulisse
935 2785 1135 2839 docuit.

180 2870 345 2926 Contra
383 2875 672 2930 Knittclius
713 2874 884 2930 limite
924 2875 1088 2939 ipsius
1115 2889 1236 2930 esse
1261 2883 1495 2930 nostram
1525 2889 1640 2928 ver-

125 2959 291 3016 sionem
305 2966 626 3020 contendens
662 2965 798 3020 baud
821 2965 1024 3021 felicius
1048 2980 1260 3021 causam
1281 2981 1428 3022 suam
1459 2965 1638 3035 agit';

126 3051 236 3117 quod
259 3052 384 3106 enim
408 3055 558 3120 dicit,
590 3054 876 3110 Ullilanam
917 3069 1036 3108 esse
1059 3064 1329 3123 oportere,
1358 3064 1641 3123 propterea

126 3139 237 3205 quod
255 3142 376 3207 apud
401 3145 695 3210 scriptores
725 3143 924 3197 nullius
953 3140 1053 3197 nisi
1081 3143 1251 3198 Ulfila:
1277 3143 1415 3198 sacri
1443 3142 1643 3197 codicis

125 3229 266 3282 vet-sio
282 3242 746 3299 commemoretur,
768 3249 870 3287 non
892 3234 1265 3300 consideravit,
1285 3249 1439 3303 quant
1459 3248 1642 3303 parum

125 3319 352 3383 gravitatis
378 3322 429 3375 in
472 3333 782 3391 argumenta
811 3337 842 3376 e
871 3322 1185 3390 scriptorum
1233 3323 1461 3378 silentiis
1489 3322 1643 3376 ducta

123 3408 371 3475 redundet;
397 3421 458 3466 et
493 3414 540 3476 si
577 3427 664 3466 res
702 3413 1090 3466 ecclesiasticas
1126 3413 1422 3466 Gothorum
1465 3427 1494 3465 a
1536 3413 1648 3465 suis

125 3499 434 3566 scriptoribus
473 3502 672 3557 relatas
715 3501 1047 3566 haberemus,
1091 3512 1184 3557 aut
1226 3503 1292 3557 de
1331 3504 1396 3557 iis
1441 3502 1493 3557 in
1532 3503 1648 3557 aliis

124 3585 423 3647 historiarum
444 3592 776 3662 gothicarum
795 3592 942 3646 libris
960 3594 1173 3662 copiose
1196 3604 1464 3648 narratum
1485 3602 1645 3654 esset,

125 3678 353 3736 silentium
399 3682 468 3736 de
513 3694 768 3736 renovata
814 3681 1249 3751 interpretatione
1304 3680 1647 3744 olfenderet;

125 3780 240 3822 nunc
261 3781 452 3836 autem,
481 3785 601 3824 cum
624 3770 883 3839 ejusmodi
917 3771 1114 3824 mentio
1142 3785 1245 3823 non
1275 3769 1386 3836 fiat,
1413 3770 1533 3824 inde
1566 3773 1647 3820 in-
1676 3840 1681 3843 η

127 3858 373 3926 telligimus
392 3863 719 3929 posteriores
735 3862 1049 3929 interpretes
1066 3874 1236 3926 neque
1254 3859 1460 3925 publice
1481 3873 1653 3926 neque

125 3958 245 4000 certo
268 3957 499 4020 tempore
527 3966 662 4019 opus
697 3950 909 4013 fecisse,
949 3949 1042 4004 sed
1081 3950 1332 4018 deinceps
1362 3950 1434 4002 ita
1457 3991 1471 4014 ,
1503 3960 1560 4000 ut
1587 3950 1652 4001 ab

127 4037 222 4090 aliis
246 4040 338 4094 alia
365 4051 718 4095 mutarentur.
751 4041 951 4093 Revera
994 4040 1285 4109 fragmenta
1317 4040 1382 4092 ad
1415 4048 1650 4092 nostram

127 4135 305 4181 autem
328 4139 535 4184 servata
567 4145 686 4184 esse
715 4128 854 4182 illius
874 4131 1155 4195 versionis,
1184 4145 1339 4198 quam
1380 4129 1563 4184 Ultilas
1589 4145 1651 4183 ex

126 4216 412 4283 scriptorum
441 4219 747 4273 testimonio
771 4217 1022 4285 confecit,
1048 4227 1140 4272 aut
1158 4219 1427 4273 aflirmare
1450 4228 1543 4271 aut
1564 4233 1653 4271 ne-

127 4316 232 4366 gare
253 4307 453 4362 difficile
482 4307 696 4376 quidem
731 4315 834 4361 est.
879 4307 1149 4363 Versionis
1189 4307 1331 4361 illius
1362 4308 1413 4360 in
1440 4307 1653 4374 gothica

125 4394 321 4450 ecclesia
351 4399 716 4452 auctoritatem
747 4397 910 4454 fuisse
929 4411 1207 4467 magnam,
1233 4398 1352 4451 huic
1376 4399 1453 4452 rei
1481 4406 1535 4451 et
1562 4396 1654 4450 Ul-

130 4483 216 4537 ωλι
251 4491 551 4554 auctoritas,
593 4504 695 4558 qua
725 4487 864 4558 apud
902 4503 1029 4543 suos
1064 4488 1245 4557 viguit,
1285 4496 1340 4542 ct
1367 4489 1469 4542 hoc
1496 4488 1654 4542 etiam

128 4593 409 4644 arx-mento
429 4595 531 4647 est,
561 4585 699 4653 quod
734 4585 927 4639 nullius
954 4584 1090 4638 alius
1115 4599 1277 4652 opera
1307 4583 1359 4638 in
1387 4583 1657 4651 interpre-

131 4671 267 4724 tanda
291 4673 440 4729 hiblia
464 4675 701 4743 impensa
724 4690 753 4727 a
775 4690 952 4729 rerum
975 4674 1318 4743 scriptoribus
1341 4688 1661 4728 commemo-

129 4770 276 4817 ratur.
318 4769 438 4830 Qua
473 4767 764 4821 auctoritas
791 4775 970 4821 autem
1002 4768 1043 4820 si
1083 4772 1224 4818 tanta
1253 4765 1370 4828 fuit,
1392 4763 1518 4831 quid
1547 4773 1663 4816 erat

131 4865 308 4921 caua,
327 4865 382 4909 ut
407 4857 593 4926 aliquis
625 4856 830 4912 litteras
857 4870 1036 4911 sacras
1067 4855 1244 4910 denuo
1274 4852 1662 4907 convertendas

128 4940 429 5012 susciperet?
454 4950 524 5004 At
559 4949 604 5001 si
629 4947 791 5001 totius
815 4945 1076 5001 versionis
1099 4945 1467 5014 repetitionem
1497 4956 1660 5010 nega-

199 5116 214 5145 '
245 5116 392 5173 διάει.
459 5163 472 5176 .
505 5121 594 5185 ιθ,
640 5122 726 5177 l3.

199 5183 220 5216 '
246 5185 371 5244 llas.
399 5137 726 5244 (futilliouas

195 5183 220 5216 '
246 5185 371 5250 llas,
399 5183 757 5244 Cassiuionaeo
799 5198 1012 5244 auctore
1036 5229 1050 5252 .
1099 5188 1235 5242 dicta
1263 5188 1334 5242 de
1385 5189 1502 5242 loco
1526 5188 1664 5241 Tim.

137 5247 178 5328 ζ.
213 5265 298 5317 Its‘.
321 5247 424 5328 _l6,
455 5258 582 5312 falsa
633 5267 791 5323 sunt;
841 5260 962 5313 vide
990 5247 1384 5328 adnotationem
1431 5259 1495 5310 ad
1520 5258 1669 5328 hunc

141 5325 514 5402 Maloeam;
546 5342 718 5402 neque
750 5329 1039 5402 praesertim
1070 5328 1288 5402 cognito
1317 5327 1451 5402 libro
1499 5326 1589 5402 i_l_lo
1615 5342 1664 5402 _a_

140 5384 521 5466 Faitsioedito',
544 5384 708 5466 ullum
737 5384 1055 5466 fclinquitur
1081 5384 1320 5456 ddbium,
1350 5399 1476 5462 quin
1507 5395 1668 5450 Gothi

141 5455 320 5555 Ιιξτὶιῑ
342 5455 538 5522 Ariani.
573 5464 712 5520 Vide
737 5455 928 5518 Waiti.
961 5480 1015 5534 p.
1050 5465 1120 5520 40
1147 5479 1264 5534 sqq.
1297 5455 1385 5519 56'.

257 5525 310 5583 1³.
327 5531 429 5588 ιιι
446 5549 536 5588 sa.

209 5549 233 5555 -
259 5549 310 5583 r.
327 5549 429 5588 eu
446 5549 536 5604 sq.

209 5591 236 5675 ξ
259 5597 615 5675 ρρίςυριὸρηςε
645 5603 784 5675 apud
803 5603 1015 5675 Initium
1037 5619 1088 5672 p.
1112 5603 1236 5658 588.

214 5659 239 5742 ξ
256 5662 328 5742 cr.
351 5667 526 5742 lahnii
558 5659 772 5726 είκιὶξι.
807 5688 858 5742 ρ.
887 5672 980 5726 ss.

199 5729 240 5810 ,⁸
278 5740 414 5810 Apud
461 5741 767 5796 Simeozetn
807 5729 1247 5808 'bletaphrastem
1313 5743 1364 5796 in
1421 5742 1554 5796 actis
1612 5741 1668 5793 S.

151 5799 332 5879 me
353 5806 497 5879 (Acta
527 5811 846 5866 Sanctorum
891 5799 1189 5879 Septembr.
1237 5813 1297 5865 γ.
1330 5828 1382 5879 p.
1426 5812 1487 5864 41
1541 5812 1668 5863 edit.

155 5871 402 5946 “"de
425 5876 688 5951 οῧρφιλος,
717 5881 900 5949 ἰηιιυίι.
1055 5883 1186 5955 ἱερὰν
1211 5871 1346 5950 ἡμῶῦ
1370 5885 1558 5955 γραφὴν
1591 5884 1671 5932 καὶ

1727 1632 1902 1673 tamen
1933 1618 2274 1673 recensiones
2298 1626 2443 1670 certe
2473 1630 2538 1669 es
2581 1631 2682 1668 una
2721 1629 2920 1684 eaque.
2953 1615 3027 1668 uti
3054 1614 3285 1675 videtur,

1729 1708 1953 1764 Ulﬁlana
1983 1709 2246 1776 originem
2291 1706 2577 1769 duxerunt,
2613 1713 2951 1760 mutaverunt
2976 1714 3148 1758 autem
3193 1705 3292 1756 viri

1726 1798 1917 1853 eruditi
1959 1797 2272 1864 posterioris
2305 1797 2501 1856 aetatis,
2540 1803 2632 1848 aut
2670 1795 2759 1848 ubi
2793 1795 2960 1850 Ulfilze
2997 1797 3291 1846 versionem

1728 1888 1898 1943 textui
1924 1902 2099 1957 graeco
2128 1903 2233 1941 non
2265 1887 2393 1939 satis
2422 1893 2667 1939 accurate
2695 1884 3105 1952 respondentem
3135 1883 3296 1935 vidis-

1730 1985 1868 2040 sent,
1896 1985 1985 2030 aut
2011 1977 2099 2030 ubi
2131 1978 2182 2030 in
2215 1975 2328 2029 suis
2355 1975 2502 2028 libris
2528 1973 2658 2026 alias
2689 1973 2947 2027 lectiones
2973 1975 3296 2040 reperissent

1730 2077 1887 2134 atque
1910 2080 2043 2134 quas
2072 2065 2330 2119 habuerat
2358 2064 2559 2117 Ulfilas.
2593 2063 2717 2116 llaec
2741 2062 2955 2132 quidem
2984 2048 3161 2114 videre
3190 2075 3293 2114 non

1730 2155 1951 2208 difficile
1973 2162 2073 2216 est,
2106 2152 2238 2207 illud
2260 2163 2436 2204 autem
2468 2166 2573 2205 non
2603 2151 2757 2204 facile
2787 2151 2980 2218 aliquis
2998 2150 3158 2213 dicet,
3180 2164 3302 2217 qua:-

1717 2246 1835 2320 gillis
1865 2245 1996 2298 locis
2022 2243 2171 2297 initio
2200 2243 2266 2295 ab
2300 2241 2449 2296 Ullila
2480 2241 2675 2309 scripta
2703 2246 2760 2294 et
2787 2254 2908 2307 quae
2935 2240 3002 2292 ab
3037 2239 3156 2292 aliis
3185 2253 3299 2290 mu.

1733 2345 1863 2400 tata,
1882 2333 2056 2386 addita
2080 2342 2171 2386 aut
2193 2331 2547 2399 praetermissa
2575 2329 2714 2392 sint;
2738 2327 3022 2383 dolendum
3048 2341 3172 2380 vero
3195 2334 3298 2392 est,

1733 2425 1873 2492 quod
1922 2423 2231 2491 lleynatius,
2275 2421 2364 2487 qui
2401 2421 2762 2473 additamenta
2805 2404 3047 2487 quadam
3088 2417 3297 2471 diversa

1736 2515 1931 2582 linguae
1960 2514 2139 2567 indole
2171 2527 2230 2564 se
2249 2512 2562 2579 cognovisse
2581 2510 2844 2578 gloriatur
2866 2509 2909 2575 ',
2950 2510 3097 2578 signa
3122 2508 3304 2577 cogni-

1739 2615 1911 2659 torum
1944 2618 2048 2656 non
2076 2601 2328 2671 prodidit.

1811 2693 2107 2747 Praemissis
2149 2693 2230 2746 his
2271 2692 2324 2744 in
2354 2691 2661 2745 universum
2690 2689 2758 2744 de
2788 2690 2962 2757 lingua
3003 2697 3056 2743 et
3090 2698 3308 2742 auctore

1740 2794 1936 2837 nostra:
1962 2783 2247 2845 versionis,
2282 2781 2550 2849 pergimus
2567 2782 2631 2834 ad
2656 2779 3033 2834 instituendam
3059 2779 3309 2848 quaestio-

1742 2888 1861 2927 nem
1893 2873 1959 2926 de
1992 2873 2215 2935 ratione,
2239 2885 2340 2941 qua
2369 2871 2446 2925 slc
2467 2870 2734 2934 confecta,
2762 2871 2902 2924 unde
2927 2869 3015 2939 qui
3043 2870 3159 2937 ejus
3184 2883 3311 2924 usus

1743 2967 1973 3021 maxime
2014 2965 2067 3018 in
2112 2961 2463 3018 emendandis
2502 2962 2634 3016 locis
2665 2961 2949 3030 Scriptura:
2989 2974 3154 3014 sacrae
3191 2974 3312 3014 esse

1747 3058 1931 3125 possit,
1964 3055 2260 3124 apparebit.
2307 3053 2541 3108 Primum
2579 3059 2756 3107 autem
2796 3051 3080 3106 dicendum
3119 3059 3202 3105 est
3247 3050 3314 3105 de

1748 3148 1890 3199 fonte
1923 3160 1990 3197 ex
2017 3157 2121 3210 quo
2150 3142 2354 3197 Gothus
2380 3138 2646 3209 interpie$
2680 3138 2934 3194 hauserit.
2986 3139 3197 3193 Ulﬁlam
3229 3139 3315 3192 in-

1750 3237 2183 3302 terpretationem
2209 3247 2358 3286 suam
2391 3246 2422 3286 e
2450 3232 2628 3300 gra'cis
2655 3229 2806 3284 libris
2831 3228 3125 3284 confecisse
3161 3243 3319 3282 nemo

1750 3320 1878 3379 olim
1908 3323 2187 3387 dubitavit,
2218 3321 2710 3390 idquejampridem
2737 3319 2972 3389 Martyrii
3001 3317 3199 3374 Nicetes
3219 3333 3319 3370 au-

1750 3427 1864 3471 ctor
1893 3417 1913 3447 ‘
1944 3423 2167 3470 testatur
2203 3422 2426 3481 postque
2463 3428 2584 3466 eum
2611 3415 2794 3466 Sixtus
2833 3412 3082 3465 Senensis
3101 3411 3141 3462 '.
3191 3411 3320 3474 Quae

1752 3506 1936 3558 notitia
1968 3504 2110 3558 unde
2155 3503 2236 3556 bis
2265 3502 2394 3555 viris
2420 3502 2667 3566 venerit,
2701 3500 2914 3555 famaue
2941 3501 3079 3565 apud
3112 3508 3320 3553 veteres

1753 3594 2117 3664 percrebuerit
2144 3608 2211 3646 an
2235 3591 2357 3645 inde
2381 3590 2723 3657 conjecerint,
2758 3589 2880 3657 quia
2910 3589 3088 3643 Ullilas
3111 3588 3162 3640 in
3194 3587 3322 3640 Ma:-

1753 3685 1830 3738 sia
1858 3682 2204 3736 habitavisset
2234 3690 2287 3734 et
2307 3696 2337 3734 e
2357 3679 2680 3733 commercio
2710 3678 3321 3745 Constantinopolitano-

1755 3792 1870 3829 rum
1901 3776 2177 3827 hominum
2208 3784 2399 3839 graecze
2440 3770 2631 3834 linguze
2662 3769 2906 3836 peritiam
2940 3778 3122 3821 nactus
3159 3775 3320 3828 esset,

1754 3882 1871 3920 eunt
1897 3865 2055 3917 etiam
2083 3875 2288 3929 grzecos
2320 3860 2483 3913 libros
2520 3859 2584 3912 ad
2609 3874 2742 3926 opus
2767 3873 2919 3911 suum
2948 3857 3321 3925 perliciendum

1754 3954 2095 4016 adhibuisse,
2127 3965 2223 4004 nos
2254 3951 2466 4019 quidem
2497 3950 2785 4012 nescimus,
2833 3949 2924 4003 sed
2968 3948 3325 4002 testimonium
3422 3938 3427 3943 ⁷

1757 4047 1985 4100 maxime
2015 4043 2209 4112 prioris
2249 4042 2393 4094 illius
2437 4040 2714 4107 scriptoris
2752 4048 2967 4106 propter
3011 4048 3324 4093 vetustatem

1758 4150 1861 4187 non
1903 4133 2036 4186 adeo
2078 4127 2530 4183 contemnendum
2574 4126 2804 4180 videtur.
2850 4126 2949 4191 Qui
2996 4140 3124 4180 vero
3163 4134 3324 4179 stata

1758 4223 1998 4292 partibus
2037 4235 2247 4284 eorum,
2285 4218 2377 4286 qui
2408 4217 2619 4272 Ullilam
2658 4229 2861 4286 graecos
2899 4215 3063 4270 libros
3087 4225 3324 4269 secutum

1757 4329 1875 4368 esse
1892 4315 1911 4342 ”
1931 4308 2280 4372 contendunt,
2299 4309 2345 4362 is
2366 4322 2470 4361 non
2502 4307 2672 4361 solum
2686 4308 3003 4373 scriptorum
3028 4307 3323 4359 auctoritati

1760 4403 1915 4455 fidem
1947 4400 2141 4452 habere
2162 4398 2339 4462 debet,
2367 4398 2455 4463 qui
2487 4397 2536 4448 in
2584 4396 2667 4449 bis
2696 4395 2855 4448 rebus
2895 4394 3032 4446 haud
3080 4394 3324 4447 idoneam

1759 4491 1822 4544 ad
1858 4487 2284 4557 persuadendum
2317 4486 2422 4538 vim
2451 4484 2646 4541 habere
2671 4485 2877 4538 soleant
2907 4499 2922 4534 :
2951 4481 3141 4535 adsunt
3167 4481 3326 4536 etiam

1761 4588 2066 4649 argumenta
2097 4577 2253 4630 ducta
2282 4591 2312 4629 e
2331 4577 2734 4644 comparatione
2761 4572 3022 4650 versionis
3049 4583 3245 4627 nostrre
3271 4582 3327 4627 et

1767 4682 1941 4726 textus
1967 4669 2149 4739 graeci,
2182 4667 2373 4732 quibus
2399 4667 2449 4721 id
2480 4664 2753 4735 probatur.
2798 4665 2840 4718 E
2869 4664 3049 4718 multis
3071 4664 3185 4716 aliis
3217 4666 3330 4719 haec

1766 4776 1928 4830 pauca
1959 4760 2326 4829 proferimus:
2375 4771 2479 4811 non
2524 4757 2697 4811 solum
2739 4757 2880 4810 enim
2923 4772 3042 4810 eum
3086 4756 3328 4810 ordinem

1766 4853 2072 4914 verborum,
2110 4865 2216 4917 quo
2239 4848 2397 4917 graeci
2437 4847 2782 4914 prmivcrunt,
2813 4845 3039 4900 fideliter
3059 4855 3236 4900 servat
3261 4875 3332 4886 —

1767 4949 2119 5009 praaterquam
2143 4938 2231 4991 ubi
2276 4936 2485 4990 indoles
2521 4934 2748 5003 gothieat
2775 4934 2968 5002 lingua:
2999 4935 3163 4989 alium
3187 4935 3330 4988 ordi-

1769 5119 2100 5173 Θεόπνευστον
2135 5115 2235 5167 ἀπὸ
2267 5121 2357 5171 τῆς
2401 5111 2600 5174 ἰλλάδος
2631 5113 2702 5170 εἰς
2741 5116 2829 5168 τὴν
2861 5115 3078 5181 γοτθικήν
3100 5111 3332 5179 γλῶσσαν

1771 5187 2082 5254 μεταϐαλὼν.
2137 5181 2215 5234 (Lf.
2265 5183 2568 5254 Hieronymi
2615 5181 2902 5254 epistolam.
2920 5182 2985 5231 ad
3017 5182 3335 5254 Suujatnet

1774 5248 2053 5322 Fritbilam
2080 5255 2331 5316 scriptam
2351 5291 2365 5314 ,
2395 5248 2496 5318 qua
2531 5248 2732 5322 Gothos
2750 5248 2937 5315 graccis
2964 5263 3128 5302 sacra:
3165 5249 3333 5314 scrip-

1773 5319 1905 5377 tura!
1929 5323 2201 5378 codicibus
2230 5334 2357 5373 usos
2384 5332 2504 5372 esse
2525 5319 2670 5370 dicit.

1840 5393 1857 5422 ⁷
1908 5393 2157 5447 Biblioth.
2193 5406 2242 5442 tv
2275 5406 2326 5453 p.
2360 5390 2462 5442 390
2490 5388 2619 5438 edit.
2652 5386 2837 5439 Colon.
2899 5386 3078 5441 Ullilas
3130 5388 3338 5452 primus

1773 5462 1981 5517 Gothus
2003 5476 2191 5516 omnes
2216 5459 2423 5512 divinas
2445 5457 2739 5526 scripturas
2760 5471 2790 5510 e
2805 5472 2972 5526 grarco
2993 5457 3041 5509 iu
3067 5456 3333 5525 gotlticam

1775 5531 2003 5596 linguam
2036 5548 2064 5584 a
2097 5546 2154 5583 se
2178 5542 2461 5580 conversas
2491 5525 2723 5596 tradidit.

1845 5592 1876 5631 δ’
1921 5602 2053 5654 Cum
2111 5600 2306 5652 Ussero
2336 5596 2471 5660 apud
2501 5594 2717 5648 Junium
2773 5596 2998 5650 Glossar.
3046 5609 3098 5657 p.
3132 5592 3215 5645 l6.
3260 5592 3330 5643 cf.

1778 5667 2152 5722 Mareshallum
2188 5680 2239 5730 Ρ.
2293 5665 2396 5718 589
2425 5680 2507 5732 sq.
2558 5664 2856 5718 Ben‘zelium
2913 5661 3122 5732 [δι-τεῇσι.Δ
3167 5676 3220 5732 p.
3253 5661 3337 5732 Vl,

1780 5737 1974 5803 Lycum
2005 5754 2054 5804 p.
2095 5727 2274 5796 usu,
2306 5727 2693 5804 ιιη-ευιίιυιῇι.
2725 5727 2925 5804 ἱιΙιιιεινῘ
2945 5748 2992 5799 p.
3030 5727 3153 5797 268,
3184 5729 3335 5785 linit-

1779 5809 1959 5862 tclium
1984 5803 2032 5875 p.
2068 5805 2189 5864 ηδ,
2219 5805 2472 5860 Zahtiium
2507 5803 2712 5858 Einleil.
2748 5819 2796 5873 p.
2824 5803 2893 5858 28
2922 5818 3037 5874 sqq.
