3886 6366
155 493 234 549 475

150 601 372 668 jnnctionc
398 601 565 666 aliqua
589 603 658 653 ad
688 604 820 657 illud
849 598 1381 656 circttmscribetnlum
1409 617 1656 666 utuntur;

151 690 389 756 particulas
412 691 668 754 quasdam
700 708 909 758 grazcas
935 709 961 745 a
995 695 1166 744 latinis
1193 697 1414 746 omissas
1440 697 1668 747 lideltler

149 781 393 843 reddit,sic
417 780 477 833 ἄν
510 782 645 834 Luc.
673 798 754 845 Ix,
779 784 893 845 d6;
925 800 986 844 x,
1021 787 1109 845 l3;
1144 801 1247 836 mi
1269 825 1281 842 ,
1327 791 1390 843 ti;
1434 786 1585 835 Jnan.
1616 801 1665 836 Ix

148 873 224 927 ll;
257 876 394 920 lttnn.
425 885 496 932 ix,
527 872 638 931 29;
669 895 769 948 περ
804 874 929 926 Luc.
955 890 1100 937 xvnt,
1125 873 1360 937 H;Cor.
1389 877 1662 939 ll,vnt,7;

148 962 290 1010 multis
317 959 436 1011 locis
459 960 723 1013 lectiones
747 963 1029 1014 latinorum
1053 977 1082 1014 a
1103 965 1288 1030 grzecis
1311 965 1666 1029 discrepantes

147 1063 224 1100 nec
247 1046 432 1099 Gothus
456 1049 636 1107 habet.
665 1053 761 1102 sed
796 1066 917 1102 cum
938 1052 1119 1117 graecis
1149 1052 1402 1113 concinit,
1434 1056 1509 1105 sic
1542 1055 1599 1106 L.
1629 1071 1664 1114 ι,

146 1141 193 1188 ll)
213 1137 285 1188 tibi
306 1137 471 1190 nullus
499 1137 794 1190 latinorum
816 1155 936 1190 cum
963 1142 1130 1190 tiotho
1150 1138 1564 1209 προσδεχόμενον
1590 1143 1666 1193 le-

141 1229 220 1294 git;
243 1228 333 1277 sub
356 1228 612 1280 orationis
642 1231 924 1282 dominica:
950 1235 1099 1282 linem
1125 1229 1329 1282 Gothus
1359 1243 1476 1292 cum
1504 1233 1656 1282 codd.

139 1318 290 1382 ng‘ClS
313 1315 651 1382 daxologiam
684 1317 866 1380 habet,
901 1334 1055 1384 quam
1090 1318 1368 1370 latinorum
1403 1319 1512 1372 fere
1546 1325 1663 1372 uul-

141 1407 202 1457 lus
250 1406 475 1472 gnoscit;
509 1416 566 1457 et
594 1408 726 1474 quid
758 1408 860 1459 alia
914 1409 1282 1474 producamus,
1337 1424 1454 1461 cum
1486 1412 1666 1476 paucis

135 1497 336 1561 exet-ptis
372 1496 549 1546 omnia
606 1496 717 1548 fere
769 1510 801 1547 e
855 1498 1042 1562 grta-cis
1094 1497 1276 1549 hausta
1319 1512 1437 1550 esse
1486 1508 1666 1564 aperte

136 1594 352 1636 testentur
375 1586 396 1634 ἳ
955 1569 958 1572 Ι

192 1671 282 1724 Viri
310 1675 496 1725 eruditi
553 1675 717 1738 igitur
760 1690 882 1726 cum
913 1677 962 1726 in
989 1674 1155 1728 Ullila:
1186 1676 1432 1728 versionc
1465 1677 1667 1741 aliquot

133 1764 239 1814 locis
283 1767 558 1816 latinorum
621 1768 868 1818 Codicum
920 1767 1173 1818 lectiones
1204 1769 1543 1833 reperiSSent,
1575 1768 1662 1819 alii

132 1868 229 1904 cum
248 1853 395 1904 libros
419 1857 702 1919 utriusque
725 1857 990 1907 sermonis
1010 1857 1339 1908 consuluisse
1365 1857 1406 1917 ⁸.
1434 1857 1522 1908 alii
1546 1872 1662 1910 ver-

135 1940 309 1991 sionem
339 1941 512 2005 gutlne
533 1957 606 1994 ιιειι
646 1943 945 2007 posteriore
985 1951 1139 1994 atate
1165 1944 1232 1994 ab
1260 1943 1377 1995 aliis
1405 1944 1663 2011 theologis

131 2028 180 2077 ad
206 2028 373 2078 latin-os
403 2030 571 2082 libros
603 2029 947 2082 reiormatam
965 2043 1082 2083 esse
1102 2043 1418 2084 censuerunt
1440 2035 1477 2083 ³.
1519 2033 1659 2098 Qua-

129 2128 222 2165 rum
247 2114 546 2181 opinionum
582 2121 728 2183 prior
763 2134 946 2184 parum
975 2120 1230 2171 laudanda
1260 2121 1506 2181 videtur;
1540 2138 1658 2172 nam

126 2204 296 2254 etiamsi
331 2219 503 2272 neque
545 2223 672 2258 cum
713 2208 1026 2271 Wetsteuio,
1078 2225 1201 2261 num
1247 2209 1424 2263 Ullilas
1472 2211 1660 2278 lingua:

125 2293 270 2345 lnime
295 2297 514 2359 peritus,
550 2310 724 2362 neque
747 2310 869 2347 cum
893 2295 1137 2349 Hickcsio
1157 2308 1209 2349 et
1239 2298 1511 2362 Lacrozio,
1535 2315 1658 2351 num

126 2386 258 2436 latina
288 2388 456 2454 lingua
489 2390 549 2439 in
578 2388 759 2441 Hasta
789 2388 1021 2455 vulgaris
1049 2400 1100 2440 et
1143 2391 1291 2442 latini
1333 2405 1497 2442 sacra:
1519 2395 1659 2447 Scri-

125 2486 265 2539 ptura:
309 2478 527 2532 codices
571 2480 700 2532 illuc
749 2481 985 2531 translati
1026 2481 1214 2532 iuerint
1241 2481 1283 2544 ³,
1342 2485 1654 2547 qumritnus;

125 2574 270 2617 tamen
316 2565 432 2629 quia
467 2569 562 2618 lux
593 2568 852 2633 evangelii
884 2567 1066 2619 Gotltis
1093 2583 1122 2619 a
1152 2568 1482 2635 grteconrbe
1508 2570 1658 2622 amil-

120 2670 257 2718 sera',
283 2656 390 2708 fieri
421 2671 534 2709 non
574 2657 773 2721 potuit,
821 2673 946 2724 quin
977 2659 1222 2711 doctores
1249 2661 1468 2726 gotllici,
1499 2662 1586 2726 qui
1627 2677 1657 2714 a

121 2741 293 2797 Grecis
310 2749 614 2798 doctrinam
658 2756 976 2812 acceperant
1017 2756 1071 2799 et
1114 2748 1163 2798 in
1194 2763 1482 2815 graecorum
1512 2750 1655 2802 chri-

119 2834 375 2886 slianorum
406 2837 660 2888 conciliis
692 2837 1001 2898 intererant,
1052 2851 1242 2905 grgncze
1286 2839 1477 2904 linguze
1506 2839 1655 2907 gnari

119 2933 284 2984 essent,
316 2907 523 2990 cx'quo
576 2923 890 2992 intelligitur
918 2925 1114 2976 nullam
1148 2940 1266 2979 esse
1308 2943 1520 2980 causam
1561 2943 1656 2982 Cur

119 3030 288 3077 prmus
314 3019 587 3083 interpres
613 3019 896 3069 bibliorum
917 3019 982 3068 ad
1013 3020 1173 3071 libros
1200 3019 1388 3070 latinos
1409 3022 1653 3086 confuge-

115 3105 195 3162 rit,
215 3105 354 3170 cujus
375 3106 596 3172 linguae,
621 3107 664 3156 si
694 3120 816 3157 vere
835 3121 950 3156 eam
973 3107 1173 3167 calluit,
1194 3108 1422 3173 cognitio
1445 3111 1489 3159 ei
1509 3121 1651 3159 certe

115 3203 198 3241 non
223 3193 450 3256 paratior
480 3208 637 3261 quam
675 3208 863 3260 ngecae
893 3205 1052 3245 esset.
1086 3193 1256 3246 Medio
1286 3195 1498 3262 quidem
1537 3211 1650 3248 aevo

114 3281 359 3348 theologos
380 3291 534 3334 Lauta
569 3282 760 3350 lingua:
787 3298 974 3349 grzeca:
1023 3267 1284 3350 imperitia
1330 3284 1651 3339 laboravisse

111 3368 300 3430 scimus,
329 3381 392 3421 ut
418 3370 590 3422 sicuti
617 3370 808 3421 littera:
835 3385 1002 3423 sacrae
1023 3383 1199 3423 essent
1221 3373 1555 3436 adhibendae,
1581 3374 1648 3425 ad

114 3457 250 3510 libros
279 3457 474 3510 latinos
503 3458 900 3525 confogeretur,
936 3459 984 3510 id
1014 3461 1152 3527 quod
1182 3460 1438 3512 Lutlterus
1470 3473 1650 3513 hoster

112 3545 233 3606 iecit,
263 3547 569 3614 priusquam
599 3549 789 3616 graecis
813 3549 1006 3601 litteris
1022 3549 1233 3602 studere
1249 3551 1529 3616 coepisset;
1553 3553 1645 3603 sed

111 3633 212 3685 bide
234 3636 483 3701 probare,
535 3637 623 3688 illa
650 3652 864 3704 quoque
910 3645 1063 3690 aetate
1108 3639 1413 3692 hominibus
1453 3642 1648 3693 exteris

111 3727 296 3778 latinam
318 3741 481 3794 quam
508 3742 734 3793 graecam
762 3727 1052 3780 faciliorem
1080 3729 1347 3781 intellectu
1379 3731 1541 3782 fuisse
1569 3741 1650 3781 at-

109 3825 192 3877 que
219 3816 266 3864 in
282 3813 617 3881 explicandis
647 3815 782 3868 locis
822 3813 1206 3869 difﬁcilioribus
1250 3818 1441 3868 latinos
1485 3817 1649 3874 libros

109 3903 372 3967 adhibitos,
407 3904 756 3970 periculosius
785 3905 1005 3959 videtur.
1042 3906 1106 3958 Et
1134 3906 1182 3959 si
1213 3922 1338 3960 vere
1372 3908 1554 3962 habuit
1583 3909 1644 3961 li-

111 3993 212 4046 bros
237 4000 446 4056 latinos,
477 4011 574 4048 cur
599 3997 667 4050 de
695 4007 801 4047 tam
843 3997 1023 4061 paucis
1054 3997 1184 4048 locis
1226 4012 1320 4049 eos
1359 4000 1644 4059 consuluit,

107 4089 160 4134 de
185 4085 417 4150 plurimis
446 4085 566 4147 aliis
605 4083 859 4151 neglexit,
913 4084 998 4137 ubi
1043 4094 1262 4153 propter
1305 4086 1646 4141 dillicultates

108 4173 535 4241 interpretatiOuis
575 4184 667 4227 aut
712 4175 891 4227 minus
927 4187 1070 4228 recte
1115 4186 1202 4228 aut
1261 4192 1476 4243 prorsus
1515 4178 1648 4232 falso

104 4263 381 4315 convertit?
430 4262 594 4316 Multo
632 4271 809 4318 autem
841 4264 1159 4330 probabilior
1187 4275 1268 4318 est
1313 4271 1477 4320 altera
1526 4283 1648 4320 sen-

107 4356 273 4420 teatia,
296 4369 396 4421 qua
425 4357 608 4413 venio
637 4355 692 4408 in
722 4354 903 4407 lania
929 4368 994 4408 ex
1024 4355 1173 4407 libris
1195 4358 1380 4422 graecis
1407 4357 1646 4410 confrcta

106 4451 272 4506 postea
298 4444 348 4496 ln
379 4442 523 4497 Italia
557 4443 627 4496 ab
665 4443 786 4497 aliis
832 4426 1343 4512 theologis'gotbicis
1379 4446 1444 4498 ad
1492 4458 1646 4497 leuo-

104 4528 200 4586 rem
224 4540 279 4585 et
303 4548 540 4586 normam
572 4533 856 4585 latinorum
895 4532 1146 4585 librorum
1176 4543 1372 4585 mutata
1399 4545 1452 4587 et
1482 4537 1643 4589 inter-

103 4621 261 4684 polata
301 4637 420 4675 esse
461 4622 814 4675 existimatur.
867 4620 1044 4689 Neque
1085 4621 1459 4675 Griesbacbius
1491 4623 1513 4653 δ
1545 4639 1640 4675 au-

101 4710 309 4763 diendus
336 4722 436 4774 est,
458 4713 548 4779 qui
576 4710 840 4778 gotbicam
867 4711 1159 4762 versionem
1184 4711 1355 4776 aliqua
1389 4712 1641 4764 relatione

102 4813 209 4850 cum
242 4800 413 4852 latinia
440 4800 779 4866 coniunctam
811 4814 929 4853 esse
957 4813 1156 4867 negans
1180 4802 1378 4866 potius,
1405 4815 1524 4866 quae
1555 4802 1639 4852 illa

102 4904 154 4938 ex
203 4886 284 4940 bis
321 4888 373 4940 iu
418 4903 476 4941 se
503 4888 754 4941 translata
787 4887 982 4941 habere
1006 4889 1264 4953 videatur,
1297 4905 1357 4943 ea
1389 4902 1478 4941 aut
1513 4903 1639 4941 casu

167 5001 182 5029 ⁸
217 4999 482 5069 Benzelius
513 4998 719 5066 pratiat.
749 5014 802 5066 p.
832 5012 996 5050 xxxm
1026 5015 1036 5047 :
1063 4999 1234 5069 versio
1257 4999 1391 5050 facta
1422 5010 1523 5062 est,
1547 5002 1636 5052 ,ιιι-

102 5074 229 5133 quit,
272 5067 370 5136 non
393 5071 626 5134 aliunde,
677 5083 834 5136 quam
877 5067 1187 5136 autltentica
1231 5083 1421 5132 graeca,
1475 5071 1664 5136 latino

105 5134 602 5205 tamen'iuterpretc,
650 5134 739 5204 ιιὺὶ
790 5137 878 5189 ille
918 5135 1287 5205 cultique_luit,
1319 5153 1421 5205 tum
1455 5138 1633 5189 iuCott-

103 5205 264 5270 sultot
280 5209 346 5260 cl’.
376 5202 677 5272 Bengelium
712 5205 1010 5273 Defensione
1036 5205 1105 5256 N.
1133 5202 1194 5256 T.
1227 5223 1275 5268 p.
1307 5204 1395 5256 27.
1426 5207 1630 5258 Sentie-

107 5286 217 5322 rum
239 5275 298 5339 ad
322 5273 576 5329 Wetsteti.
601 5291 651 5337 ι).
677 5272 803 5336 309,
827 5272 1139 5334 Grimtniuto
1167 5274 1248 5326 W.
1272 5274 1321 5326 J.
1352 5290 1445 5326 Lxx
1469 5291 1519 5339 μ.
1546 5277 1630 5327 67.

172 5341 526 5409 ‘7Wetstenius
547 5358 600 5409 p.
627 5343 732 5396 506
753 5343 879 5394 edit.
917 5343 1082 5395 Seml.
1113 5342 1232 5394 lbre
1256 5343 1402 5407 Ulﬁl.
1432 5347 1617 5394 ibitur.

119 5424 163 5471 Ρ.
191 5408 300 5464 968.
330 5408 558 5467 lahnius
582 5411 789 5464 Eia/cit.
846 5425 896 5475 p.
917 5411 982 5463 31
1013 5426 1128 5476 sqq.
1158 5411 1448 5464 Castillion.
1503 5415 1631 5475 Spe-

118 5493 215 5597 Ξηῖ.
241 5482 374 5546 prati.
494 5498 588 5535 xx.
621 5481 690 5533 cf.
725 5481 969 5535 eumdem
999 5481 1063 5531 ad
1096 5479 1291 5548 pres.
1325 5498 1382 5542 ιι,
1413 5481 1446 5531 3
1479 5493 1531 5533 et
1563 5486 1626 5533 ad

154 5561 178 5597 a
198 5559 261 5600 at.
291 5564 363 5603 tv.
461 5591 475 5602 .

311 5567 363 5602 ν.
398 5567 475 5602 Ιδ.

179 5590 599 5686 iscribi-"inﬁt.
631 5620 879 5670 illustrat.
906 5631 957 5682 p.
979 5616 1102 5680 260,
1132 5617 1255 5671 269.

169 5685 187 5714 ⁸
234 5689 442 5754 [cpistola
486 5685 554 5743 ad
597 5688 864 5742 Zaliuiunt
899 5687 1042 5750 data,
1098 5686 1203 5740 vid.
1265 5686 1452 5740 Zalmii
1508 5688 1636 5740 Eiu-

109 5757 452 5885 ml'ibg'ex
506 5827 784 5898 paratus
857 5826 1165 5895 ιηιςτριιίδιδ
1234 5825 1396 5880 ίωδθδ
1462 5826 1626 5878 ¹¹⁴⁰⁰⁵

1440 490 1930 544 PllOLEGOMENA
1945 530 1956 541 .

3221 491 3316 545 471

1768 603 1982 655 fortuito
2009 615 2061 656 et
2086 619 2114 654 a
2141 603 2314 656 Gotlio
2342 614 2395 658 et
2420 622 2445 656 a
2483 605 2678 658 Latinis
2703 605 2903 670 addita,
2934 616 3021 658 aut
3046 622 3162 658 cum
3194 623 3320 661 con-

1771 705 1952 743 sensus
1994 695 2060 740 ita
2093 693 2299 752 habeat,
2335 704 2389 742 ut
2417 696 2642 746 maxime
2671 695 3154 760 inter'pretamenta,
3182 699 3324 763 glos-

1769 795 1998 841 semata,
2026 784 2380 831 additamenta
2415 799 2444 832 ρ
2476 784 2600 834 locis
2632 784 2900 850 parallelis
2927 785 2945 813 '
2973 784 3188 850 ejusque
3213 786 3322 836 sint

1767 874 1974 936 generis
2002 873 2129 926 alia.
2169 875 2220 922 in
2248 883 2530 936 utramque
2559 874 2850 924 versionem
2876 890 2938 926 es
2967 875 3150 927 eodem
3177 876 3320 928 fonte

1767 962 1986 1012 deducta
2016 977 2134 1015 esse
2157 965 2417 1026 opinatur.
2449 964 2570 1016 lltcc
2598 968 2761 1017 altera
2784 967 2982 1031 opinio,
3013 977 3067 1017 ut
3089 968 3316 1031 priorem

1767 1054 2101 1112 Omittamus,
2147 1054 2403 1119 sagaciter
2436 1056 2645 1121 quidem
2681 1057 2969 1120 excttgitata
3010 1065 3118 1118 est,
3151 1058 3241 1109 sed
3272 1059 3314 1109 si

1769 1141 1846 1191 vir
1872 1141 2204 1196 doctissimus
2230 1143 2565 1207 epistularum
2593 1161 2732 1196 nunc
2759 1145 3023 1206 editorum.
3043 1163 3320 1212 campnra-

1768 1230 1961 1280 tionem
1991 1228 2261 1281 instituere
2293 1234 2541 1295 potuisset
2571 1242 2625 1285 et
2651 1233 2730 1284 vel
2762 1247 2971 1286 errores
2997 1249 3027 1285 e
3055 1235 3229 1287 latinis
3260 1237 3312 1286 in

1767 1317 2026 1382 gntlticam
2061 1317 2356 1368 versionem
2383 1320 2652 1372 transiisse
2677 1321 2912 1382 vidisset.
2942 1322 3123 1388 procul
3155 1323 3315 1374 dubio

1767 1405 1918 1456 aliter
1949 1406 2269 1472 judicasset;
2310 1421 2428 1457 nam
2456 1422 2504 1460 e.
2536 1423 2586 1474 α.
2614 1393 2753 1474 quod
2787 1409 2918 1477 Eph.
2955 1427 2986 1464 ιι
3009 1451 3022 1470 ,
3055 1410 3088 1461 5
3111 1412 3172 1463 ad
3202 1429 3316 1463 vcr-

1769 1494 1889 1544 bum
1923 1503 2093 1547 textus
2121 1497 2302 1565 viljans
2355 1497 2694 1563 (voluntates)
2742 1498 2794 1549 in
2840 1501 3075 1566 margine
3118 1502 3314 1552 lustrius

1767 1583 2106 1649 (voluptates)
2137 1586 2360 1648 positum
2392 1594 2498 1643 est.
2521 1585 2660 1637 unde
2688 1601 2747 1637 ea
2781 1587 2934 1638 lectio
2962 1588 3125 1648 venit,
3153 1588 3250 1638 nisi
3283 1601 3313 1639 e

1768 1674 1928 1725 latino
1954 1674 2132 1726 codice
2157 1715 2170 1731 .
2220 1677 2268 1726 in
2295 1690 2399 1741 quo
2429 1676 2583 1728 verba
2628 1691 2759 1728 sonu
2797 1678 2988 1729 similia
3022 1687 3310 1741 permutata

1764 1763 1948 1814 erant?
1975 1761 2153 1826 Neque
2180 1765 2264 1814 illa
2292 1764 2576 1824 sententia,
2611 1765 2761 1816 nobis
2790 1767 3028 1829 probata,
3057 1775 3158 1817 tam
3188 1765 3313 1817 ridi-

1764 1850 1878 1900 cula
1904 1859 2018 1909 est,
2053 1865 2207 1914 quam
2242 1851 2502 1902 llichrtrdo
2531 1851 2731 1902 Simoni
2763 1852 2784 1880 ⁸
2812 1853 3084 1904 videbatur
3105 1895 3118 1915 ,
3154 1855 3311 1905 modo

1765 1954 1831 1992 ne
1852 1939 1918 1991 de
1952 1939 2166 2008 Vulgata
2194 1944 2479 2008 cogitetur,
2510 1943 2572 1993 ad
2603 1957 2757 2007 quam
2790 1953 2963 1994 nostra
3001 1943 3169 1994 versio
3201 1959 3314 1993 ιιιιι‹

1765 2037 1865 2079 tata
1897 2031 1982 2081 sit.
2021 2031 2292 2096 \‘ulgatam
2323 2034 2486 2093 enim,
2519 2048 2673 2099 quam
2713 2046 2850 2083 nunc
2878 2041 3083 2094 vocant,
3113 2032 3312 2084 Gothos

1762 2133 1864 2170 non
1912 2121 2360 2172 adhibuisse-non
2404 2121 2573 2172 solum
2608 2121 2728 2172 inde
2767 2123 3133 2185 cognoscitur,
3173 2125 3311 2190 quod

1762 2210 1924 2260 multo
1956 2219 2070 2275 post
2120 2224 2212 2262 usu
2257 2219 2464 2276 recepta
2495 2220 2575 2262 est
2600 2253 2614 2274 ,
2649 2225 2828 2262 verum
2858 2212 3014 2264 etiam
3045 2213 3180 2279 quod
3208 2213 3312 2266 Go-

1761 2300 1902 2350 thica
1935 2301 2107 2354 versio
2133 2310 2187 2354 et
2218 2301 2340 2352 novi
2365 2311 2418 2353 et
2444 2301 2632 2354 veteris
2660 2303 2952 2354 testamenti
2973 2344 2987 2365 ,
3017 2317 3135 2354 cum
3167 2303 3313 2355 nul'o

1761 2387 1871 2441 fere
1909 2389 2039 2440 libro
2080 2390 2278 2450 rarius,
2306 2405 2462 2457 quam
2491 2405 2611 2443 eum
2643 2391 2729 2443 illa
2757 2391 2988 2443 concinit
3015 2391 3033 2420 "
3067 2407 3080 2452 ;
3130 2401 3308 2442 contra

1759 2477 1951 2542 s;rpius
1984 2493 2101 2529 cum
2133 2480 2344 2546 antiqua
2378 2480 2462 2530 illa
2487 2483 2752 2545 versione,
2784 2495 2940 2546 quam
2974 2483 3072 2534 hoc
3100 2481 3310 2532 nomine

1757 2566 2069 2630 appellatam
2094 2567 2332 2619 Sabatier
2361 2583 2390 2618 e
2418 2568 2577 2619 variis
2597 2567 2866 2619 codicibus
2890 2568 3162 2621 collectam
3191 2583 3309 2620 cunt

1761 2654 1977 2722 Vulgata
2021 2657 2218 2718 edidit,
2267 2656 2457 2722 εςρρὶυς
2486 2657 2642 2709 etiam
2688 2671 2806 2708 cum
2836 2657 3080 2709 Brixiano
3104 2659 3310 2720 codice,

1756 2759 1911 2808 quem
1941 2743 2275 2795 Blanchinius
2295 2744 2489 2807 edidit;
2513 2746 2604 2797 sed
2627 2760 2746 2796 cum
2774 2745 2917 2797 nullo
2942 2746 3125 2797 horum
3150 2746 3309 2796 libro-

1759 2849 1871 2884 rum
1901 2834 1966 2883 ita
1997 2834 2236 2898 congruit
2275 2831 2477 2884 Gothus
2501 2872 2517 2895 ,
2567 2844 2624 2885 ut
2652 2850 2811 2885 unum
2837 2843 2925 2885 aut
2955 2836 3173 2885 alterum
3200 2849 3309 2902 pra:

1764 2922 1979 2988 reliquis
2008 2933 2217 2974 secutus
2246 2937 2362 2974 esse
2391 2923 2491 2973 diri
2527 2925 2706 2990 possit.
2763 2924 2864 2975 lies
2891 2935 3064 2975 autem
3101 2926 3178 2976 sic
3213 2927 3303 2975 Ιιςιο

1756 3011 1879 3062 bere
1917 3011 2123 3063 videtnr
2153 3029 2164 3061 :
2197 3010 2352 3064 Gothi
2402 3012 2597 3064 relictis
2643 3013 2756 3065 lstri
2815 3012 2943 3074 ripis
2988 3015 3145 3066 biblia
3191 3030 3306 3076 sua,

1752 3102 1889 3152 sicut
1916 3111 2068 3152 erant
2098 3103 2163 3158 ab
2195 3101 2343 3154 Ullila
2372 3117 2624 3154 conversa
2651 3142 2666 3161 ,
2695 3113 2786 3154 aut
2811 3105 2967 3156 etiam
3013 3105 3080 3157 ab
3107 3105 3304 3172 aliquo,

1751 3191 1793 3242 si
1825 3190 1946 3257 quid
1974 3193 2209 3252 deesset,
2250 3190 2480 3256 perlecta
2502 3229 2516 3249 .
2545 3206 2722 3243 secum
2757 3191 2807 3242 in
2839 3191 3034 3243 Italiam
3061 3193 3308 3259 deporta-

1753 3287 1905 3339 rant;
1955 3279 2021 3330 ibi
2058 3279 2345 3331 incolentes
2377 3294 2497 3330 cum
2527 3279 2753 3347 linguam
2787 3280 3141 3333 Romanorum
3172 3281 3306 3336 didi-

1749 3369 1946 3420 cissent
1972 3378 2024 3420 et
2057 3369 2245 3419 latinos
2281 3383 2446 3421 sacra:
2464 3367 2750 3435 Scripturte
2795 3370 3004 3423 codices
3029 3411 3043 3433 ,
3087 3371 3135 3423 in
3173 3388 3304 3440 quos

1750 3457 2070 3519 inciderant,
2098 3473 2126 3508 a
2159 3471 2252 3507 sua
2284 3458 2716 3523 interpretatione
2741 3457 3042 3525 discrepare
3061 3499 3078 3522 ,
3110 3463 3301 3527 passim

1751 3548 1907 3598 etiam
1931 3547 2192 3598 auctiores
2212 3560 2328 3597 esse
2356 3545 2634 3609 vidissent,
2655 3562 2716 3600 ex
2745 3547 2846 3598 illis
2865 3549 3123 3619 exemplis
3143 3549 3303 3601 libros

1750 3648 1874 3686 suos
1901 3634 1968 3684 ita
1998 3643 2339 3685 correxerunt
2362 3644 2520 3698 atque
2544 3646 2898 3700 mutaverunt,
2921 3645 2978 3688 ut
2999 3638 3078 3689 vel
3100 3637 3300 3704 singula

1751 3721 1909 3787 verba
1938 3722 2142 3788 gotbica
2168 3723 2392 3789 antiqua:
2422 3723 2678 3776 versionis
2701 3739 2820 3776 cum
2851 3725 2972 3777 aliis
2996 3729 3108 3779 sive
3140 3730 3304 3780 usita-

1751 3813 1950 3864 toribus
1976 3853 1990 3876 ,
2023 3811 2132 3865 sive
2175 3810 2240 3863 ad
2280 3826 2490 3863 sensum
2539 3812 2861 3866 reddendum
2904 3816 3070 3880 magis
3102 3817 3302 3870 idoneis

1749 3911 2150 3970 permutarent,
2183 3902 2264 3954 vel
2294 3901 2335 3954 si
2363 3919 2478 3969 quae
2510 3918 2691 3955 manca
2724 3904 3049 3972 viderentur,
3089 3919 3149 3959 ea
3179 3922 3301 3971 Stip-

1749 3993 1973 4060 plercnt.
1993 3994 2108 4057 Quo
2130 3987 2321 4044 factum
2340 4001 2439 4050 est,
2468 4003 2521 4043 ut
2545 4008 2646 4044 non
2669 3994 2839 4045 solum
2864 3995 3119 4048 lectiones
3144 3996 3304 4048 libro-

1749 4097 1862 4132 rum
1888 4082 2168 4133 latinorum
2195 4081 2246 4132 in
2271 4083 2510 4132 versione
2532 4095 2616 4142 ea,
2642 4097 2757 4147 qua:
2777 4097 2806 4135 e
2827 4084 3011 4149 gra-cis
3032 4085 3300 4136 codicibus

1750 4170 1882 4221 iacta
1907 4177 2040 4231 erat,
2060 4169 2544 4236 deprehendantur,
2565 4170 2586 4202 ⁸
2607 4171 2699 4222 sed
2721 4172 2880 4222 etiam
2903 4186 2984 4245 ea:
3009 4172 3297 4226 litterarum

1745 4274 2013 4313 sacrarum
2039 4272 2234 4327 partes,
2257 4275 2374 4327 qua:
2403 4260 2538 4312 binis
2559 4261 2818 4327 exemplis
2839 4261 3062 4328 gotbicis
3082 4269 3325 4315 conser-‘

1747 4365 1877 4403 vane
1907 4352 2041 4414 sint,
2077 4351 2298 4402 duarum
2337 4350 2708 4404 recensionum
2748 4351 2967 4418 vestigia
2997 4351 3296 4414 ostendant,

1744 4444 1958 4493 alteram
2005 4439 2354 4507 antiquiorem
2392 4440 2456 4491 ad
2499 4448 2670 4492 textus
2707 4440 2862 4506 graeci
2901 4441 3297 4494 similitudinem

1747 4533 1914 4598 magis
1951 4530 2428 4590 accommodatam,
2469 4530 2685 4580 alteram
2723 4529 3075 4581 recentiorem
3120 4531 3299 4584 multis

1747 4622 1875 4674 locis
1898 4620 2247 4681 emendatam,
2275 4627 2546 4680 mutatam,
2575 4618 2964 4684 interpolatam,
2987 4617 3078 4670 sed
3104 4618 3172 4669 ita
3220 4629 3295 4684 ut,

1742 4715 1829 4779 qui
1859 4727 1976 4764 eam
2029 4711 2323 4776 relegerent
2352 4721 2508 4773 atque
2554 4717 2941 4770 retractarent,
2982 4709 3015 4760 ii
3042 4709 3299 4765 librorum

1743 4805 2081 4867 antiquorum
2112 4802 2364 4852 lectiones
2395 4800 2637 4865 religiose
2664 4800 2714 4850 in
2742 4797 2974 4866 margine
2996 4800 3074 4851 sui
3105 4799 3297 4850 codicis

1741 4894 2122 4959 appingerent,
2155 4904 2285 4956 quas
2333 4888 2700 4942 adnotationes
2730 4887 2929 4941 librarii
2977 4889 3295 4955 posteriores

1746 5003 1926 5056 Mattb.
1957 5003 2058 5068 (ut,
2091 5001 2180 5063 ll)
2222 5015 2382 5061 xxvn,
2434 4999 2503 5052 42
2533 5001 2679 5068 (58);
2725 5001 2883 5051 Marc.
2926 5015 2981 5063 ιι,
3016 4987 3109 5061 ἧς
3147 5016 3198 5059 x,
3229 5003 3291 5058 είς

1745 5074 1972 5142 “v.47;
2007 5071 2208 5142 xv,_2l,
2239 5069 2329 5132 37,
2351 5071 2448 5142 l9;
2469 5085 2579 5142 xvi,
2604 5073 2655 5129 l,
2676 5068 2896 5142 ἓςλιλιιεἶ
2927 5084 2994 5133 tv,
3017 5069 3112 5131 33;
3134 5084 3206 5142 vt,
3231 5072 3291 5142 ις

1745 5157 1818 5204 ix,
1846 5141 1936 5200 45,
1968 5142 2053 5199 50;
2084 5139 2237 5192 Joao.
2271 5154 2356 5199 xv,
2378 5139 2433 5199 2;
2459 5137 2574 5190 Gal.
2605 5153 2656 5201 v,
2686 5138 2784 5201 20;
2805 5136 3008 5191 Coloss.
3028 5152 3105 5199 ut,
3129 5139 3189 5197 8;
3219 5140 3291 5192 cl.

1745 5211 1890 5264 Millii
1921 5210 2157 5273 Prolegg.
2189 5206 2290 5258 742
2319 5222 2432 5271 seq.

1815 5280 1835 5308 ⁸
1864 5270 2293 5329 Ηὶδιονιαὶήιὶεα
2320 5270 2603 5326 versionem
2630 5275 2679 5327 Ν
2689 5313 2702 5327 .
2728 5273 2786 5324 Τ.
2818 5289 2871 5339 p.
2902 5270 3024 5323 29.2.

1812 5350 1830 5377 ⁷
1873 5348 1951 5397 Cf.
2001 5345 2299 5396 Knitteliutn
2353 5361 2401 5409 ιι.
2447 5345 2582 5405 376;
2635 5344 2884 5393 Zaltnintn
2943 5356 2993 5409 ρ,
3047 5341 3133 5393 32.
3190 5341 3293 5391 Pin

1744 5417 1921 5468 multis
1951 5415 2067 5465 aliis
2095 5415 2224 5464 locis
2254 5408 2391 5465 nunc
2421 5413 2691 5462 laudamus
2719 5410 2947 5462 'l'imoth.
2980 5408 3020 5470 l,
3051 5425 3124 5466 ιιι,
3149 5411 3181 5460 6
3209 5411 3287 5459 ln-

1739 5502 1857 5538 cum
1877 5485 2298 5543 celeberrimum,
2322 5481 2406 5532 ubi
2433 5481 2590 5531 Galli.
2613 5495 2731 5537 cum
2751 5479 2937 5547 ara-cis
2962 5478 3086 5539 θεὸς,
3109 5494 3136 5528 a
3167 5477 3287 5527 Vul—

1738 5564 1857 5620 gata
1886 5567 2158 5624 omissum,
2186 5552 2326 5624 legit,
2360 5559 2414 5600 et
2439 5550 2504 5602 de
2536 5561 2714 5600 vetere
2755 5557 3064 5624 testamento
3093 5547 3159 5596 cf.
3192 5561 3288 5623 uu-

1740 5619 1914 5676 meros
1961 5637 1991 5673 e
2025 5621 2156 5671 libro
2197 5619 2463 5670 Genescos
2504 5633 2660 5681 supra
2708 5628 2762 5679 [δι
2807 5631 2858 5669 ιι
2898 5621 3104 5677 citatos,
3137 5619 3222 5682 qui
3255 5628 3284 5665 a

1744 5693 1891 5755 Vulg.
1926 5691 2148 5741 multum
2178 5689 2495 5755 discrepant.

1809 5754 1984 5810 {Hdt}
2017 5772 2166 5822 :llpt'a
2196 5771 2288 5820 pag
2355 5754 2598 5805 lli-5466.
