3820 6380
575 343 604 394 4
615 340 675 388 ’ΐῦ

576 447 754 500 rienda
786 445 1144 497 imbuerentur
1171 453 1326 508 atque
1356 442 1821 505 conﬁrmarentur;
1846 444 1934 494 sed
1960 442 2116 494 etiam

574 531 917 589 demonstrari
969 534 1213 600 perfacile
1263 543 1464 600 potest,
1503 533 1731 586 Gothum
1784 550 1894 585 sua:
1937 533 2124 599 lingua:

575 630 736 693 copiis
764 627 830 678 ita
862 640 1010 704 usum
1038 638 1156 677 esse
1183 623 1399 691 ejusque
1427 624 1567 690 leges
1597 624 1665 675 ita
1693 623 2032 683 observasse,
2066 628 2124 671 ut

576 716 965 769 translationem
1009 729 1133 767 vere
1178 715 1478 781 gntliicam,
1529 729 1630 766 non
1680 727 1902 780 graecam
1952 711 2124 764 verbis

573 805 805 871 gothicis
835 805 1074 857 vestitam
1103 802 1404 855 exhibuisse
1441 801 1547 854 dici
1589 805 1753 868 possit
1788 803 1826 852 ί.
1861 801 1988 852 Nam
2035 814 2124 851 ne-

575 908 677 960 que
710 892 984 945 articulum
1034 891 1208 957 ponit,
1253 889 1352 941 nisi
1383 889 1466 941 ubi
1514 903 1688 942 sermo
1733 887 1973 955 gotliicus
2003 901 2123 940 eum

575 981 838 1046 admittit,
872 993 1041 1046 neque
1065 993 1264 1030 morem
1287 992 1513 1044 graecum
1535 992 1654 1028 cum
1681 977 1916 1042 subjecto
1940 983 2126 1026 neutro

577 1071 793 1139 pluralis
821 1071 1036 1122 verbum
1067 1068 1345 1134 singularis
1374 1067 1576 1120 numeri
1616 1064 1966 1132 conjungendi
2011 1063 2127 1115 imi-

578 1170 745 1224 tatur;
773 1159 908 1212 duali
941 1170 1159 1210 numero
1197 1155 1407 1222 saepius,
1438 1170 1595 1222 quam
1623 1154 1675 1206 in
1719 1153 1906 1221 graecis
1955 1152 2043 1214 iit,
2074 1161 2127 1202 et

580 1249 698 1302 loco
732 1248 1078 1315 genitivorum
1115 1261 1142 1297 a
1188 1244 1528 1298 substantivis
1567 1244 1902 1312 pendentium
1945 1241 2128 1308 saepis-

578 1335 711 1387 sime
734 1334 924 1386 dativis
962 1333 1126 1384 utitur
1167 1330 1260 1402 (ci.
1284 1332 1348 1384 ad
1374 1331 1529 1384 .loan.
1552 1347 1638 1383 viti
1657 1371 1672 1394 ,
1699 1333 1824 1396 5i);
1872 1330 2125 1397 praedica-

579 1433 686 1476 ttnn
717 1438 817 1474 non
843 1436 969 1474 casu
995 1435 1114 1473 cum
1158 1420 1396 1485 subjecto
1441 1434 1671 1486 congruo
1703 1422 1878 1486 ponit,
1913 1417 2004 1470 sed
2035 1416 2128 1469 ad-

577 1514 684 1565 dita
714 1513 780 1562 du
819 1510 1186 1577 praepositione
1227 1509 1424 1572 reddit;
1459 1509 1662 1560 duobus
1692 1509 1838 1560 verbi
1879 1505 2129 1574 tempori-

582 1605 679 1656 bus
705 1609 982 1655 contentus
1010 1614 1180 1667 neque
1208 1600 1272 1650 ad
1312 1599 1635 1651 reddendum
1670 1601 1925 1659 tuturum,
1961 1610 2128 1663 neque

577 1691 641 1741 ad
700 1687 959 1754 praeterita
1013 1685 1375 1752 distinguenda
1429 1699 1588 1738 novas
1645 1685 1840 1737 formas
1895 1684 2121 1744 inducit;

580 1788 815 1845 tempora
847 1791 950 1829 non
972 1781 1240 1840 computat
1259 1788 1547 1839 annorum,
1575 1773 1670 1825 sed
1694 1773 1921 1825 hiemum
1945 1770 2126 1838 spatiis

581 1866 712 1934 (vid.
737 1866 801 1916 ad
832 1864 1017 1918 Matth.
1043 1877 1094 1914 ιι
1117 1901 1130 1923 ,
1153 1861 1242 1924 20,
1266 1871 1321 1914 et
1346 1861 1476 1914 Luc.
1505 1877 1569 1923 ιι,
1593 1862 1691 1928 42)
1709 1901 1724 1925 ,
1774 1876 1876 1912 non
1928 1860 2128 1912 novilu-

581 1955 705 2017 niis,
731 1953 824 2006 sed
857 1952 1160 2019 pleniluniis
1201 1950 1332 2018 (vid.
1356 1950 1421 2002 ad
1459 1950 1661 2003 Coloss.
1687 1965 1750 2014 ιι,
1782 1950 1884 2018 l6),
1917 1959 1970 2003 et
2013 1949 2129 2017 quis

576 2057 886 2098 enumerare
924 2051 1127 2109 potest,
1153 2042 1359 2108 quaties
1401 2040 1559 2093 verba
1593 2040 1920 2107 transponit,
1955 2054 2127 2106 neque

580 2118 912 2202 negationem
941 2132 1147 2200 quidem
1172 2131 1338 2184 solum
1355 2170 1370 2195 ,
1400 2132 1465 2183 de
1492 2147 1594 2198 qua
1617 2146 1674 2185 re
1696 2146 1852 2198 supra
1878 2131 2127 2193 diximus,

578 2225 674 2278 sed
706 2223 862 2276 etiam
903 2221 1004 2274 alia
1053 2218 1195 2288 (vide
1221 2235 1252 2272 e
1279 2217 1528 2271 Matthmo
1557 2220 1672 2272 solo
1709 2234 1810 2284 vn,
1839 2218 1908 2270 2i
1938 2220 2131 2270 vaurda

580 2310 743 2361 meina
760 2349 774 2372 ,
800 2323 880 2377 gr.
903 2314 999 2376 μοῡ
1022 2309 1137 2365 τοὺς
1164 2307 1362 2377 λόγους.
1389 2305 1458 2357 24
1480 2307 1764 2374 jainamma
1794 2323 1949 2358 razna
1968 2334 2037 2345 —
2062 2309 2133 2359 οἰ-

579 2403 664 2474 κίᾳ
701 2401 871 2468 ἐκείνῃ,
900 2398 976 2450 sic
1009 2411 1128 2458 vni,
1163 2398 1259 2459 i3;
1294 2411 1371 2458 ix,
1397 2396 1493 2457 26;
1525 2411 1644 2460 vnt,
1667 2397 1699 2450 5
1733 2395 1859 2464 pata
1899 2395 2132 2465 preat/iu

577 2492 622 2541 is
641 2516 708 2527 -
728 2490 877 2541 αὐτοῦ
906 2490 936 2543 ἡ
959 2487 1139 2559 λέπρα.
1169 2485 1200 2536 8
1227 2489 1288 2553 ιιῙ
1309 2487 1422 2537 ltrot
1452 2487 1582 2536 mein
1608 2514 1669 2524 —
1695 2493 1789 2554 μοῦ
1810 2487 1910 2540 ὐπό
1930 2488 2129 2557 στέγην.

581 2592 660 2638 ix,
702 2576 733 2628 6
763 2575 906 2644 [mna
947 2575 1042 2642 ligr
1070 2573 1300 2642 priuana
1327 2581 1510 2626 -σοῦ
1537 2581 1624 2631 τὴν
1666 2577 1844 2631 κλίνην.
1887 2575 1953 2627 27
1993 2577 2132 2626 iesua

575 2664 789 2736 iainIJro
811 2692 878 2701 —
900 2664 1077 2714 enim
1122 2669 1192 2730 τῷ
1233 2663 1414 2718 Ἰησοῦ.
1445 2677 1524 2723 ιι,
1560 2662 1622 2714 10
1661 2678 1717 2715 sa
1741 2665 1805 2713 ist
1836 2663 1932 2714 ault
1952 2691 2020 2701 ——
2045 2660 2131 2714 οὗ·

581 2772 665 2810 τος
687 2754 784 2821 γάρ
814 2753 942 2804 ἐστι.
975 2764 1143 2812 xxv",
1172 2747 1242 2800 ’45
1288 2750 1428 2801 vath
1460 2751 1579 2819 riqis
1605 2779 1672 2792 -—-
1699 2751 1878 2809 σκότος
1917 2753 2127 2821 ἐγένετο.

579 2839 647 2893 46
693 2840 834 2892 mila
877 2839 1103 2902 niundon
1128 2867 1194 2876 —
1221 2841 1420 2896 ἐννάτην
1457 2842 1625 2911 ὧρανε
1678 2842 1887 2904 quoties
1935 2840 2133 2890 nullatn

579 2929 941 2981 auctoritatem
968 2937 1178 2980 secutus
1200 2928 1360 2981 verba
1381 2930 1622 2996 quaedam
1648 2929 1827 2992 addit,
1851 2929 1922 2980 uti
1948 2927 2130 2980 Matth.

580 3035 634 3085 ν,
660 3020 722 3071 1⁵1
766 3021 845 3082 ik;
876 3018 940 3072 i9
983 3018 1106 3082 sali,
1132 3017 1270 3085 quod
1315 3018 1598 3086 respondet
1643 3033 1935 3085 ptacgresso
1988 3018 2129 3079 seei;

582 3123 670 3160 vni
687 3147 701 3172 ,
729 3106 798 3160 26
816 3110 948 3159 iesus
970 3107 1129 3174 (quod
1155 3107 1312 3159 etiam
1338 3107 1458 3176 Syr.
1483 3115 1539 3160 et
1569 3107 1719 3174 Vulg.
1749 3108 2014 3162 versiOiies
2036 3107 2128 3176 ad-

590 3197 785 3263 dunt);
838 3212 923 3262 Ix,
957 3197 1018 3249 i7
1060 3195 1215 3265 bipeh
1254 3195 1397 3265 pan;
1447 3211 1508 3262 ι,
1566 3196 1635 3250 28
1681 3196 1940 3266 ῥαιαῑιιεὶ,
1996 3198 2134 3265 quod

588 3297 780 3354 praeter
807 3286 1182 3340 Tertullianum
1215 3286 1420 3339 advers.
1449 3285 1636 3339 Gnost.
1667 3302 1783 3355 pag.
1813 3287 1914 3341 829
1946 3288 2131 3356 (nostr.

586 3376 779 3429 Patrol.
812 3386 944 3433 tom.
967 3377 1040 3439 ll,
1070 3363 1173 3429 cel.
1199 3377 1342 3443 139),
1373 3377 1464 3429 sed
1498 3376 1605 3430 alio
1636 3378 1750 3430 loco
1777 3380 1998 3444 positum
2032 3379 2137 3449 (qui

586 3468 750 3520 solum
775 3483 960 3534 corpus
987 3467 1259 3534 occidant),
1291 3467 1464 3519 nullus
1490 3467 1622 3520 liber
1647 3466 1829 3530 habet;
1853 3483 1928 3533 ιι,
1956 3467 2026 3520 25
2045 3469 2136 3532 eis;

589 3572 756 3618 xxvii,
792 3557 854 3610 l5
883 3557 1172 3624 warjauoh;
1199 3557 1405 3624 quoties
1447 3556 1546 3609 alia
1588 3557 1816 3620 omittit,
1849 3560 1920 3608 uti
1952 3556 2134 3609 eodem

586 3646 858 3713 evangelio
886 3660 1007 3710 uv,
1037 3645 1104 3696 43
1131 3637 1294 3714 iam,
1323 3661 1500 3709 xxvn,
1529 3647 1593 3700 16
1631 3648 1907 3719 λεγόμενονς
1933 3648 2136 3716 quoties

589 3748 764 3786 rerum
786 3748 849 3786 ac
874 3735 1145 3786 notionem
1185 3734 1616 3802 ampliﬁcationes
1656 3737 1901 3799 admittit,
1931 3739 1997 3789 de
2035 3752 2136 3803 qua

591 3838 647 3876 re
676 3824 794 3877 vide
830 3823 897 3876 ad
939 3824 1118 3877 Matth.
1145 3841 1217 3888 ix,
1248 3827 1279 3879 8
1308 3836 1360 3878 et
1389 3827 1477 3879 25.
1510 3827 1581 3879 cl'.
1608 3827 1673 3880 ad
1702 3827 1825 3883 Cor.
1858 3827 1898 3894 Ι,
1932 3842 2005 3889 Ix,
2037 3826 2134 3888 25;

587 3915 793 3982 quoties
825 3916 983 3970 verba
1024 3932 1224 3984 graeca,
1263 3919 1453 3984 saepius
1495 3919 1691 3985 posita,
1724 3918 1879 3970 variis
1916 3918 2138 3985 gothicis

590 4004 792 4072 reddit,
823 4005 895 4057 uti
928 4006 1111 4058 Matth.
1141 4021 1194 4069 v,
1222 4006 1311 4068 25,
1338 4007 1402 4058 24
1431 4006 1560 4071 aibr,
1592 4007 1706 4074 giba
1731 4005 1933 4080 (δῶρον)
1965 4021 2043 4068 v1,
2071 4005 2131 4067 2,

589 4092 624 4145 5
651 4093 968 4155 anduemtm,
999 4095 1197 4144 liabnnd
1249 4094 1563 4163 (ἀπέχουσι)
1597 4096 1658 4158 1,
1689 4093 1723 4144 2
1751 4097 1901 4159 laun,
1934 4095 2135 4146 mizdon

501 4171 510 4178 ’
590 4180 805 4250 (μισθόν)
850 4183 933 4247 19,
976 4183 1041 4235 20
1082 4182 1308 4250 hlifand.
1340 4183 1525 4233 stilaitd
1569 4181 1899 4250 (κλέπτουσι)
1930 4182 2016 4246 27,
2064 4183 2133 4235 28

589 4288 838 4323 mauman
856 4313 870 4337 ,
899 4288 1118 4341 saurgan
1145 4275 1430 4341 (μιριμνᾷν)
1459 4287 1526 4324 vn
1543 4312 1558 4335 ,
1585 4272 1650 4324 15
1675 4275 1989 4340 inngaggan,
2022 4274 2135 4323 inn-

595 4359 836 4430 galeipan
877 4361 1247 4433 (εἰσέρχισθαι)
1292 4361 1377 4422 ΓΙ,
1412 4362 1475 4413 18
1504 4363 1657 4430 gods,
1694 4361 1939 4430 [iiupeigs
1982 4364 2131 4431 (ἁγα-

588 4448 691 4514 θός)
719 4447 813 4513 24,
845 4448 911 4500 26
946 4449 1074 4513 vair,
1106 4464 1291 4499 manna
1330 4447 1519 4522 (ἁνήρ)
1550 4464 1629 4512 lx,
1660 4449 1724 4502 17
1765 4451 1987 4518 niujata,
2012 4452 2132 4521 jug-

588 4550 704 4604 gaia
746 4537 900 4604 (νέον)
930 4537 1027 4598 52,
1057 4538 1127 4589 55
1169 4537 1356 4599 bands,
1396 4538 1569 4589 dumb:
1613 4538 1822 4609 (κωφὸς)
1863 4555 2013 4603 XXVI,
2045 4540 2126 4601 70,

591 4626 656 4676 72
678 4626 934 4692 languida,
967 4625 1152 4689 afaiaik
1182 4625 1509 4696 (apricante);
1536 4626 1606 4679 cf.
1638 4627 1861 4679 Maresli.
1885 4643 2002 4695 pag.
2032 4630 2133 4681 472

587 4727 668 4779 sq.
695 4714 903 4764 Massm.
932 4714 989 4763 Β.
1013 4714 1078 4763 Α.
1106 4713 1241 4765 1834
1268 4727 1383 4781 pag.
1408 4713 1544 4777 962;
1571 4729 1636 4766 ex
1662 4716 1848 4782 quibus
1868 4717 2130 4782 omnibus,

588 4815 686 4851 nec
723 4800 891 4851 solum
924 4800 973 4849 in
1022 4800 1266 4853 Matthaao
1303 4802 1558 4864 inventis,
1601 4817 1781 4856 verum
1823 4805 1873 4856 in
1915 4805 2133 4872 reliquis

587 4888 746 4940 etiam
774 4887 1056 4953 evangeliis
1093 4899 1145 4940 et
1186 4890 1236 4940 in
1264 4889 1521 4955 epistolis,
1554 4890 1759 4943 Uliilam
1806 4908 1910 4945 non
1959 4893 2133 4959 inepte

589 4977 912 5041 grmcissare,
942 4974 1035 5027 sed
1066 4978 1324 5029 sermonis
1359 4976 1549 5043 gotbici
1580 4986 1631 5030 et
1669 4994 1871 5031 morum
1903 4980 2128 5033 indolem

589 5069 812 5120 fideliter
836 5082 1048 5120 servare
1075 5076 1313 5134 apparet.
1340 5068 1518 5136 Neque
1557 5068 1608 5121 in
1638 5071 1798 5123 altera
1830 5072 1916 5123 illa
1948 5085 2131 5123 recen-

510 5204 513 5205 ,
587 5158 756 5216 sione,
787 5170 941 5220 quam
971 5157 1256 5222 posteriore
1284 5165 1518 5222 tempore
1539 5156 1726 5210 factam
1753 5169 1806 5211 et
1828 5159 1967 5225 stylo
1995 5173 2128 5224 grie-

586 5243 663 5293 cis
704 5242 995 5294 accuratius
1042 5241 1388 5308 respondente
1434 5243 1749 5297 elaboratam
1792 5259 1911 5298 esse
1960 5260 2118 5310 supra

589 5331 840 5394 diximus,
872 5331 1212 5396 proprietates
1239 5332 1422 5396 lingum
1449 5331 1670 5398 gothica:
1693 5335 1760 5384 ita
1791 5335 2121 5397 interierunt,

586 5428 641 5471 ut
671 5434 762 5486 pro
796 5433 961 5485 grmca
1001 5417 1172 5470 verbis
1215 5418 1433 5485 gotbicis
1469 5419 1652 5471 vestita
1701 5420 1880 5473 haberi
1938 5423 2122 5488 possit.

655 5568 669 5595 '
701 5563 1244 5637 VidLGrimmiumde
1273 5567 1448 5637 lia_c_re
1473 5565 1642 5637 docte,
1669 5568 1742 5618 uti
1765 5569 1916 5630 solet,
1943 5569 2117 5637 dispu-

566 5641 778 5686 tantem
806 5630 1030 5683 Gi'antm.
1056 5634 1201 5699 praef.
1226 5632 1686 5700 p.XLVlediti0nis
1719 5638 1926 5702 prioris.

1649 331 2006 386 BIBLI‘JRUM
2048 332 2380 385 ULFILANA
2425 332 2685 386 VERSIO.
3669 336 3753 388 484

2226 443 2358 506 Quae
2395 443 2480 507 qui
2512 443 2875 501 considerant,
2910 441 3143 507 Ulmum,
3172 451 3422 510 quantum
3455 458 3553 510 pro
3583 443 3752 499 intelli-

2226 529 2394 594 gentia
2424 529 2534 581 fieri
2565 538 2796 595 poterat,
2821 543 3108 594 graecorum
3135 531 3352 598 vestigia
3384 532 3632 596 religiose
3660 549 3753 600 per-

2228 625 2496 675 secutum,
2529 617 2618 667 ubi
2663 626 2835 668 autem
2868 617 3054 685 lingure
3093 618 3296 670 indoles
3340 621 3417 672 sic
3452 623 3751 686 postularet.

2228 705 2433 757 illorum
2461 707 2770 758 auctoritate
2814 715 3110 773 contempta
3150 721 3360 762 sensum
3408 719 3584 762 tamen
3615 712 3757 778 probe

2224 801 2380 861 atque
2407 806 2548 847 recte
2579 796 2866 848 reddidisse
2895 798 3142 849 sentient.

2295 884 2429 935 Sunt
2455 884 2664 950 quidem
2691 884 2832 947 loca,
2864 885 2948 936 tibi
2978 884 3148 936 minus
3179 896 3423 940 accurate
3449 887 3756 940 convertisxe

2226 970 2459 1032 videtur;
2493 971 2541 1022 id
2565 982 2740 1024 autem
2770 973 3016 1026 omnibus
3058 974 3166 1026 fere
3198 973 3496 1042 linguarum
3549 978 3757 1041 peregri-

2228 1075 2408 1111 narum
2456 1061 2830 1126 interpretibus
2874 1063 3096 1128 accidit,
3139 1072 3194 1116 ut
3236 1073 3324 1116 aut
3371 1081 3400 1116 a
3451 1065 3754 1131 singulorum

2228 1150 2505 1201 verborum
2549 1150 2779 1202 auctoris
2817 1152 3107 1218 signiﬁcatu
3152 1151 3492 1221 oberrarent,
3534 1154 3757 1220 aut-ejus

2226 1239 2536 1290 sententiam
2579 1254 2682 1291 non
2725 1251 3149 1314 assequerentur,
3182 1252 3273 1295 aut
3309 1258 3516 1296 morum
3558 1244 3755 1297 aliarum

2225 1328 2457 1394 gentium
2486 1328 2943 1396 institutorumque
2973 1331 3206 1383 notitiam
3242 1347 3344 1384 non
3382 1333 3514 1384 satis
3545 1341 3758 1399 paratam

2228 1417 2500 1469 haberent.
2533 1416 2708 1483 Neque
2739 1418 2940 1470 Ullilam
2960 1458 2973 1476 ,
3009 1419 3195 1486 lingua:
3223 1435 3412 1488 graeca:
3449 1420 3659 1488 egregie
3688 1435 3760 1488 pe-

2228 1508 2383 1560 ritum
2411 1519 2462 1560 et
2490 1508 2749 1575 praecipua
2787 1518 2897 1560 arto
2935 1523 3066 1575 opus
3105 1524 3254 1561 suun
3288 1511 3598 1574 facientem,
3623 1512 3686 1563 ab
3710 1526 3760 1562 ea

2227 1597 2376 1662 culpa
2409 1597 2631 1650 liberare
2680 1598 2832 1649 nobis
2873 1597 3074 1649 animus
3104 1605 3215 1659 Bst,
3237 1599 3326 1666 qni
3355 1601 3661 1652 sacerdotes
3683 1599 3760 1652 Ju-

2229 1688 2460 1740 dseornm
2492 1687 2546 1738 in
2571 1688 2770 1740 classes
2792 1687 3085 1753 descriptos
3121 1702 3314 1755 easque
3344 1689 3577 1755 singulas
3605 1691 3764 1756 singu-

2232 1776 2292 1827 iis
2322 1776 2732 1827 hebdomadibus
2756 1791 2971 1828 munere
2999 1790 3150 1828 sacro
3183 1775 3387 1828 functas
3416 1775 3580 1829 fuisse
3609 1778 3762 1829 nesci-

2227 1875 2303 1916 ret
2325 1906 2338 1923 ,
2375 1879 2492 1915 nam
2523 1866 2761 1936 ἐφημερίοι
2791 1864 2915 1916 Luc.
2943 1881 2985 1928 i,
3011 1863 3043 1916 5
3071 1874 3122 1917 et
3151 1866 3184 1918 8
3216 1878 3311 1917 nec
3353 1880 3448 1932 per
3483 1865 3599 1932 arar
3641 1867 3764 1934 (post

2226 1955 2262 2007 i.
2287 1971 2336 2006 e.
2370 1955 2588 2020 posteri,
2624 1955 2956 2020 posteritas),
2989 1969 3085 2007 nec
3116 1969 3206 2020 per
3234 1954 3352 2006 Iunii
3377 1956 3589 2022 (genus,
3622 1969 3758 2021 gens,

2229 2041 2442 2109 familia)
2469 2041 2884 2095 c0nvertendnin
2912 2051 3053 2104 erat,
3099 2056 3268 2109 neque
3296 2043 3604 2106 laudamus,
3638 2043 3760 2108 quod

2226 2130 2410 2183 Matth.
2436 2145 2484 2188 v,
2513 2131 2579 2182 26
2610 2130 2844 2181 minuista
2887 2128 3177 2197 (minimus)
3211 2143 3305 2196 pro
3345 2127 3571 2199 ἔσχατος
3617 2131 3764 2197 (aflu-

2229 2219 2431 2287 mistu),
2465 2220 2622 2272 Marc.
2649 2235 2696 2284 ι,
2728 2221 2760 2274 4
2800 2222 3041 2289 aﬂageina
3088 2220 3407 2289 (depositio)
3463 2237 3556 2289 pro
3606 2221 3766 2292 ἄμαις

2231 2311 2454 2375 ([ralet),
2495 2307 2727 2372 Liicavr,
2768 2309 2837 2362 44
2878 2311 3060 2385 ινιιᾴαη
3109 2310 3378 2378 (calcare)
3419 2326 3514 2377 pro
3555 2317 3766 2384 τρυγᾶν,

2229 2400 2347 2452 Cor.
2382 2397 2448 2461 ll,
2488 2413 2566 2459 ιιι,
2607 2397 2677 2449 20
2714 2401 2766 2448 in
2811 2397 3037 2449 arbaidai
3087 2400 3293 2465 briggan
3339 2413 3433 2466 pro
3479 2400 3767 2474 ἐπαίρεσθαι

2232 2487 2432 2552 posuit,
2459 2484 2528 2538 cf.
2555 2485 2750 2538 Casnll.
2774 2485 2839 2537 ad
2888 2484 3090 2538 Coloss.
3135 2500 3198 2548 ιι,
3225 2487 3327 2548 25;
3373 2486 3454 2538 his
3489 2486 3639 2539 locis”
3667 2502 3772 2539 ver-

2231 2578 2415 2632 borum
2473 2575 2795 2642 singulorum
2856 2576 3288 2643 signiﬁcationem
3358 2577 3658 2629 accuratius
3699 2578 3770 2627 in-

2231 2667 2494 2735 vestigare
2537 2666 2796 2732 neglexit,
2826 2666 2962 2730 quod
3007 2666 3163 2718 etiam
3207 2667 3256 2718 in
3299 2666 3584 2719 reddendis
3628 2669 3772 2733 parti-

2231 2757 2362 2808 culis
2391 2754 2700 2822 quibusdam
2729 2756 2776 2809 ei
2803 2755 3020 2818 accidit,
3047 2757 3156 2807 vid.
3180 2755 3246 2808 ad
3274 2757 3394 2808 Cor.
3419 2756 3437 2807 l
3458 2797 3472 2819 ,
3497 2771 3572 2820 iv,
3597 2757 3659 2818 5;
3690 2771 3771 2819 vn,

2236 2846 2331 2907 i7;
2358 2844 2417 2904 Il,
2443 2859 2516 2909 ιι,
2540 2844 2624 2896 16.
2656 2844 2764 2897 Ιιιιο
2792 2860 2852 2897 ea
2883 2845 3144 2912 pertinent
3168 2845 3300 2907 loca,
3328 2845 3414 2897 tibi
3443 2844 3663 2899 interior
3686 2846 3773 2899 lin-

2235 2949 2349 3002 guai
2376 2948 2561 3001 graeca:
2590 2934 2816 3003 cognitio
2844 2935 2894 2988 ei
2921 2934 3116 3000 defuit,
3149 2935 3226 2988 sic
3255 2935 3409 2989 Joan.
3442 2952 3561 3000 vni,
3592 2938 3662 2992 25
3700 2946 3778 2993 τήν

2237 3025 2404 3096 ἀρχήν
2433 3024 2567 3075 male
2607 3011 2894 3087 converiit,
2925 3025 3060 3092 quod
3107 3023 3284 3076 vitium
3318 3021 3476 3076 etiam
3510 3027 3580 3078 ab
3627 3027 3776 3079 inter-

2238 3114 2468 3181 pretibus
2515 3113 2868 3179 compluribus
2916 3113 3090 3165 latinis
3141 3113 3486 3166 commissum
3535 3123 3655 3179 est;
3699 3125 3779 3165 aut

2234 3205 2510 3254 verborum
2536 3201 2773 3254 ordinem
2801 3203 3086 3254 secundum
3121 3201 3261 3268 leges
3290 3217 3602 3256 communes
3649 3215 3778 3256 recte

2232 3291 2472 3358 quidem,
2501 3292 2591 3345 sed
2630 3307 2744 3345 cum
2788 3307 2973 3346 sensus
3020 3293 3334 3346 detrimento
3383 3295 3634 3359 mutavit,
3665 3294 3770 3346 vd.

2234 3382 2299 3435 ad
2329 3381 2479 3434 Joan.
2515 3398 2616 3444 HV,
2651 3385 2744 3446 il;
2789 3392 2877 3435 aut
2921 3383 3075 3435 verba
3106 3397 3275 3449 grzeca
3319 3384 3584 3451 explicata
3617 3385 3778 3437 facilia

2235 3469 2451 3523 liberius
2473 3486 2626 3537 quam
2672 3471 2734 3522 ad
2759 3484 2966 3523 sensum
2995 3471 3318 3523 reddendum
3340 3473 3784 3526 accommodatius

2235 3563 2522 3620 convertit,
2569 3561 2740 3627 qualia
2784 3559 2895 3612 loca
2942 3569 3064 3612 sunt
3090 3559 3215 3612 Cor.
3243 3559 3292 3623 l,
3325 3576 3395 3612 xit
3417 3600 3431 3624 ,
3466 3563 3556 3627 15,
3586 3565 3692 3616 vid.
3722 3565 3778 3615 ad

2237 3647 2289 3699 lt.
2324 3649 2389 3710 l.;
2436 3648 2586 3700 Rom.
2623 3663 2706 3710 χι,
2753 3649 2820 3700 24
2865 3648 2950 3702 ubi
2997 3651 3129 3705 κατὰ
3173 3650 3318 3720 φύσιν
3358 3661 3412 3703 et
3457 3654 3601 3727 παρά
3646 3657 3785 3726 φύσιν

2236 3737 2476 3801 opposita
2515 3750 2615 3788 non
2648 3737 2815 3787 solum
2847 3753 2950 3788 non
2983 3737 3245 3800 reddidit,
3273 3739 3364 3791 sed
3396 3740 3588 3806 prioris
3624 3756 3783 3794 enun-

2239 3823 2348 3874 tiati
2378 3838 2586 3875 sensmn
2619 3828 2900 3890 pervertit,
2935 3841 3051 3877 nam
3082 3841 3176 3892 pro
3207 3843 3269 3879 us
3309 3827 3456 3879 vistai
3485 3828 3575 3897 [iis
3604 3829 3785 3898 eilprit

2235 3913 2588 3980 elevabagmis,
2620 3928 2650 3966 e
2678 3925 2859 3966 natura
2905 3915 3058 3983 hujus
3095 3917 3318 3983 agrestis
3344 3920 3499 3983 olem,
3528 3922 3572 3974 si
3601 3925 3787 3988 graacis

2235 4003 2287 4053 ἐκ
2312 4008 2399 4060 τῆς
2422 4006 2550 4055 κατὰ
2578 4004 2724 4073 φύσιν
2753 4005 3034 4075 ἀγριελαίου
3065 4005 3385 4071 respondere
3405 4007 3706 4073 debebant,
3737 4028 3788 4062 ω

2235 4087 2446 4157 ῥαηιηια
2487 4089 2593 4156 (bi)
2638 4091 2870 4141 vistai—
2897 4093 3222 4161 atembagma
3263 4097 3605 4151 scribendum
3659 4109 3784 4152 erat.

2237 4174 2334 4228 Ubi
2383 4185 2596 4242 propter
2635 4177 2895 4228 defectum
2946 4179 3264 4244 formarum,
3308 4182 3499 4248 quibus
3548 4193 3788 4252 tenipira

2237 4263 2381 4316 verbi
2406 4265 2675 4331 signantur
2698 4280 2863 4332 graeca
2891 4268 3183 4319 accuratius
3210 4268 3432 4323 reddere
3459 4287 3564 4324 non
3594 4275 3784 4340 potuit,

2237 4354 2372 4405 nulla
2401 4353 2609 4420 quidem
2634 4353 2816 4422 dignus
2838 4366 2919 4406 est
2945 4355 3343 4424 vituperatione,
3377 4359 3471 4413 sed
3495 4372 3550 4413 et
3576 4362 3708 4414 Cor.
3738 4362 3783 4426 Ι,

2235 4455 2326 4492 xvr
2344 4480 2357 4504 ,
2384 4441 2417 4493 5
2444 4440 2741 4511 δοκιμάσητε
2772 4446 3033 4508 prmterito
3063 4447 3254 4514 gakusu
3257 4447 3301 4516 1;
3331 4464 3426 4514 pro
3464 4450 3718 4522 galiiusip
3746 4463 3793 4504 et

2232 4529 2382 4584 Joan.
2418 4545 2472 4594 ν,
2502 4531 2570 4582 45
2612 4532 2695 4582 ubi
2743 4532 3070 4598 participium
3118 4544 3410 4607 κατηγορῶν
3453 4539 3793 4591 circumscri-

2234 4620 2407 4686 ptione
2432 4619 2643 4672 relativa
2671 4619 2916 4684 reddidit,
2941 4631 3197 4685 praesente
3218 4622 3432 4693 vro/cei];
3461 4640 3556 4691 pro
3580 4628 3791 4680 vrohia‘a

2235 4709 2425 4760 rectius
2469 4709 2540 4761 uti
2585 4718 2809 4775 poterat.
2854 4710 3116 4778 Quotquot
3160 4719 3335 4763 autem
3379 4713 3492 4766 loca
3537 4713 3632 4769 his
3677 4717 3790 4770 addi

2234 4806 2484 4864 possunt,
2515 4799 2703 4862 quibus
2736 4797 2916 4851 Ulfilas
2943 4800 3133 4868 aliquid
3163 4801 3378 4855 bumani
3407 4813 3487 4856 est
3517 4820 3715 4871 passus
3746 4809 3786 4870 ’,

2236 4899 2406 4940 tamen
2437 4902 2530 4955 pro
2571 4896 2714 4940 tanto
2743 4903 2904 4954 opere
2932 4904 3116 4942 eorum
3145 4906 3396 4944 numerus
3428 4901 3533 4945 tam
3567 4899 3794 4964 exiguus

2232 4987 2285 5030 et
2313 4986 2523 5045 peccata
2552 4989 2654 5030 tam
2695 4979 2832 5030 levia
2861 4987 3014 5040 sunt,
3044 4987 3101 5030 nt
3128 4979 3240 5044 ejus
3280 4979 3662 5049 interpretatio
3703 4999 3794 5051 pro

2231 5068 2425 5133 Optima
2459 5066 2690 5118 habenda
2722 5067 2815 5128 sit;
2842 5067 2929 5118 illa
2957 5078 3127 5120 autem
3157 5069 3266 5122 loca
3300 5072 3528 5122 maxime
3557 5071 3703 5127 hanc
3725 5076 3790 5126 ob

2231 5168 2440 5205 causam
2494 5153 2855 5218 indicavimus,
2905 5170 2970 5206 ne
3024 5155 3139 5222 quis
3187 5154 3414 5207 Gothum
3459 5157 3534 5210 ibi
3585 5163 3788 5213 variam

2230 5255 2514 5309 graecorum
2546 5241 2824 5294 lectionem
2849 5253 3083 5297 secutum
3111 5246 3413 5299 arbitretur.

2297 5330 2553 5383 Cietei'um
2585 5331 2772 5394 saepius
2805 5333 2994 5386 iactum
3023 5343 3124 5395 est,
3152 5347 3210 5387 ut
3259 5335 3542 5403 scripturae
3596 5341 3788 5393 simili-

2231 5419 2410 5471 tudine
2457 5420 2574 5470 sive
2603 5418 2924 5485 singularum
2968 5423 3285 5484 litterarum,
3337 5425 3451 5478 sive
3495 5428 3792 5483 verborum

2297 5573 2314 5599 '
2363 5564 2473 5646 V'id.
2505 5572 2572 5646 ad
2605 5571 2756 5646 Marc.
2789 5589 2878 5636 ιιι,
2922 5575 3010 5638 13,
3037 5574 3168 5627 Luc.
3211 5589 3317 5642 ut,
3351 5577 3458 5640 i6;
3505 5593 3653 5646 xvu,
3696 5583 3794 5646 2‘3;

2230 5641 2466 5693 'l'hessal.
2503 5641 2540 5703 l,
2571 5657 2618 5703 v,
2644 5642 2729 5693 25.
