3820 6338
128 313 203 366 185

1401 304 1917 361 PROLEGOBIENA.

3147 301 3249 353 486

128 420 386 489 compendiis
399 422 446 473 in
465 434 564 473 suo
584 420 768 474 codice
784 421 1028 488 deceptus
1045 421 1200 474 aliter
1221 429 1527 485 atqueuunc
1549 423 1598 472 in
1704 437 1806 486 quo
1838 422 1887 472 in
1915 434 2133 472 numero
2155 435 2214 472 ea
2273 419 2500 472 maxime
2543 428 2686 480 sunt,
2719 417 2807 471 ubi
2837 418 3034 472 oblitus
3061 419 3250 472 verbo-

125 512 360 578 grecisest,
373 511 707 563 converterit.
733 510 879 563 Nunc
895 525 997 562 non
1021 509 1087 563 de
1108 511 1236 562 locis
1258 509 1414 563 Marc.
1430 525 1523 572 vn,
1538 511 1603 572 '5;

1712 525 1825 560 rum
1852 518 2146 568 structure,
2193 522 2349 574 quam
2379 508 2637 560 sermonis
2657 507 2851 574 gothici
2901 509 3036 560 ratio
3075 518 3256 576 postn-

125 602 221 655 Cor.
247 599 296 662 ii,
320 601 477 661 ν,10;
533 599 759 666 Philipp.
785 615 855 659 tv,
886 600 919 652 8
971 599 1204 658 dicetur.
1238 613 1358 650 nam
1404 599 1474 651 ibi
1515 614 1610 666 pro
1713 598 1871 656 labat,
1899 610 2066 665 grzcca
2103 598 2212 649 sola
2243 609 2453 649 secutus
2481 596 2826 664 negligentius
2844 598 3135 660 convertit;
3177 597 3257 651 sic

124 698 277 760 πυγμῇ,
315 688 384 741 διὰ
430 698 480 740 et
536 689 665 756 aqua}
694 688 849 741 etiam
905 688 1219 754 interpretes
1249 687 1393 739 latini
1420 687 1611 752 aliique
1712 686 1836 738 Luc.
1858 685 1973 747 1,9,
1998 686 2160 738 hluuls
2186 690 2338 738 inuno
2367 702 2555 737 uri-ann
2579 688 2647 736 du
2663 687 2829 751 saljan
2859 688 3257 754 atgaggeuds

126 782 354 845 scriptores
378 779 536 830 πυκνά
559 778 666 845 (vel
695 778 865 829 simile
901 777 1070 844 quid),
1119 775 1222 830 ἴδια
1246 785 1299 829 et
1321 777 1446 846 ἄνια
1474 764 1614 843 lege-

127 878 240 927 runt,
263 864 320 916 ita
348 873 396 914 ut
424 863 472 915 in
495 864 697 929 aliquot
742 865 886 916 libris
907 864 1165 929 ejusmodi
1193 865 1420 917 varietas
1450 863 1614 916 exsti-

129 953 228 1003 tisse
265 952 508 1013 videatur;
543 965 710 1017 neque
752 953 989 1004 eamdem
1023 953 1091 1004 ob
1134 967 1350 1004 causam
1378 951 1500 1003 Cor.
1552 951 1612 1013 ll,

127 1056 156 1102 ι,
179 1040 232 1092 24
257 1041 342 1092 huc
367 1039 668 1092 trahendum
697 1051 798 1102 est,
824 1054 944 1091 natu
968 1055 1063 1107 pro
1090 1046 1259 1114 χαρᾶς
1290 1055 1390 1090 nuu
1413 1037 1616 1092 Gothus

127 1131 260 1181 solum
301 1132 495 1205 χάριτος
550 1128 697 1196 legit,
729 1143 909 1180 verum
964 1128 1120 1180 etiam
1171 1127 1324 1180 codd.
1358 1129 1446 1192 57,
1477 1129 1534 1179 Ἠ
1568 1135 1622 1179 et

129 1219 268 1270 versio
307 1217 620 1280 Anuenica;
671 1231 788 1269 cum
845 1216 1020 1282 priore
1074 1225 1248 1267 autem
1299 1215 1390 1266 illo
1440 1213 1623 1267 codice

126 1305 291 1358 Gothus
333 1306 616 1370 saepissime
668 1305 953 1370 conspirat.
1006 1302 1238 1356 Citamus
1289 1303 1462 1371 petius
1511 1305 1624 1354 loca

127 1392 259 1445 lare.
287 1408 350 1455 is,
378 1396 457 1457 l8,
487 1394 577 1446 ubi
608 1408 701 1460 pro
729 1395 906 1467 ῥησσιι
935 1393 1061 1459 legit
1085 1393 1252 1463 ῥίπτει
1300 1403 1355 1444 et
1382 1390 1620 1444 Thessal.

127 1481 158 1541 Ι,
183 1497 226 1543 v,
255 1484 330 1544 Η,
370 1483 455 1535 ubi
496 1484 737 1551 ἀνέχεσθε
790 1497 883 1548 pro
934 1483 1253 1549 ἁντίχισθξς
1313 1495 1625 1546 quamquam

127 1581 224 1623 sunt
263 1571 426 1634 etiam,
468 1576 557 1638 qui
603 1574 684 1623 his
716 1572 846 1624 locis
886 1585 1005 1622 cum
1037 1569 1194 1624 Gothi
1243 1569 1465 1623 lectione
1503 1584 1629 1621 con-

125 1661 336 1724 sentiant,
385 1675 435 1714 et
482 1663 578 1714 illo
618 1661 826 1727 quidem
886 1661 951 1714 12
987 1674 1071 1727 ap.
1130 1659 1252 1721 ML,
1299 1660 1398 1711 huc
1448 1660 1514 1712 74
1541 1675 1630 1727 ap.

129 1748 324 1813 Giese,
368 1751 454 1803 sed
484 1765 607 1802 cum
636 1750 700 1803 iis
725 1750 870 1802 libris
898 1762 1186 1801 consensus
1210 1756 1299 1799 aut
1328 1747 1522 1812 nullus,
1543 1756 1634 1801 aut

123 1849 208 1892 tam
236 1853 369 1891 rarus
393 1850 492 1903 Cal,
546 1848 602 1891 ut
632 1839 717 1891 hic
762 1852 887 1890 casu
925 1838 1152 1904 quodam
1182 1851 1234 1891 et
1270 1837 1484 1890 fortuito
1508 1853 1636 1890 con-

121 1934 270 1982 cinere
291 1939 338 1982 et
373 1930 599 1983 librariis
629 1929 788 1992 idem,
811 1930 947 1997 quod
977 1926 1151 1981 Gotho
1182 1927 1438 1980 accidisse
1461 1927 1638 1980 videa-

126 2031 217 2082 tur;
241 2021 467 2088 idemque
491 2021 559 2074 de
581 2021 709 2073 Luc.
740 2035 777 2084 ι,
805 2021 870 2073 10
896 2021 1192 2083 statuimus,
1229 2019 1315 2071 ubi
1337 2028 1390 2071 et
1411 2034 1440 2071 a
1464 2017 1637 2070 Gotho

127 2116 216 2158 eta
257 2109 471 2162 librariis
529 2108 730 2162 codicis
781 2110 876 2162 131
929 2119 980 2161 et
1028 2109 1365 2175 evangeliarii
1409 2109 1478 2161 4t
1543 2121 1638 2174 pro

125 2199 487 2270 πρθσωχὸμενον
517 2197 650 2250 falso
677 2197 1084 2270 προσδεχόμενον
1114 2200 1305 2251 lectum
1334 2208 1434 2251 est.
1486 2197 1638 2250 Falso

123 2300 221 2336 eum
248 2286 422 2353 legiSse
450 2289 620 2338 multo
647 2287 840 2338 clarius
872 2295 1087 2353 apparet
1118 2287 1244 2338 huc.
1292 2301 1383 2348 vn,
1422 2287 1515 2349 25,
1552 2286 1638 2338 ubi

127 2376 256 2439 grmci
300 2391 475 2430 omnes
518 2384 680 2449 τρυφῇ
728 2376 944 2438 habent,
979 2379 1089 2442 ipse
1138 2387 1310 2428 autem
1361 2377 1636 2437 convertit,

123 2469 244 2531 quasi
264 2477 408 2540 τροφῇ
437 2466 720 2536 ({odeiuai,
770 2467 876 2518 vid.
920 2465 1102 2518 Matth.
1133 2481 1204 2524 Vl,
1246 2467 1338 2530 25,
1367 2464 1476 2526 26;
1510 2464 1635 2516 Luc.

127 2554 274 2617 v.16;
305 2557 430 2623 Eph.
463 2573 516 2619 v,
547 2556 649 2617 29;
681 2555 852 2609 Skeir.
905 2555 992 2620 50,
1030 2557 1116 2622 14)
1167 2556 1425 2623 scriptum
1482 2569 1637 2620 repe-

124 2645 281 2708 risset;
309 2647 382 2698 sic
435 2646 595 2698 Joau.
633 2662 740 2708 avt,
769 2647 801 2699 6
847 2660 966 2698 cum
1005 2646 1289 2713 gadeubida
1319 2644 1642 2712 (obduravit)

123 2732 387 2798 scripserit,
445 2738 753 2805 πιπῶρωκιν
808 2748 902 2800 pro
954 2733 1271 2808 πιπλήρωκεν
1323 2731 1642 2800 (ιιεῙιιιιίάα)

124 2819 286 2885 legisse
327 2820 720 2874 existimandus
749 2830 856 2883 est;
903 2831 956 2875 et
997 2821 1153 2874 fidem
1206 2821 1399 2874 habent
1444 2820 1643 2874 Mares-

124 2907 269 2960 ballus
320 2920 373 2961 et
415 2909 696 2961 Beuaelins
727 2947 744 2972 ,
805 2909 896 2976 qui
942 2909 1149 2963 Ullllam
1206 2907 1366 2960 Marc.
1427 2922 1491 2969 ι,
1551 2907 1643 2971 22,

121 3002 339 3068 χρήματα
368 3013 461 3065 pro
503 3004 772 3070 κτήματα,
818 3009 873 3052 et
902 2999 1082 3052 Matth.
1115 3013 1274 3060 xxv",
1302 2998 1388 3062 52,
1417 3001 1649 3069 κειμένοιν

124 3098 206 3149 pro
227 3091 585 3160 κεκοιμημένων
615 3103 708 3154 per
729 3089 958 3141 similem
986 3103 1220 3142 errorem
1250 3089 1439 3155 legisse
1465 3090 1646 3140 existi-

129 3182 274 3237 mant,
306 3175 409 3226 vid.
451 3176 522 3227 ad
570 3175 661 3226 bh.
710 3175 797 3239 l|.;
849 3191 1019 3244 neque
1045 3177 1220 3229 minus
1265 3176 1467 3228 idoneis
1495 3191 1650 3241 argu-

123 3259 290 3310 mentis
311 3261 376 3313 ad
402 3260 567 3313 Mare.
591 3277 644 3323 χ,
666 3261 736 3313 24
755 3262 1182 3330 comprobavisse
1207 3265 1359 3315 nobis
1387 3264 1644 3329 videmur,

124 3342 323 3400 Gothum
367 3351 716 3410 πιποθηιώτας
759 3351 1161 3417 interpretatum
1208 3365 1325 3403 esse
1351 3367 1448 3418 pro
1477 3372 1654 3404 πεποι-

118 3434 280 3499 “fit;
306 3438 381 3490 sic
428 3437 593 3491 Marc.
637 3453 724 3502 xv,
774 3437 845 3493 29
881 3439 1280 3507 praepositiones
1305 3443 1446 3511 παρὰ
1472 3449 1526 3492 et
1552 3443 1652 3514 πρό

124 3520 170 3572 in
195 3527 573 3591 compositione
598 3543 718 3580 eum
759 3543 862 3581 non
892 3539 1034 3583 recte
1057 3529 1361 3583 distinxisse
1410 3532 1653 3596 vidimus,

121 3611 208 3664 nisi
247 3615 417 3680 poius
463 3617 715 3669 librarius
759 3618 810 3670 in
865 3617 1106 3671 codicem
1154 3619 1401 3671 mendum
1454 3621 1653 3683 intulit;

124 3710 274 3765 neque
296 3703 656 3768 improbabile
675 3705 881 3756 videtur
903 3705 1240 3772 interpretem
1265 3717 1498 3759 nostrum
1529 3707 1655 3760 Luc.

125 3801 230 3851 ιιι,
279 3789 312 3842 2
357 3793 692 3864 ὑποστρέψαι
750 3793 1083 3848 lestinatiuue
1122 3796 1344 3862 quadam
1385 3797 1658 3862 abreptum

124 3879 536 3948 prnomen-,5"
564 3891 620 3933 et
669 3881 769 3943 18,
813 3884 878 3936 55
903 3891 1194 3949 προσαιτεῖν
1244 3899 1336 3950 pro
1377 3893 1660 3957 προσαιτῶν

122 3967 313 4032 legisse,
340 3968 543 4022 deinde
596 3969 724 4022 Cur.
769 3971 830 4036 ll,
889 3986 965 4034 ιιι,
997 3974 1027 4024 7
1054 3971 1221 4045 ὶνδόξῃ
1249 3986 1366 4024 cum
1397 3971 1558 4033 ἐνδόξη
1604 3983 1663 4024 et

123 4053 233 4108 Luc.
261 4072 371 4119 vni,
405 4060 479 4112 53
511 4059 700 4118 εἰδότες
744 4075 862 4112 cum
907 4060 1092 4119 ἰδόντες
1135 4062 1531 4127 permutavisse.
1585 4060 1663 4112 Ad

125 4141 237 4194 Luc.
287 4160 342 4198 ut
371 4184 388 4209 ,
424 4147 494 4198 14
552 4160 650 4197 nos
688 4147 937 4213 probasse
962 4149 1315 4213 conjecturam
1348 4146 1663 4212 Mareshalli,

120 4230 379 4293 judicantis
431 4235 647 4287 Ullilam
682 4251 776 4301 pro
817 4239 1042 4307 ἀρκεῖσθε
1068 4237 1292 4290 fortasse
1339 4235 1531 4310 ἄρχετε
1577 4245 1667 4290 aut

121 4314 328 4390 ἄρχεσθε
357 4323 578 4390 legisse,
606 4337 743 4375 nunc
774 4327 1014 4388 paenitet,
1056 4336 1330 4390 prepterea
1361 4326 1500 4391 quod
1549 4326 1668 4376 nul-

123 4408 220 4462 lum
252 4411 477 4464 verbum
536 4425 656 4463 cum
710 4411 892 4465 valdan
928 4414 1275 4480 compositum
1315 4412 1440 4466 illud
1483 4411 1676 4484 ἄρχειν-

121 4499 376 4564 continet,
427 4510 488 4552 et.
541 4499 814 4566 ganohidai
866 4499 1074 4569 sijat'b,
1126 4501 1264 4569 quod
1322 4505 1374 4554 in
1430 4501 1667 4569 Margine

120 4588 359 4655 scriptum
389 4598 500 4650 est,
532 4603 705 4657 giossa
749 4592 922 4656 potius
964 4606 1122 4657 quam
1154 4594 1297 4642 varia
1349 4592 1503 4644 lectio
1550 4606 1670 4646 esse

124 4674 336 4730 videtur.
366 4679 529 4741 Quod
560 4693 685 4730 vero
715 4679 877 4732 Marc.
910 4695 1000 4742 xv,
1043 4681 1113 4733 24
1142 4690 1195 4733 et
1235 4681 1367 4734 Luc.
1407 4697 1492 4746 xv,
1537 4682 1570 4734 8
1593 4685 1670 4742 τίς

119 4774 230 4813 εα-
262 4783 362 4829 uc,
391 4763 527 4816 Cor.
553 4762 592 4824 1,
619 4780 673 4827 x,
706 4767 769 4817 17
791 4777 846 4818 et
873 4766 1095 4834 Philipp.
1128 4783 1165 4831 ι,
1193 4769 1256 4821 16
1280 4771 1326 4821 οἱ
1363 4785 1480 4822 cum
1507 4772 1553 4822 οἷ
1577 4770 1668 4839 (cf.

123 4848 239 4903 an.
258 4866 370 4914 “tt,
398 4851 514 4919 14),
547 4851 664 4907 Gal.
696 4869 755 4919 ll,
787 4855 848 4906 17
871 4850 971 4925 ἆρα
1000 4872 1118 4908 cum
1143 4857 1244 4928 ἄρα
1272 4870 1562 4925 permutata
1594 4863 1672 4913 in-

125 4941 434 5005 veniuntur;
471 4943 527 4995 id
553 4943 667 4994 sola
699 4943 1000 5011 interpretis
1021 4946 1330 5013 negligentia
1355 4946 1544 4999 factum
1561 4957 1669 5008 est;

123 5027 225 5082 ﬁeri
249 5039 426 5084 autem
456 5030 666 5084 facilius
696 5040 900 5099 poterat
933 5044 1145 5101 propter
1179 5045 1432 5088 accentus
1468 5045 1522 5088 et
1565 5038 1674 5103 spi-

123 5114 244 5168 ritus
267 5118 574 5187 antiquitus
598 5121 844 5172 omissos.
902 5118 993 5173 llis
1022 5122 1180 5174 etiam
1211 5123 1261 5174 in
1309 5123 1439 5175 locis
1481 5138 1676 5176 caven-

123 5202 238 5254 ιΙιιιι
279 5215 386 5271 est,
426 5219 500 5258 ne
550 5206 672 5274 quis
701 5220 731 5256 a
758 5206 930 5262 Gutho
971 5210 1272 5263 varietatem
1295 5213 1450 5279 graeci
1496 5221 1674 5266 textus

124 5290 373 5347 redditam
402 5295 675 5363 opinetur.

189 5378 391 5443 Restat,
417 5392 480 5434 ut
509 5382 577 5436 de
601 5383 664 5435 iis
692 5382 848 5436 etiam
890 5384 1020 5440 locis
1051 5387 1347 5455 loquamur,
1376 5391 1463 5446 ubi
1493 5390 1676 5446 Ullilas

125 5468 242 5521 vitia
259 5483 448 5524 contra
501 5472 697 5540 linguae
744 5487 852 5526 sua:
899 5474 1040 5543 leges
1085 5481 1415 5533 commisisse
1452 5483 1674 5544 videtur,

190 5579 362 5657 '7Vid.
424 5580 757 5657 lleupelium
887 5584 921 5636 Ι.
944 5587 1007 5657 4,⁸
1036 5602 1099 5657 Aa,
1129 5591 1215 5657 qui
1264 5591 1465 5643 Franzii
1496 5605 1673 5647 aucto-

125 5647 268 5700 ritate
289 5647 589 5716 permotus,
619 5651 877 5706 versionis
903 5647 1125 5722 gotbica:
1141 5647 1501 5726 'przestautiam
1523 5663 1668 5730 igno-

1716 791 1808 842 pro
1831 778 2192 843 algaggandin,
2211 777 2332 842 quia
2361 776 2411 827 in
2433 790 2605 842 grazco
2625 789 2704 827 est
2726 775 2891 844 ἔλαχε
2918 782 3003 828 τοῦ
3020 781 3260 844 Oppiam

1716 865 2035 916 εἰσελθών.
2070 864 2188 916 Cur.
2226 864 2264 928 I,
2289 879 2380 926 vlt,
2424 865 2489 916 10
2535 878 2614 930 sq.
2652 862 2798 932 point
2837 865 3023 931 (iugem
3067 865 3262 933 Itaftam

1717 954 1968 1005 anabiuda
2000 969 2188 1020 qenat
2217 954 2411 1022 —jah
2446 953 2610 1005 abau
2646 968 2738 1020 pro
2758 955 2904 1017 abin,
2949 953 3150 1007 Gothus
3191 957 3262 1008 ita

1723 1054 1931 1108 propter
1959 1058 2183 1110 graecum
2211 1050 2425 1112 γυναῖκα
2446 1070 2512 1081 -
2535 1045 2614 1095 καὶ
2641 1039 2823 1116 ἄνδρας
2849 1042 2974 1095 an.
3023 1058 3107 1096 ινι
3130 1081 3149 1108 ,
3199 1047 3265 1098 18

1722 1133 1896 1181 wazuh
1929 1133 2030 1181 saei
2068 1131 2317 1196 aﬂetands
2353 1158 2412 1169 -
2453 1131 2548 1200 jah
2580 1131 2812 1199 [fuganda
2847 1146 2939 1199 pro
2963 1131 3140 1201 aﬂetip
3167 1133 3265 1201 jalt

1726 1221 1958 1289 liugm'p,
2015 1236 2133 1274 nam
2165 1223 2436 1289 participia
2472 1237 2641 1288 graeca
2693 1224 2922 1276 ἀπολύων
2965 1227 3045 1277 καὶ
3095 1233 3267 1294 γαμῶν

1725 1315 1995 1365 enuntiato
2033 1315 2250 1365 relativo
2279 1314 2577 1365 redditurus
2625 1312 2758 1376 erat,
2811 1315 2900 1366 sed
2956 1317 3125 1379 posito
3151 1328 3270 1381 pro.

1729 1401 1938 1452 ttomiue
1984 1401 2200 1453 relativo
2247 1403 2403 1453 etiam
2455 1401 2727 1466 participia
2775 1416 2871 1466 pro
2927 1402 3099 1453 verbis
3142 1403 3270 1467 ἰιιδεῦ

1729 1490 1958 1551 addidit;
1987 1490 2086 1541 vid.
2137 1491 2294 1542 etiam
2333 1505 2449 1556 qua:
2478 1489 2543 1542 ad
2572 1489 2778 1543 Coluss.
2813 1507 2868 1556 ιι,
2921 1495 2984 1543 14
3011 1500 3062 1543 et
3110 1506 3185 1555 ιιι,
3233 1492 3268 1543 5

1731 1577 2094 1629 adnotavimus
2119 1587 2170 1629 et
2209 1576 2277 1629 cf.
2328 1577 2456 1630 Luc.
2495 1592 2575 1639 ιι,
2629 1578 2696 1630 15
2724 1579 2880 1630 maizo
2910 1579 3027 1645 ﬁmf
3054 1579 3274 1631 hlaibam
3348 1573 3355 1579 ’

1724 1667 1819 1736 jah
1841 1665 1990 1738 [ialm
2034 1667 2149 1728 mai,
2185 1665 2269 1718 ubi
2297 1681 2414 1718 cum
2455 1681 2550 1733 pro
2578 1680 2750 1733 κικιεο
2769 1668 2799 1724 ἦ
2827 1670 2970 1721 πέντε
3001 1666 3144 1739 ἄρτοι
3183 1670 3278 1721 da-

1736 1741 1895 1807 tivum
1923 1763 2038 1820 post
2061 1755 2475 1819 comparativum
2507 1754 2718 1806 solitum
2751 1757 3032 1822 posuisset,
3064 1771 3278 1825 pergin

1735 1843 1857 1895 dum
1909 1852 2023 1895 erat
2069 1841 2244 1908 ﬁskam
2291 1843 2473 1907 tvaim,
2527 1843 2619 1896 sed
2668 1844 2874 1896 COttsilii
2922 1844 3114 1897 oblitus
3156 1862 3278 1898 cum

1740 1933 1947 1998 gracis,
1981 1933 2068 2000 qui
2100 1942 2243 1986 recte
2281 1935 2459 2002 ἰχθύες
2481 1931 2573 1987 δύο
2608 1932 2825 1995 habent,
2875 1934 2985 1999 ipse
3025 1935 3159 1987 male
3182 1952 3278 1987 no-

1736 2022 1986 2073 miuativo
2025 2023 2223 2089 pergit;
2264 2022 2344 2074 sic
2371 2022 2528 2074 etiam
2559 2021 2740 2073 Matth.
2789 2037 2898 2083 vm,
2952 2021 3016 2074 15
3061 2023 3282 2077 fortasse

1736 2109 1929 2162 reetius
1962 2124 2055 2176 pro
2086 2110 2238 2174 licito,
2279 2108 2419 2177 quod
2466 2122 2585 2162 cum
2639 2109 2826 2176 graecis
2882 2111 3061 2174 p0nit,
3092 2112 3283 2164 heitons

1739 2200 2015 2266 posuisset,
2040 2209 2255 2268 propter
2282 2200 2585 2268 prtecedens
2619 2201 2819 2252 licitam.
2849 2201 2961 2254 Alia
2990 2203 3120 2265 loi'a,
3167 2216 3284 2269 qua:

1739 2288 1839 2340 huc
1860 2288 1991 2340 trahi
2015 2297 2236 2354 possmt,
2261 2288 2472 2353 habent,
2495 2302 2600 2355 quo
2631 2287 3001 2352 defenduntur,
3031 2292 3101 2342 uti
3130 2291 3283 2343 Joau.

1755 2391 1829 2438 γι,
1862 2378 1929 2428 63
1959 2375 2032 2444 ρο
2067 2376 2270 2428 t'auvda.
2303 2374 2423 2445 paci
2446 2375 2496 2426 ik
2533 2376 2713 2428 radicla
2738 2377 2877 2429 iacis.
2903 2378 3054 2428 clima
3090 2381 3154 2429 is!
3192 2379 3289 2448 jalt

1739 2465 1920 2516 libaiua
1950 2470 2031 2526 ist,
2065 2467 2148 2517 ubi
2179 2466 2394 2518 verbum
2422 2469 2484 2517 iu
2511 2465 2685 2519 Gntho
2715 2483 2819 2519 non
2875 2467 2940 2519 ad
2996 2469 3286 2535 subjectum

1740 2554 1950 2615 uaurda,
1997 2555 2090 2606 sed
2141 2555 2206 2606 ad
2246 2554 2529 2620 prmdicata
2571 2557 2722 2605 alma
2768 2566 2822 2606 ct
2864 2555 3065 2619 libains,
3095 2559 3289 2623 quibus

1741 2641 2046 2707 apponitur,
2095 2643 2361 2707 pertinere
2409 2655 2578 2694 vasum
2620 2642 2820 2702 est,sic
2859 2645 3072 2696 etiame
3117 2645 3290 2698 latinis

1722 2729 2184 2796 ‘Cantalirigicusis
2205 2740 2258 2781 et
2292 2729 2628 2782 Corbeiensis
2655 2741 3052 2783 converterunt.
3084 2733 3290 2798 Sapiens

1744 2828 1920 2871 autem
1947 2819 2000 2869 in
2039 2831 2105 2869 eo
2130 2816 2350 2880 erravit,
2379 2816 2517 2883 quod
2542 2816 2884 2870 substantivis
2917 2819 3291 2886 adjectivorum

1722 2900 1964 2966 formas,
2010 2905 2076 2957 ab
2107 2904 2316 2957 illorum
2353 2918 2548 2971 genere
2598 2905 2966 2974 abhorrentes,
3025 2910 3288 2977 apposuit,

1747 3009 1863 3061 qua:
1894 2995 2007 3046 loca
2033 2993 2346 3061 collegimus
2365 2996 2431 3045 ad
2464 2993 2683 3046 Nehem.
2709 3011 2779 3057 vi,
2806 2995 2891 3049 16.

1820 3083 2095 3135 Maximam
2127 3091 2301 3134 autem
2323 3095 2389 3135 ex
2414 3084 2808 3149 comparatione
2837 3086 3292 3152 interpretationis

1753 3182 1945 3226 nostra:
1975 3172 2250 3225 utilitatem
2273 3172 2416 3225 nasci
2438 3169 2504 3224 ad
2529 3173 2904 3226 restituendam
2937 3183 3110 3228 textus
3138 3179 3293 3244 δι’ωυί

1754 3262 2105 3329 integritatem
2149 3275 2306 3314 nemo
2334 3260 2504 3314 adhuc
2533 3264 2746 3328 negavit
2776 3278 3127 3330 :quamqnam
3155 3268 3296 3319 enim

1753 3367 1855 3404 non
1882 3366 2043 3418 pauca
2073 3352 2496 3404 enumeravimus
2527 3352 2662 3417 loca,
2692 3353 2743 3405 in
2766 3353 2956 3421 qubus
2980 3355 3164 3408 Ulfilas
3185 3357 3298 3410 sive

1755 3456 1848 3508 per
1873 3456 2132 3503 errorem,
2154 3442 2267 3494 sive
2307 3441 2374 3494 de
2400 3444 2641 3495 consulto
2666 3456 2695 3494 a
2719 3445 2906 3510 grzccis
2960 3445 3221 3509 discessit,
3248 3458 3302 3499 et

1758 3531 2012 3598 permulta
2041 3532 2199 3583 etiam
2227 3532 2326 3582 alia
2351 3540 2494 3595 sunt,
2548 3531 2634 3583 ubi
2660 3546 2780 3584 eum
2812 3538 3073 3588 sermonis
3102 3537 3296 3602 guthici

1758 3622 2022 3687 ingenium
2052 3637 2082 3674 a
2110 3622 2442 3688 diligentiore
2459 3635 2751 3688 grmcorutn
2782 3625 3070 3680 imitatione
3113 3613 3300 3679 avoca-

1757 3714 1833 3762 vit
1863 3727 1878 3770 ;
1907 3719 2085 3762 tamen
2109 3711 2407 3763 versionem
2431 3721 2662 3764 nostram
2693 3714 2862 3779 primo
2911 3715 3144 3768 omnium
3189 3717 3305 3770 luco

1761 3813 1958 3865 ponere
1987 3813 2090 3850 non
2116 3797 2437 3862 dubitamus,
2487 3809 2764 3867 pr0pterea
2814 3803 2953 3868 quod
3000 3819 3103 3856 non
3132 3805 3304 3857 solum

1760 3887 2013 3939 ﬁdissime
2041 3902 2210 3952 grzera
2252 3887 2498 3949 reddidit,
2551 3889 2644 3941 sed
2685 3890 2844 3942 etiam
2871 3877 2990 3957 quia
3020 3892 3157 3944 nulla
3205 3895 3305 3945 alia

1761 3977 1933 4042 lingua
1957 3990 2144 4042 grazcte
2174 3978 2387 4042 propius
2434 3988 2674 4044 cognata,
2729 3980 2866 4032 nulla
2921 3982 3085 4048 magis
3122 3959 3309 4035 idohua

1762 4072 1862 4128 est,
1885 4079 2002 4131 quae
2033 4073 2203 4117 textus
2231 4067 2386 4132 graeci
2427 4075 2673 4133 tanquam
2705 4067 2984 4136 imaginem
3027 4066 3308 4138 exprimat,

1763 4167 1919 4220 quam
1963 4155 2195 4220 galbica.
2230 4154 2462 4208 Fuerunt
2484 4156 2694 4224 quidem
2715 4160 2800 4225 qui
2829 4162 3126 4213 versionem
3149 4167 3310 4230 syria-

1765 4257 1879 4294 cam
1951 4254 2334 4310 anteponerent
2396 4247 2448 4308 ',
2501 4247 2592 4299 sed
2646 4249 2691 4300 si
2743 4251 3050 4312 varietatum
3119 4254 3307 4305 nubem

1767 4335 1836 4385 ab
1891 4331 2189 4386 hominibus
2235 4335 2424 4400 linguai
2483 4337 2703 4402 syriacte
2759 4327 2940 4402 peritis
2986 4340 3306 4393 adductam‘

1768 4423 2184 4488 conteuiplamur
2206 4433 2259 4476 et
2281 4425 2536 4477 versionis
2553 4427 2779 4493 gothica:
2815 4443 2919 4494 prie
2948 4430 3038 4482 illo
3065 4432 3310 4500 exiguum

1770 4525 2045 4563 numerum
2071 4522 2453 4579 computamus,
2483 4515 2742 4583 syriacum
2770 4519 2910 4571 nulla
2954 4536 3009 4572 re
3039 4523 3138 4575 nisi
3160 4535 3315 4578 aetate

1769 4614 1887 4653 esse
1910 4602 2335 4667 praestabiliorem
2366 4606 2659 4670 apparebit.
2705 4607 2922 4672 Oportet
2968 4618 3141 4662 autem
3172 4627 3316 4674 eum,

1772 4690 1863 4754 qui
1915 4689 1982 4742 de
2026 4691 2280 4758 dignitate
2329 4692 2588 4745 versionis
2629 4693 2852 4761 alicujus
2901 4710 3044 4751 recte
3087 4709 3316 4756 statuere

1774 4777 1902 4837 vult,
1929 4777 2043 4843 ejus
2064 4778 2274 4846 linguae,
2305 4794 2406 4846 qua
2435 4790 2517 4834 est
2559 4785 2880 4852 conscripta,
2932 4801 3047 4839 eam
3077 4791 3318 4856 peritiam

1776 4865 1989 4928 habere,
2038 4876 2092 4917 ut
2130 4882 2246 4934 quae
2271 4868 2376 4920 sint
2413 4869 2696 4923 varietates
2726 4872 2776 4924 in
2815 4873 2925 4933 illa,
2973 4890 3088 4942 qua
3129 4877 3317 4944 lingua:

1777 4957 2121 5023 proprietates
2177 4958 2339 5024 probe
2385 4959 2692 5025 dignoscere
2743 4975 2934 5029 queat;
2979 4980 3083 5032 qua
3136 4969 3319 5032 peritia

1774 5044 2032 5107 destituti,
2059 5044 2144 5113 qui
2171 5048 2616 5113 comparationem
2645 5059 2817 5104 tevtus
2859 5055 3014 5119 graeci
3044 5068 3162 5107 cum
3199 5072 3341 5109 ver-.

1776 5133 1924 5185 sione
1977 5134 2196 5186 Ulfilana
2246 5137 2605 5201 instituerunt,
2653 5140 2768 5193 fleri
2820 5156 2923 5195 non
2967 5145 3128 5208 potuit
3191 5149 3316 5213 quin

1778 5237 1886 5274 rem
1915 5236 2161 5277 successu
2190 5229 2364 5281 minus
2408 5241 2662 5294 prospero
2715 5244 2981 5298 gererent.
3033 5235 3103 5286 Ea
3149 5237 3317 5304 impe-

1778 5312 1894 5363 ritia
1922 5311 2151 5366 Zahnius
2184 5314 2332 5368 initio
2373 5330 2432 5368 se
2480 5317 2798 5383 prohibitum
2845 5337 2961 5377 esse
2991 5323 3201 5388 fatetur,
3255 5345 3319 5380 ne

1780 5415 1964 5453 omnes
1992 5402 2240 5455 lectiones
2263 5419 2288 5454 a
2306 5406 2494 5471 graecis
2517 5407 2871 5475 discrepantes
2898 5421 3132 5474 notaret;
3175 5427 3318 5480 βοει-

1779 5504 1933 5557 quam
1955 5501 2128 5545 autem
2160 5493 2376 5559 peritior
2396 5494 2507 5548 fieri
2533 5499 2800 5564 erupisset,
2823 5502 2969 5567 operi
3001 5501 3318 5573 perﬁciendp

1780 5601 1966 5660 rantis,
1999 5601 2048 5650 id
2082 5604 2318 5666 posuisse
2347 5604 2570 5658 videtur.

1849 5670 1869 5696 ⁸
1913 5667 2022 5720 Vid.
2055 5665 2349 5724 Scholaium
2378 5671 2414 5725 Ι.
2449 5678 2676 5744 prolegg.
2713 5693 2762 5747 p.
2786 5681 2940 5736 CXXI
2960 5695 3108 5751 seqq.
