3836 6378
515 520 618 575 879
1555 509 1996 569 GRAMMATICA

2166 511 2355 567 tum:
2394 510 2693 566 ιιμθυίε.
3593 493 3681 548 880

568 652 634 725 ἐξ
672 638 912 709 “lippaus
939 649 1273 716 apaustaulus
1302 652 1354 707 in
1376 652 1683 726 jairupulai.
1910 638 1917 639 ί
2213 633 2283 733 ἐξ
2389 647 2392 650 ο

583 744 632 793 tq
1638 752 1650 769 ο
2218 736 2285 791 κά

567 895 641 965 Ti?
2215 902 2283 976 iii

548 994 765 1078 διῆκε
786 1004 996 1075 albjane
1016 1006 1071 1058 in
1094 1006 1108 1034 ¹
1142 1004 1393 1071 balraujai
1422 1020 1515 1056 ἰη’
1547 1019 1761 1058 satnana

762 1004 996 1075 ralpjane
1016 1006 1071 1058 in
1094 1006 1108 1034 ¹
1142 1004 1393 1071 bairanjai
1422 1020 1515 1056 -m'
1547 1019 1761 1058 samana
2213 994 2277 1058 ἦ

569 1082 640 1147 ῘΓ
2216 1084 2285 1147 EE

556 1170 625 1270 ᾖ
2309 1187 2544 1240 andriins
2564 1184 2924 1254 apaustaulus.

556 1277 640 1326 Η).
2222 1282 2259 1328 t.

558 1407 575 1439 '
603 1405 662 1458 C.
690 1404 1007 1473 albjanoiur.
1039 1404 1181 1458 Cast.
1215 1404 1524 1474 atpjinoine.

498 1600 3634 1652 Μ

1362 1946 1365 1949 ν
1592 1808 2566 1926 ΑρΒΑΜΜΑΤΙρΑ

983 2090 2132 2252 (ΞΟΤΗΙΟᾸΕ
2266 2092 2498 2247 LI

1807 2094 2132 2251 [ΠΕ
2266 2089 3234 2251 [ΙΝΗΗᾹΕ

779 2425 853 2507 Ε
927 2424 1624 2509 GERMANICO
1698 2424 2253 2512 SERMONE
2325 2426 2445 2507 IN
2516 2425 3045 2508 LATINUM
3090 2423 3512 2522 VERSA,

1520 2622 2013 2681 INTERPRETE
2081 2622 2152 2678 F.
2213 2622 2370 2678 TEM
2388 2619 2707 2683 PESTINI.

1902 2814 2305 2823 _—————

1722 2942 2586 3072 PRIEFATIO.

578 3223 933 3299 Antequam
967 3224 1129 3284 hanc
1155 3222 1627 3300 grammaticam
1660 3221 2134 3298 aggrediamur,
2162 3238 2374 3299 Operae
2397 3222 2667 3298 pretium
2698 3238 2835 3281 esse
2862 3221 3158 3280 duximus
3187 3220 3322 3297 ejus
3355 3218 3707 3281 fundamen-

502 3326 635 3380 tum
670 3323 730 3379 et
760 3326 1037 3380 tenorem
1075 3320 1291 3396 paucis
1326 3321 1529 3378 verbis
1550 3335 1888 3394 exponere.

588 3418 807 3490 Quoad
843 3421 1055 3493 operis
1097 3418 1583 3488 ordinationem,
1616 3421 1940 3493 propriam
1976 3419 2139 3477 viam
2188 3419 2247 3477 in
2300 3420 2551 3496 syntaxi
2599 3419 2899 3503 indagare
2934 3408 3290 3489 debuimus,
3326 3419 3442 3480 hac
3486 3419 3715 3481 liucusv

506 3533 641 3593 que
676 3518 956 3576 nondum
984 3519 1339 3593 explorata.
1370 3518 1484 3577 Hic
1512 3534 1661 3577 vero
1721 3517 1897 3575 nobis
1956 3517 2241 3577 ordinem
2294 3517 2672 3578 dtdacticum
2711 3519 3001 3593 persequi
3032 3521 3409 3578 conantibus
3438 3520 3710 3595 quando-

507 3631 637 3691 que
672 3616 938 3675 attentio
977 3617 1263 3675 relaxata
1292 3620 1419 3688 est;
1452 3621 1839 3692 quapropter
1879 3632 2000 3673 non
2041 3604 2352 3675 immerito
2378 3633 2705 3694 Speramus
2752 3617 3015 3675 indicem
3046 3634 3259 3677 rerum
3300 3626 3361 3678 et
3393 3617 3709 3678 vocabulo~

502 3731 649 3774 rum
680 3716 755 3775 ad
781 3715 1015 3775 calcem
1047 3715 1253 3793 operis
1279 3714 1644 3786 remissum,
1666 3729 1964 3790 magnum
1996 3712 2129 3773 fore
2160 3714 2592 3789 adjumentum
2626 3715 2728 3785 iis,
2760 3716 2987 3789 quibus
3016 3716 3169 3774 ordo
3202 3727 3418 3778 noster
3449 3717 3709 3777 nondum

495 3816 687 3875 tritus
720 3822 829 3874 est.
1581 3867 1587 3873 .
3111 3823 3113 3826 ‘

582 3916 653 3975 In
687 3916 888 3975 tribus
921 3914 1136 3993 primis
1177 3913 1512 3990 capitibus,
1543 3929 1687 3988 quae
1723 3910 1798 3981 de
1833 3911 2143 3986 scriptura
2182 3917 2242 3970 et
2275 3911 2647 3988 prolatione.
2684 3929 2928 3973 necnon
2962 3913 3418 3973 vocabulorum
3456 3914 3710 3975 flexione

504 4032 856 4091 eorumque
896 4016 1274 4074 formatione
1323 4016 1665 4088 disserunt,
1692 4012 1885 4071 secuti
1936 4028 2151 4070 sumus
2206 4012 2495 4087 equidem
2549 4012 2831 4071 ordinem
2865 4017 3238 4071 consuetum
3278 4013 3399 4071 sub
3432 4020 3707 4090 respectu

508 4116 755 4182 formas;
790 4115 909 4173 sub
940 4119 1148 4172 autem
1184 4119 1475 4191 respectu
1514 4116 1822 4187 materiae,
1853 4114 2052 4173 lector
2082 4100 2377 4172 attentus
2413 4115 2594 4173 facile
2629 4099 3116 4190 animadvertet,
3148 4116 3315 4192 quod
3366 4115 3467 4175 hic
3507 4116 3713 4187 etiam,

506 4212 1043 4287 quemadmodum
1077 4212 1139 4270 in
1172 4214 1451 4289 syntaxi,
1480 4212 1754 4289 propriis
1783 4211 2377 4289 investigationibus
2406 4212 2625 4270 muniti
2660 4213 3107 4288 propriamque
3136 4213 3303 4274 viam
3332 4219 3712 4284 sectantes,a

502 4310 793 4371 doctrina
824 4311 1143 4369 communi
1178 4310 1650 4372 deﬂexerimus.
1683 4311 1901 4372 Utrum
1934 4315 1993 4370 et
2024 4311 2085 4370 in
2118 4318 2427 4387 quantum
2455 4311 2681 4370 merito
2712 4310 3068 4383 fecerimus,
3097 4312 3385 4379 sincerus
3415 4315 3608 4374 lector
3630 4313 3707 4370 di-

501 4408 827 4485 iudicabit.

584 4507 890 4581 Quamvis
922 4508 985 4565 in
1016 4506 1449 4567 etucubrando
1479 4506 1600 4567 hoc
1633 4523 1823 4582 opere
1858 4506 1916 4565 id
1946 4507 2255 4581 imprimis
2282 4507 2363 4565 ob
2397 4507 2614 4569 oculos
2644 4508 3077 4582 habuerimus,
3107 4506 3272 4584 quod
3308 4504 3703 4582 grammatica

503 4604 840 4681 cujuslibet
869 4605 1183 4664 sermonis
1213 4604 1298 4663 ita
1330 4603 1767 4680 restringenda
1796 4603 1900 4677 sit,
1927 4608 1994 4662 ut
2025 4602 2310 4680 linguam
2343 4622 2375 4662 e
2405 4591 2783 4681 linguaipsa
2814 4606 3165 4681 explicans,
3195 4605 3588 4682 potissimum
3613 4617 3709 4665 ca-

506 4707 681 4776 veat,
711 4719 792 4761 ne
830 4700 1153 4775 quodlibet
1189 4706 1464 4777 systema
1496 4692 1998 4776 praeconceptnm
2033 4707 2474 4778 persequatur,
2506 4709 2616 4762 aut
2650 4703 2882 4764 formas
2911 4705 3074 4764 alius
3115 4703 3433 4763 sermonis
3474 4701 3570 4762 vel
3616 4717 3709 4759 co-

518 4801 690 4877 gnati
727 4799 963 4875 lingua
991 4798 1381 4860 illustrandae
1420 4800 1729 4876 imponat,
1757 4800 1875 4862 hoc
1906 4806 2113 4861 tamen
2148 4800 2457 4876 principio
2489 4817 2612 4859 non
2642 4800 2799 4859 adeo
2830 4802 3146 4861 constricti
3181 4799 3439 4873 fuimus,
3466 4804 3534 4857 ut
3560 4810 3709 4875 pra.

508 4897 690 4971 cipue
733 4898 797 4957 in
837 4899 1118 4977 syntaxi,
1150 4916 1425 4976 graecum
1454 4902 1722 4970 textum,
1754 4898 2019 4978 σουιίοω
2055 4898 2420 4957 litteratum
2456 4897 2953 4969 fundamentum,
2986 4902 3351 4961 constanter
3384 4917 3505 4960 non
3533 4899 3711 4959 invo-

507 4998 862 5057 caverimus
896 5016 912 5054 :
953 4999 1205 5071 prepria
1234 4997 1402 5056 enim
1432 4996 1674 5061 indoles
1704 4995 1969 5073 gothicm
2000 4996 2233 5073 lingua
2267 5012 2348 5054 ex
2375 4994 2491 5054 hac
2520 4996 2859 5055 collatione
2886 4995 3239 5056 evidentius
3269 4996 3520 5060 eminet.

586 5095 747 5155 Cum
780 5094 857 5155 de
893 5094 1193 5153 anteriori
1228 5102 1289 5155 et
1323 5096 1655 5172 posteriori
1692 5114 1982 5157 sermone
2015 5097 2249 5171 passim
2280 5094 2660 5157 mentionem
2695 5097 2985 5177 facimus,
3012 5096 3183 5157 hunc
3210 5096 3287 5157 de
3313 5110 3444 5170 quo
3475 5095 3534 5156 in
3567 5108 3710 5171 pro-

511 5190 678 5271 legg.
716 5194 791 5253 ad
822 5198 1089 5268 textum,
1116 5195 1233 5255 col.
1264 5194 1405 5272 h73,
1433 5197 1770 5258 innuimus.

592 5287 729 5349 Jam
763 5305 911 5348 vero
938 5291 1239 5365 quoniam
1270 5307 1349 5350 ex
1385 5290 1867 5356 elucubratione
1900 5291 2086 5369 hujus
2124 5293 2330 5366 operis
2361 5292 2597 5368 pluries
2635 5293 3027 5353 occasionem
3062 5293 3430 5365 habuimus,
3458 5292 3709 5351 lacunas

526 5392 594 5446 et
627 5403 873 5448 errores
906 5389 1010 5463 qui
1044 5396 1168 5449 tam
1206 5391 1271 5449 in
1306 5391 1619 5468 glossario
1690 5393 1705 5425 ⁸
1783 5407 1974 5470 quam
2023 5394 2085 5452 in
2154 5397 2328 5451 textu
2379 5392 2645 5471 ejusque
2680 5392 3201 5469 interpretatione
3236 5392 3705 5468 subrepserant,

525 5485 855 5562 supplendi
880 5493 945 5547 et
972 5487 1350 5566 corrigendi,
1382 5508 1514 5553 rem
1547 5507 1671 5551 non
1704 5491 2015 5568 ingratam
2052 5490 2273 5550 facturi
2312 5492 2489 5551 nobis
2522 5492 2830 5559 videmur,
2861 5492 2911 5550 si
2951 5490 3065 5553 has
3110 5489 3578 5550 emendationes
3611 5486 3708 5547 bis

510 5579 909 5658 colligentes,
936 5583 1235 5644 lectorem
1265 5587 1544 5649 numeris
1583 5586 1877 5668 paginam
1907 5586 2329 5648 indicantibus
2362 5587 2437 5648 ad
2467 5588 2941 5665 grammaticam
2976 5588 3426 5651 remiserimus.

615 5725 633 5761 ⁸
700 5726 757 5783 to
796 5727 1027 5786 editione
1065 5731 1363 5801 get-manica
1400 5731 1715 5801 glussarium
1743 5735 1885 5804 prius
1916 5747 2069 5802 φησι
2110 5736 2446 5805 grammatica
2479 5744 2678 5792 emtum
2706 5747 2802 5792 est.
2841 5744 3061 5798 Interpr.
