3836 6438
450 447 661 502 difﬁcile
681 459 745 501 ex
775 448 971 517 giutan‘,
995 458 1134 518 gaut,
1162 457 1342 517 guttur,
1372 456 1566 518 gulam
1584 446 1846 518 (fundere)
1879 445 2009 497 tole-

448 537 626 592 rabilis
651 548 934 606 peteretur,
960 541 1153 608 quippe
1180 539 1527 607 comprobari
1558 548 1781 605 nequeat
1824 544 2001 591 utrum

448 631 623 696 yiutan
652 631 813 684 etiam
839 633 1062 701 gignere,
1088 646 1259 684 creare
1299 632 1581 699 signiticet,
1607 638 1663 682 ut
1682 624 1846 681 Z‘euss
1894 628 1997 680 Ioc.

448 721 588 773 land.
616 721 717 775 154
743 722 1033 775 contendit.
1065 723 1169 775 Nos
1202 723 1355 787 igitur
1378 721 1754 776 concludentes
1780 719 2006 772 libenter

445 807 727 864 Iatebimur
769 812 986 865 omnino
1033 812 1260 878 nescire,
1299 811 1424 881 quid
1473 825 1665 878 nomen
1710 809 2002 863 Gothorum

446 898 717 969 designet.
1144 914 1149 917 '

520 1006 541 1040 α
576 990 691 1043 Jam
716 990 1005 1046 Grimmius
1030 991 1231 1063 (Gram.
1262 1007 1365 1049 xu
1410 992 1494 1063 [1“
1540 988 1717 1062 edit.])
1761 990 2004 1045 consulte

442 1080 834 1148 animadvertit,
865 1082 1093 1151 linguam
1122 1086 1189 1139 de
1215 1099 1325 1153 qua"
1345 1098 1484 1137 nunc
1503 1083 1725 1152 qumstio
1748 1088 1850 1145 est,
1867 1094 2002 1135 mm"-

443 1170 772 1238 sogotbiram
793 1172 1087 1229 incorrecte
1109 1175 1305 1237 vocari;
1328 1176 1371 1228 si
1394 1175 1533 1243 enim
1561 1173 1769 1239 Ulliias,
1783 1173 1871 1241 qui
1895 1172 2001 1239 pri-

440 1273 559 1311 tnus
581 1260 935 1315 verisimilitcr
956 1264 1169 1331 gothico
1188 1278 1432 1318 sermone
1452 1264 1684 1331 scripsit,
1707 1263 1785 1316 vel
1808 1262 1995 1316 saltem

435 1346 588 1411 cujus
610 1356 733 1401 sunt
758 1351 1120 1421 antiquissima
1152 1360 1491 1405 monumenta
1522 1349 1715 1419 scripta
1746 1348 1935 1419 (vid.r§
1963 1349 2006 1404 ϐλ

438 1444 494 1488 et
532 1436 641 1503 il),
669 1437 859 1493 Gothis
900 1441 1134 1495 Milesiam
1175 1443 1528 1496 habitantibus
1550 1442 1805 1506 interfuit,
1839 1440 1891 1495 hi
1919 1451 1995 1494 ta-

435 1542 555 1579 men
583 1526 760 1592 Gothi,
792 1529 914 1583 licet
941 1544 971 1583 a
1000 1534 1209 1587 caneris
1250 1531 1500 1586 fratribus
1536 1532 1771 1585 anterius
1794 1528 1996 1585 disces-

436 1618 622 1681 serint,
666 1626 815 1674 certo
854 1630 1027 1676 autem
1077 1621 1304 1689 linguam
1348 1638 1468 1678 cum
1516 1622 1630 1675 istis
1658 1634 1991 1675 communem

437 1703 753 1761 habuerunt.
793 1708 957 1762 immo
983 1719 1036 1763 et
1064 1710 1381 1764 documenta
1413 1710 1621 1779 gotltica
1650 1723 1766 1776 qua:
1794 1709 1860 1761 ad
1892 1721 1990 1761 nos

437 1810 603 1862 "sene
650 1808 1020 1862 pervenerunt,
1053 1815 1274 1867 qumque
1310 1799 1702 1853 dominantibus
1733 1798 1990 1867 Ostrogo-

432 1886 537 1937 titis
572 1886 631 1938 in.
670 1887 867 1942 Italiam
894 1890 1236 1957 prodierunt,
1268 1889 1455 1944 eodem
1496 1904 1741 1943 sermone
1774 1888 1991 1941 omnino

430 1983 553 2027 sunt
585 1977 904 2042 conscripta,
933 1993 1038 2046 quo
1080 1979 1369 2031 Bibliorum
1398 1978 1697 2041 versiones;
1726 1977 1833 2045 jam
1859 1991 1989 2032 vero

429 2066 473 2115 si
505 2065 806 2137 Ostrogothi
837 2067 933 2121 hac
961 2067 1145 2121 eadem
1178 2068 1350 2137 lingua
1387 2068 1754 2136 loquebantur,
1785 2083 1913 2137 ergo
1934 2077 1991 2123 et

430 2150 741 2219 Wisigothi,
798 2169 1019 2223 quorum
1072 2170 1193 2223 pars
1232 2155 1468 2227 Moesiam
1519 2156 1835 2210 incolebant.
1890 2158 1989 2225 lgi-

429 2253 516 2296 tur
553 2257 728 2299 sermo
769 2257 950 2302 noster
988 2247 1233 2304 omnibus
1278 2245 1464 2302 Gothis
1504 2250 1800 2302 communis
1837 2256 1982 2315 erat,

426 2330 551 2386 c‘olf.
583 2332 610 2402 §
640 2334 690 2387 ι.
725 2351 743 2385 ι

503 2422 531 2491 §
572 2422 624 2474 2.
662 2423 880 2479 Gothica
920 2425 1094 2493 lingua
1136 2426 1201 2478 ad
1242 2422 1721 2494 i‘ndogermanicam
1765 2428 1985 2497 stirpem

428 2511 633 2575 attinet,
662 2522 717 2566 et
744 2530 774 2567 e
799 2516 1112 2583 gerntauicze
1153 2514 1361 2569 familia:
1406 2516 1592 2585 linguis
1632 2532 1693 2571 ea
1729 2526 1829 2583 est,
1866 2534 1986 2586 quae

428 2602 793 2667 antiquissima
850 2615 1187 2658 monumenta
1254 2606 1515 2673 pra'beat;
1572 2607 1639 2659 ita
1690 2618 1763 2671 ut,
1818 2609 1983 2675 prima

428 2700 579 2744 certo
630 2694 859 2745 omnium
902 2694 1130 2759 scripta,
1178 2693 1230 2746 in
1280 2707 1374 2747 sua
1421 2695 1723 2749 sinceritate
1772 2697 1837 2749 ad
1889 2711 1996 2751 nos

433 2790 599 2847 usque
625 2789 831 2835 servata
863 2782 1179 2849 pervenerit.

508 2885 528 2919 ι
562 2868 617 2923 ln
650 2871 731 2923 his
761 2870 1035 2926 hodiernis
1063 2872 1385 2941 temporibus
1422 2871 1559 2939 apud
1591 2882 1802 2927 exteros
1831 2872 1987 2943 (Ger-

432 2959 636 3027 mania!)
664 2958 889 3028 probare
914 2968 1169 3016 tentatum
1192 2972 1291 3025 est,
1317 2962 1518 3016 Gothos
1540 2962 1601 3013 ad
1628 2962 1983 3028 gcrtnanicam

432 3048 653 3116 stirpem
677 3062 793 3104 non
815 3051 1109 3119 pertinere;
1144 3054 1279 3106 inter
1304 3054 1437 3107 alios
1463 3040 1760 3123 Stephanus
1791 3056 1993 3108 llorvat‘

433 3139 787 3209 Tudomdnyos
815 3141 1143 3213 Gyiijt'eméng
1164 3143 1320 3206 1854,
1338 3145 1369 3197 4
1386 3143 1641 3211 fascicul.)
1659 3159 1748 3198 eos
1763 3146 1916 3197 habet
1931 3155 1988 3198 ut

434 3236 642 3288 tentem
669 3230 865 3282 sociam
892 3230 1044 3284 simul
1074 3238 1127 3284 et
1154 3240 1423 3299 parentem
1454 3234 1777 3297 Hunnorum,
1802 3233 1988 3287 l‘olov-

434 3320 593 3372 tzium
627 3319 664 3385 ί,
692 3318 1044 3374 Cumanorum
1072 3323 1114 3386 ',
1143 3334 1245 3375 etc.
1289 3322 1393 3377 Sed
1438 3324 1635 3376 erravit
1679 3324 1761 3377 \ir
1799 3323 1986 3380 ductus

434 3411 686 3477 deceptus
722 3410 936 3465 nomine
976 3412 1196 3465 arabico
1226 3411 1355 3466 Guss
1400 3428 1493 3480 pro
1525 3412 1595 3467 Us
1622 3412 1701 3469 vel
1736 3414 1816 3467 Ut
1833 3415 1875 3479 ³,
1898 3415 1986 3484 qui

434 3495 790 3553 verisimiliter
813 3500 950 3553 idem
977 3508 1099 3554 sunt
1126 3512 1187 3554 ac
1208 3500 1447 3555 Cumani.
1477 3501 1565 3554 Ad
1586 3502 1741 3555 aliam
1768 3504 1985 3571 stirpem

433 3587 593 3641 etiam
620 3588 1039 3643 adscriberentur
1062 3586 1239 3655 Gothi,
1274 3591 1317 3643 si
1348 3605 1504 3644 unum
1526 3601 1578 3644 et
1601 3591 1735 3644 idem
1759 3594 1986 3649 ac'Gettn

434 3684 552 3730 esse
596 3677 966 3741 crederentur,
1016 3678 1124 3731 vid.
1173 3679 1199 3745 ς
1257 3684 1315 3741 t;
1368 3680 1459 3731 sed
1513 3680 1578 3732 de
1635 3680 1771 3733 facto
1828 3680 1983 3736 Gothi

439 3766 566 3820 nihil
624 3765 816 3821 habent
869 3781 1150 3821 commune
1197 3781 1316 3820 cum
1358 3766 1525 3830 Getis,
1572 3768 1670 3821 nisi
1715 3770 1875 3837 quod,
1920 3769 1985 3823 ad

435 3864 709 3922 utramque
748 3856 918 3923 ripam
968 3855 1233 3909 inferioris
1274 3856 1503 3911 Danubii
1526 3858 1679 3911 vicini
1711 3860 1984 3924 degentes,

431 3947 745 4016 quandoque
778 3947 1054 4001 commixti
1084 3947 1449 4000 habitaverint.
1492 3948 1751 4001 Craterum
1785 3950 1986 4004 Gothos

430 4037 745 4099 germanicm
772 4036 991 4104 originis
1018 4051 1137 4091 esse
1163 4044 1273 4088 tum
1301 4050 1364 4088 ea
1399 4035 1785 4105 Ethnographia
1818 4046 1924 4091 tum
1955 4053 1986 4093 e

434 4123 749 4193 Linguistica
792 4132 1025 4189 constat,
1061 4137 1160 4179 nec
1193 4122 1302 4191 jam
1338 4137 1369 4178 a
1414 4124 1624 4177 nemine
1668 4124 1719 4177 in
1766 4124 1982 4180 dubium

428 4221 722 4268 revocatur.
755 4231 776 4265 ι
1164 4198 1169 4204 “
1794 4287 1803 4293 .

503 4303 530 4372 ς
566 4305 619 4357 3.
659 4304 883 4359 Gothica
926 4302 1099 4372 lingua
1141 4316 1172 4356 e
1209 4302 1523 4371 germanicis
1552 4304 1886 4361 sermonibus
1918 4304 1982 4359 ad

426 4393 784 4463 gcnmanicum
807 4393 1045 4463 propius,
1077 4394 1515 4464 proxime'autem
1542 4392 1607 4445 ad
1637 4404 1869 4449 veterem
1896 4410 1985 4449 su-

426 4485 689 4551 periorem
734 4482 1089 4552 germanicum
1138 4482 1363 4549 accedit,
1413 4485 1483 4537 ita
1529 4490 1723 4549 tamen,
1766 4494 1823 4538 ut
1862 4500 1981 4539 cum

424 4576 759 4630 seandinavis
781 4574 1115 4629 idiomatibus
1143 4574 1294 4643 plura
1318 4575 1509 4631 habeat
1534 4577 1849 4630 communia.
1877 4576 1981 4632 Sed

426 4664 582 4718 aliter
608 4674 762 4733 atque
791 4671 951 4717 vetus‘
976 4678 1098 4734 sup.
1145 4664 1498 4734 germanicus,
1523 4666 1611 4732 qui
1641 4666 1868 4721 medium
1900 4682 1985 4721 re-

424 4762 737 4822 centemque
768 4753 992 4822 peperit,
1028 4751 1230 4807 nullum
1260 4754 1343 4807 sui
1383 4753 1648 4819 hatredem
1678 4754 1857 4809 habuit
1882 4770 1981 4825 go-

426 4840 617 4895 (biens.

503 4950 520 4981 ι
560 4926 703 4985 Licet
731 4929 1043 4999 principium
1072 4944 1175 4985 non
1205 4939 1574 4995 retractemus,
1601 4933 1738 5002 quod
1766 4934 1816 4987 in
1848 4949 1982 5001 prae-

423 5019 623 5075 htione
657 5021 728 5075 ad
769 5022 1082 5091 glossarium
1113 5022 1135 5053 ⁸
1174 5011 1533 5090 exposuimus,
1568 5039 1664 5077 nec
1707 5033 1887 5079 nostro
1926 5027 1978 5080 in

422 5110 604 5164 animo
632 5111 703 5163 sit
744 5108 1027 5165 relationes
1073 5108 1294 5180 gothicaz
1336 5113 1526 5183 lingme
1553 5114 1619 5168 ad
1655 5115 1977 5170 sanskritum

420 5210 475 5253 et
512 5196 647 5253 alios
674 5200 814 5253 Asia:
853 5210 1107 5269 cognatos
1152 5212 1425 5255 sermones
1450 5202 1722 5258 discutere
1740 5214 1795 5258 et
1829 5205 1981 5259 exhi-

425 5290 581 5353 bere,
623 5298 854 5343 attamen
888 5289 974 5342 hic
1010 5290 1247 5357 apprime
1288 5291 1437 5345 venit
1461 5292 1599 5360 quod
1632 5293 1775 5364 Bopp
1822 5294 1979 5365 (Gon-

486 5416 509 5452 ⁸
564 5416 815 5473 Poloutsis
864 5420 943 5474 vel
992 5419 1291 5485 Polootses,
1334 5421 1385 5473 id
1432 5430 1548 5486 est,
1590 5423 1642 5477 in
1689 5425 1977 5479 Russorum

419 5488 691 5569 idiomatg.
714 5497 992 5569 venatores,
1004 5489 1179 5569 iidem
1208 5501 1330 5569 sunt
1357 5503 1442 5569 se
1463 5494 1643 5569 populi
1663 5509 1798 5569 quos
1821 5495 1980 5569 vulgo

422 5556 849 5631 vocanthsakos
877 5556 972 5628 (les
996 5554 1267 5626 Casaq’ues)
1307 5572 1339 5612 e
1384 5554 1557 5614 suos
1596 5554 1849 5631 originem
1890 5554 1981 5618 d‘u-

420 5636 621 5680 tentes.
656 5624 879 5691 Interpr.

493 5697 512 5727 '
541 5696 755 5753 Cumani
795 5696 896 5766 (les
929 5694 1201 5765 Comans),
1236 5700 1394 5752 etiam
1436 5700 1662 5769 limuyks
1715 5702 1793 5755 vel
1841 5701 1977 5755 Kors-

1509 354 1954 412 GRAMMATICA
1980 351 2297 409 GOTiﬂCE
2336 352 2610 411 ιιΝαυλΕ

3566 365 3673 417 88.5

2102 444 2552 514 jugan'onssysrem
2581 460 2634 514 p.
2658 444 2714 515 ι)
2752 446 2819 501 de
2865 445 2949 501 his
2976 447 3304 515 respectibus
3341 448 3467 504 dicit
3492 469 3508 503 :
3537 468 3557 504 ι
3586 452 3675 505 idr-

2106 533 2289 602 glaube
2332 536 2568 589 Sanskrit
2605 554 2667 590 zu
2707 537 2885 601 lesen,
2913 554 3050 593 wenn
3079 540 3158 593 ich
3186 542 3282 594 den
3321 543 3663 612 eltrm‘srdigen

2112 623 2271 693 Ulﬁla
2294 626 2421 691 lese;
2450 629 2584 682 scine
2615 628 2844 696 Spraclie
2868 631 2995 693 Ιιᾶιι,
3024 647 3080 683 so
3106 648 3171 683 zu
3194 648 3377 701 sagen,
3409 635 3494 687 die
3524 634 3665 688 Mitte

2104 712 2349 766 sntiat-heu
2374 714 2617 768 Sanslm't‘
2645 718 2750 769 und
2780 716 3021 784 Deutaclt,
3052 738 3070 770 ι
3105 720 3156 773 id
3200 732 3302 787 est,
3343 722 3663 778 sanskritum

2104 802 2266 856 credo
2295 806 2488 874 legere,
2517 809 2872 863 venerandum
2906 811 3112 865 Ulfiilim
3138 814 3351 883 legens;
3378 816 3497 881 ejus
3522 818 3664 871 enim

2103 905 2280 946 sermo
2308 896 2512 952 medius
2536 907 2642 951 stat
2672 899 2809 953 inter
2836 901 3162 955 sanskritum
3200 913 3253 958 et
3280 908 3661 973 germanicum.

2103 980 2211 1036 Hoc
2239 983 2459 1053 insuper
2486 986 2685 1055 absque
2713 990 3121 1058 exaggeratione
3147 992 3482 1046 verissimum
3509 1004 3671 1049 estet

2101 1074 2471 1129 animadverso
2516 1076 2881 1147 dignissimum
2910 1079 2977 1133 ad
3023 1082 3306 1134 notandam
3352 1083 3661 1138 affinitatem

2100 1163 2296 1232 gotltici
2340 1181 2461 1226 cum
2504 1167 2623 1221 aliis
2665 1170 2981 1237 germanicre
3030 1169 3246 1224 familiae
3298 1175 3673 1239 sermonibus,

2097 1255 2249 1322 (μιοὼ
2296 1257 2442 1326 Bopp
2494 1258 2917 1328 (Vergleirltende
2944 1259 3255 1315 Grammatik
3292 1263 3332 1328 1,
3387 1280 3440 1333 p.
3486 1265 3590 1319 “5
3619 1270 3661 1288 "

2095 1350 2149 1395 et
2178 1342 2251 1408 Il,
2282 1344 2430 1411 praef.
2474 1361 2526 1412 p.
2550 1361 2622 1399 νη
2668 1348 2777 1415 sq.)
2807 1348 2936 1401 dicit
2962 1364 2975 1401 :
3012 1366 3029 1399 ι
3059 1350 3151 1400 das
3179 1350 3447 1404 Gothisclie
3472 1353 3539 1404 ist
3570 1353 3673 1405 der

2095 1433 2259 1487 sva/ire
2307 1436 2564 1505 Ausgans-
2593 1438 2699 1489 und
2745 1437 3083 1506 Liclitpunltt,
3123 1440 3213 1491 der
3242 1442 3408 1493 waltre
3450 1440 3660 1498 στηηά-

2091 1522 2272 1588 pfeiler
2300 1522 2565 1577 detttsclter
2608 1520 2955 1590 Grammatik,
2994 1528 3084 1579 das
3123 1530 3469 1598 germanisclte
3514 1533 3656 1585 San-

2088 1608 2239 1671 skrit,
2274 1627 2291 1657 ι
2326 1609 2387 1663 id'
2421 1621 2532 1675 est,
2560 1612 2827 1681 gothicum
2857 1628 2978 1668 esse
3014 1615 3148 1668 lucis
3176 1625 3230 1669 ct
3264 1617 3671 1684 explanationis-

2090 1697 2323 1752 fomitem
2376 1714 2665 1768 verumque
2710 1704 3027 1771 germanica
3073 1706 3431 1772 grammatica:
3474 1709 3656 1763 cardi-

2088 1802 2208 1840 nem
2227 1832 2241 1852 ,
2270 1803 2377 1842 uno
2403 1790 2588 1854 verbo,
2622 1791 3063 1859 germanisantem
3090 1793 3431 1850 sanskritum.
3466 1798 3653 1852 Mirum

2088 1876 2359 1943 optionem
2402 1876 2603 1943 puebet
2632 1876 3018 1933 Castiilionmns
3048 1881 3115 1933 de
3144 1882 3397 1937 relatione
3423 1886 3667 1952 gothica‘

2088 1960 2281 2033 linguas
2320 1964 2384 2017 ad
2434 1965 2564 2019 alias
2609 1968 2977 2033 germanicas:
3020 1982 3140 2020 cum
3184 1970 3323 2021 enim
3366 1972 3654 2038 quamdam

2088 2052 2270 2106 Fuldzc
2299 2055 2699 2107 annotationem
2741 2055 2957 2124 legerit,
2986 2056 3071 2108 ubi
3103 2058 3355 2111 asseritur
3378 2062 3653 2129 gothicum

2086 2141 2280 2195 nullius
2324 2143 2744 2209 germanicorum
2789 2159 3095 2198 sermonum
3139 2147 3409 2202 exciusive
3455 2150 3651 2205 funda-

2084 2220 2318 2285 mentum
2346 2248 2486 2298 esse,
2516 2234 2595 2289 sic
2630 2250 2845 2290 sensum
2874 2252 3026 2291 suttm
3056 2237 3318 2293 illustrare
3344 2256 3449 2294 non
3491 2242 3651 2298 dubi-

2087 2323 2440 2388 tat(Co‘rinth.
2470 2322 2532 2390 ll,
2558 2325 2709 2393 μηρί’.
2736 2341 2790 2394 p.
2816 2341 2888 2391 tv,
2911 2328 3020 2395 sq.)
3046 2344 3057 2380 :
3088 2346 3115 2378 ο
3136 2329 3237 2380 Aut
3264 2330 3393 2382 idem
3410 2334 3575 2384 euertit
3595 2336 3660 2387 de

2083 2410 2285 2481 gotltiea
2320 2413 2523 2484 lingua,
2563 2416 2703 2484 quod
2719 2415 2877 2470 serius
2900 2418 2963 2470 de
2993 2417 3186 2484 latina,
3217 2435 3331 2489 qua
3364 2438 3477 2473 eam
3504 2425 3666 2490 quasi

2082 2512 2243 2557 mater
2266 2512 2313 2558 et
2340 2505 2451 2573 fons
2489 2506 2624 2575 facta
2660 2516 2786 2561 esset
2816 2508 3039 2576 plurium
3068 2511 3293 2579 omnium
3321 2512 3659 2581 linguarum,

2082 2590 2197 2644 licet
2242 2593 2295 2644 in
2330 2593 2408 2644 his
2453 2595 2625 2646 multa:
2650 2594 2819 2647 latina
2845 2612 2985 2650 uoces
3009 2598 3369 2665 obsoleam’nt,
3397 2610 3570 2655 tamen
3599 2604 3653 2656 in

2083 2699 2383 2753 unaquaque
2402 2699 2490 2751 per
2511 2686 2797 2739 innumeras
2820 2687 3042 2757 reliquas
3059 2698 3131 2742 est
3153 2692 3322 2745 adhue
3342 2695 3617 2758 conspicua
3632 2711 3661 2758 ξ.

2083 2782 2171 2825 aut
2197 2776 2479 2825 econtrario
2533 2777 2725 2829 censeri
2760 2786 2955 2846 potest,
3001 2778 3135 2846 quod
3178 2780 3461 2847 germanica
3506 2792 3655 2850 gente

2085 2858 2369 2913 Gothorum
2400 2878 2768 2932 revomagnam
2800 2865 3017 2935 Europae
3042 2878 3232 2935 portent
3261 2878 3559 2939 occupante,
3598 2874 3662 2924 ira

2087 2952 2351 3021 pluresque
2380 2955 2595 3020 populos
2620 2955 2800 3016 divisa,
2823 2955 3151 3008 diales-torum
3182 2958 3439 3025 copulatio
3459 2958 3663 3025 Gotho-

2086 3057 2196 3093 rum
2224 3042 2449 3113 linguam
2475 3045 2681 3096 miztam
2707 3044 3006 3097 reddiderit.
3040 3065 3058 3096 ›
3092 3045 3198 3101 Sed
3223 3046 3663 3103 animadvertere

2087 3131 2296 3183 obvium
2324 3140 2433 3195 est,
2464 3147 2561 3185 nec
2586 3134 2861 3202 quisquam
2886 3133 3221 3201 inliciabitur,
3247 3138 3385 3203 quod
3410 3138 3664 3205 gothica,

2087 3224 2331 3289 superior
2385 3227 2718 3294 germanica,
2762 3225 3047 3292 islandica,
3086 3238 3214 3293 etc.,
3258 3230 3481 3297 singulae
3538 3241 3661 3283 tan-

2086 3312 2206 3365 dem
2238 3314 2447 3382 linguat,
2477 3330 2544 3369 ex
2578 3316 2729 3369 unica
2775 3317 2940 3383 stirpe
2982 3316 3250 3371 communi
3296 3320 3656 3385 proveniant;

2084 3400 2190 3467 jam
2221 3416 2346 3454 vero
2376 3411 2578 3456 tantum
2608 3405 2973 3458 contendimus
3002 3406 3265 3473 gothicam
3306 3405 3457 3473 prius
3490 3421 3658 3477 quam

2087 3499 2292 3544 creterra
2320 3504 2556 3545 exortam
2600 3491 2781 3557 fuisse,
2814 3494 2933 3545 licet
2977 3492 3043 3547 de
3071 3492 3172 3547 hoc
3202 3504 3321 3548 ortu
3352 3496 3503 3561 plura
3550 3508 3660 3548 nos
3708 3550 3713 3555 ,

2085 3579 2307 3647 fugiant.
2340 3580 2392 3635 Si
2421 3582 2561 3635 enim
2602 3596 2784 3636 verum
2814 3592 2983 3644 esset,
3016 3591 3073 3635 ut
3099 3582 3256 3647 olim,
3286 3592 3505 3636 auctore
3533 3582 3662 3636 Jor-

2087 3670 2282 3734 nande,
2304 3685 2397 3739 per
2416 3671 2628 3739 longum
2651 3681 2860 3737 tempus
2879 3671 3138 3725 creditum
3170 3680 3274 3737 est,
3306 3680 3464 3741 atque
3488 3671 3659 3725 etiam

2087 3773 2224 3811 nunc
2261 3774 2444 3814 amore
2486 3760 2670 3827 patria:
2716 3761 2852 3828 apud
2897 3760 3096 3815 Succos
3138 3762 3376 3815 creditur
3421 3762 3664 3831 (Geijer,

2084 3845 2380 3908 Geschichte
2406 3850 2711 3914 schwedcns,
2736 3864 2969 3918 german.
2996 3849 3284 3918 interprete
3302 3850 3575 3919 Lefﬂerio,
3610 3851 3655 3915 Ι,

2086 3934 2154 3989 10
2192 3939 2324 4005 sq.),
2357 3939 2495 4006 quod
2521 3938 2723 3993 scilicet
2752 3938 3069 3993 continentis
3098 3937 3253 3993 Gothi
3280 3938 3440 3992 iidem
3462 3939 3569 3992 sint
3590 3954 3662 3994 ae

2084 4031 2445 4087 Scandinavire
2485 4023 2615 4109 (vid.
2644 4044 2825 4115 cpntra
2863 4033 3195 4099 Ζθυεςνιοὸ,
3238 4033 3377 4096 ιὸτς
3422 4032 3659 4091 Grimm.

2084 4125 2233 4193 praef.
2261 4123 2329 4176 ad
2353 4137 2577 4191 gramm.
2605 4124 2864 4177 scrvicam
2890 4120 3049 4176 Wulti
3086 4122 3560 4191 Stephanowitsch
3594 4138 3655 4192 p.

2086 4229 2212 4266 xxiv
2240 4217 2282 4277 ‘,
2329 4222 2453 4267 tunc
2495 4213 2806 4285 arctissimat
2853 4211 3005 4265 simul
3059 4220 3115 4266 ct
3159 4213 3428 4285 pleneque
3476 4214 3662 4292 aﬂini-

2084 4306 2207 4359 tatis
2236 4305 2522 4359 relationes
2548 4304 3011 4372 septentrionales
3056 4303 3260 4372 linguas
3289 4303 3427 4358 inter
3455 4314 3509 4358 et
3556 4320 3663 4374 go-

2086 4400 2281 4453 thicam
2328 4399 2447 4453 sine
2490 4398 2649 4451 dubio
2680 4399 3062 4463 innotuissent;
3091 4400 3197 4467 jam
3246 4414 3386 4455 vero
3425 4416 3513 4454 res
3541 4416 3658 4452 tum

2084 4490 2154 4544 ita
2187 4505 2244 4545 se
2271 4492 2501 4555 habent;
2532 4500 2587 4545 et
2619 4489 2845 4544 maxima
2885 4489 3078 4557 gothici
3116 4491 3382 4543 sermonis
3416 4491 3660 4544 afﬁnitas

2082 4580 2149 4634 ad
2180 4581 2506 4649 superiorem
2537 4560 2894 4648 germanicum
2937 4576 3183 4631 refertur.
3214 4576 3340 4632 liae
3368 4592 3529 4647 porro
3572 4577 3661 4630 af-

2085 4670 2260 4724 finitas
2308 4668 2645 4737 potissimum
2688 4676 2907 4736 apparet
2948 4666 3001 4720 in
3043 4665 3369 4732 admotione,
3410 4677 3463 4721 et
3507 4682 3663 4735 pra!-

2085 4762 2239 4828 cipue
2296 4761 2348 4813 in
2406 4758 2785 4813 vocalisatione
2833 4765 2888 4811 et
2940 4757 3285 4813 similitudine
3346 4760 3659 4826 specierum

2082 4847 2348 4909 ﬂexionis,
2380 4850 2607 4915 quadam
2654 4846 2870 4915 insuper
2898 4846 3089 4915 gothici
3111 4847 3367 4901 relatione
3395 4848 3462 4901 ad
3492 4862 3664 4901 scan-

2082 4938 2354 4991 dinavicos
2375 4951 2650 4992 sermones
2675 4938 2725 4990 in
2749 4937 3008 4989 vocalium
3038 4935 3355 5003 expulsione
3378 4936 3523 5005 (gall.
3559 4938 3664 4991 de-

2084 5026 2517 5094 placement),Gr.
2539 5028 2635 5080 Gr.
2660 5024 2811 5097 u[l‘
2838 5022 2987 5095 edit.]
3010 5025 3049 5089 l,
3073 5025 3125 5091 8,
3150 5026 3183 5080 9
3200 5025 3295 5095 [δι’
3312 5026 3492 5098 edit.])
3511 5031 3669 5093 exis.

2084 5127 2245 5172 tentc.
2267 5117 2464 5183 Siquid
2489 5119 2577 5171 vel
2594 5118 2717 5185 quid
2743 5118 2909 5185 majus
2928 5133 2989 5172 ex
3012 5118 3129 5172 aliis
3149 5118 3485 5174 orientalium
3505 5118 3665 5175 Ger-

2082 5221 2386 5268 manorum,
2419 5204 2883 5272 Longobardornm
2904 5207 3130 5273 scilicet,
3165 5208 3506 5275 llerulorum,
3540 5208 3668 5262 Ru-

2082 5296 2286 5363 giorum
2331 5295 2374 5358 ⁸,
2421 5292 2843 5362 Thuringorum,
2894 5296 3348 5351 Marcomanorum
3396 5306 3453 5351 et
3502 5298 3669 5366 Qu..-

2081 5422 2223 5489 multa
2253 5422 2445 5481 vocati.
2477 5437 2509 5477 ο
2534 5422 2768 5479 Tartari:
2795 5435 2966 5479 ortum
2994 5426 3225 5490 trahunt,
3247 5426 3313 5480 ad
3342 5424 3666 5485 Caucasus-

2085 5491 2398 5547 Itab'nautes.
2432 5490 2658 5558 Interpr.

2158 5560 2177 5590 ³
2207 5562 2530 5632 Glossarium
2570 5561 2624 5613 in
2651 5565 2949 5631 germanica
2980 5564 3216 5618 editione
3236 5566 3663 5632 grammaticam

2085 5629 2355 5700 procedit.
2388 5630 2437 5681 in
2470 5642 2643 5682 nostra
2664 5629 3032 5698 'posttnissunt.
3066 5629 3283 5700 luterpr.

2160 5698 2178 5728 ⁸
2210 5698 2461 5752 Primitivi
2494 5700 2815 5756 l‘otncraniau
2845 5702 3108 5757 ulterioris
3136 5698 3336 5758 inculte.
3368 5701 3610 5775 Interpr.
