3836 6376
142 358 210 417 885

141 482 263 533 «lorum
316 482 331 511 '
392 481 547 550 (gall.
615 481 687 535 les
777 480 1016 549 Quades)
1081 480 1272 550 linguis
1343 494 1617 551 superstes

140 571 284 631 luisset,
330 572 383 623 in
425 572 501 623 eis
547 571 891 639 probabiliter
943 569 1303 625 inveniremus
1350 587 1456 640 quo
1496 588 1623 625 con-

139 660 343 728 junganlur
370 660 613 727 gothicns
638 675 814 714 sermo
847 671 901 713 et
928 668 1081 714 vetus
1109 674 1230 727 sup.
1259 662 1621 728 germanicus;

143 749 312 816 idemque
358 751 424 802 de
470 748 679 802 caeteris
725 749 1045 816 germanicae
1082 748 1297 803 familia:
1324 752 1520 823 linguis
1548 752 1626 806 di~

140 842 290 893 remlum
319 852 421 893 est.
456 860 476 891 s

183 929 456 995 “Quoad
506 930 746 983 dialectos
788 928 1012 999 gothicze
1060 930 1285 1001 linguae,
1331 930 1459 984 nihil
1500 931 1628 985 certi

140 1016 275 1068 deliniri
308 1028 497 1083 potest.
1547 1016 1565 1028 ⁵

185 1106 299 1159 «Nec
330 1107 380 1159 in
410 1107 720 1175 quibusdam
760 1108 1057 1175 duplicibus
1092 1110 1297 1174 formis,
1326 1118 1384 1163 nt
1426 1109 1633 1179 aglaitei

138 1194 353 1264 etaglaiti,
386 1210 482 1248 nec
510 1195 561 1249 in
593 1197 859 1251 nonnullis
882 1200 1039 1252 variis
1062 1199 1326 1253 scribendi
1358 1200 1548 1261 modis,
1580 1208 1634 1251 ut

138 1286 365 1355 galiarhjan
412 1302 509 1353 pro
555 1288 856 1358 gatarhjan,
887 1289 1107 1357 veStigia
1142 1291 1356 1342 dia'ecti
1402 1290 1635 1357 leg'time

137 1384 459 1437 quererentur,
482 1375 921 1441 quemadmodum
949 1376 1222 1430 contendit
1252 1377 1636 1431 Castillionoeus

139 1461 165 1513 ll
194 1464 402 1517 Corinth.
456 1465 603 1529 prati.
638 1480 690 1533 p.
714 1482 764 1519 vt
795 1477 847 1519 et
875 1466 939 1519 ad
990 1467 1162 1521 Galat.
1206 1483 1267 1530 ιι,
1310 1468 1404 1531 ll;
1446 1466 1637 1534 quippe

137 1566 215 1603 cum
236 1552 277 1605 in
306 1553 467 1619 priori
492 1568 618 1607 casu
647 1556 689 1608 si
732 1556 940 1610 diversa
972 1565 1055 1609 est
1086 1556 1282 1619 forma,
1316 1556 1525 1609 diversa
1569 1556 1641 1609 si-

137 1640 340 1703 gniﬁcatio
365 1643 585 1711 cogitari
618 1646 812 1711 possit.
843 1655 895 1699 et
925 1646 975 1699 in
1005 1646 1320 1711 posteriori,
1354 1647 1543 1699 menda
1572 1647 1643 1700 sit

137 1728 304 1794 librarii,
329 1733 415 1799 qui
444 1731 602 1785 etiam
632 1731 756 1784 alibi
794 1732 832 1800 Ι)
877 1733 926 1785 in
956 1742 971 1784 t
996 1733 1304 1801 frequenter
1326 1743 1638 1787 commutat.

138 1818 424 1884 Quinimmo,
452 1820 660 1873 etiamsi
691 1819 742 1872 in
775 1819 855 1873 his
886 1822 967 1872 vel
994 1821 1111 1874 aliis
1139 1820 1401 1890 ejusmodi
1432 1823 1645 1876 casibus

136 1916 231 1959 certa
269 1906 477 1960 dialecti
524 1908 1014 1974 deprehenderetur
1064 1909 1453 1977 discrepantia,
1504 1910 1646 1963 nulla

136 2003 257 2050 tamen
298 1997 490 2051 utilitas
520 1996 672 2050 nobis
712 1997 904 2050 exinde
950 1998 1079 2050 oriri
1115 2007 1327 2065 posset,
1364 1999 1647 2052 nescienti.

136 2082 201 2135 bus
230 2086 430 2138 cuinam
461 2085 692 2139 dialecto
720 2086 833 2139 haec
856 2087 938 2139 vel
968 2087 1052 2139 illa
1083 2088 1397 2155 pertineant.

183 2191 197 2224 t
221 2173 282 2229 Ut
307 2174 531 2242 gothicae
556 2175 742 2229 attines
773 2173 1057 2229 Grimmius
1088 2174 1203 2237 (Gr.
1233 2176 1273 2240 Ι,
1298 2176 1334 2228 2
1360 2178 1441 2247 [ISa
1466 2174 1643 2244 edit.])

135 2263 245 2318 habet
270 2264 611 2333 (lepidst-um,
650 2264 988 2329 Vandalium,
1033 2265 1345 2318 Herulornm
1402 2276 1455 2317 et
1498 2265 1648 2316 forsi-

137 2361 194 2405 tan
222 2354 574 2407 Bastarnarum
595 2355 614 2383 '
641 2354 862 2422 linguas.
910 2354 1197 2420 Procopius
1233 2367 1485 2420 expresse
1523 2354 1649 2404 dicit

137 2442 204 2506 (De
224 2445 573 2497 belloeandal.
603 2459 640 2507 ι,
666 2444 725 2507 2)
780 2443 918 2512 quod
967 2442 1380 2512 Wisigmhorum
1399 2485 1413 2506 ,
1445 2443 1652 2494 Vanda-

138 2532 226 2584 liutn
248 2542 298 2585 ct
336 2532 656 2600 Gepidarunt
686 2542 800 2585 erat
841 2538 967 2601 φωνή
989 2536 1102 2602 μία,
1148 2535 1350 2603 γοτθικὴ
1392 2534 1649 2602 λεγομένη.

138 2620 207 2672 Sed
234 2636 293 2673 es
334 2636 476 2674 mera
514 2628 660 2673 certe
684 2620 1017 2687 conjectura,
1044 2636 1198 2685 quam
1226 2621 1389 2673 Zettss
1421 2623 1494 2685 (μ.
1526 2622 1654 2683 tit)

135 2717 173 2759 et
192 2710 290 2776 ipse
329 2709 620 2763 Grimmius
650 2710 927 2763 admittere
970 2721 1301 2775 repugnant,
1367 2710 1655 2773 Procopius

138 2798 357 2851 iiandales
398 2798 636 2866 ejusdem
665 2797 846 2865 stirpis
873 2806 1030 2866 atque
1074 2796 1276 2850 Gothos
1304 2797 1503 2857 credit,
1532 2811 1652 2848 cum

138 2888 371 2941 vandalica
404 2887 640 2947 nomina,
669 2900 787 2952 qum
812 2884 875 2937 ad
905 2899 1000 2939 nos
1032 2895 1415 2954 pervenerunt,
1445 2884 1655 2951 conspi-

136 2990 259 3029 cuum
282 2977 558 3029 discrimen
585 2990 615 3027 a
643 2974 867 3042 gothicis
893 2975 1166 3028 evidenter
1203 2974 1568 3040 pr:esel‘erant.
1598 2973 1655 3026 Si

135 3068 277 3131 enim,
308 3066 403 3120 title
452 3066 573 3119 huic
616 3066 816 3137 γοτθικὴ
863 3064 1104 3135 λεγομένη
1155 3064 1365 3127 halita,
1408 3063 1656 3117 concludi

136 3164 284 3220 posset
324 3156 544 3225 linguam
572 3169 690 3208 eam
717 3167 855 3215 ease,
883 3168 1039 3221 qnam
1069 3153 1527 3216 Constatttitto,ioli
1560 3169 1656 3220 gu-

136 3244 300 3297 tliicatn
349 3244 639 3308 vocabant,
674 3241 792 3309 ejus
817 3243 1064 3298 identitas
1092 3246 1212 3296 cuni
1244 3251 1421 3295 nostra
1450 3242 1658 3309 gothica

136 3336 396 3399 periculose
442 3344 791 3389 assereretnr.
849 3332 1103 3401 Equidem
1151 3330 1313 3384 GOIbi
1363 3331 1660 3399 presbyteri

135 3422 407 3477 l'andalium
446 3426 692 3478 deitores
718 3429 874 3476 erant
894 3420 1039 3489 (coll.
1063 3419 1228 3475 Zeuss
1266 3434 1319 3487 p.
1342 3421 1545 3488 45.3”);
1569 3420 1662 3473 sed

134 3512 299 3565 exinde
328 3528 427 3566 non
456 3512 694 3579 sequitur
722 3512 938 3564 eosdem
972 3509 1135 3562 fuisse
1177 3508 1455 3573 utriusque
1486 3508 1663 3574 populi

134 3615 392 3666 sermones,
420 3599 862 3669 quemadmodum
891 3613 958 3653 ex
992 3596 1403 3651 vehementibus
1446 3596 1663 3649 Saviani

133 3690 343 3744 diatribis
369 3693 417 3743 in
460 3692 807 3744 arianismum
837 3687 1134 3741 Gothorum
1164 3696 1217 3739 et
1264 3684 1582 3739 Vandaliutn
1612 3684 1665 3753 (ει

135 3780 418 3834 llassmanni
439 3780 604 3833 8km.
626 3794 679 3846 p.
705 3780 807 3832 l09
836 3777 1050 3842 allatis),
1077 3790 1287 3829 necnon
1306 3786 1360 3829 et
1386 3790 1451 3829 ex
1483 3785 1669 3829 aneto-

134 3884 234 3921 turn
281 3870 480 3923 silentio
528 3870 597 3922 de
649 3867 922 3920 vandalica
966 3864 1248 3917 bibliornm
1289 3863 1532 3916 versione
1566 3862 1671 3914 im—

135 3960 305 4012 merito
329 3960 677 4026 conjiceretnr
700 3972 821 4012 cum
850 3954 1210 4009 Castillionzeo
1237 3954 1326 4021 (ad
1356 3952 1583 4021 l'hilipp.
1614 3968 1667 4019 p.

134 4048 213 4113 65)
240 4048 483 4102 Vandales
506 4048 719 4117 gothica
748 4047 994 4101 versione
1019 4060 1124 4099 non
1159 4044 1321 4099 fuisse
1344 4058 1489 4098 usos.
1521 4062 1540 4095 ι

196 4136 294 4203 55.
324 4138 551 4192 Gothica:
582 4138 778 4205 lingua:
808 4136 1088 4190 thesaurus
1118 4149 1222 4188 non
1272 4150 1467 4201 paucas
1507 4134 1689 4188 etiam-

132 4226 346 4279 routinet
367 4229 683 4294 alienigenas
704 4226 950 4287 divitias;
976 4241 1207 4293 quarum
1239 4225 1494 4278 adtnissio
1520 4240 1585 4279 es
1608 4239 1674 4277 eo

132 4316 269 4370 facile
286 4319 593 4385 explicatur,
621 4317 763 4386 quod
793 4317 955 4371 Gothi
980 4332 1009 4369 a
1042 4316 1232 4369 vicinis
1260 4316 1524 4385 gentibus,
1553 4315 1675 4370 aliis

132 4407 321 4471 quidem
360 4422 450 4474 pro
481 4408 597 4460 aliis
647 4406 996 4475 temporibus,
1027 4407 1250 4460 relative
1290 4407 1355 4458 ad
1388 4406 1635 4461 socialem
1655 4446 1671 4470 ,

137 4498 383 4563 politieum
436 4499 844 4567 religiosumque
909 4499 1151 4553 ordinem
1204 4497 1403 4552 fuerint
1466 4498 1673 4566 depen-

134 4588 323 4641 dentes.

197 4692 216 4726 ι
250 4676 536 4745 Esaggerat
552 4686 704 4732 certo
719 4677 1109 4731 Castillionzeus
1127 4677 1311 4731 dicens
1326 4675 1587 4737 (Corinth.
1610 4674 1674 4739 ll,

133 4764 264 4825 (rei.
290 4780 336 4833 p.
376 4766 445 4835 tv)
468 4784 480 4817 :
519 4783 537 4815 ι
573 4766 677 4819 Via;
704 4781 861 4817 unum
889 4775 977 4818 aut
994 4768 1205 4817 alterum
1235 4774 1462 4832 superest
1490 4766 1677 4833 tingui:

128 4852 321 4917 {lolbice
339 4853 629 4907 vocabulum
646 4893 662 4917 ,
689 4854 771 4905 cui
796 4852 937 4905 aliud
961 4854 1103 4921 afﬁne
1127 4862 1214 4905 ant
1244 4855 1293 4904 in
1326 4851 1677 4904 recentioribus

159 4944 406 4996 amnicis
436 4942 668 4996 dialectis
707 4952 798 4995 aut
837 4944 1010 4996 saltem
1041 4945 1092 4995 in
1124 4943 1446 4995 vetustiorum
1472 4939 1679 5006 reliquis

136 5043 220 5079 non
248 5032 553 5095 imniatnr;
586 5052 605 5085 ο
641 5048 745 5085 non
779 5046 939 5100 pauca
999 5031 1302 5083 econtrario
1352 5029 1543 5081 dantur
1584 5041 1678 5093 go-

134 5116 256 5171 tltica
296 5124 569 5186 vocabula,
600 5124 793 5186 quibus
822 5122 873 5175 in
905 5130 1011 5175 tota
1041 5120 1463 5189 germanicarum
1511 5116 1677 5169 diale.

136 5219 323 5264 ctorttm
381 5214 537 5277 serie,
573 5222 631 5266 et
671 5224 927 5279 quantum
971 5213 1111 5267 scire
1154 5224 1458 5279 possumus,
1499 5207 1678 5261 aflinia

135 5301 465 5369 reperiantur,
512 5302 621 5357 vid.
666 5300 818 5369 prati.
856 5307 922 5355 ad
962 5302 1296 5371 glossarium.
1349 5301 1486 5355 Sunt
1534 5296 1683 5365 equi-

134 5386 242 5441 dem
298 5393 541 5445 nonnulla
591 5390 845 5446 vocabula
896 5392 1127 5461 gotht'ca,
1176 5406 1293 5459 quae
1338 5390 1391 5443 in
1441 5386 1679 5455 reliquiis

130 5479 529 5538 Germanicarum
560 5482 859 5545 linguarum
906 5479 1179 5545 deperdita
1201 5478 1231 5543 ,‘
1263 5494 1327 5532 cx
1372 5475 1555 5528 iudicis
1585 5488 1679 5527 εις

139 5565 518 5638 plicantnr(vid.
537 5574 703 5641 Bopp,
724 5571 1273 5640 Conjugationssystem
1292 5586 1341 5637 p.
1362 5576 1437 5636 ι),
1461 5580 1688 5636 qumque

205 5682 217 5710 '
251 5680 553 5745 “araviam,
592 5685 823 5738 conﬁnia
850 5685 1067 5747 Siliciu',
1103 5682 1385 5748 llmigriam
1432 5681 1672 5746 superio-

142 5763 245 5803 rem
268 5764 316 5806 et
338 5761 533 5809 partem
559 5754 785 5810 Austris:
815 5754 1106 5809 Danubium
1147 5754 1281 5805 inter
1310 5761 1359 5801 et
1394 5750 1676 5803 ltoraiiam

1428 358 1905 419 lNTliUDUCTlU.

1728 479 1991 533 sanskrita
2031 477 2322 545 praesertim
2360 477 2677 546 germsnlcis
2713 476 3056 533 ldiomatibus
3094 491 3290 544 suppe-

3186 348 3291 400 85f)

1732 569 1938 631 ditavit;
1967 568 2058 622 sed
2081 568 2182 621 alia
2203 577 2324 621 sunt
2339 568 2490 635 longe
2515 567 2689 635 plura,
2710 582 2830 637 quas
2851 566 3010 621 Gothi
3034 581 3100 621 ex
3122 567 3295 619 alieno

1729 658 1873 709 fonte
1901 658 2213 717 hauserunt,
2235 655 2360 708 coll.
2383 655 2610 709 Grimm.
2636 654 2727 708 Gr.
2754 655 2803 722 I,
2834 655 2868 709 9
2897 654 2983 726 [5“
3012 652 3188 722 edit.}.
3223 654 3297 705 llo

1728 748 1927 801 doricis
1952 755 2001 798 et
2029 746 2320 799 litlmanicis
2339 747 2448 813 jam
2478 748 2532 800 in
2572 746 2880 813 prziatione
2902 746 2964 798 ad
2986 744 3296 814 glossarinm

1733 836 2055 889 mentionem
2102 832 2348 898 fecimus;
2388 834 2561 901 quoad
2608 834 2829 900 finnica,
2884 848 2946 888 ea
3001 844 3124 887 sunt
3168 846 3298 884 sane

1732 940 1850 992 quae
1872 923 1989 976 lhre
2016 922 2191 991 (Ulﬁl.
2220 921 2413 975 illustr.
2438 939 2496 989 p.
2527 922 2654 988 266)
2697 924 2805 990 jam
2850 922 3075 991 scythica
3114 921 3303 974 merito

1740 1016 2203 1081 vocavit,thun
2218 1028 2284 1067 eo
2308 1013 2473 1082 magis
2490 1028 2627 1066 nunc
2648 1013 2805 1067 hodie
2828 1013 3141 1066 illustranda
3162 1020 3303 1074 sunt,

1736 1102 1875 1171 quod
1907 1115 2091 1155 eorum
2130 1102 2320 1153 relatio
2346 1102 2411 1153 ad
2450 1102 2750 1169 gertnanica
2792 1108 2987 1153 statuta
3017 1101 3105 1152 sit.
3141 1100 3305 1152 Porro

1739 1206 1803 1247 ex
1845 1192 1926 1246 his
1966 1190 2216 1244 nonnulla
2256 1190 2444 1242 eadem
2493 1198 2775 1243 remanent
2824 1191 2878 1242 in
2921 1199 3145 1256 utroque
3188 1202 3305 1242 scr-

1741 1297 1920 1346 mone,
1955 1291 2013 1333 ut
2046 1280 2197 1349 goth.
2227 1280 2410 1348 paida,
2442 1278 2572 1331 linn.
2604 1280 2746 1345 paita
2770 1279 3045 1347 (quoniam
3077 1294 3107 1344 ρ
3135 1276 3187 1330 in
3214 1290 3311 1345 go-

1746 1370 1901 1424 thicis
1939 1368 2213 1422 vocabulis
2258 1378 2461 1421 mutum
2506 1368 2788 1435 occurrit);
2826 1377 2881 1422 et
2926 1369 3032 1421 alia
3086 1368 3308 1436 plurima

1744 1460 1971 1530 gothicis
2024 1458 2370 1527 congruentia
2424 1456 2715 1511 Grimmius
2780 1457 2870 1525 (in
2916 1472 3081 1524 opere
3134 1456 3313 1523 perio-

1746 1552 1866 1603 dico
1891 1547 2089 1603 llolerii
2116 1547 2183 1600 ad
2214 1546 2494 1600 scientiam
2524 1546 2712 1615 linguae
2742 1546 2783 1612 l,
2809 1546 2874 1598 l0
2895 1544 3037 1615 sqq.)
3065 1543 3312 1611 exhibet,

1748 1653 1847 1692 nec
1876 1636 2127 1703 supponit
2153 1634 2239 1688 vir
2270 1634 2358 1687 ille
2384 1634 2570 1688 doctus
2598 1634 2723 1703 quin
2752 1632 3002 1686 alterutra
3044 1632 3218 1701 lingua
3249 1634 3314 1685 ab

1746 1726 1847 1779 alia
1879 1733 2114 1779 motnata
2136 1724 2227 1775 sit.
2250 1721 2465 1777 Scilicet
2491 1740 2507 1777 :

2103 1815 2255 1884 gorh.
2287 1830 2371 1866 ma
2376 1814 2453 1884 ῥα
2716 1816 2846 1875 lino.
2883 1822 3019 1867 mata

2301 1905 2459 1956 marci
2885 1904 3007 1955 meri

2310 2011 2460 2047 nnma
2888 1993 3013 2045 nimi

2316 2084 2447 2134 ηπΚὲ
2892 2081 3087 2134 miekka

2323 2172 2501 2224 nmltla
2889 2171 3049 2221 multa

2317 2262 2488 2311 ahaua
2876 2260 3043 2311 akuna

2311 2367 2444 2401 t'ﬂﬂd
2874 2364 3008 2400 nmo
3040 2346 3261 2419 (poema)

2310 2440 2446 2507 gul];
2875 2437 3017 2489 (sultis

2316 2528 2461 2593 ai])ci
2867 2524 2969 2576 ᾶὲιί

2326 2617 2550 2667 dan/Nar
2868 2618 2983 2683 ιυιιὶ

1756 2711 1947 2779 quibus
1973 2722 2024 2763 et
2054 2708 2324 2776 sequentia
2352 2708 2471 2759 addi
2507 2717 2724 2775 possent
2760 2722 2772 2756 :
2856 2734 2859 2737 η

2123 2802 2273 2866 goth.
2305 2814 2446 2849 snma
2730 2801 2857 2850 litin.
2890 2814 3032 2849 satna

2314 2902 2525 2951 rnanags
2891 2890 3030 2939 morti

2316 2991 2361 3025 ιιι
2370 2976 2437 3025 ita
2442 2973 2484 3042 1;
2912 2978 3056 3027 mittis

2314 3066 2473 3115 hansa
2892 3062 3052 3115 (tanta

2308 3156 2477 3221 audag
2890 3161 3073 3206 autuas

2318 3242 2476 3293 mitort
2893 3244 3087 3296 mtettiti

2314 3346 2476 3399 agqvu
2896 3348 3061 3399 angou

2325 3420 2451 3469 iusti
2901 3428 3080 3471 waatct

2319 3504 2477 3572 sctth
2900 3510 3063 3559 tvahto

2326 3596 2497 3665 auIJja
2916 3600 3059 3650 milia

2332 3686 2512 3739 (tinum
2916 3689 3114 3742 kiusata

2327 3779 2589 3846 vald-afui
2917 3782 3066 3833 u‘altu

2327 3866 2499 3920 hlaibs
2915 3872 3046 3923 lcibti

1776 3962 1898 4016 coll.
1928 3961 2133 4015 Castill.
2154 3962 2222 4014 ad
2250 3961 2483 4013 Timoth.
2519 3959 2581 4023 ll,
2605 3975 2640 4021 ι,
2666 3961 2719 4013 5.

1852 4067 1872 4102 s
1899 4051 1978 4103 Ab
2005 4050 2204 4104 llunnis
2231 4052 2447 4104 nomina
2480 4051 2695 4119 propria
2719 4061 2947 4116 tantum,
2980 4063 3196 4107 auctore
3225 4053 3341 4107 Jor-

1778 4141 1953 4195 nande
1980 4142 2059 4209 (p.
2091 4140 2159 4195 90
2185 4140 2501 4207 Lindenb.),
2530 4143 2750 4195 mutuati
2778 4154 2899 4196 sunt
2929 4144 3118 4208 Gothi;
3153 4144 3345 4197 Itoma-

1779 4246 1965 4285 norum
1994 4240 2171 4285 autem
2201 4233 2368 4284 multo
2396 4231 2571 4283 minor
2597 4232 2646 4283 in
2686 4233 2949 4299 gothieatn
2994 4234 3221 4297 linguam
3249 4249 3342 4286 ex-

1780 4322 1882 4376 tilit
1930 4321 2180 4386 inﬂuxus,
2228 4322 2317 4389 qui
2369 4330 2545 4376 tamen
2588 4336 2656 4376 ex
2702 4338 2766 4376 eo
2818 4322 2975 4377 facile
3027 4325 3345 4391 citplicatur,

1732 4464 1741 4479 κ
1777 4413 1917 4481 quod
1952 4413 2127 4481 lingua
2170 4412 2330 4464 latina
2377 4412 2443 4465 ad
2490 4420 2656 4465 totam
2687 4412 2923 4467 Moesiam
2955 4414 3350 4473 extenderetnr.

1778 4506 1976 4572 quique
2017 4503 2273 4569 majorem
2307 4502 2470 4556 fuisse
2500 4502 2791 4565 videretur,
2820 4502 2863 4555 si
2909 4504 3121 4570 gothica
3153 4504 3350 4571 scripta

1777 4608 1845 4648 eo
1873 4602 2108 4660 tempore
2146 4593 2443 4659 composita
2470 4608 2578 4660 quo
2609 4591 2767 4646 Gothi
2795 4592 3123 4661 superiorem
3155 4593 3352 4648 Italiam

1782 4695 2133 4750 romanasqne
2172 4679 2360 4736 Galliae
2386 4692 2441 4743 et
2470 4683 2740 4745 lliSpsnize
2771 4684 3070 4750 provincias
3114 4683 3353 4736 incolue-

1784 4781 1935 4837 runt,
1963 4787 2127 4841 penes
2152 4787 2249 4825 nos
2293 4772 2533 4825 fuissent.
2570 4772 2611 4824 Ε
2646 4773 2815 4825 latino
2863 4788 3114 4827 sermone
3146 4784 3355 4827 mntna-

1779 4873 1863 4915 tus
1884 4873 1967 4916 est
1992 4863 2233 4928 gothicus
2254 4862 2335 4914 vel
2362 4860 2616 4915 admisit:
2644 4861 2839 4915 militari
2862 4861 3152 4931 (militari),
3180 4862 3351 4916 Καυκ-

1778 4950 2096 5018 io(cautio),
2137 4950 2314 5013 taiktio
2348 4949 2588 5020 (lectio),
2627 4955 2857 5022 assarjus
2900 4952 3205 5019 (assarius),
3259 4970 3348 5004 au-

1778 5039 1881 5089 rati
1907 5036 2131 5106 (orale),
2162 5038 2325 5106 {askia
2361 5037 2606 5108 (fascia),
2638 5037 2809 5093 Itaisttr
2850 5040 3096 5108 (caesar),
3134 5039 3359 5093 karkara

1781 5125 2037 5193 (carcer).
2067 5125 2293 5193 kapillon
2317 5126 2612 5196 (capillus),
2643 5127 2825 5180 tukam
2856 5128 3143 5198 (lucerna),
3176 5128 3359 5182 humb-

1772 5216 1869 5284 jan
1913 5214 2231 5283 (cunibere),
2272 5216 2414 5284 pnnd
2437 5214 2694 5284 (pondo),
2724 5225 2830 5270 etc.
2875 5218 2915 5271 E
2942 5217 3148 5272 Graecis
3181 5228 3357 5273 autent

1784 5305 2039 5369 majorem
2068 5303 2324 5358 inluxum
2354 5306 2567 5373 experti
2609 5315 2732 5361 sunt
2770 5306 2929 5361 Gothi
2964 5309 3029 5361 ad
3063 5309 3359 5363 Danubium

1780 5393 2099 5456 habitantes,
2139 5392 2335 5460 quippe
2378 5394 2467 5461 qui
2520 5410 2734 5465 semper
2781 5396 3030 5453 hederati
3090 5412 3359 5454 remanse-

1780 5484 1887 5537 rint
1913 5497 2034 5536 cum
2072 5484 2353 5547 metropoli
2384 5484 2593 5551 imperii
2629 5487 2819 5553 graeci,
2865 5502 2930 5543 es
2957 5502 3063 5556 quo
3109 5488 3353 5541 christia-

1784 5572 2009 5624 nlsmnm
2040 5580 2350 5639 rem-perant
2381 5583 2433 5626 et
2465 5573 2587 5626 inde
2610 5588 2641 5628 e
2670 5589 2850 5642 grreco
2894 5575 3039 5631 fonte
3074 5576 3360 5632 Bibliortm

1783 5682 2044 5751 iacentem
2071 5682 2386 5736 habitantes.
2415 5683 2639 5752 lntcrpr.

1854 5754 1874 5783 '
1908 5754 1983 5807 ,λιι
2021 5753 2232 5807 Daciam
2268 5753 2583 5810 habitantes.
2610 5754 2839 5822 Interpr.
