3836 6394
463 397 561 452 887

464 508 758 561 versionem
784 505 1078 563 hauserint.
1104 503 1253 574 Siee
1282 501 1482 556 Griecis
1511 484 1733 554 mutuati
1765 508 1908 561 sunt,
1931 510 2018 549 ex.

465 616 539 669 gr.
567 616 583 653 :
614 597 912 651 markreitut
958 592 1345 669 (μαργαρίτης),
1393 589 1651 659 pistikcim
1700 582 2018 653 (πιστικός).

466 690 695 759 spgreida
719 686 979 763 (σπυρίς),
1011 683 1282 755 aipiuaule
1310 678 1616 750 (ἐπιστολή),
1643 675 1894 742 ackltfesjo
1920 671 2025 741 (ἔκ-

466 784 687 847 ι).ησὶα),
702 792 993 849 paurpaura
1010 772 1316 848 (πορφύρα),
1332 771 1538 822 drakma
1556 765 1840 843 (δραχμή),
1855 778 2024 829 smyrn

464 870 754 947 (σμῦῤῥον),
781 868 938 921 saban
992 864 1287 931 (σάϐανον),
1326 858 1656 928 apaustaufua
1696 850 2024 924 (ἀπόστολος)

463 971 566 1015 cte.
594 943 699 1016 Sed
727 972 886 1028 quam
929 955 1085 1009 facile
1112 952 1287 1020 decipi
1316 950 1508 1020 possit,
1533 946 1622 1016 qui
1650 943 2027 998 vocabulorum

463 1052 864 1105 consonantiam
915 1047 1139 1101 nimium
1173 1050 1354 1112 urget,
1404 1048 1546 1108 patet
1581 1052 1646 1091 ex
1688 1030 2027 1088 Castillionaai

463 1141 800 1195 annotatione
828 1137 893 1195 ad
921 1133 1163 1196 Corinth.
1206 1132 1256 1196 l,
1298 1143 1420 1194 xm,
1463 1128 1527 1189 1.
1556 1139 1661 1195 qua
1690 1125 1770 1176 vir
1815 1122 1905 1176 ille
1933 1120 2028 1174 do-

464 1244 600 1295 etus,
633 1233 701 1287 de
750 1228 1029 1284 ldismoklts
1081 1225 1385 1284 disserens,
1418 1219 1532 1274 haec
1579 1230 1764 1283 grtecze
1809 1211 2028 1279 originis

464 1322 739 1379 manifeste
783 1334 904 1374 esse
952 1315 1260 1377 contendit,
1306 1322 1427 1367 cum
1477 1307 1689 1361 aliunde
1738 1304 1840 1356 hoc
1891 1301 2029 1353 inter

465 1423 583 1464 nnta
610 1412 914 1469 Grmcorum
944 1408 1298 1462 instrumenta
1328 1413 1594 1469 nunquam
1624 1402 2028 1449 annumeratum

466 1506 625 1561 fuisse
648 1511 847 1559 certum
877 1492 989 1555 sit.‘

542 1614 560 1646 ι
594 1593 778 1648 Nullus
798 1600 974 1653 autem
1005 1590 1209 1645 alienus
1236 1584 1470 1640 inﬂuxus
1498 1588 1717 1649 apparet
1755 1577 1807 1632 in
1850 1576 2029 1645 ﬂex'o—
2056 1606 2060 1615 -

374 1751 378 1754 ⁵
465 1687 543 1737 nis
570 1690 768 1752 fama;
796 1696 917 1737 nam
948 1680 1188 1736 inﬂuxus
1209 1674 1387 1730 vocari
1418 1672 1632 1738 nequit,
1664 1668 1802 1736 quod
1834 1667 2029 1733 saepius

466 1774 764 1828 nominibus
793 1771 1044 1842 propriis,
1066 1784 1130 1822 ex
1158 1767 1335 1821 alieno
1358 1763 1502 1818 fonte
1523 1760 1834 1827 desumptis,
1858 1759 2027 1813 aliena

464 1867 531 1919 sit
574 1866 730 1919 flexit)
774 1863 857 1918 vel
907 1861 1133 1916 alienam
1184 1856 1418 1919 imitans,
1454 1849 1729 1905 vocabulis
1770 1848 2029 1916 indigenis

466 1966 594 2017 nihil
634 1963 807 2018 simile
844 1959 1261 2028 experientibus.
1297 1956 1403 2009 Nec
1446 1958 1500 2009 in
1553 1951 1815 2019 syntaxim
1858 1947 2026 2001 exteri

467 2058 573 2110 ullo
617 2055 774 2110 modo
805 2054 1158 2114 influxerant;
1190 2052 1263 2103 ita
1298 2050 1486 2102 saltem
1515 2049 1584 2102 ab
1606 2044 1854 2101 omnibus
1883 2040 2028 2106 prius

467 2148 857 2209 admittebatur,
888 2159 1043 2212 quam
1068 2143 1133 2195 de
1162 2140 1403 2194 versione
1429 2138 1644 2191 ullilana
1667 2150 1699 2189 e
1721 2121 1895 2201 graeco
1923 2144 2031 2182 ser-

467 2242 637 2293 viliter
692 2238 827 2292 facta
865 2247 1039 2289 actum
1084 2244 1197 2295 est,
1242 2232 1352 2285 vid.
1403 2232 1636 2299 prolegg.
1686 2228 1750 2279 ad
1797 2224 2021 2278 Ulli‘am.

467 2334 607 2397 Quos
666 2340 841 2383 autem
911 2325 1255 2379 hellenismos
1308 2320 1671 2389 agnoscimus,
1739 2316 1897 2368 etiam
1961 2309 2026 2363 ad

472 2419 700 2475 indoletn
754 2416 979 2486 gotbica‘.
1033 2413 1222 2481 lingute
1276 2410 1773 2471 accommodantur,
1823 2418 1942 2459 cum
1979 2410 2033 2454 et

466 2525 569 2564 non
597 2515 865 2577 praeeunte
893 2517 1067 2573 grzeco
1096 2500 1217 2555 alibi
1245 2509 1552 2564 occurrant,
1584 2507 1663 2561 ut,
1690 2512 1745 2548 γ.
1768 2510 1844 2562 g.,
1871 2501 2031 2546 attra-

467 2604 611 2665 etio;
638 2612 739 2668 qua
763 2600 831 2651 de
851 2611 910 2651 re
936 2595 1043 2648 vid.
1071 2594 1365 2663 syntaxim.
1397 2610 1416 2642 ι

539 2701 567 2771 ς
597 2700 653 2752 6.
689 2696 837 2764 Quod
865 2696 931 2750 de
951 2696 1241 2749 litteratura
1274 2690 1484 2760 gothica
1515 2687 1582 2741 ad
1606 2702 1703 2740 nos
1725 2697 1892 2752 usque
1915 2682 2035 2749 per-

467 2795 638 2859 venit,
695 2802 800 2844 non
826 2787 930 2841 nisi
961 2787 1113 2853 inops
1141 2794 1194 2839 et
1238 2782 1480 2850 indigens
1524 2791 1633 2841 cst;
1673 2784 1864 2843 pm'ler
1891 2774 2031 2828 enim

468 2886 757 2949 fragmenta
785 2876 1072 2933 Bibliorum
1102 2874 1361 2927 versionis
1387 2881 1438 2925 et
1462 2886 1581 2939 qua:
1628 2866 1896 2921 Skeireins
1942 2878 2036 2914 no-

471 2972 609 3023 mine
632 2978 759 3023 nota
775 2975 917 3031 sunt,
948 2963 1187 3034 quaadam
1222 2970 1422 3015 tantum
1470 2959 1683 3013 insulsa:
1723 2953 2037 3021 superstites

467 3072 588 3116 sunt
613 3058 871 3128 reliquiae.

543 3170 558 3201 α
612 3146 759 3216 Quod
809 3145 1159 3200 litteraturam
1211 3138 1423 3210 proprie
1470 3135 1656 3198 el'ficit,
1709 3136 1852 3199 prius
1894 3128 2033 3195 apud

470 3253 654 3292 nunties
680 3235 902 3305 populos
943 3232 1206 3299 apparuit,
1236 3244 1392 3297 quam
1424 3228 1537 3294 ipsa
1568 3224 1881 3282 litteratura,
1925 3232 2038 3268 car-

473 3328 609 3378 utin'a
643 3304 845 3379 scilicet
885 3328 939 3375 et
977 3319 1266 3379 cautiones;
1309 3315 1419 3382 jam
1467 3326 1591 3364 vero
1635 3324 1745 3361 rem
1794 3304 2035 3358 eamdem

470 3415 608 3479 apud
635 3413 838 3467 Gothos
864 3424 983 3464 sese
1016 3407 1261 3461 habuisse
1309 3411 1518 3458 constat
1547 3416 1610 3453 ex
1658 3396 1929 3452 vocabulis
1959 3396 2039 3447 in-

471 3506 695 3575 digenis,
728 3502 921 3571 quibus
946 3500 1009 3551 ad
1035 3500 1121 3552 illa
1147 3493 1471 3563 designanda
1506 3491 1788 3543 utebantur
1821 3505 1832 3539 :
1862 3485 2039 3538 cantio

468 3599 609 3651 rllllll
642 3594 787 3668 (ᾠδή)
811 3593 895 3645 hic
927 3591 1121 3643 dicitur
1148 3602 1325 3655 saggvs
1353 3582 1513 3651 (Eph.
1559 3597 1612 3643 γ,
1661 3580 1759 3638 19;
1791 3577 1907 3629 Col.
1940 3590 1996 3627 ιιι
2020 3614 2034 3637 ,

476 3690 582 3757 lli),
640 3664 685 3739 at
716 3687 924 3757 siggt‘an
974 3679 1190 3753 ﬁdem);
1244 3686 1297 3727 et
1337 3686 1573 3733 caimen,
1616 3667 1755 3736 liup,
1786 3681 1813 3717 a
1852 3664 2040 3734 liupan

474 3780 649 3848 (Rom.
673 3756 771 3841 xv,
787 3773 867 3843 9),
891 3785 988 3840 pro
1009 3770 1213 3839 ψάλλειν
1231 3764 1391 3819 etiam
1414 3772 1688 3826 usurpato.
1716 3758 1918 3810 Prteter
1944 3756 2042 3807 has

474 3845 867 3933 designationes
904 3858 1202 3931 generales,
1234 3854 1427 3907 dantur
1452 3862 1507 3904 et
1553 3847 1819 3902 nonnulla:
1858 3845 2043 3914 appel-

476 3957 665 4016 lativaz.
700 3963 756 4008 ut
803 3967 897 4021 pro
939 3952 1157 4019 hymno,
1200 3944 1405 3996 flauius
1456 3940 1629 4013 (ὕμνος
1672 3937 1805 4006 Eph.
1850 3951 1900 4000 ν,
1933 3937 2040 3999 19;

469 4058 585 4110 Col.
637 4068 715 4116 ιιι,
767 4051 896 4115 16);
952 4047 1008 4100 in
1058 4044 1273 4098 naiteins
1308 4039 1455 4108 (coll.
1491 4049 1594 4089 vet.
1644 4036 1761 4088 Iith.
1818 4035 2039 4103 neizjttn,

470 4149 554 4202 Gf.
608 4146 672 4209 If,
703 4142 888 4206 H28),
926 4137 1065 4207 quod
1102 4135 1199 4187 Hc.
1234 4148 1292 4197 tt,
1322 4134 1384 4195 7;
1417 4146 1504 4198 in,
1533 4129 1638 4193 ‘28;
1688 4128 1812 4182 Luc.
1870 4142 1919 4185 ν,
1951 4122 2040 4187 25,

472 4258 566 4309 pro
598 4239 888 4312 βλασφημία
919 4233 1153 4301 ponitur,
1182 4231 1348 4296 stirps
1376 4226 1677 4297 germanioa
1702 4224 1856 4277 facile
1882 4236 2045 4290 agno-

471 4343 670 4395 scetur,
700 4344 805 4399 qua
837 4324 1099 4381 ironicum
1142 4332 1196 4376 et
1223 4316 1659 4373 dectamatorium
1689 4327 1907 4368 carmen
1948 4326 2043 4366 ex-

476 4422 736 4490 primitur,
777 4415 872 4469 tali
900 4412 1141 4467 carmine
1184 4408 1324 4476 apud
1354 4405 1555 4461 Gothos
1586 4403 1765 4457 forsan
1792 4400 1917 4469 neip
1950 4414 2045 4452 vo-

472 4523 611 4577 cato,
641 4521 696 4565 ut
741 4505 880 4577 apud
905 4511 1014 4559 vet.
1044 4510 1305 4571 septentr.
1346 4496 1453 4560 uid,
1485 4495 1613 4550 coll.
1650 4493 1737 4549 Gf.
1788 4492 1851 4555 ll,
1885 4490 2044 4545 1051.

474 4600 808 4657 Carminibus
835 4594 1099 4664 religiosis
1120 4592 1262 4645 nulla
1288 4589 1503 4643 luerunt
1532 4583 1741 4654 propria
1766 4582 2045 4647 vocabula,

475 4694 558 4746 vel
573 4692 759 4746 saltem
780 4686 1068 4740 Bibliorum
1090 4684 1411 4748 interpretes
1437 4691 1468 4730 e
1482 4690 1656 4744 graico
1674 4674 1868 4741 psalmo
1892 4672 2044 4741 (Luc.

473 4780 685 4847 xx,42)
711 4777 795 4832 vel
845 4774 1043 4845 psalmo
1074 4770 1225 4840 (Cor.
1278 4769 1320 4832 l,
1376 4780 1484 4830 xw,
1541 4765 1645 4827 ‘26;
1700 4764 1834 4830 Eph.
1891 4777 1960 4823 iv,
2012 4761 2046 4814 8

475 4887 683 4940 marg.;
721 4885 776 4934 ν,
809 4867 905 4932 19;
946 4863 1060 4919 Col.
1091 4877 1165 4924 Ill,
1198 4859 1291 4927 16)
1332 4856 1550 4912 mutuati
1599 4865 1742 4918 sunt,
1794 4854 1913 4905 licet
1954 4864 2047 4917 pro

474 4964 672 5036 ψαλμός
702 4960 863 5017 etiam
900 4955 1023 5025 liup
1074 4953 1206 5021 (vid.
1234 4950 1417 5019 supra)
1448 4961 1706 5016 usurpare
1731 4945 2043 5012 potuissent.

478 5035 554 5109 De
595 5051 802 5121 gnomis
851 5047 961 5101 vid.
1020 5045 1174 5097 infra.
1208 5041 1451 5108 IEniguia
1504 5038 1792 5092 vocabatur
1842 5035 2047 5100 {rirahts

477 5146 626 5213 (Cor.
657 5145 695 5208 l,
727 5156 839 5204 xm,
888 5137 1015 5206 12);
1060 5133 1375 5197 similitudo,
1406 5129 1593 5199 gajulto
1643 5125 1787 5194 (vid.
1819 5124 2045 5193 gIoSsar.

482 5247 537 5297 ιι.
586 5245 702 5310 v.);
751 5238 967 5301 fabulae,
1012 5235 1301 5306 parabolae,
1351 5230 1704 5287 narrationes,
1754 5224 1875 5292 rpill
1914 5221 2045 5289 (vid.

476 5344 701 5412 glossar.
736 5339 789 5392 h.
819 5334 920 5405 v.).
952 5334 1068 5388 Non
1088 5334 1259 5387 solum
1290 5339 1467 5383 autem
1495 5327 1659 5380 fuisse
1687 5335 1877 5376 cantus
1910 5321 2046 5385 apud

482 5432 685 5488 Gothos
724 5446 788 5483 ex
834 5442 901 5483 eo
946 5423 1337 5484 concludimus,
1382 5417 1521 5487 quod
1554 5416 1779 5483 propriis
1820 5412 2049 5465 numini-

480 5525 580 5577 bus
622 5518 987 5584 designentur,
1028 5513 1121 5567 sed
1163 5511 1319 5564 etiam
1362 5523 1426 5562 ex
1471 5519 1723 5574 expresso
1766 5502 2051 5557 Jornandis

484 5608 813 5667 testimonio.
843 5606 932 5675 qui
968 5617 1063 5658 eos
1089 5612 1198 5654 tum
1226 5600 1483 5650 cautiones
1514 5596 1591 5663 (p.
1631 5594 1699 5648 93
1730 5594 1813 5647 ed.
1848 5589 2046 5658 Lind),

486 5711 598 5752 tum
628 5697 853 5750 carmina
872 5695 949 5762 (p.
980 5691 1070 5761 83)
1092 5699 1267 5753 vocat,
1296 5688 1568 5740 affirmans
1592 5684 1806 5753 insuper
1838 5680 2050 5735 histori-

484 5802 577 5845 eos
604 5796 660 5845 ct
687 5785 929 5843 heroicus
952 5781 1115 5838 fuisse
1142 5787 1350 5847 cantus,
1376 5774 1661 5846 inquibus,
1694 5789 1779 5829 ex.
1807 5788 1889 5842 gr.
1938 5770 2044 5825 Go-

1520 386 1967 445 GRAMMATICA
2009 379 2332 440 εοτιιιειε
2373 376 2669 434 ιιλουίε.

3594 371 3702 425 888

2126 487 2539 560 thovuineiitns
2588 501 2619 538 c
2657 482 3008 538 Scandiuavia
3046 482 3097 534 in
3145 479 3522 544 continentem,
3560 477 3700 531 Vau-

2126 579 2323 634 dalium
2362 576 2639 644 subjectio,
2677 588 2861 627 eorum
2894 586 2990 639 per
3018 568 3292 639 Scythiam
3322 568 3386 620 ad
3428 580 3579 620 mare
3608 565 3702 620 Ni-

2126 682 2278 735 grum
2320 665 2572 718 transitus
2615 666 2693 731 (p.
2738 662 2854 731 83.),
2888 661 3051 713 immo
3082 677 3100 709 ι
3138 658 3274 728 facta
3318 654 3701 725 Ethesparnta',

2132 756 2367 823 llanaltz,
2400 754 2686 825 Fridigernt
2706 794 2721 817 ,
2763 750 3011 806 Vidicalat
3037 758 3084 803 et
3122 748 3365 810 aliorum,
3392 760 3613 814 quorum
3636 744 3696 796 in

2127 847 2223 900 hac
2268 856 2414 916 gente
2455 862 2643 916 magna
2668 844 2842 911 opinio
2884 850 2979 906 est,
3018 840 3192 909 natales
3216 840 3301 892 via:
3327 837 3506 892 heroas
3541 836 3705 905 {vim

2129 946 2361 998 miranda
2382 947 2544 1014 jactat
2591 943 2867 1009 antiquitas
2913 941 2994 1009 (p.
3041 938 3157 1005 86),
3192 953 3215 989 ι
3261 934 3696 989 celebrabantur.

2128 1036 2312 1101 Quaad
2331 1051 2377 1085 vi
2396 1049 2455 1087 ro
2476 1033 2779 1103 rhythmum
2800 1031 2987 1082 horum
3009 1024 3464 1088 carminum,nihil
3477 1022 3707 1077 omnino

2129 1128 2411 1190 novimus;
2441 1128 2649 1179 fuerunt
2693 1120 3034 1190 probabiliter
3059 1115 3321 1180 iterativa,
3346 1114 3704 1185 quemadmo-

2130 1220 2257 1275 dum
2306 1229 2621 1271 caetetorutn
2671 1212 3052 1269 Germanorum
3102 1218 3327 1272 cantus;
3374 1215 3582 1261 certum
3617 1213 3703 1258 est

2129 1326 2306 1371 autem
2341 1332 2401 1372 ea
2430 1315 2643 1369 heroico
2673 1314 2981 1366 Graecorum
3010 1316 3180 1362 metro
3206 1320 3309 1358 non
3338 1303 3504 1358 fuisse
3546 1301 3703 1355 indu-

2130 1418 2212 1470 ta,
2257 1407 2329 1459 uti
2370 1404 2658 1460 infeliciter
2687 1403 3052 1456 llassmannus
3082 1398 3147 1450 de
3176 1378 3327 1448 versu
3356 1394 3407 1445 in
3440 1396 3600 1459 epist.
3633 1393 3700 1443 ad

2127 1497 2233 1551 Tit.
2266 1514 2315 1561 ι,
2353 1497 2419 1550 12
2460 1494 2665 1549 laudata
2694 1490 2944 1569 conjecit.
2975 1489 3236 1545 Ca'terutn
3281 1500 3377 1537 nec
3404 1494 3559 1537 erant
3601 1495 3704 1535 nec

2128 1586 2343 1643 fuerunt
2372 1589 2651 1654 scripturae
2691 1564 2934 1638 mandata
2958 1620 2976 1646 ,
3015 1578 3132 1643 sed,
3176 1585 3233 1631 ut
3262 1590 3375 1629 tuos
3412 1584 3529 1627 erat
3560 1564 3700 1641 apud

2127 1685 2259 1740 alias
2288 1682 2621 1755 germanicas
2657 1692 2869 1751 gentes,
2904 1693 2935 1731 a
2970 1675 3134 1732 certis
3175 1670 3538 1728 cantatoribus
3567 1668 3707 1722 orali

2128 1775 2285 1829 modo
2310 1775 2669 1830 tradebantur.
2697 1770 2813 1825 .lam
2836 1782 2967 1823 vero
3005 1781 3104 1821 nos
3132 1764 3262 1832 legit
3286 1760 3557 1831 gothicum
3607 1762 3705 1811 ho-

2129 1883 2243 1922 rum
2273 1877 2603 1920 cantaturum
2638 1877 2861 1926 nomen;
2906 1875 3028 1914 nam
3056 1856 3336 1927 littparjos,
3360 1862 3417 1906 ut
3450 1851 3706 1904 llebrreo-

2128 1974 2243 2011 rutn
2281 1965 2557 2011 cantantes
2601 1955 2778 2007 levita:
2806 1950 3056 2025 (ᾅδοντες)
3102 1947 3239 2015 apud
3274 1946 3391 1997 Esr.
3437 1957 3505 2004 tt,
3552 1939 3619 1993 H
3652 1950 3705 1994 et

2126 2047 2262 2101 Neh.
2290 2063 2358 2099 ut
2378 2088 2393 2111 ,
2424 2048 2447 2099 1
2479 2044 2689 2115 gothice
2719 2050 3015 2102 terttmtur,
3046 2039 3148 2092 dici
3191 2041 3481 2103 nequeunt,
3507 2030 3706 2100 quippe

2126 2158 2246 2196 curn
2276 2142 2482 2196 llebrtci
2519 2155 2665 2209 more
2694 2148 2897 2201 nostro,
2925 2133 3173 2189 Germani
3218 2142 3395 2186 autem
3427 2147 3581 2185 more
3613 2145 3703 2199 po-

2130 2236 2235 2287 tius
2280 2234 2587 2295 recitativo,
2638 2228 2935 2297 coisjunctis
2982 2226 3198 2280 cithara:
3251 2223 3699 2278 modulationibus

2129 2322 2410 2394 (Juruaud.
2466 2336 2516 2389 p.
2562 2319 2650 2387 86)
2692 2325 2967 2372 canerent.
3002 2313 3161 2381 Atqui
3206 2327 3271 2368 eo
3302 2312 3460 2365 modo
3508 2324 3704 2365 canere

2130 2415 2338 2483 gothice
2360 2422 2438 2466 est
2465 2413 2689 2483 δίδονται,
2727 2420 2779 2462 et
2808 2405 3160 2474 compositum
3185 2405 3479 2471 uuiggttatt,
3506 2402 3559 2454 id
3582 2411 3699 2466 est,

2134 2506 2357 2558 recitare
2385 2502 2802 2573 (ἀναγινώσκειν),
2829 2497 2970 2550 unde
2996 2495 3268 2564 saggrjans
3307 2494 3389 2545 his
3414 2491 3706 2546 cantatori-

2134 2597 2231 2647 bus
2276 2608 2465 2645 nomen
2508 2587 2973 2643 accommodatius.
3017 2583 3197 2650 Quoad
3241 2582 3499 2635 rationem
3541 2596 3708 2651 quare

2134 2685 2426 2739 Gothorum
2453 2682 2685 2735 carmina
2711 2678 2907 2746 scripta
2937 2690 3040 2729 non
3072 2673 3296 2738 fuerint,
3328 2672 3483 2726 facile
3509 2670 3707 2739 percipi

2138 2785 2328 2846 potest.
2376 2774 2432 2829 ln
2475 2771 2713 2840 pristinis
2755 2770 2898 2821 enim
2939 2765 3267 2834 temporibus
3308 2764 3391 2815 hic
3440 2755 3549 2815 non
3595 2769 3709 2815 erat

2138 2884 2282 2927 usus,
2314 2876 2369 2918 et
2418 2865 2591 2933 posito
2626 2860 2766 2930 quod
2817 2858 2977 2916 Gothi
3021 2866 3145 2910 ante
3182 2855 3454 2907 ullilauam
3498 2861 3705 2905 :etatem

2134 2959 2451 3026 scripturam
2496 2953 2773 3007 habuerint
2812 2950 2943 3020 (vid.
3001 2948 3029 3017 ς
3068 2945 3177 3017 11),
3231 2948 3345 2998 haec
3385 2943 3710 2997 carminibus

2136 3052 2289 3107 obvia
2330 3059 2381 3103 et
2411 3037 2705 3115 congruens
2738 3044 2902 3097 fuisse
2925 3039 3129 3094 creditu
3157 3036 3381 3091 diflicde
3422 3043 3525 3089 est.
3576 3032 3709 3087 Cum

2135 3163 2314 3204 autem
2338 3164 2400 3202 ea
2422 3148 2681 3213 scriptura
2714 3144 2819 3195 illis
2849 3142 2965 3203 fuit,
2995 3153 3112 3206 qum
3129 3136 3460 3200 conveniret,
3484 3134 3708 3187 deerunt

2137 3240 2408 3302 Maecenze,
2441 3248 2538 3289 nec
2589 3233 2776 3286 litteris
2818 3231 3044 3283 libenter
3091 3224 3363 3294 indulgere
3402 3228 3708 3290 potuerunt,

2136 3334 2238 3388 nisi
2268 3346 2387 3386 cum
2422 3326 2631 3397 politica
2660 3325 2835 3393 quiete
2855 3320 3169 3391 gaudentes,
3203 3316 3404 3384 patrios
3434 3328 3609 3367 mores
3637 3311 3707 3365 sl-

2141 3424 2244 3476 mul
2299 3430 2352 3475 et
2404 3431 2641 3472 amorem
2691 3413 2920 3483 propriie
2993 3410 3311 3461 litteratura
3364 3404 3704 3470 recepissent.

2140 3513 2287 3565 Adde
2329 3511 2488 3563 etiam
2532 3504 2673 3573 quod
2716 3500 2851 3570 apud
2900 3498 3104 3553 Gothos
3144 3495 3409 3562 scriptura
3465 3494 3554 3546 diu
3584 3490 3709 3573 solis

2140 3598 2467 3670 presbyteris
2490 3596 2645 3650 fuerit
2676 3598 2967 3655 reservata,
3014 3584 3419 3656 presbyterique
3444 3583 3507 3635 ad
3532 3562 3707 3633 defert.

2139 3669 2365 3744 dendam
2404 3696 2459 3740 et
2504 3682 2897 3751 propagandam
2954 3678 3267 3747 religionem
3322 3690 3385 3727 ea
3430 3674 3599 3741 primo
3628 3669 3709 3722 usi

2140 3780 2266 3839 sint,
2296 3785 2352 3829 et
2391 3780 2783 3838 consequenter
2811 3767 3140 3821 carminibus
3169 3765 3450 3833 indulgere
3481 3777 3583 3816 non
3615 3772 3707 3829 po-

2143 3869 2359 3929 tuerint,
2392 3863 2601 3918 etiamsi
2627 3876 2776 3914 mens
2802 3859 2908 3912 illis
2940 3856 3148 3909 fuisset.

2218 3977 2236 4009 ι
2278 3956 2391 4009 Non
2418 3953 2572 4023 pauci
2602 3954 2782 4013 etiam,
2821 3947 3047 4016 quodam
3084 3946 3203 3998 loco
3219 3941 3503 3995 Jornandis
3526 3940 3709 4001 innixi,

2118 4044 2486 4101 crediderunt
2534 4040 2773 4110 pristinis
2831 4038 3020 4091 Gathis
3067 4035 3293 4102 scriptas
3344 4031 3485 4099 leges
3528 4028 3709 4081 fuisse.

2145 4138 2239 4193 Hic
2266 4138 2437 4200 locus,
2461 4132 2619 4188 etiam
2662 4132 2761 4185 sub
2783 4129 2889 4183 alio
2916 4136 3161 4193 respectu
3188 4127 3522 4191 conspicuus,
3548 4120 3627 4173 sic
3653 4133 3707 4173 se

2145 4230 2324 4293 habet,
2376 4244 2425 4291 p.
2474 4226 2543 4278 9'5
2584 4221 2740 4276 Lind.
2799 4236 2813 4272 :
2875 4237 2891 4267 ι
2930 4216 3178 4269 Diceneus
3222 4214 3360 4266 omni
3400 4229 3520 4281 pene
3546 4208 3708 4280 philo-

2142 4318 2323 4389 sOphia
2343 4333 2425 4369 eos
2456 4313 2703 4385 (Gothos)
2734 4309 2972 4364 instruxit
2998 4322 3015 4358 :
3045 4321 3163 4359 nam
3181 4303 3400 4356 ethicam
3433 4318 3515 4356 eos
3544 4302 3707 4354 erudi-

2145 4414 2233 4475 vit,
2272 4420 2325 4462 ut
2351 4408 2637 4461 barbaricos
2678 4419 2843 4457 mores
2873 4401 2934 4453 ab
2965 4400 3035 4453 eis
3064 4405 3431 4465 compesceret;
3460 4394 3710 4463 physicam

2145 4500 2369 4561 tradens,
2404 4496 2701 4549 naturaliter
2730 4492 2950 4561 prapriis
2979 4489 3169 4559 legibus
3212 4487 3373 4539 viuere
3411 4485 3551 4552 fecit,
3582 4496 3705 4549 quas

2148 4605 2303 4653 usque
2328 4602 2464 4639 nunc
2488 4585 2798 4649 conscriptas
2828 4579 3098 4647 bellagines
3142 4582 3474 4643 nuncupant;
3497 4573 3706 4640 logicant

2146 4679 2403 4731 instruens
2434 4691 2516 4726 cos
2539 4670 2746 4723 rationis
2774 4683 2929 4737 supra
2965 4674 3173 4718 eceterae
3201 4671 3371 4732 gentes
3392 4661 3505 4728 fecit
3532 4674 3706 4722 exper-

2147 4786 2257 4839 tos;
2299 4776 2553 4844 praelia-tt
2602 4770 2865 4821 ostendens
2911 4764 2962 4816 in
3006 4760 3148 4815 bonis
3195 4758 3393 4811 actibus
3434 4752 3707 4809 conversari

2146 4868 2332 4937 iussit;
2362 4864 2613 4915 tl:eoricen
2641 4860 2993 4911 demonstrans
3041 4856 3303 4920 signorum
3352 4848 3611 4901 duodecim
3657 4857 3703 4897 et

2146 4971 2234 5026 per
2258 4971 2314 5007 ea
2348 4953 2668 5018 planetarum
2700 4961 2873 4997 cursus
2902 4956 3191 5007 omnemque
3213 4937 3569 4991 astronomiam
3588 4950 3706 4986 cou-

2149 5043 2381 5112 templari
2420 5037 2613 5101 docuit,
2642 5046 2746 5089 etc.
2798 5032 2963 5100 Elegit
3002 5027 3356 5097 prudentiores
3403 5025 3549 5091 viros,
3593 5039 3623 5089 q
3658 5038 3706 5074 at

2149 5131 2459 5199 theologiam
2503 5128 2757 5179 instruens
2803 5121 3009 5173 numina
3032 5117 3263 5185 quadam
3292 5122 3338 5167 et
3362 5113 3543 5165 sacella
3572 5126 3707 5164 uene-

2147 5222 2253 5274 rari
2300 5220 2479 5273 suasit.
2520 5235 2537 5266 ι
2580 5211 2831 5279 Quamvis
2862 5217 3065 5262 certum
3120 5208 3187 5258 sit
3214 5203 3476 5273 gathicam
3502 5211 3706 5269 gentem

2149 5328 2252 5365 iter:
2284 5325 2350 5364 eo
2393 5307 2551 5359 modo
2581 5300 2947 5371 philosOphice
2984 5299 3277 5351 institutam
3314 5308 3458 5357 esse,
3501 5304 3604 5356 quo
3622 5289 3705 5343 hic

2148 5398 2432 5454 Jornaudis
2471 5398 2614 5447 locus
2629 5392 2915 5472 indeccnte
2945 5397 2998 5441 et
3018 5388 3275 5454 indigesta
3297 5380 3586 5436 eruditione
3614 5376 3715 5447 ple-

2149 5504 2247 5542 nus
2268 5503 2361 5539 nos
2386 5467 2668 5553 persuasus
2692 5480 2887 5533 habere
2909 5476 3153 5539 voluerit,
3173 5472 3295 5526 hinc
3323 5482 3491 5524 tamen
3515 5467 3711 5522 Go‘tws

2149 5595 2253 5634 non
2283 5562 2534 5632 incultam
2566 5583 2799 5641 gentem,
2842 5568 2936 5623 sed
2963 5568 3031 5621 de
3055 5562 3300 5619 humanis
3333 5570 3386 5616 et
3416 5548 3621 5621 divinis,
3648 5558 3705 5609 de

2152 5669 2489 5725 terrestribus
2514 5673 2567 5719 et
2598 5662 2904 5717 coelestibus
2928 5658 3089 5713 rebus
3104 5653 3249 5708 varie
3268 5652 3521 5707 eruditam
3556 5649 3706 5702 fuise

2154 5759 2516 5830 consequitur.
2572 5756 2685 5810 lam
2725 5768 2852 5808 vero
2915 5748 3031 5805 sive
3081 5744 3281 5803 vicinas
3328 5743 3439 5799 sive
3487 5745 3706 5795 remotas
