3836 6360
127 426 212 479 l;S9
1470 420 1944 480 INTRODUCTIO.

126 543 286 602 gentes
314 537 742 604 comparantibus
775 533 925 588 nobis
950 540 1178 595 constat,
1229 533 1420 600 quibus
1455 532 1656 585 ewdem

128 627 316 677 inerunt
332 626 710 689 institutiones,
732 625 974 694 qumdam
998 609 1239 677 ctrilectio
1257 622 1351 675 fuit
1375 623 1665 674 sententia-

128 731 242 777 rum;
262 715 334 769 sic
361 716 496 770 Indis
515 716 771 779 Puranas,
796 714 993 768 Grzrcis
1011 714 1199 768 Gnorni
1219 713 1536 780 llesiodique
1553 713 1665 765 dies

126 813 169 853 rt
192 818 359 872 opera.
384 803 732 859 Scandinavis
747 804 896 857 dives
914 812 970 857 et
994 802 1252 870 poeticum
1279 803 1666 854 sententiarum

129 907 296 958 corpus
319 892 442 962 (vid.
467 894 724 957 Dietrich,
754 894 986 946 Altuord.
1012 891 1259 946 Lcsehuch
1285 892 1432 959 prrl.
1456 890 1665 956 χχχιιι),

129 997 210 1035 nec
232 998 328 1035 non
355 992 406 1035 et
433 984 734 1037 Germanis.
768 984 951 1038 Simile
979 997 1107 1049 ergo
1135 983 1517 1035 sentemiarurrr
1550 994 1670 1030 cor-

129 1086 211 1137 pus
227 1073 353 1140 apud
372 1071 573 1126 Gothos
598 1075 839 1128 invenire
854 1074 1184 1135 deberemus,
1203 1081 1258 1126 et
1272 1071 1392 1125 huic
1404 1067 1667 1123 verisimi-

131 1161 232 1216 liter
253 1162 427 1216 alludit
455 1178 618 1232 supra
665 1165 913 1217 laudatus
939 1161 1220 1216 Jornandis
1250 1163 1417 1214 locus.
1448 1159 1670 1213 Mentio-

130 1265 233 1304 nern
257 1252 386 1304 enim
420 1251 545 1305 facit
598 1253 664 1306 de
712 1253 938 1320 quodam
994 1250 1373 1304 sententiarum
1423 1263 1667 1314 corpore,

130 1340 376 1407 scriptura:
421 1342 695 1402 mandato,
749 1343 1069 1406 nomineque
1096 1338 1439 1406 Bellaginium
1472 1335 1666 1403 indigi-

132 1440 240 1483 tato.
266 1429 360 1484 Sed
388 1432 512 1499 quid
550 1432 634 1484 ha:
667 1430 947 1500 Beltagines
974 1432 1056 1484 vel
1093 1428 1382 1482 correctius
1411 1426 1668 1495 Bilugines

135 1521 220 1582 (vel
269 1521 634 1592 Bitageincis)?
686 1522 826 1576 Penc
878 1535 1060 1575 omnes
1117 1521 1213 1574 has
1260 1520 1556 1571 habuerunt
1613 1525 1670 1570 ut

132 1623 260 1664 veras
302 1611 436 1680 leges
488 1621 577 1676 et,
613 1614 864 1666 innucnte
903 1609 1192 1672 Jornande,
1223 1608 1458 1663 codicem
1495 1607 1666 1672 legunt

131 1697 434 1763 gothica'rum
486 1719 502 1754 :
559 1702 681 1755 inde
743 1701 982 1753 nonnulli
1029 1698 1270 1765 quaadam
1327 1703 1664 1751 monumenta

129 1789 294 1853 scripta
317 1801 434 1844 ante
459 1790 670 1844 Ullilam
695 1790 854 1842 fuisse
876 1795 1227 1849 censuerunt;
1250 1785 1337 1838 alii
1364 1786 1430 1838 de
1452 1785 1668 1836 authen-

133 1877 306 1932 tiritate
358 1880 514 1947 hujus
584 1879 783 1932 codicis
836 1878 1207 1932 dubitaverunt
1260 1876 1405 1946 (coll.
1462 1875 1664 1941 hlatrso,

128 1965 178 2018 ϐ.
191 1969 283 2021 sch.
297 1972 377 2022 der
395 1970 761 2039 0stgothen.9l
785 1970 844 2037 i),
859 1980 911 2022 et
924 1970 1166 2038 equidem
1181 1969 1389 2029 merito,
1408 1982 1525 2018 cum
1543 1981 1668 2016 non-

129 2057 212 2108 nisi
226 2068 459 2124 regnante
482 2059 734 2121 Euriclro,
756 2061 805 2110 in
828 2060 1022 2112 seculo
1045 2059 1245 2111 scilicet
1266 2058 1474 2123 quinto,
1508 2055 1668 2106 Wisi-

129 2148 498 2212 gothicodicem
519 2152 691 2217 legum
716 2149 1328 2213 habuerint(Asclrb.rclr,
1357 2144 1547 2198 Gesch.
1577 2146 1666 2196 der

136 2236 453 2308 li'cstgothen,
481 2239 744 2307 157).Sed
768 2248 1062 2300 contextus,
1085 2237 1128 2289 si
1152 2235 1504 2293 exanrinetur,
1533 2233 1665 2286 hanc

131 2327 593 2391 interpretationem
627 2325 840 2378 minirue
863 2325 1135 2393 justilicat.
1172 2323 1264 2376 llic
1293 2324 1433 2375 enim
1480 2323 1664 2374 lacuna

129 2414 368 2467 evidenter
411 2416 598 2475 adest;
633 2429 754 2466 nam
791 2427 1120 2480 quaecunque
1158 2412 1298 2478 leges
1345 2412 1427 2462 vel
1467 2418 1662 2461 statuta

130 2504 322 2572 supponi
349 2504 576 2571 possint,
607 2501 778 2553 nullus
806 2516 1036 2567 unqu-rm
1076 2499 1442 2566 philosoirlrus,
1486 2497 1666 2564 physi-

131 2607 228 2646 cam
265 2594 472 2653 docens.
505 2593 649 2660 leges
693 2592 874 2644 civiles
906 2591 1050 2654 tulit,
1083 2599 1135 2642 et
1164 2597 1287 2642 sunt
1331 2589 1413 2639 hic
1443 2586 1508 2638 ad
1539 2589 1667 2654 phy-

131 2685 268 2735 sir-arn
311 2684 615 2748 adscriptae,
644 2681 735 2735 sed
787 2682 852 2734 de
900 2681 1300 2746 investigatione
1339 2687 1540 2730 tantum
1575 2693 1668 2728 rra-

134 2782 244 2825 turte
288 2784 336 2826 et
381 2772 614 2826 essentia
663 2784 838 2823 rerum
887 2769 1169 2828 disseruit;
1217 2767 1367 2820 deest
1410 2768 1566 2833 igitur
1614 2766 1670 2818 in

140 2873 261 2914 textu
290 2862 507 2915 sr-ientia
535 2875 659 2914 vere
691 2858 1078 2926 plrilosOplrica,
1108 2855 1294 2908 Potitia
1323 2856 1548 2920 scilicet,
1574 2869 1668 2908 seu

134 2953 232 3003 tua:
251 2949 416 3004 civ'lis
437 2947 755 3003 iustitutrix:
781 2945 918 2999 unde
940 2945 1091 2998 facile
1117 2954 1277 3012 pater,
1301 2945 1444 3012 quod
1470 2943 1663 2998 erroris

131 3039 494 3090 fmdamentunr
510 3038 561 3088 irt
580 3035 872 3087 naturaliter
883 3035 1073 3102 jaceat,
1096 3034 1173 3087 sic
1195 3033 1367 3088 forsan
1405 3034 1667 3088 sententia

131 3129 363 3192 primitive
391 3137 646 3192 concepta
675 3143 690 3180 ι
715 3127 971 3194 physicam
995 3126 1195 3178 tradens
1224 3134 1467 3178 naturam
1491 3138 1666 3177 rerum

133 3235 181 3274 ut
215 3219 485 3282 discerent,
521 3218 758 3292 politiam
806 3217 1004 3271 docens
1052 3216 1371 3280 naturaliter,
1392 3224 1505 3268 'etc.
1555 3214 1667 3269 Non

135 3318 200 3363 est
245 3311 449 3378 in~uper
500 3324 808 3370 necessum,
858 3318 914 3360 ut
959 3323 1054 3374 per
1105 3309 1200 3360 has
1249 3309 1379 3375 leges
1427 3307 1670 3374 positiva:

133 3397 494 3467 intelligantur;
522 3399 614 3452 sed
637 3399 940 3453 ectrntrario
970 3398 1200 3466 legitime
1223 3397 1446 3464 supponi
1474 3407 1668 3464 potest,

129 3502 177 3537 ca
203 3503 310 3542 esse
337 3497 540 3542 tantum
574 3489 833 3541 naturalia
878 3487 1142 3556 :equitalis
1186 3487 1438 3555 principii
1476 3486 1669 3554 quibus

133 3591 153 3625 ν
175 3591 216 3628 ta
243 3578 405 3632 civrlis
435 3579 736 3632 instituitur.
771 3576 875 3631 Nec
904 3593 1006 3630 non
1047 3585 1101 3631 et
1132 3575 1382 3629 formulas
1427 3575 1666 3628 incanta-

131 3672 266 3726 tionis
289 3685 334 3725 et
365 3671 774 3738 c0njurati0ttis,
805 3670 986 3732 quales
1016 3668 1165 3721 nobis
1191 3681 1220 3718 e
1248 3665 1474 3728 ϐακε-ις,
1506 3666 1669 3719 Scan-

132 3762 314 3814 dinaris
359 3773 410 3814 et
463 3760 745 3813 Germanis
799 3757 1010 3811 tradidit
1061 3757 1381 3824 antiquitas,
1428 3753 1478 3806 in
1543 3769 1672 3808 voce

131 3852 359 3902 orationes
408 3851 579 3904 locum
626 3847 909 3902 Jornandis
940 3846 1097 3902 modo
1140 3845 1404 3898 laudaturrr
1438 3859 1670 3910 sequen-

133 3946 198 3989 tes
243 3939 488 4008 suspicari
547 3951 861 4006 possemus,
907 3935 1009 3989 uiri
1068 3934 1228 3987 etiam
1285 3921 1562 3984 contextus
1605 3931 1669 3982 ad

130 4027 286 4082 minus
329 4029 567 4082 usitatam
600 4023 1034 4092 significationem
1073 4031 1248 4075 cantus
1283 4035 1463 4073 Vocem
1504 4022 1668 4072 cantio

133 4116 427 4185 restringere
455 4114 722 4170 suaderet.

195 4221 212 4253 ι
249 4203 318 4257 Dc
342 4203 625 4257 Bibliorum
652 4201 919 4265 versione,
946 4214 1064 4267 quae
1091 4198 1155 4253 ad
1185 4207 1430 4265 quartum
1458 4195 1670 4250 circiter

132 4296 358 4349 sarculum
385 4296 451 4350 ab
484 4294 637 4350 Ullila
663 4293 911 4358 incmpta,
941 4289 1008 4343 ab
1033 4287 1155 4351 alio,
1181 4287 1279 4340 nisi
1313 4287 1486 4339 forsan
1512 4285 1578 4337 ab
1608 4300 1674 4338 eo

130 4389 531 4452 ipsecontinuata
552 4384 791 4452 fuit,jam
805 4396 959 4450 supra
976 4382 1027 4434 in
1053 4379 1287 4450 prolegg.
1307 4377 1371 4432 ad
1397 4377 1668 4431 ullilanum

133 4488 313 4531 textum
337 4477 557 4546 quatstio
585 4474 701 4527 fuit.
726 4470 908 4537 Quoad
935 4483 1060 4523 vero
1091 4468 1368 4529 Skeireins,
1401 4467 1501 4519 hoc
1529 4464 1672 4518 aliud

131 4567 335 4634 gothicre
366 4570 670 4622 litteratura:
703 4563 876 4630 majus
902 4560 1250 4628 fragmentum
1279 4572 1310 4610 a
1341 4556 1676 4610 Massmanno

134 4658 342 4726 editum,
390 4661 453 4712 ad
505 4656 771 4728 quodnam
831 4663 1036 4717 tempus
1081 4647 1443 4711 referendum,
1499 4658 1674 4700 utrum

135 4751 289 4803 γει-δίο
319 4752 386 4805 sit
413 4751 492 4804 vel
529 4746 792 4816 originale
828 4743 1111 4810 scriptum,
1142 4740 1368 4808 denique
1394 4755 1422 4790 a
1449 4753 1675 4807 quonam

137 4837 404 4894 Gothorum
429 4839 650 4892 doctore
678 4834 976 4889 conlectum
999 4832 1088 4894 sit,
1116 4832 1215 4883 lroc
1239 4828 1407 4880 adhuc
1437 4827 1485 4878 in
1514 4827 1676 4879 dubio

138 4939 376 4995 remanet,
403 4929 529 4983 coll.
575 4925 742 4988 Lbbe,
772 4919 1243 4988 Texthcrichtigung
1271 4918 1361 4972 der
1402 4917 1672 4981 Sheireins,

138 5020 386 5092 Altertblrg
413 5020 568 5075 1839.

209 5128 229 5162 ι
273 5111 445 5166 Plures
496 5111 716 5177 insuper
757 5104 889 5157 alias
935 5100 1204 5155 versiones
1250 5098 1677 5166 theologicosque

143 5209 370 5253 tractatus
400 5200 573 5266 plures
601 5194 917 5262 conscripsit
947 5187 1124 5244 Ullilas
1145 5227 1160 5254 ,
1209 5199 1264 5242 ut
1290 5203 1320 5242 e
1348 5185 1677 5241 documentis

145 5291 296 5352 primo
329 5296 565 5345 recenter
593 5285 847 5340 consultis
890 5294 946 5339 et
989 5305 1016 5337 κ
1061 5281 1288 5337 Waitzio
1339 5277 1541 5347 (Ucber
1582 5277 1677 5328 das

147 5377 291 5433 sten
325 5381 425 5433 and
455 5381 535 5431 die
565 5377 726 5428 Lente
754 5375 843 5428 des
873 5375 1052 5440 Ulfrla,
1082 5372 1312 5423 Haurrov.
1340 5368 1496 5438 18l0)
1526 5367 1678 5421 editis

149 5469 474 5524 indubitanter
492 5474 724 5526 conSIat;
755 5465 824 5518 ilri
855 5465 998 5517 enim
1017 5464 1206 5516 dicitur
1231 5460 1368 5528 (pag.
1397 5459 1485 5525 lt)
1509 5457 1676 5526 quod:

155 5573 173 5608 ι
204 5568 243 5610 st
263 5560 360 5627 ipse
387 5559 620 5628 (Ulﬁlas)
650 5555 808 5608 tribus
846 5555 1045 5623 linguis,
1076 5553 1295 5622 (μωρία,
1318 5550 1469 5602 latina
1495 5559 1546 5604 et
1579 5564 1679 5618 go-

214 5667 229 5696 ¹
255 5669 516 5729 Quomodo
543 5670 595 5722 in
621 5666 910 5721 editionem
939 5663 1316 5732 germanicam.
1341 5662 1550 5715 aliunde
1577 5671 1678 5715 tam

154 5739 466 5816 exquisitam.
508 5737 843 5816 suhrt-pscrit
869 5735 956 5786 ille
1015 5736 1186 5816 graris
1236 5747 1415 5816 ειγιξιι·ἶ
1470 5745 1680 5816 prorsus

159 5801 411 5860 lacticimus.
459 5807 569 5859 Non
619 5801 760 5857 enim
815 5804 996 5856 dor-tos
1041 5803 1267 5854 editores
1314 5801 1441 5867 frrgit
1487 5801 1676 5849 nullam

163 5886 364 5944 Unquam
411 5876 488 5930 vel
542 5875 813 5929 minimam
873 5874 1133 5926 laudatam
1195 5871 1354 5923 luis-e
1405 5869 1674 5936 t'pieiOialll

3223 424 3325 479 830

1774 534 1900 601 tica)
1941 535 2120 603 plures
2151 544 2401 589 tractatus
2433 545 2482 588 et
2515 537 2702 590 multas
2748 537 3202 605 ittlcrpre'attnnus
3243 553 3322 587 tro-

1769 624 1981 676 Ientibtu
2029 625 2098 675 ad
2157 625 2422 676 utilitatem
2465 636 2511 676 et
2562 629 2623 677 ad
2670 625 2746 678 (rd
2770 628 3083 692 ﬁrationcm,
3121 627 3213 678 sibi
3260 626 3323 675 ad

1768 721 2006 762 trtcrnam
2038 715 2326 764 memoriam
2352 724 2399 766 et
2430 717 2702 767 mercedem
2735 725 2850 783 post
2891 731 2948 766 se
2976 718 3273 781 den-liqut.
3303 732 3319 764 r

1771 801 1848 852 Ad
1892 803 2208 854 anteriorem
2239 805 2494 870 epoclrzrrn
2527 809 2758 871 pertinet
2800 807 3091 859 historicum
3120 823 3244 867 opus
3267 808 3326 856 ab

1769 890 1998 955 Ablavio,
2027 903 2081 944 et
2124 895 2457 961 geographica
2491 896 2700 961 scripta,
2735 895 2812 948 rei
2863 898 3032 962 potius
3063 896 3325 962 quiddam

1767 981 2081 1032 itinerarium
2132 985 2291 1035 totius
2331 984 2623 1037 Germania:
2671 988 2730 1036 ab
2772 986 3105 1048 Atlnnarito,
3147 984 3324 1036 Hilde-

1769 1071 1942 1133 baldo,
1971 1069 2301 1136 Markorniro,
2337 1072 2400 1124 ad
2433 1084 2638 1125 sextum
2668 1074 2913 1126 sarculum
2944 1073 3325 1134 conscriptum,

1770 1159 2013 1226 quodque
2042 1145 2355 1229 geographus
2385 1161 2653 1216 Ravenna;
2682 1163 2970 1231 sepissime
3000 1163 3158 1216 reft-rt
3187 1161 3324 1230 (vid.

1769 1247 2080 1302 Grirumium
2112 1248 2202 1303 Gr.
2238 1266 2354 1303 ιι.ιί
2383 1251 2464 1322 [1⁸
2495 1251 2558 1304 ed
2586 1252 2696 1321 t.]).

1843 1355 1862 1388 ι
1901 1340 1977 1390 Ad
2031 1341 2335 1394 litteratura:
2379 1341 2668 1394 dominium
2716 1343 2991 1396 referenda
3037 1350 3161 1395 srrnt
3227 1355 3325 1394 nec

1771 1425 2135 1479 Calendarium
2169 1429 2432 1493 guthicum
2459 1471 2473 1492 ,
2517 1445 2611 1483 nec
2649 1432 2875 1499 gothica:
2918 1433 3328 1496 subseriptiones

1771 1517 2134 1570 nonnullorum
2177 1520 2608 1573 documentorum
2651 1524 2698 1573 ιιι
2727 1520 2872 1572 Italia
2906 1522 3066 1573 latine
3093 1523 3326 1572 eousCt-i-

1771 1616 1974 1670 ptorurn
2028 1607 2171 1673 (vid.
2229 1611 2370 1675 goth.
2425 1610 2638 1678 glossar.
2702 1610 2920 1677 μηνί),
2989 1611 3103 1661 licet
3178 1609 3326 1660 nobis

1770 1697 1940 1761 tuagni
1984 1707 2090 1747 surt
2135 1697 2268 1750 alias
2313 1701 2594 1761 momenti;
2624 1702 2789 1751 multo
2834 1701 3002 1751 minus
3047 1714 3106 1750 ea
3149 1699 3326 1764 spuria

1769 1798 1886 1849 quae
1915 1784 2278 1839 Ma~smannus
2325 1787 2504 1840 multis
2547 1788 2754 1852 quidem
2799 1789 3079 1840 sudoribus
3108 1803 3315 1853 compa-

1770 1887 1902 1936 rata,
1934 1890 1964 1927 c
2012 1877 2151 1930 fonte
2180 1877 2394 1929 nimium
2445 1877 2618 1931 fallaci
2657 1879 2849 1936 hausit.
2882 1889 2933 1930 et
2966 1879 3014 1930 in
3048 1893 3206 1943 opere
3238 1894 3325 1944 pe-

1768 1963 1966 2016 riodico
2015 1965 2220 2032 llatrprii
2259 1966 2540 2019 Alterthum
2581 1967 2633 2030 I,
2674 1969 2778 2020 29$
2822 1981 2939 2034 sqq.
2986 1968 3196 2018 nomine
3239 1982 3325 2033 go-

1766 2052 2017 2104 llticortrm
2065 2055 2318 2106 minorum
2358 2056 2610 2125 inscripta
2658 2058 2714 2109 irr
2749 2058 2917 2109 lucem
2956 2057 3157 2118 edidit,
3203 2055 3322 2107 coll.

1769 2141 1932 2207 ξι.»

1838 2234 1863 2302 §
1895 2235 1943 2286 7.
1977 2235 2194 2289 Gothica
2225 2235 2401 2305 lingua
2425 2252 2527 2290 non
2555 2237 2651 2290 nisi
2684 2237 2826 2291 brevi
2855 2246 3094 2305 tempore
3120 2236 3323 2296 floruit;

1766 2325 1816 2384 in
1847 2325 2024 2377 ilorsia
2050 2326 2198 2378 nobis
2228 2327 2570 2394 extinguitur,
2598 2338 2714 2380 sese
2739 2326 3168 2392 extingueutilrns
3192 2325 3326 2377 indi-

1764 2415 1910 2480 genis
1939 2413 2121 2468 Gothis
2163 2431 2192 2467 a
2243 2425 2476 2470 torrente
2515 2433 2769 2471 novorum
2804 2418 3112 2484 populorum
3146 2417 3194 2466 in
3231 2417 3330 2466 lla~

1767 2504 2021 2555 nulrianas
2085 2506 2325 2572 regiones
2392 2507 2737 2568 irruentium;
2795 2505 2844 2557 in
2910 2505 3325 2558 oet-identalibus

1766 2603 1938 2645 autem
1965 2596 2136 2656 terris,
2156 2595 2240 2646 ubi
2265 2594 2464 2646 Gothos
2487 2596 2672 2648 Ustro-
2692 2605 2744 2646 et
2767 2593 3046 2657 Wisigothi
3077 2594 3325 2657 supplan-

1769 2694 2026 2747 taverunt,
2061 2685 2170 2736 huic
2207 2683 2542 2750 probabiliter
2573 2685 2715 2752 prius
2746 2698 2900 2749 quam
2935 2683 3154 2750 populus
3184 2682 3324 2750 ipse,

1768 2772 2023 2826 inﬂuente
2053 2775 2215 2826 latino
2245 2788 2508 2835 sermone,
2538 2773 2772 2842 extingui
2810 2771 3008 2826 debuit.

1842 2879 1859 2909 t
1898 2860 2116 2913 Gothica
2140 2862 2312 2929 lingua
2340 2863 2390 2913 in
2415 2863 2725 2914 litterariam
2751 2870 3014 2926 provecta,
3036 2860 3113 2910 vel
3145 2858 3326 2910 saltcru

1767 2949 1936 3015 prinro
1960 2950 2216 3014 scriptura
2244 2950 2469 3002 stabilita
2492 2962 2568 3002 «St
2595 2951 2643 3002 in
2674 2949 2876 3010 Moesia,
2902 2950 2986 3000 ubi
3016 2949 3328 3012 scripturam

1769 3041 1950 3096 Ullilas
1994 3041 2261 3092 adinvenit
2310 3039 2498 3109 (vid.§
2536 3039 2632 3106 ll)
2674 3037 3074 3102 Versionemqrre
3125 3037 3323 3087 Biblio-

1771 3145 1886 3184 rum
1918 3132 2151 3197 incmpit.
2189 3131 2280 3183 llic
2309 3132 2483 3182 ﬂoruit
2512 3130 2752 3198 gothicu~
2783 3143 2978 3191 sermo,
3003 3128 3158 3178 etiam
3191 3142 3330 3178 mor~

1769 3232 1858 3276 tuo
1909 3223 2062 3276 Ullila
2095 3223 2280 3289 (583),
2310 3231 2364 3274 ut
2410 3238 2475 3273 ex
2519 3222 2608 3273 Ter
2626 3221 2824 3272 tulliaui
2857 3222 2870 3247 ‘
2907 3221 3136 3285 epistola
3189 3222 3328 3270 circa

1766 3328 1853 3366 an.
1879 3314 1984 3366 405
2010 3314 2208 3380 scripta
2232 3322 2390 3379 patet.
2425 3312 2546 3364 llmc
2573 3328 2729 3379 porro
2749 3311 2970 3377 epistola
3001 3311 3329 3378 (Hieronymi

1767 3419 1987 3470 operum
2020 3413 2147 3456 tom.
2177 3404 2224 3466 l,
2261 3404 2416 3470 epist.
2449 3419 2563 3466 cvr;
2596 3405 2791 3456 l‘arrol.
2829 3416 2957 3458 tom.
3000 3401 3135 3454 ΧΧίΙ
3157 3445 3170 3466 ,
3202 3403 3326 3452 rdrt.

1769 3497 1971 3562 Migne;
2005 3510 2124 3561 opp.
2160 3510 2215 3558 tt,
2246 3511 2299 3561 p.
2333 3495 2433 3546 (5‘26
2462 3493 2547 3546 ed.
2581 3494 2648 3544 l‘a
2683 3495 2771 3558 is.)
2804 3509 3114 3560 responsum
3163 3492 3330 3542 conti-

1771 3593 1859 3637 net
1888 3584 2103 3636 Sunnia:
2132 3593 2185 3635 et
2217 3581 2461 3645 Fretelm,
2497 3580 2682 3634 Gothis
2722 3581 3066 3649 presbyteris,
3100 3579 3164 3631 de
3197 3595 3331 3630 non-

1771 3675 1929 3726 rrullis
1973 3671 2180 3724 Veteris
2219 3672 2542 3724 Testamcnti
2579 3672 2706 3724 locis
2749 3672 2926 3723 divum
2957 3675 3225 3722 doctorem
3257 3669 3333 3720 iu-

1769 3761 2178 3828 tt‘rrogantibus,
2209 3776 2416 3828 quaque
2457 3776 2559 3813 non
2597 3761 2662 3812 ad
2708 3761 3090 3812 institutionem
3133 3759 3337 3810 oralem

1771 3860 1994 3912 tantum,
2025 3849 2115 3901 sed
2161 3849 2224 3900 ad
2275 3849 2536 3915 quoddam
2583 3862 2716 3913 Opus
2763 3848 3014 3907 scripturn
3063 3857 3210 3898 eerto
3253 3847 3332 3895 usi

1769 3950 1910 3992 sunt.
1951 3940 2085 4004 Quin
2137 3940 2296 3990 immo
2337 3937 2400 3990 ad
2448 3953 2642 3991 nonum
2689 3953 2850 4004 usque
2901 3939 3148 3990 sarculum
3198 3937 3334 4000 apud

1772 4027 1974 4082 Gothos
2022 4029 2243 4080 Danubii
2293 4028 2586 4092 inferioris,
2623 4038 2677 4080 ut
2707 4026 2998 4079 Walafrido
3030 4027 3275 4080 Straboni
3307 4042 3334 4077 a

1771 4121 2119 4175 missionariis
2166 4130 2434 4172 narratum
2475 4129 2576 4184 est,
2612 4120 2662 4172 iu
2699 4120 2914 4185 gorlrico
2963 4134 3208 4170 scrruorre
3248 4119 3335 4169 di-

1771 4212 1890 4264 vina
1930 4209 2100 4265 ollicia
2149 4209 2523 4263 recitabantur.
2563 4227 2580 4258 ι
2625 4208 2792 4270 Gothi,
2837 4209 3006 4276 inquit
3048 4208 3146 4274 (De
3184 4209 3348 4260 rebus

1773 4302 1964 4356 eccles.
1999 4301 2052 4367 't')
2077 4342 2091 4365 ,
2122 4302 2208 4362 qui
2254 4308 2298 4350 ct
2339 4296 2509 4360 Getw,
2555 4313 2614 4351 eo
2659 4307 2912 4363 tempore,
2942 4314 3040 4364 quo
3081 4300 3149 4348 ad
3188 4298 3340 4364 ﬁdem

1773 4388 1964 4441 Christi
2005 4387 2232 4454 perducti
2272 4395 2417 4448 sunt,
2448 4387 2498 4435 in
2545 4384 2834 4437 Crwcorum
2882 4386 3154 4450 provinciis
3198 4400 3338 4434 com-

1773 4489 2047 4541 moruntes,
2080 4485 2327 4540 nostrum,
2358 4475 2410 4527 id
2456 4483 2526 4529 cst
2568 4474 2880 4527 theodiscum
2924 4490 3196 4526 sermonem
3247 4474 3338 4524 Ira-

1772 4570 2004 4632 buerunt,
2036 4578 2101 4632 et,
2122 4579 2172 4620 ut
2205 4568 2428 4620 historia:
2471 4575 2736 4629 testantur,
2772 4568 3087 4630 postmodum
3126 4565 3339 4616 studiosi

1774 4660 1916 4716 illius
1945 4661 2101 4728 geritis
2144 4659 2338 4710 divinos
2368 4655 2522 4708 libros
2553 4656 2606 4706 in
2633 4671 2736 4707 sure
2763 4655 3026 4706 locutionis
3054 4655 3338 4722 prapricta-

1775 4760 1870 4802 teut
1920 4750 2325 4811 transtulerunt,
2375 4761 2588 4814 quarunt
2635 4748 2800 4796 adhuc
2841 4757 3155 4796 monumenta
3199 4746 3339 4809 apud

1776 4837 2046 4891 nonnullos
2099 4837 2365 4888 habentur.
2421 4835 2489 4887 Et
2551 4836 2774 4900 ﬁdelium
2828 4838 3041 4898 fratrum
3098 4835 3340 4887 relations

1775 4927 2069 4987 didicimus,
2095 4925 2232 4991 quod
2270 4925 2515 4992 quasdam
2556 4924 2863 4991 Scytharum
2902 4936 3090 4992 gentes,
3124 4924 3338 4974 maxime

1781 5014 2105 5076 Tonritanos,
2132 5014 2304 5065 eadem
2347 5014 2596 5066 locutione
2638 5015 2804 5065 divina
2851 5014 3090 5064 hactenus
3138 5014 3337 5064 recitari

1777 5103 1958 5171 oﬂicia.
1995 5121 2012 5152 ι
2039 5100 2169 5154 Cum
2197 5113 2370 5156 autem
2394 5102 2550 5154 Olaus
2581 5102 2832 5155 Rudbeclt
2856 5103 3072 5170 (Atlarrt.
3101 5100 3184 5162 lll,
3207 5101 3334 5167 2N)

1778 5201 1991 5253 narrat,
2029 5191 2166 5257 quod
2214 5205 2306 5243 sua
2353 5192 2510 5242 etiam
2559 5201 2712 5242 settle
2760 5191 2844 5257 (in
2891 5191 3084 5243 $330qu
3131 5191 3249 5255 l7')
3283 5193 3335 5244 in

1780 5282 2017 5350 plurimis
2061 5279 2349 5334 Walachite
2395 5281 2520 5332 locis
2572 5279 2790 5348 vestigia
2833 5279 3024 5348 gotbici
3074 5282 3335 5333 sermonis

1779 5379 2112 5438 supererant,
2148 5369 2244 5422 hoc
2267 5369 2328 5420 ad
2364 5369 2566 5420 fabulas
2589 5368 2989 5422 adscribendum
3021 5379 3118 5431 est,
3145 5370 3335 5437 quibus

1779 5460 2009 5512 abundat
2060 5456 2215 5524 hujus
2258 5456 2488 5509 auctoris
2531 5472 2689 5524 opus;
2726 5457 2882 5509 immo
2921 5459 3120 5511 etiamsi
3152 5472 3332 5510 verum

1779 5564 1865 5602 ess
1901 5560 1939 5609 ι,
1973 5557 2028 5599 ut
2074 5548 2157 5599 ille
2205 5545 2427 5599 affirmat
2453 5587 2466 5609 ,
2497 5545 2633 5615 quod
2684 5546 2794 5613 ipse
2846 5548 3026 5600 viderit
3068 5547 3332 5600 hominem

1783 5661 2117 5721 Tertulliani,
2149 5658 2236 5724 qui
2267 5660 2475 5711 aliunde
2503 5673 2639 5710 anno
2669 5658 2878 5709 circiter
2916 5659 3019 5709 ⁴216
3059 5659 3200 5709 obiit.
3238 5659 3332 5710 llic

1784 5731 1940 5795 igitur
1980 5729 2162 5780 calami
2205 5738 2402 5779 tantum
2452 5729 2628 5793 lapsus
2678 5730 2824 5777 adest
2852 5727 3332 5782 :lllrlllONYMllM

1785 5814 1982 5863 ponere
2013 5801 2214 5864 volens,
2249 5798 2496 5851 mendose
2540 5795 3070 5853 TERTULLIALVCM
3099 5800 3327 5866 scripsit.

1786 5867 1941 5943 Inter,
1964 5891 2006 5923 τ.
