3836 6390
402 316 497 374 SM

400 435 685 504 quemdam
743 432 809 484 ab
858 432 939 484 his
984 428 1286 499 regionibus
1338 428 1402 480 ad
1452 446 1626 496 regem
1673 430 1963 483 Succorum

402 528 669 593 legatum,
710 526 799 592 qui
850 523 1057 577 Ulliluln
1105 520 1314 589 gothice
1360 519 1593 586 legerat,
1623 520 1743 573 hinc
1788 529 1963 573 tamen

410 618 673 684 gothicam
721 616 951 682 linguam
989 622 1113 665 tunc
1162 610 1417 677 temporis
1448 609 1496 661 in
1528 608 1805 662 Walachia
1830 609 1967 663 exti-

408 711 534 762 tisse
563 706 833 761 immerito
853 702 1277 758 concluderetur.
1306 698 1693 752 Gastill-ionarus
1722 698 1966 766 equidem

410 805 477 871 (ll
508 804 745 859 Corinth.
776 816 831 871 p.
878 800 971 866 85)
1012 799 1123 852 hare
1167 796 1391 865 gothictc
1428 794 1615 860 lingua:
1662 791 1880 859 vestigia
1912 790 1966 844 in

408 895 507 947 ista
534 893 752 961 regione
794 880 886 958 per
928 890 1165 943 Saxones
1195 883 1591 953 Transylvania:
1632 882 1850 934 colonos
1880 894 1971 932 ex-

405 986 604 1053 plicare
637 983 835 1051 potuit;
868 982 987 1049 quis
1014 991 1190 1033 autem
1231 976 1416 1031 credat
1457 975 1718 1029 Saxoncm
1762 969 1969 1025 Ullilam

406 1091 473 1129 eo
501 1076 657 1128 modo
688 1076 864 1144 legere
895 1070 1150 1139 potuisse,
1180 1066 1374 1136 ignotis
1401 1065 1664 1132 scriptura
1692 1064 1971 1131 linguaque

410 1168 671 1237 gothicis?

483 1278 502 1310 ι
550 1261 911 1325 Quoscunque
969 1253 1130 1308 Gothi
1192 1249 1533 1317 subiecerunt
1582 1245 1842 1315 populos,
1896 1244 1975 1298 eis

408 1366 676 1417 nunquam
704 1364 857 1401 suum
887 1348 1082 1399 idioma
1114 1344 1503 1410 imposuerunt,
1528 1341 1646 1409 jura
1672 1338 1975 1407 patriosque

410 1454 590 1494 mores
640 1439 796 1492 simul
840 1446 1001 1505 atque
1060 1435 1293 1500 linguam
1347 1430 1545 1485 servari
1590 1430 1973 1497 permittentes.

414 1536 483 1587 lia
514 1535 609 1586 fuit
639 1534 689 1585 in
716 1531 858 1584 Italia
893 1527 1333 1595 Ostrogothorum
1381 1524 1568 1591 agendi
1615 1524 1768 1578 ratio.
1804 1524 1895 1577 llic
1925 1524 1975 1578 in

412 1624 587 1677 tncdin
615 1622 994 1688 relinquemus,
1024 1628 1197 1670 utrum
1229 1614 1408 1667 Manso
1449 1620 1697 1682 punctum
1729 1612 1974 1679 tetigerit,

414 1714 597 1766 dicens
630 1709 948 1780 (Geschichte
975 1708 1065 1759 des
1085 1705 1362 1772 ostrogoth.
1396 1703 1594 1767 Reichs,
1622 1700 1747 1771 I35)
1776 1702 1979 1757 Gothos

417 1802 762 1865 inteliexisse,
795 1800 933 1867 quod
963 1814 991 1849 a
1024 1796 1228 1863 legibus
1252 1803 1305 1847 et
1331 1806 1579 1845 sermone
1624 1791 1978 1843 Rotnanoium

415 1889 626 1943 nonnisi
670 1890 877 1941 discere
925 1896 978 1940 et
1016 1885 1257 1951 accipere
1306 1891 1522 1950 possent
1561 1882 1715 1949 (nam
1764 1880 1845 1932 vir
1877 1880 1981 1932 .ille

414 1982 603 2033 doctus
645 1980 868 2033 mirifice
905 1979 971 2033 de
1009 1979 1183 2044 lingua
1222 1975 1429 2043 gothica
1474 1980 1653 2039 putat,
1682 1987 1799 2025 cum
1828 1972 1981 2039 vulgo

415 2070 745 2123 contendens
772 2083 887 2122 eam
938 2064 1170 2119 nomium
1212 2065 1344 2116 satis
1385 2061 1672 2131 perfectam
1714 2058 1893 2119 fuisse,
1927 2067 1984 2110 ιιι

418 2157 741 2209 necessarias
769 2156 889 2208 vita:
924 2154 1096 2207 civilis
1130 2152 1476 2219 cogitationes
1504 2150 1802 2216 mprimere
1836 2146 1983 2200 vale-

419 2243 553 2312 ret);
582 2243 674 2297 sed
720 2242 787 2296 de
832 2244 968 2295 facto
1008 2241 1215 2311 gothico
1261 2239 1433 2308 lingua
1482 2239 1629 2293 nullo
1659 2237 1816 2291 modo
1845 2236 1981 2305 apud

424 2333 579 2385 Italos
609 2332 871 2385 introduci
904 2332 1113 2399 potuit:
1146 2329 1435 2399 pecu!i:rres
1480 2328 1621 2383 enim
1670 2336 1792 2379 sunt
1831 2339 1986 2380 casus

422 2424 775 2490 peculiaribus
799 2422 1093 2489 explicandi
1116 2420 1437 2485 rationibus,
1467 2436 1588 2473 cum
1623 2418 1842 2472 Romani
1873 2420 1988 2484 qui-

423 2516 541 2569 dam
589 2515 799 2582 gothico
861 2513 1020 2565 locuti
1072 2522 1193 2564 sunt
1248 2510 1411 2577 (coll.
1460 2507 1701 2562 Cassiod.
1737 2509 1798 2571 8,
1842 2507 1985 2576 2|);

423 2616 639 2671 econtra
686 2620 819 2658 nova
858 2604 974 2657 haec
1007 2603 1151 2669 regio
1180 2601 1376 2653 urbana
1404 2600 1662 2661 moribus,
1688 2598 1990 2665 productio-

425 2699 579 2751 nibus
621 2698 895 2762 opulenta,
933 2693 1289 2760 voluptatibus
1314 2691 1492 2754 unica,
1525 2688 1812 2741 Gothorum
1858 2686 1990 2739 adeo

426 2789 632 2843 animos
682 2785 912 2846 seduxit,
966 2795 1255 2848 eorumque
1299 2778 1715 2832 nationalitatetn
1756 2775 1994 2829 infirma-

428 2885 531 2940 vit,
564 2888 619 2932 ιιι
654 2879 761 2946 jam
807 2874 1171 2929 Theodericus
1208 2872 1273 2924 ad
1315 2867 1587 2937 gymnasia
1636 2880 1850 2918 rontana
1892 2866 1993 2917 fre-

428 2968 727 3039 quentanda
777 2980 901 3019 suos
949 2965 1127 3016 itmise
1174 2961 1437 3013 incitaret.
1510 2954 1661 3020 Quod
1716 2962 1889 3007 autem
1939 2951 1990 3006 in

430 3061 572 3115 Italia
610 3058 768 3113 Gothi
819 3054 1030 3125 gnthiee
1076 3052 1233 3107 locuti
1284 3050 1412 3113 sint,
1445 3047 1547 3100 hoc
1590 3045 1842 3114 probatur
1884 3054 1993 3097 tum

431 3169 494 3204 cx
525 3146 958 3216 inseriptionibus
1008 3139 1333 3205 neapolitani
1364 3147 1420 3191 et
1448 3134 1635 3188 aretini
1668 3131 1993 3193 documenti,

430 3250 541 3291 tum
571 3254 601 3292 e
630 3236 883 3304 seiunctis
932 3230 1279 3286 tribunalibus
1328 3226 1623 3281 Gothorum
1663 3232 1717 3275 et
1746 3222 1996 3275 Italorum

431 3332 523 3400 (de
553 3346 657 3399 quo
686 3344 837 3382 suum
880 3338 1098 3379 sensum
1127 3320 1333 3389 aperuit
1363 3318 1590 3381 Gloden,
1625 3316 1727 3367 Das
1752 3314 2001 3367 ramische

435 3423 591 3476 flecht
621 3424 671 3474 in
701 3418 1067 3490 ostgnthisclten
1103 3414 1309 3477 Ileiche,
1339 3412 1467 3465 lena
1514 3409 1700 3476 I843);
1728 3420 1781 3462 et
1810 3409 2001 3463 verisi—

437 3512 714 3566 tnillimutn
746 3518 829 3563 est
854 3507 1102 3573 reliquias
1128 3517 1313 3558 omnes
1339 3500 1534 3569 gothici
1562 3499 1841 3563 sermonis,
1872 3511 2001 3565 qua-

436 3600 515 3653 les
560 3611 700 3650 nunc
745 3596 1123 3656 habemus,ex
1173 3592 1315 3643 Italia
1361 3589 1521 3642 fuisse
1566 3586 1849 3649 deductas;
1876 3584 1999 3639 coll.

434 3692 638 3745 (Ia-till.
686 3704 819 3757 spec.
862 3686 924 3739 IV
964 3692 1018 3739 et
1062 3684 1126 3735 ad
1180 3668 1222 3735 Il
1265 3680 1390 3736 Cor.
1436 3695 1489 3748 p.
1522 3678 1623 3741 85;
1656 3674 1743 3729 W.
1776 3677 2001 3730 Grimm.

435 3780 617 3832 Jahrb.
640 3780 730 3831 der
761 3777 866 3830 Lit.
899 3774 1081 3836 XLIII,
1114 3772 1203 3825 29.

514 3889 532 3921 ι
571 3868 675 3922 Nec
703 3865 926 3920 ulterius
954 3860 1231 3929 Wisigothi
1260 3862 1311 3913 in
1336 3858 1555 3913 victoria
1585 3856 1849 3910 abolendo
1878 3870 2003 3922 pro-

440 3959 605 4031 gressi
651 3967 802 4021 sunt,
848 3962 1123 4023 postquam
1173 3951 1225 4003 in
1278 3947 1551 4002 Franciam
1597 3956 1651 4001 et
1700 3944 2005 4012 Ilispaniam

437 4052 744 4110 lrruissent;
774 4041 1218 4113 quemadmodum
1262 4040 1403 4092 enim
1436 4038 1487 4090 in
1518 4036 1703 4097 sacris,
1747 4034 1815 4087 ita
1860 4041 1913 4086 et
1953 4031 2005 4085 in

438 4140 671 4211 profanis
710 4138 999 4190 tolerantes
1040 4147 1099 4185 se
1140 4130 1499 4199 praebuerunt.
1536 4126 1691 4180 Gothi
1736 4124 1835 4189 ipsi
1883 4135 2008 4176 suos

439 4243 641 4294 mores,
673 4227 819 4297 leges
846 4233 1253 4287 sermonemque
1294 4232 1387 4284 per
1419 4216 1675 4269 ducentos
1704 4224 1870 4265 annos
1896 4224 2010 4263 ser-

441 4330 653 4380 varunt,
683 4318 853 4371 donec
884 4322 1135 4383 regnante
1164 4308 1466 4364 Beccaredo
1496 4303 1643 4377 (60I)
1668 4302 1888 4356 Romani
1918 4301 2010 4354 lie-

438 4420 583 4469 rent.
630 4406 908 4475 IIic,enim
957 4404 1162 4458 Gothos
1207 4411 1261 4454 et
1299 4401 1565 4453 Itomanos
1605 4397 1704 4450 sibi
1741 4393 2010 4462 subjectos

439 4515 609 4555 unum
654 4496 902 4565 populum
940 4506 1202 4558 unamque
1239 4497 1449 4558 gentem
1498 4480 1635 4542 eflici
1678 4483 2008 4547 desiderans,

440 4594 496 4647 in
521 4590 625 4643 hoc
643 4583 867 4641 consilio
888 4579 1252 4649 exsequendo,
1278 4579 1528 4632 inﬂuente
1556 4576 1721 4639 clero,
1751 4581 1893 4627 totus
1922 4569 2009 4625 itt-

439 4681 645 4737 cubuit.
684 4676 865 4746 Itaque
901 4672 1025 4727 tulit
1049 4673 1217 4740 legem
1244 4670 1311 4723 ad
1341 4678 1594 4736 utrosque
1622 4666 2003 4735 pertinentem;

442 4788 565 4826 cum
614 4778 788 4823 autem
835 4762 1192 4834 subiectorum
1222 4761 1583 4815 Romanorum
1632 4758 1788 4825 longe
1839 4753 2011 4822 major

442 4869 589 4920 esset
625 4871 898 4919 numerus,
943 4856 1025 4909 lex
1070 4854 1167 4907 ista
1210 4851 1373 4905 latine
1414 4848 1582 4916 redigi
1625 4846 1824 4907 debuit,
1855 4845 1925 4896 ita
1955 4850 2013 4895 ut

441 4954 644 5008 latinus
669 4946 971 5017 reipublicae
1010 4956 1190 4997 sermo
1230 4939 1402 4994 Iactus
1430 4939 1531 5000 sit;
1561 4935 1864 4991 christiana:
1894 4931 2013 4985 fidei

447 5045 674 5098 devotus
698 5046 846 5102 erat;
875 5035 996 5089 hinc
1022 5032 1198 5086 divina
1223 5029 1395 5083 ofﬁcia
1422 5027 1586 5081 latine
1620 5022 1875 5078 celebrari
1900 5021 2013 5088 ius.

449 5134 541 5197 sit,
565 5132 638 5184 ita
667 5139 725 5183 ut
751 5127 909 5196 huius
934 5123 1185 5179 Ecclesia:
1210 5133 1387 5173 sermo
1409 5118 1659 5183 deinceps
1678 5113 1873 5166 latinus
1901 5109 2015 5163 fue-

446 5224 552 5284 rit;
582 5216 768 5271 aulicis
807 5214 917 5269 suis
963 5212 1173 5265 nomina
1222 5208 1381 5261 latina
1426 5206 1591 5268 dedit,
1634 5203 1704 5256 ita
1744 5210 1801 5255 ut
1846 5198 2013 5252 aulica

450 5311 631 5377 lingua
659 5306 767 5375 jam
799 5304 959 5359 latina
984 5299 1213 5357 evaserit
1232 5297 1376 5368 (coll.
1402 5294 1696 5355 Asehhach,
1718 5289 1899 5345 Gesch.
1930 5288 2018 5341 der

457 5396 810 5469 Westgothen,
843 5410 896 5463 p.
921 5392 1025 5448 250
1054 5388 1216 5459 seq.);
1239 5387 1493 5443 confectis
1513 5385 1596 5439 his
1622 5379 2016 5469 mutationibus,

450 5458 731 5561 poteratne
754 5458 960 5555 gothica
984 5458 1300 5548 scriptorum
1331 5477 1507 5545 lingua
1528 5486 1802 5543 superesse
1816 5458 1845 5525 1
1860 5468 2019 5539 Equi-

450 5581 579 5635 dem
617 5581 789 5646 lingua
825 5575 878 5630 iu
908 5571 1105 5629 ultimis
1146 5568 1475 5640 temporibus
1516 5563 1887 5621 dominationis
1926 5575 2017 5634 go-

1425 306 1876 366 CRMISIHICA‘
1910 308 2227 366 GOTIIICXE
2266 306 2557 367 LINGU/ﬁ.

3525 314 3653 373 802'

2066 426 2219 481 lhica:
2265 427 2511 495 paulatim
2552 426 2619 481 ab
2647 440 2740 481 ore
2784 429 2958 497 populi
3001 429 3245 485 decidere
3292 434 3398 487 visa
3430 446 3532 498 est,
3572 447 3631 490 et

2066 517 2301 584 exceptis
2344 517 2670 584 paucissimis
2709 519 3025 586 gertnanicis
3066 523 3370 588 vocabulis,
3414 541 3533 594 qua:
3572 528 3630 580 in

2069 604 2336 673 hispanica
2378 604 2585 659 inducta
2636 618 2759 661 sunt
2798 608 2946 675 (coll.
2979 612 3125 678 goth.
3168 613 3389 681 glossar.
3426 617 3629 685 praet),

2071 696 2316 749 nonnulla
2347 704 2545 749 tantum
2576 711 2606 751 e
2636 699 2894 753 rusticana
2935 699 3201 768 lliSpaniar
3234 704 3479 769 dialecto,
3508 720 3634 775 qua

2070 784 2249 839 forsan
2276 801 2387 839 non
2409 787 2524 840 sine
2551 787 2752 842 ratione
2779 790 3065 857 germanica
3086 792 3138 859 (a
3172 803 3277 846 vet.
3307 810 3474 862 germ.
3504 814 3637 864 gul.

2071 889 2185 938 rus,
2214 890 2391 943 gauer,
2418 874 2665 943 ruricola)
2703 887 3045 945 nuncupatur,
3076 894 3140 932 ex
3166 884 3483 948 germanicis
3505 885 3635 937 illu-

2072 972 2323 1026 strautur,
2341 975 2397 1017 ιιι
2423 982 2435 1015 :
2463 965 2624 1029 ledro,
2655 965 2885 1027 sinister,
2914 967 3061 1035 guth.
3089 967 3393 1035 hleidume'ti,
3417 986 3445 1023 a
3468 973 3649 1041 stirpe

2074 1053 2232 1119 Itleid,
2278 1055 2393 1119 led;
2433 1056 2643 1119 mundo,
2682 1054 2863 1121 facies,
2900 1058 3047 1125 goth.
3090 1058 3301 1128 murtpr,
3346 1077 3436 1123 os;
3474 1064 3655 1117 etiam

2076 1142 2300 1197 fortasse
2329 1146 2481 1213 godo,
2528 1144 2732 1206 dexter.
2764 1145 2911 1213 goth.
2953 1147 3073 1215 god,
3116 1149 3283 1202 bonus
3312 1150 3387 1220 (ιιι
3421 1152 3657 1207 aliunde

2075 1234 2353 1301 expressio
2378 1232 2649 1289 dexterum
2681 1234 2815 1289 latus
2849 1235 3153 1304 significans
3182 1238 3338 1291 etiam
3370 1255 3466 1308 pro
3497 1242 3659 1295 bono

2076 1326 2271 1393 valet);
2316 1326 2484 1390 navio,
2531 1340 2744 1394 corpus,
2789 1326 3038 1391 cadaver,
3082 1330 3229 1397 goth.
3275 1346 3422 1393 naua,
3456 1335 3643 1396 navis;

2078 1416 2272 1481 unctas,
2314 1429 2522 1481 manus,
2561 1415 2706 1485 goth.
2750 1434 2901 1487 agga,
2950 1419 3218 1485 articulus,
3260 1436 3471 1487 corpus,
3512 1426 3643 1481 coll'.

2078 1506 2221 1575 angi.
2251 1507 2417 1571 uncle,
2450 1505 2606 1561 inter.
2628 1522 2793 1575 germ.
2824 1507 2986 1563 callet.
3018 1508 3198 1579 Neque
3228 1512 3280 1565 in
3316 1512 3395 1566 his
3425 1514 3651 1569 investi-

2081 1596 2377 1667 gationibus
2404 1596 2612 1664 longius
2644 1598 2885 1666 progredi
2918 1600 3059 1665 licet,
3082 1614 3201 1654 cum
3231 1602 3333 1654 alia
3365 1605 3649 1669 nonnulla,

2082 1684 2260 1751 specie
2286 1682 2605 1753 germanica.
2635 1699 2866 1739 romana:
2906 1696 3079 1741 tamen
3111 1700 3231 1742 sunt
3269 1679 3508 1758 originis,
3541 1702 3599 1747 ut
3633 1711 3651 1746 :

2082 1791 2217 1841 asas,
2244 1788 2421 1841 aures,
2447 1775 2689 1843 equidem
2720 1777 2868 1843 goth.
2891 1793 3033 1839 ama,
3056 1779 3151 1832 sed
3176 1780 3381 1847 hispan.
3410 1798 3527 1846 asa,
3553 1799 3654 1835 au-

2083 1865 2187 1931 ris;
2230 1873 2403 1930 mater,
2447 1864 2746 1928 comedere,
2798 1865 3040 1933 equidem
3085 1866 3229 1935 goth.
3282 1872 3498 1939 matjau,
3553 1871 3670 1925 sar

2084 1954 2291 2022 hispan.
2332 1963 2508 2018 meter,
2551 1949 2918 2019 introducere;
2952 1956 3120 2024 bufur,
3148 1958 3399 2024 clamare,
3430 1976 3659 2027 vocare,

2084 2045 2328 2113 equidem
2364 2046 2768 2117 goth.'vopjan,
2802 2048 2893 2101 sed
2940 2050 3142 2117 hispan.
3194 2052 3361 2119 ὀπίαν,
3411 2055 3653 2121 mugire;

2086 2140 2255 2205 ipsum
2287 2140 2437 2193 navie
2481 2140 2689 2207 hispan.
2733 2141 2879 2193 nario
2916 2141 3112 2209 (παγίς)
3138 2158 3256 2196 esse
3292 2154 3490 2211 posset.
3523 2146 3656 2199 coll.

2093 2228 2430 2284 Vocabulario
2459 2229 2521 2282 de
2549 2227 2821 2281 Germania
2847 2244 2913 2280 an
2933 2232 3028 2281 delt
3059 2231 3335 2285 Romanus
3356 2234 3418 2285 de
3442 2233 3658 2287 Germa-

2087 2318 2195 2384 nia,
2243 2317 2443 2371 editum
2474 2332 2503 2369 a
2530 2316 2682 2371 Joan.
2724 2314 2971 2385 Ilidalgo,
3006 2316 3202 2371 Madrid
3243 2320 3395 2373 I779.
3439 2321 3513 2372 Ex
3558 2335 3658 2389 go-

2093 2406 2248 2460 thicis
2288 2406 2520 2473 scriptis,
2565 2420 2683 2474 qua:
2725 2406 2791 2458 ad
2836 2418 2933 2458 nos
2982 2416 3357 2473 pervenerunt,
3393 2409 3558 2462 ullum
3601 2410 3671 2463 irr

2092 2495 2339 2564 Ilispania
2368 2494 2664 2549 conlectum
2713 2493 2879 2547 fuisse
2920 2508 3039 2547 cum
3080 2496 3304 2563 quadam
3336 2499 3660 2551 certitudine

2090 2591 2323 2638 statuere
2349 2598 2454 2637 non
2480 2597 2791 2652 possumus;
2816 2584 2901 2649 qui
2927 2584 3069 2638 enim
3094 2584 3331 2637 codicem
3355 2588 3671 2641 carnlinunr

2091 2684 2143 2728 et
2166 2674 2457 2742 fragmenta
2482 2664 2685 2728 Veteris
2706 2674 3030 2729 Testanienti
3062 2675 3147 2727 hic
3170 2677 3461 2743 composita
3493 2676 3665 2730 luisse

2093 2774 2376 2829 assereret,
2418 2779 2482 2817 eo
2518 2764 2856 2818 fundamento
2892 2767 3065 2829 nixus,
3095 2781 3179 2833 qu-
3202 2766 3233 2818 d
3274 2767 3417 2833 prior
3446 2767 3662 2834 origini-

2100 2854 2192 2905 bus
2221 2852 2407 2905 lsidori
2432 2852 2745 2919 hispalensis
2765 2854 3151 2921 superscriptus
3173 2855 3260 2919 sit,
3284 2864 3335 2907 et
3364 2857 3662 2921 p05tcriora

2100 2942 2264 2996 textui
2293 2942 2670 3010 coniplutensis
2700 2942 2880 2995 Ilihlia:
2908 2944 3242 3007 conveniant,
3275 2943 3665 2997 intolerabilem

2098 3039 2337 3085 lueretur
2382 3032 2723 3083 sententiam.
2779 3031 2956 3097 Neque
3005 3041 3176 3084 tamen
3231 3031 3531 3087 audiendus
3577 3043 3669 3088 est

2098 3122 2330 3177 Lembke
2368 3122 2575 3189 (Gesch.
2620 3122 2875 3188 Spaniens
2929 3121 2977 3186 I,
3027 3122 3157 3191 245)
3197 3121 3380 3176 dicens
3413 3140 3425 3174 :
3461 3125 3666 3177 nullum

2098 3226 2377 3279 superesse
2390 3212 2687 3280 vestigium.
2705 3226 2770 3267 ex
2788 3227 2893 3281 quo
2912 3212 3100 3267 deduci
3125 3214 3307 3280 possit,
3337 3216 3386 3266 in
3410 3214 3670 3284 Hispania

2097 3302 2307 3373 gotbice
2333 3302 2588 3372 scriptum
2610 3304 2801 3371 fuisse;
2822 3319 2926 3373 qua
2946 3306 3013 3358 de
3035 3321 3091 3360 re
3111 3306 3236 3360 coll.
3266 3310 3666 3361 Massmanuutl

2101 3399 2152 3451 in
2183 3397 2389 3465 Ilauptii
2419 3396 2707 3465 Zeitschriﬂ
2737 3395 2780 3460 I,
2808 3396 2934 3449 378.
2962 3396 3225 3449 Caeterum
3254 3397 3298 3449 si
3328 3399 3520 3466 gothici
3549 3398 3671 3451 libri

2100 3498 2602 3550 commemorantur,
2627 3500 2733 3539 non
2754 3485 2995 3554 equidem
3017 3485 3153 3552 quod
3179 3487 3390 3554 gothico
3416 3503 3669 3543 sermone

2102 3578 2303 3631 fuerint
2328 3577 2628 3646 compositi,
2664 3576 2759 3632 sed
2798 3575 2937 3645 quod
2962 3575 3027 3630 ad
3056 3575 3271 3644 oﬁicium
3300 3576 3582 3648 gothicum,
3613 3577 3671 3631 id

2102 3677 2206 3733 est,
2232 3666 2297 3719 ad
2329 3666 2592 3733 liturgiam
2623 3667 2945 3733 generalem,
2980 3681 3010 3719 a
3048 3668 3275 3721 concilio
3313 3668 3577 3722 Toletano
3614 3669 3673 3721 in

2104 3754 2327 3809 ecclesia
2353 3755 2562 3822 gethica
2584 3754 2847 3822 Hispania:
2871 3764 2926 3809 et
2949 3756 3287 3823 Septimania:
3309 3757 3670 3813 introducttnn

2105 3854 2163 3898 ut
2184 3844 2303 3898 libri
2333 3842 2550 3898 rituales
2578 3842 2897 3911 pertinerent
2930 3842 3253 3913 (Aschbacli,
3283 3843 3436 3911 350).

2183 3950 2201 3982 ι
2234 3931 2710 3999 ConstantinOpoli,
2733 3931 2784 3985 in
2805 3947 2905 4000 qua
2944 3930 3155 3985 civitate
3190 3930 3255 3984 ad
3302 3931 3462 3985 linem
3487 3946 3675 3987 versus

2107 4021 2281 4089 quarti
2309 4020 2485 4074 saeculi
2518 4029 2572 4073 et
2598 4021 2801 4073 initium
2832 4020 2998 4087 quinti
3026 4020 3237 4085 schola,
3256 4031 3479 4076 curante
3502 4021 3675 4092 Chry-

2108 4120 2366 4174 sostomo,
2397 4118 2577 4178 aperta
2613 4108 2804 4171 luerat,
2834 4119 2891 4162 ut
2922 4108 3078 4163 Gothi
3118 4111 3327 4177 gothice
3354 4112 3675 4166 docerentur

2114 4199 2244 4268 (vid.
2274 4198 2590 4251 Massmanu.
2622 4196 2791 4251 Skeir.
2823 4195 2935 4265 91),
2964 4194 3033 4251 de
3060 4196 3270 4266 gothico
3295 4212 3547 4252 sermone
3574 4212 3675 4253 εει

2114 4290 2230 4356 pius
2254 4289 2477 4356 quaestio
2503 4296 2613 4351 est;
2642 4287 2725 4341 hic
2753 4288 2911 4342 etiam
2935 4289 3131 4342 saeculo
3161 4288 3369 4343 decimo
3406 4305 3676 4343 memora-

2116 4390 2201 4433 tur
2229 4378 2402 4433 adhuc
2428 4377 2687 4447 quoddam
2716 4375 2992 4431 Gotthikon
3016 4380 3151 4445 apud
3180 4378 3516 4434 Constantio.
3548 4380 3679 4435 Por-

2116 4470 2409 4539 phyrogen.
2433 4469 2495 4521 de
2518 4466 2795 4521 Ctzremon.
2819 4468 2949 4521 aula:
2974 4467 3173 4537 byzant.
3201 4467 3244 4532 I,
3266 4468 3355 4522 85.
3382 4469 3497 4523 IIoc
3522 4483 3680 4535 porro

2117 4557 2405 4611 Gotthikon
2440 4571 2547 4610 non
2588 4557 2799 4624 proprie
2820 4567 3005 4611 cantus
3048 4564 3180 4619 erat,
3213 4556 3306 4608 sed
3331 4556 3541 4625 species
3570 4557 3679 4613 ludi

2112 4646 2197 4700 vel
2225 4643 2509 4713 spectaculi
2536 4643 2613 4712 (et
2639 4657 2890 4711 expresse
2916 4643 3194 4698 dicebatur
3212 4646 3411 4708 παίζειν
3433 4648 3491 4701 τὸ
3512 4650 3679 4718 τοτθι-

2114 4735 2243 4803 κόν),
2268 4749 2406 4786 nono
2434 4733 2516 4785 die
2544 4731 2807 4784 duodecim
2836 4733 3077 4799 noctium,
3109 4732 3161 4787 in
3192 4732 3455 4801 imperiali
3485 4737 3681 4806 palatio

2115 4826 2255 4880 inter
2295 4824 2476 4891 epulas
2502 4837 2531 4876 a
2559 4821 2775 4879 Venetis
2810 4832 2865 4877 et
2892 4821 3127 4878 Prasinis
3154 4824 3534 4879 introductum.
3566 4826 3680 4880 Duo

2117 4923 2270 4969 erant
2298 4922 2469 4969 castra
2496 4929 2509 4965 :
2537 4928 2602 4966 ex
2629 4924 2848 4983 utraque
2876 4924 3023 4981 parte
3045 4912 3151 4968 duo
3176 4913 3358 4979 Gothi,
3389 4914 3501 4983 qui,
3530 4926 3682 4970 veste

2120 5010 2287 5076 pilosa
2314 5007 2479 5062 induti
2511 5006 2799 5077 faciemque
2827 5008 2965 5061 larva
2998 5006 3254 5076 cooperti,
3278 5007 3495 5062 sinistra
3521 5009 3680 5061 manu

2119 5098 2389 5166 clypeum,
2413 5100 2596 5150 dextra
2618 5106 2791 5150 autem
2820 5097 3021 5167 virgam
3049 5097 3321 5168 gerebant.
3346 5096 3569 5161 Cantus,
3590 5098 3681 5165 qui

2118 5190 2481 5259 spectaculum
2528 5188 2905 5253 comitabatur,
2960 5189 3176 5243 alternis
3222 5188 3430 5243 vicibus
3481 5187 3683 5243 refere-

2122 5280 2278 5335 batur
2320 5280 2513 5347 partim
2560 5292 2729 5346 grmce
2768 5291 2797 5330 a
2842 5278 3107 5342 choristis,
3156 5277 3347 5345 partim
3390 5276 3614 5330 barbare
3650 5290 3682 5329 ι

2124 5371 2416 5427 Gathorum
2447 5358 2670 5436 persona
2698 5368 2913 5423 indutis.
2945 5368 3059 5422 lam
3090 5380 3216 5421 vero
3261 5364 3315 5419 hi
3359 5364 3684 5431 posteriora

2126 5462 2306 5519 ludunt
2333 5462 2655 5531 aperientes,
2687 5458 2876 5515 mediis
2905 5457 3210 5527 strepitibus
3235 5455 3545 5525 clypeorum
3573 5454 3686 5508 vir-

2126 5570 2207 5627 gis
2236 5566 2607 5625 percussorum
2636 5552 2792 5623 pleno
2813 5564 2911 5607 ore
2940 5545 3237 5607 clamabant
3266 5559 3282 5599 :
3310 5541 3407 5611 tul,
3436 5542 3552 5597 tut!
3573 5552 3685 5599 IIII
