3836 6362
110 314 197 373 8‘15

111 428 263 484 orbico
312 436 451 482 motu
508 428 691 482 ludum
756 437 1163 497 componentes,
1222 428 1513 497 itcrtimque
1557 428 1623 482 ad

112 530 345 582 utramque
390 526 592 584 partem
635 517 962 583 secedentes,
1008 510 1380 571 comitantibus
1427 519 1626 586 pandu-

112 610 168 660 ris
185 608 219 671 ⁸,
236 607 542 662 recitabant:
564 626 581 657 ι
609 611 830 673 Γαύζας²
855 609 1025 678 βόνας⁴
1052 607 1314 677 βηκηδίας·
1340 608 1481 679 ἅγια·
1508 630 1631 680 ’γαυ-

110 694 264 754 δέντιςσ
293 689 621 756 ἕλκηϐὀνιδις·’
658 700 907 771 ἕνκέρτνῳ
940 699 1076 771 ἅγια·
1100 699 1242 770 βονα·
1267 702 1394 772 ὧρακ
1426 701 1628 754 ratirati“

112 786 279 853 μαντεῖ’
320 789 435 857 ﬁmi
475 789 651 863 ἆμόρι’
690 792 1035 849 intueamur
1068 789 1448 850 ἱδισαλϐάτους”
1485 793 1629 846 νανά⁶

112 873 242 933 δέους
258 874 408 935 δέους·
424 878 688 933 creantes!“
702 883 840 933 imw't'
858 879 1353 953 δαιμονογυοῃύεελι·
1370 882 1628 953 γνείλουΓ

112 964 361 1037 γνςέλαριρ
380 968 517 1019 sunt?
538 968 798 1037 TuCQovc'
811 969 1099 1044 7υ6έλαρες*
1118 970 1259 1023 νανᾶ“
1276 975 1367 1023 τοῦ
1390 966 1630 1041 γιγδίμω
1654 1042 1657 1045 Α

113 1052 152 1104 δέ
177 1054 406 1107 τούλειλε⁶
445 1057 633 1110 νικάτω
673 1055 877 1111 τουλδο*
912 1063 1053 1110 νανά.
1092 1075 1114 1109 s
1149 1056 1347 1111 Deinde
1379 1054 1634 1109 vocabula

113 1155 253 1208 [necs
276 1146 647 1213 sequebantur,
679 1145 871 1215 quibus
902 1147 1013 1201 hac
1047 1148 1270 1200 barbara
1299 1147 1489 1201 iterum
1517 1160 1637 1200 suc-

113 1233 372 1290 cedebant:
404 1255 421 1288 t
458 1240 591 1311 εἴφ’
635 1241 855 1313 ἕϐιρωμ²
886 1246 981 1294 τοῦν
1013 1244 1269 1316 ἔγγερουω
1300 1243 1633 1314 γεργαριθρῳο

112 1327 230 1379 τινά·
251 1328 498 1384 sinuatam
514 1332 841 1405 πιρὲτουρες.
878 1335 1007 1397 Quae
1042 1334 1202 1386 verba
1232 1332 1297 1395 ad
1326 1349 1446 1386 cum
1478 1335 1633 1386 finem

117 1422 285 1468 tantum
308 1418 403 1471 huc
429 1421 724 1487 attulimus,
751 1431 807 1475 ut
834 1423 1117 1490 unicuique
1142 1432 1320 1491 pateat
1346 1423 1485 1491 quod
1506 1437 1638 1475 can—

118 1517 184 1559 tus
213 1509 288 1563 ille
315 1510 448 1575 (nam
478 1515 597 1568 sine
638 1516 795 1569 dubio
826 1516 979 1570 verba
1006 1525 1130 1570 sunt
1170 1520 1385 1586 cantus)
1410 1532 1514 1569 non
1544 1531 1639 1585 go-

116 1598 257 1653 thicus
286 1603 365 1665 sit,
396 1606 641 1673 quodque
682 1607 843 1673 ipsius
872 1617 1089 1672 auctor,
1130 1607 1247 1661 sive
1287 1616 1473 1676 sponte
1517 1620 1635 1673 sua,

118 1692 206 1746 sive
230 1697 426 1749 alterius
452 1699 697 1764 oonsilio,
729 1699 1091 1765 golhicitatem,
1125 1706 1181 1750 ut
1210 1698 1280 1750 ita
1306 1697 1501 1762 dicam,
1543 1697 1641 1758 ho-

118 1796 206 1833 rum
228 1783 486 1838 verborum
515 1787 793 1841 lichctasse
813 1788 1072 1851 videatur,
1088 1803 1206 1841 cum
1221 1799 1419 1841 asserat
1436 1785 1638 1841 Gothos

115 1872 259 1928 dicere
284 1879 341 1930 τὰ
380 1880 589 1931 Γοτοικά
629 1878 773 1933 ἅτινά
803 1882 899 1932 εἱσι
932 1887 1117 1933 ταῦτα.
1151 1876 1245 1931 Hic
1280 1892 1406 1932 vero
1441 1891 1634 1935 nomen

120 1962 365 2017 Gothorum
394 1967 739 2034 conspicuum
774 1979 875 2019 est.
916 1968 1185 2019 Undenam
1220 1966 1381 2036 igitur
1412 1966 1513 2017 huc
1543 1980 1633 2019 ve-

116 2052 207 2104 nire
246 2062 515 2119 potuerunt
558 2053 738 2119 Gothi,
768 2054 853 2121 qui
900 2054 1015 2106 aliis
1048 2054 1294 2121 gentibus
1324 2052 1639 2121 germanicis

118 2141 159 2193 'm
185 2143 381 2211 imperio
407 2145 979 2212 constantinopolitano
1006 2146 1487 2211 imperatorumque
1518 2142 1636 2194 aula

118 2231 203 2297 iam
235 2248 291 2287 ex
328 2245 475 2305 aetate
514 2235 802 2303 justiuiana
843 2233 1143 2287 cesserant?
1182 2232 1368 2286 Nonne
1398 2230 1450 2283 hi
1479 2229 1639 2285 εἰοιὴὶ

118 2322 239 2385 dicti,
264 2327 336 2378 vel
372 2327 544 2394 potius
570 2326 707 2379 .lutze
734 2327 756 2355 ’
781 2332 931 2378 erant
958 2324 1034 2377 illi
1058 2322 1319 2376 inferioris
1340 2321 1639 2375 Germania:

124 2410 300 2475 incolae,
326 2414 407 2478 qui
436 2412 537 2467 sub
562 2410 967 2479 imperatoribus
995 2419 1052 2463 ut
1080 2408 1335 2479 Barangcz
1375 2406 1638 2478 stipendia

123 2499 415 2553 mereban'ur
440 2501 681 2568 aulzeque
710 2499 1001 2553 vacabant?
1027 2498 1223 2553 Saltem
1266 2497 1428 2552 refert
1465 2496 1637 2551 Geor-

116 2585 211 2651 gius
240 2586 456 2643 liodiuos
485 2591 546 2641 de
572 2589 717 2658 Οίῇσ.
748 2588 856 2641 ard.
884 2588 1173 2651 Constant,
1207 2602 1257 2653 p.
1295 2586 1384 2650 90,
1415 2586 1555 2654 quod
1586 2586 1637 2638 hi

121 2674 335 2744 Baraugte
376 2679 543 2746 primo
588 2677 717 2728 anui
753 2675 1051 2743 incipientis
1087 2674 1174 2727 die
1215 2672 1475 2727 Cmsarem
1507 2675 1639 2727 κατὰ

116 2774 186 2825 ris
202 2773 386 2844 πάτριον
404 2773 637 2844 γλῶσσαν
657 2771 840 2831 αὐτῶν,
860 2752 1008 2839 iii-[ous
1032 2769 1263 2840 ἔγκλιστί,
1284 2765 1641 2833 congratulari

118 2858 341 2912 solebant.
379 2859 563 2924 Quoad
606 2858 786 2911 ludum
826 2859 909 2912 vel
948 2858 1309 2926 spectaculum
1348 2854 1640 2910 Guthorum

118 2946 302 3011 dictum,
328 2948 475 3017 plane
504 2949 746 3016 congruit
770 2934 887 3001 curn
924 2960 1083 2999 succo
1110 2944 1326 2997 Julbock
1348 2953 1401 2997 et
1428 2943 1643 2997 inferio-

126 3038 184 3089 ris
208 3036 487 3093 Germania:
522 3038 815 3092 incolarum
845 3034 1277 3103 SclioduvellOpen
1305 3033 1443 3104 (sup.
1474 3047 1637 3101 germ.

119 3124 606 3197 Schoaleufellaufen,
657 3126 782 3195 gall.
819 3126 868 3179 la
908 3141 1083 3177 course
1117 3140 1183 3174 nrt
1211 3122 1417 3191 diable),
1448 3122 1591 3191 quod
1614 3136 1642 3175 a

122 3211 352 3283 Ducangio
393 3217 605 3269 Cermalo
636 3216 764 3283 (vid.
809 3216 861 3267 h.
905 3214 988 3280 γ.)
1026 3213 1341 3279 explicatum
1370 3220 1424 3266 ct
1448 3226 1477 3263 a
1506 3228 1641 3265 non-

120 3303 251 3355 nulls
276 3304 455 3357 media:
491 3304 663 3357 aetatis
710 3304 1009 3356 auctoribus
1040 3304 1196 3355 etiam
1227 3301 1401 3355 Jottici
1442 3316 1643 3353 nuncu-

118 3400 282 3457 patum,
314 3409 340 3446 a
369 3394 587 3449 Reiskio
625 3404 799 3448 autem
839 3395 903 3446 ad
940 3394 1121 3446 Const.
1168 3392 1423 3462 Porphyr.
1454 3407 1509 3460 p.
1542 3392 1645 3446 ne

119 3480 259 3547 Lips"
281 3484 409 3536 male
430 3484 541 3535 ludi
568 3483 756 3550 gothici
775 3481 985 3537 dicitur.
1016 3482 1165 3544 Quod
1196 3482 1404 3533 unicum
1431 3495 1645 3547 germa-

114 3571 261 3624 nicarn
285 3572 497 3638 stirpem
524 3572 663 3637 sapit
704 3571 1012 3623 vocabulum
1036 3570 1087 3622 in
1115 3569 1215 3621 isto
1245 3566 1536 3627 Gott/tikon,
1564 3575 1647 3620 est

116 3666 358 3729 ἄμπαστῶ,
396 3678 499 3731 q-uo
541 3662 791 3716 choristre
840 3660 1100 3730 bysantiui
1150 3659 1356 3715 Gothos
1396 3660 1648 3713 adhorta-

118 3750 298 3817 liantur,
324 3762 378 3806 ut
405 3755 740 3808 saltationem
790 3752 1102 3818 inciperent.
1148 3749 1374 3804 Gothico
1409 3749 1642 3804 deduce-

115 3850 240 3895 retur
277 3857 305 3896 a
344 3845 686 3912 andbalitjan,
730 3842 822 3895 sed
869 3841 967 3893 sub
1018 3842 1112 3893 hac
1160 3839 1327 3892 forma
1367 3841 1644 3908 ἆμπαατῶ.

116 3930 511 4000 nordgermauieo
550 3929 772 3992 mnbaht,
819 3942 947 3991 etc.,
1004 3929 1171 3998 magis
1224 3928 1486 3996 congruit,
1537 3926 1641 3979 vid.
1660 3976 1665 3979 η

112 4022 237 4085 goth.
264 4021 477 4089 glossar.
518 4020 700 4088 Neque
720 4017 1047 4087 praetermitti
1072 4026 1266 4086 potest,
1290 4016 1429 4085 quod
1457 4017 1647 4087 γούνας

115 4109 302 4177 (gannit,
331 4112 559 4180 pellicem
589 4108 813 4177 vestes),
844 4109 1033 4178 quibus
1070 4106 1420 4161 induebautur
1457 4104 1641 4168 Gothi,

111 4197 166 4250 ad
192 4199 474 4257 inferiorem
506 4200 844 4256 Germaniam
870 4197 1202 4267 (-Saxoniam)
1244 4195 1562 4261 pertineant,
1590 4193 1642 4245 in

114 4289 297 4357 anglieo
322 4308 485 4360 gown,
503 4299 647 4358 toga,
671 4294 979 4349 asscrvataz;
1011 4285 1120 4339 vid.
1145 4283 1272 4338 Reiz
1302 4284 1338 4336 1.
1371 4284 1405 4336 1.
1437 4298 1489 4350 p.
1520 4281 1642 4334 115.

114 4374 238 4432 Nihil
264 4380 410 4433 etiam
445 4378 647 4448 gothici
675 4378 728 4430 in
758 4376 856 4430 hoc
886 4375 1153 4429 Gottltikon
1200 4372 1434 4427 invenire
1477 4369 1647 4437 potuit

112 4464 437 4524 llassmannus
466 4470 542 4540 (in
577 4467 786 4536 Hauptii
827 4464 1118 4533 Zeitschrift
1146 4462 1203 4529 1,
1248 4461 1352 4516 566
1388 4460 1564 4529 sqq.);
1592 4468 1646 4515 et

110 4554 185 4623 iul
203 4569 234 4609 a
259 4558 326 4610 tul
351 4558 552 4628 longius
578 4565 733 4625 aquo
762 4563 1056 4623 peteretur.

180 4660 200 4692 ι
243 4643 525 4700 Diutissime
568 4642 829 4713 superfuit
870 4642 1076 4709 gothica
1128 4640 1323 4707 lingua,
1372 4637 1425 4691 si
1462 4646 1640 4692 tamen

115 4730 373 4787 viatoribus
398 4735 527 4789 tides
546 4731 845 4787 adhibenda
869 4731 956 4795 sit,
984 4730 1035 4783 in
1058 4728 1281 4782 Taurica
1309 4724 1644 4781 Chersoneso

117 4818 254 4886 (gall.
283 4819 508 4891 Crixus).
540 4822 632 4877 ubi
660 4819 819 4875 Gothi
854 4819 1084 4873 tetraxiti
1132 4817 1457 4872 habitabant.
1489 4817 1647 4871 Refe-

114 4918 251 4963 rclle
275 4910 517 4981 Procopio
547 4910 651 4983 (De
679 4909 797 4969 bell.
826 4909 966 4979 gotlt.
1000 4923 1072 4973 tv,
1100 4907 1157 4970 ι.
1189 4906 1269 4971 5),
1300 4906 1399 4959 hoc
1444 4906 1643 4972 primus

112 5000 326 5053 omnium
353 5004 558 5069 agnovit
586 5000 930 5056 brabantintts
957 4996 1168 5051 Minorit
1196 4993 1449 5048 Willtelm
1480 4994 1646 5062 ﬂuys-

115 5083 618 5158 munitm-quis),
636 5090 726 5159 qui
749 5103 889 5142 anno
904 5088 1041 5141 1253
1061 5086 1195 5140 banc
1216 5083 1480 5151 regionem
1501 5097 1647 5149 pera-

111 5174 281 5243 ιηνίι.
304 5178 546 5247 cujusque
570 5180 731 5234 unica
752 5176 934 5233 relatio
958 5193 971 5230 :
996 5194 1015 5228 ι
1044 5177 1171 5229 inter
1190 5189 1315 5241 quos
1334 5181 1478 5225 erant
1501 5172 1643 5223 multi

116 5261 450 5338 δκίιᾳιοηιιι
468 5272 672 5340 gdionsa
695 5278 769 5322 est
788 5268 1109 5331 teutonicum,
1134 5282 1155 5317 ι
1177 5264 1243 5317 ab
1267 5262 1640 5330 interpretibus

117 5359 324 5417 maxime
345 5362 625 5418 deformata
666 5360 787 5423 fuit,
817 5361 923 5413 vid.
955 5360 1350 5414 Massmannum
1381 5354 1419 5407 1.
1451 5354 1487 5407 1.
1520 5354 1640 5409 351:

118 5446 293 5516 aliquid
309 5467 429 5509 vero
444 5455 640 5509 certius
662 5450 931 5505 invenitur
949 5449 1085 5517 apud
1105 5446 1363 5518 Josapltat
1388 5444 1647 5507 Barbaro,

188 5579 206 5609 ³
232 5583 419 5643 SlW‘itts
444 5584 801 5639 instrumenti.
838 5583 1055 5646 lnlcrpr.

184 5649 208 5680 ’
232 5651 427 5711 Veteres
450 5652 624 5710 Ballio:
654 5655 861 5711 incola).
890 5649 1102 5721 Interim

1418 312 1889 375 INTRODUCTIO'.

3180 316 3285 379 89‘"

1725 430 1814 496 qui
1841 444 1979 484 anno
2003 431 2139 486 “56
2162 448 2191 485 ιι
2223 432 2437 488 Venetis
2464 433 2623 487 Asow
2654 433 2705 486 iu
2734 432 2914 487 urbem
2941 433 3139 502 legatus
3163 443 3284 489 est:

1726 517 1921 583 Gott/ri,
1954 521 2139 587 inquit,
2171 521 2386 588 pariano
2408 522 2461 574 in
2483 523 2697 586 todesco,
2729 530 2773 573 et
2800 538 2856 573 so
2884 531 3076 589 questo,
3107 524 3295 591 perch'e'

1726 606 1952 660 horrendo
1973 626 2037 660 un
2062 610 2289 678 famiglio
2310 612 2511 664 todesco
2536 628 2629 663 con
2652 612 2740 677 mi,
2763 611 3038 679 parlarano
3057 612 3283 672 insientc,

1728 705 1773 748 et
1803 697 2143 751 intenderansi
2169 700 2304 752 assai
2332 700 2805 770 ragionevolmente,
2834 701 2935 753 cesi
2963 717 3103 753 conte
3132 702 3175 753 si
3202 702 3287 753 irt-

1729 785 1954 837 tenderia
1982 802 2049 839 un
2081 786 2309 840 Forlano
2338 804 2432 841 con
2457 806 2523 841 an
2555 787 2875 857 Fiorcntino,
2908 790 2957 843 id
2985 799 3086 855 est,
3111 790 3295 856 lingua

1732 876 1995 929 teutoniea
2026 876 2308 930 utebantur
2333 877 2520 941 Gothi;
2550 877 2708 945 idque
2746 888 3070 946 compertum
3104 878 3286 939 habui,

1730 965 1871 1032 quod
1897 980 2014 1019 cum
2046 968 2182 1034 apud
2215 982 2308 1022 me
2330 968 2600 1022 tentonica-
2624 967 2821 1021 familia
2845 977 3007 1034 esset,
3035 983 3153 1021 cum
3185 966 3297 1021 illis

1732 1054 1975 1123 loquens,
2018 1054 2377 1123 intelligenter
2410 1057 2721 1111 audiebatur
2750 1064 2803 1109 et
2842 1055 2955 1109 vice
2992 1070 3165 1119 versa,
3198 1070 3291 1109 eo-

1732 1143 1850 1198 dem
1875 1158 2037 1214 prope
2060 1144 2218 1199 modo
2236 1160 2297 1199 ac
2319 1146 2363 1201 si
2385 1146 2643 1200 Forlanus
2657 1156 2715 1201 et
2730 1147 3064 1202 Florentinus
3078 1147 3214 1201 inter
3229 1161 3299 1201 se

1734 1235 2167 1304 colloquerentur
2187 1235 2345 1305 (apud
2370 1236 2675 1290 Ramnsium
2699 1236 2764 1301 ll,
2787 1238 2851 1291 97
2857 1246 2896 1305 );
2919 1236 3176 1298 Busbeclt,
3197 1236 3289 1302 qui

1732 1325 1884 1379 annis
1917 1326 2149 1379 1557-64
2179 1336 2233 1378 ut
2264 1325 2472 1394 Imperii
2501 1326 2698 1394 legatus
2723 1326 3173 1393 Constantinopoli
3196 1325 3289 1379 de—

1733 1427 1862 1481 gens
1888 1413 2021 1467 duos
2050 1415 2194 1467 viros
2220 1406 2577 1482 cognoverat,
2593 1430 2621 1466 a
2646 1414 3007 1468 Crimensibus
3032 1412 3292 1467 Constan-

1735 1503 2006 1571 tin0polim
2055 1505 2269 1568 missos,
2318 1490 2379 1555 iu
2422 1503 2720 1573 Legationis
2762 1503 2975 1556 turcica:
3009 1503 3166 1571 epist.
3199 1502 3289 1565 IV,

1734 1608 1785 1662 p.
1829 1595 1968 1648 2577
2006 1596 2159 1665 (edit.
2208 1596 2414 1649 Franci.
2468 1596 2625 1666 1595)
2672 1595 3033 1651 recensiouem
3079 1594 3299 1647 exhibes

1732 1686 2107 1739 vocabulorum
2134 1701 2271 1752 quae,
2308 1685 2422 1738 sine
2452 1685 2612 1739 dubio
2644 1686 2962 1752 germanica,
2990 1698 3085 1752 pro
3107 1695 3301 1749 magna

1734 1784 1882 1841 parte
1897 1774 2111 1828 omnino
2127 1784 2249 1827 sunt
2270 1773 2502 1841 gothica,
2526 1789 2613 1827 ex.
2636 1789 2715 1841 gr.
2746 1791 2758 1824 :
2784 1772 2929 1835 Plat,
2957 1788 3127 1841 germ.
3150 1772 3291 1833 Blnt,

1732 1865 1980 1934 sanguis;
2014 1867 2138 1930 stul,
2170 1881 2335 1934 germ.
2376 1864 2548 1929 Stultl,
2588 1864 2744 1928 sella;
2770 1864 2881 1927 Ims,
2925 1878 3093 1931 germ.
3131 1862 3298 1924 llaus,

1733 1955 1950 2017 domus;
1986 1958 2214 2026 wingart,
2246 1970 2409 2024 germ.
2446 1954 2756 2022 Weinberg,
2788 1956 3047 2017 vinctam;
3086 1953 3298 2019 rcghen,

1731 2058 1900 2113 germ.
1931 2044 2133 2113 chen,
2164 2044 2367 2115 pluvia;
2400 2046 2603 2107 bruder,
2633 2059 2801 2112 germ.
2846 2043 3066 2105 Druder,
3094 2043 3288 2105 frater;

1731 2133 2015 2201 schwester,
2052 2147 2220 2201 germ.
2274 2132 2595 2197 Schwester,
2639 2147 2824 2196 soror;
2861 2134 2954 2195 alt,
2986 2146 3153 2199 germ.
3196 2131 3298 2193 alt,

1734 2233 1906 2288 vetus,
1954 2238 2153 2289 senex;
2205 2226 2329 2289 salt,
2376 2238 2543 2292 germ.
2598 2222 2740 2285 Salz,
2786 2224 2895 2286 sal;
2943 2223 3076 2288 ﬁsct,
3126 2236 3297 2289 gerat.

1734 2312 1921 2378 Fiseh,
1955 2302 2143 2383 piscis;
2172 2314 2375 2378 hands,
2408 2327 2575 2381 germ.
2611 2311 2792 2376 lland,
2822 2325 3038 2372 manus;
3068 2310 3297 2371 brunna,

1732 2416 1901 2468 germ.
1944 2403 2212 2467 Brunnen,
2263 2410 2475 2471 puteus;
2523 2400 2747 2464 schwalt,
2793 2415 2957 2464 mors,
3006 2400 3109 2451 vid.
3155 2398 3299 2464 apud

1734 2493 2051 2547 Massmann.
2086 2492 2123 2545 l.
2153 2493 2190 2546 l.
2216 2508 2267 2560 p.
2296 2494 2397 2546 357
2420 2491 2629 2561 sq.,Sed
2658 2506 2850 2544 nomen
2881 2491 3169 2544 Gothorum
3198 2490 3295 2540 cir-

1735 2582 2036 2636 cumeundo
2086 2581 2418 2650 deperditum
2468 2596 2587 2635 esse
2636 2580 2869 2641 videtur,
2922 2594 3091 2646 neque
3140 2577 3296 2631 hodie

1738 2672 1847 2725 ulla
1892 2672 2050 2740 hujus
2096 2674 2358 2726 sermonis
2397 2672 2615 2739 vestigia
2650 2672 2757 2739 jam
2802 2669 3155 2727 inveniuntur,
3188 2666 3295 2718 vid.

1737 2760 1929 2824 Pallas,
1962 2761 2196 2831 Voyages
2226 2762 2351 2812 dans
2400 2762 2469 2813 les
2509 2769 2915 2827 gouvernements
2952 2759 3297 2810 méridionaua

1736 2851 1799 2904 de
1828 2851 2050 2919 ιἐπῳὶνε
2086 2850 2148 2901 de
2192 2849 2393 2913 Russie,
2439 2848 2500 2915 ll,
2545 2848 2649 2903 596
2685 2863 2791 2914 sq.;
2833 2848 2957 2899 coll.
2987 2848 3171 2910 Zeuss,
3206 2845 3297 2896 Die

1739 2940 2023 2993 Deutschen
2053 2955 2103 3007 p.
2129 2940 2234 2995 4'52
2263 2956 2366 3008 sq.;
2399 2939 2597 2992 Castill.
2632 2938 2783 3005 Speci
2818 2954 2945 2989 χχιιι
2976 2952 3057 3004 sq.
3099 2956 3116 2986 ι

1815 3029 1842 3099 §
1870 3031 1921 3084 8.
1955 3030 2203 3094 Quamvis
2230 3028 2437 3097 gutltica
2470 3030 2640 3093 lingua
2663 3026 2815 3081 nobis
2840 3035 3044 3078 mature
3072 3026 3306 3077 extincta

1742 3120 1900 3175 fuerit
1942 3120 2161 3189 ejusque
2210 3120 2518 3171 litteratura-
2566 3115 2770 3169 nonnisi
2821 3114 3128 3187 paucissima
3163 3112 3297 3179 frug-

1740 3223 1917 3266 menta
1960 3211 2026 3263 ad
2059 3210 2156 3263 llos
2186 3224 2349 3275 usque
2380 3208 2732 3277 pervenerint,
2762 3220 2875 3272 qut:
2908 3216 3079 3256 tamen
3116 3216 3296 3269 super-

1739 3310 1865 3355 sunt
1902 3302 2111 3355 abunde
2141 3302 2428 3359 sufficiunt,
2456 3308 2513 3349 ut
2543 3296 2657 3364 ejus
2699 3297 2885 3362 lingua:
2915 3293 3148 3347 notitiam
3183 3306 3297 3359 pcr-

1738 3391 2085 3445 fectissimam
2142 3401 2537 3455 comparemus;
2588 3400 2653 3438 ex
2710 3384 2791 3436 his
2844 3384 2985 3435 enim
3038 3379 3298 3433 sermonis

1738 3483 2019 3545 thesauro,
2047 3480 2386 3539 formatione,
2408 3478 2694 3542 conspicua
2716 3490 2817 3543 qua
2846 3474 2895 3527 in
2922 3474 3023 3525 alia
3056 3472 3296 3524 idiomata
3353 3521 3359 3529 κ

1736 3558 1959 3628 vertiiur
1989 3572 2237 3625 facilitate
2262 3568 2509 3637 c0gnitis,
2545 3567 2667 3621 hinc
2705 3566 3095 3635 grammaticale
3124 3561 3297 3615 artifi-

1738 3665 1883 3719 cium
1920 3671 2229 3717 construere
2259 3674 2557 3729 possumus.
2585 3658 2845 3712 Cmterum
2886 3655 3147 3709 nemiuem
3175 3654 3305 3721 fugit

1741 3755 2006 3825 gothicarn
2050 3750 2472 3819 grammaticam,
2517 3749 2877 3816 grammatica:
2919 3745 3298 3801 Germanorum

1742 3846 2007 3914 pracipue
2035 3856 2343 3911 congruere.

1813 3955 1832 3987 ι
1868 3935 2071 3990 Gothos
2102 3950 2203 3987 non
2234 3947 2352 3987 esse
2400 3932 2584 3986 rudem
2630 3930 3011 3996 barbaramque
3056 3936 3299 3995 gentem,

1738 4027 1810 4079 uti
1840 4025 1906 4079 de
1937 4026 2016 4079 bis
2052 4033 2107 4076 et
2132 4024 2247 4077 aliis
2273 4023 2553 4076 Germanis
2582 4021 2704 4074 olim
2738 4021 2872 4072 fama
2914 4032 3029 4073 erat
3059 4036 3304 4090 nuncun

1738 4126 1819 4171 est
1854 4114 2029 4179 hodie,
2066 4114 2173 4181 jam
2215 4112 2503 4165 Grimmius
2529 4110 2645 4179 (Gr.
2670 4126 2787 4163 xm
2818 4110 2903 4178 [i'|
2931 4109 3106 4179 edit.])
3146 4126 3295 4165 com-

1738 4203 2011 4272 probavit;
2042 4216 2211 4270 neque
2240 4202 2291 4255 in
2336 4200 2653 4268 perﬁcienda
2700 4199 2873 4266 lingua
2905 4213 3097 4266 segnes
3136 4198 3303 4253 fuisse

1738 4293 1851 4361 jam
1880 4291 2110 4345 confessi
2137 4301 2257 4344 sunt
2286 4290 2567 4343 mediolani
2599 4288 2903 4356 speciminis
2927 4290 3179 4357 editores,
3207 4293 3297 4359 qui

1739 4398 1791 4453 p.
1826 4399 1895 4436 xu
1940 4390 2184 4435 asserunt
2228 4399 2246 4431 ι
2294 4389 2445 4433 (etate
2492 4378 2662 4447 υιιῑιω
2703 4378 2983 4431 Gothorum
3021 4397 3297 4434 sermonem

1730 4478 1847 4545 jam
1888 4482 2081 4525 tantum
2126 4471 2303 4541 fuisse,
2330 4480 2385 4524 ut
2416 4486 2528 4523 cum
2564 4470 2855 4523 cultioribus
2881 4470 3067 4538 linguis
3108 4480 3298 4523 certare

1736 4574 1922 4635 posset.
1943 4580 1964 4615 ι
2010 4562 2176 4630 liuius
2203 4570 2378 4615 tamen
2407 4560 2758 4614 confessionis
2780 4559 2912 4613 adeo
2938 4569 3119 4627 postea
3147 4560 3298 4616 obliti

1736 4661 1886 4717 sunt,
1931 4658 1989 4705 ut
2037 4650 2203 4719 Maius
2247 4650 2299 4703 in
2346 4647 2657 4717 praefatione
2689 4646 2754 4701 ad
2802 4656 3001 4700 tomum
3050 4658 3296 4704 octavum

1736 4757 1881 4796 nova:
1892 4740 2198 4794 collationis
2217 4738 2515 4807 scriptorum
2529 4746 2744 4790 veterum
2767 4736 2957 4791 iterum
2981 4755 3001 4788 ι
3013 4738 3294 4792 barbariem

1743 4834 1929 4902 lingua!
1956 4848 1973 4881 ι
2021 4829 2245 4898 εθιΙιὶω
2270 4835 2669 4892 commemoret,
2716 4834 2769 4880 et
2812 4826 3201 4882 Gastillionzeus
3238 4830 3301 4883 iu»

1737 4920 2166 4977 annotationibus
2195 4919 2260 4972 ad
2292 4918 2533 4985 paulinas
2558 4916 2807 4985 epistolas
2823 4932 2853 4969 a
2869 4930 2930 4971 se
2949 4916 3121 4971 editas
3147 4917 3288 4972 baud

1737 5012 1901 5066 sentel
1944 5007 2314 5065 imbecillitatis
2356 5016 2410 5062 et
2448 5006 2861 5074 imperfectionis
2907 5014 2965 5058 ut
3008 5023 3027 5056 ι
3063 5006 3288 5077 linguam

1740 5104 1916 5155 rudem
1948 5121 1966 5153 ι
2000 5099 2299 5163 insimulet,
2330 5099 2490 5151 immo
2520 5096 2683 5151 semel
2712 5104 2916 5150 asserat
2941 5095 3027 5165 (ad
3054 5097 3287 5154 Timotb.

1737 5194 1800 5255 ll.
1826 5209 1894 5259 ιι,
1922 5192 2010 5260 16)
2053 5191 2103 5243 in
2154 5190 2357 5258 gothica
2390 5190 2565 5256 lingua
2602 5202 2720 5243 esse
2754 5206 2773 5238 ι
2802 5203 2947 5241 usum
2978 5188 3094 5240 licet
3126 5206 3293 5259 pes-se

1736 5284 2026 5345 absurdum,
2054 5291 2221 5333 tamen.
2242 5278 2450 5349 gothicis
2476 5278 2796 5346 scriptoribus
2838 5286 3007 5344 utpote
3035 5279 3085 5330 in
3115 5279 3294 5347 lingua

1736 5373 1902 5426 adhuc
1950 5370 2065 5421 rudi
2117 5369 2249 5419 haud
2295 5367 2675 5440 infrequentem.
2724 5384 2743 5417 ι
2779 5365 2926 5421 Adeo
2978 5365 3287 5435 perdifﬁcile

1737 5470 1839 5523 est,
1894 5468 1950 5511 ut
1996 5456 2084 5525 qui
2126 5456 2309 5507 alienae
2337 5456 2507 5523 gentis
2540 5465 2621 5509 est
2660 5454 2727 5511 de
2774 5464 2955 5512 nostro
2992 5469 3236 5511 sermone
3259 5451 3299 5488 ⁸

1808 5591 1829 5623 ⁸
1856 5587 2183 5645 Germanico.
2214 5584 2424 5653 Interpr.
