3836 6362
481 418 584 472 895

480 538 629 581 recte
657 528 922 581 mstimare
965 528 1148 595 poss't.
1180 526 1358 597 Neque
1395 530 1535 583 enim
1584 530 1810 599 gothica:
1856 529 2048 598 linguai

485 617 617 669 vitio
656 617 789 669 verti
830 626 1033 684 potest,
1061 616 1199 685 quod
1243 617 1508 670 nonnullis
1537 618 1681 672 verbi
1728 619 1914 673 formis
1952 632 2043 672 ca-

483 715 627 770 reat,
656 706 844 773 quibus
887 708 975 760 alii
1025 721 1299 762 sermones
1328 706 1589 775 gaudent,
1621 722 1740 761 cum
1771 723 1864 763 eas
1909 722 2037 762 con-

479 795 866 850 structionibus
893 807 997 848 tam
1030 798 1165 851 mire
1188 797 1460 865 suppleat,
1490 798 1657 851 multo
1685 798 1881 862 minus,
1908 798 2047 865 quod

479 883 692 949 propria
719 884 971 936 vocabula
1018 884 1173 937 rebus
1215 895 1271 938 ct
1310 884 1443 938 ideis
1474 901 1577 937 non
1621 887 1918 953 escuserit,
1954 901 2045 955 po-

479 973 608 1040 pulo
658 988 875 1041 prorsus
928 975 1150 1043 ignotis;
1205 975 1333 1028 coll.
1376 975 1524 1044 goth.
1564 977 1727 1046 gless.
1781 977 1930 1045 praef.
1988 976 2045 1030 Si

477 1061 659 1128 igitur
684 1074 861 1115 sermo
891 1062 957 1116 iis
1010 1064 1240 1133 indigeat
1268 1063 1350 1119 vel
1397 1079 1595 1133 pauper
1634 1068 1705 1119 sit
1752 1066 2042 1131 vocabulis,

476 1150 671 1215 quibus
719 1150 921 1203 marina
972 1151 1337 1220 designentur,
1387 1168 1493 1208 non
1545 1164 1650 1207 tam
1690 1154 1881 1209 mirum
1928 1164 2043 1221 est,

475 1250 634 1303 quam
662 1236 883 1304 fuisset,
914 1237 960 1293 si
984 1254 1114 1306 gens
1139 1242 1239 1296 iter
1266 1255 1362 1310 per
1390 1257 1538 1298 mare
1566 1242 1777 1298 fecisset
1804 1246 2045 1313 marique

475 1327 661 1382 fuisset
686 1339 925 1395 assueta;
953 1330 1053 1387 sed
1084 1347 1276 1387 novum
1306 1341 1389 1388 est
1412 1333 1661 1387 iudicium
1689 1334 1924 1402 qnodab
1952 1349 2045 1387 an-

474 1418 636 1484 tiquis
662 1418 802 1473 dicta
847 1421 915 1476 de
958 1420 1144 1495 Gothis
1185 1440 1215 1475 e
1263 1422 1619 1477 Scandinavia
1666 1426 2044 1493 emigrantibus

467 1520 767 1579 eorumque
806 1496 1228 1577 navigationibus
1257 1527 1403 1565 mera
1436 1513 1683 1581 figmen'a
1724 1513 1832 1566 sint
1868 1522 1924 1568 et
1968 1513 2045 1566 fa-

470 1597 610 1649 lmltc
633 1598 769 1667 (vid.
797 1615 955 1669 supra
985 1600 1012 1669 §
1046 1603 1120 1669 1).
1149 1604 1264 1668 Quo
1290 1604 1433 1658 enim
1464 1613 1617 1669 pacto
1648 1602 1827 1668 Gothi,
1858 1619 2043 1674 quem-

469 1687 753 1742 admodum
794 1691 1237 1758 sepicntrionales
1279 1702 1464 1760 gentes
1502 1710 1596 1747 sua
1626 1695 1883 1763 skipbrot,
1915 1694 2041 1748 skib-

467 1778 633 1842 brud,
664 1780 1007 1850 skeppsbrote,
1047 1782 1114 1836 ita
1142 1783 1443 1853 skipabruka
1476 1800 1576 1838 non
1615 1783 1970 1852 formassent,
1992 1785 2040 1841 si

470 1882 584 1920 rem
617 1870 760 1935 prius
787 1873 1191 1939 cognovissent?
1231 1874 1495 1929 Praeterea
1529 1876 1791 1931 mirumne
1829 1877 1924 1931 ulli
1960 1878 2043 1931 vi-

469 1960 587 2012 deri
618 1972 816 2028 posset,
847 1963 987 2029 quod
1027 1964 1186 2018 Gothi
1232 1965 1434 2019 nullum
1476 1967 1788 2021 vocihulum
1832 1982 1927 2036 pro
1953 1985 2041 2021 nr-

475 2062 592 2119 pote
620 2051 878 2118 habeant,
909 2054 1048 2107 hunc
1098 2069 1191 2121 per
1234 2056 1386 2109 barne
1435 2058 1593 2111 barna
1651 2060 2040 2126 exprimentes?

476 2138 633 2194 N..llo
661 2142 803 2195 enim
834 2142 939 2197 alio
968 2143 1126 2196 modo
1150 2145 1480 2209 significatur
1509 2149 1647 2214 apud
1697 2158 1903 2202 veteres
1934 2148 2039 2202 lin-

470 2244 639 2297 guas:
675 2243 780 2283 vet.
810 2246 960 2285 uorv.
1003 2234 1319 2301 barnabdrn,
1348 2237 1476 2290 dan.
1518 2220 1855 2304 bmrnebwrn,
1888 2254 2035 2293 suec.

467 2320 744 2385 bornbarn,
766 2335 868 2375 vet.
894 2338 1012 2392 sup.
1035 2338 1204 2393 germ.
1226 2327 1591 2383 citindescltitnl
1607 2372 1622 2392 ,
1646 2331 1831 2382 cltindo
1852 2329 2034 2391 rhind;

466 2412 628 2463 etiam
658 2414 796 2479 apud
825 2428 935 2467 rec.
963 2427 1080 2482 sup.
1115 2431 1285 2483 gi-rm.
1309 2417 1679 2484 kindeskinder,
1709 2430 1763 2475 et
1782 2434 2034 2488 cognatos
2074 2444 2077 2445 '

465 2513 776 2567 sermones;
805 2504 928 2570 quin
960 2503 1122 2557 immo
1151 2507 1288 2574 apud
1322 2508 1603 2569 llomernm
1633 2512 1801 2577 nepoti
1830 2513 2031 2571 nullum

467 2593 627 2643 datur
675 2597 941 2658 proprmm
989 2595 1332 2663 vocabulum,
1373 2597 1466 2652 sed
1513 2599 1890 2667 aequivalenter
1937 2615 2033 2652 ex-

465 2680 715 2746 primitur
736 2697 751 2733 :
774 2680 962 2737 παίδων
982 2683 1181 2745 παῖδας.
1204 2685 1320 2738 lam
1339 2701 1467 2739 Vero
1490 2703 1553 2743 es
1579 2701 1645 2740 eo
1660 2688 1798 2755 quod
1822 2687 2030 2756 gothica

467 2772 647 2833 lingua
703 2772 987 2825 verborum
1039 2774 1105 2827 ad
1159 2776 1374 2829 civilem
1436 2779 1595 2833 vitam
1652 2780 2027 2845 pertinentium

463 2859 643 2924 inopia
672 2858 898 2927 laboret,
928 2862 1105 2951 Manso
1130 2864 1448 2934 (0stgotlten,
1479 2867 1599 2934 155)
1627 2866 1829 2920 Gothos
1857 2868 1907 2921 in
1938 2868 2034 2921 Ita-

462 2948 531 2999 ll‘t
564 2948 751 3013 pedem
780 2967 881 3003 non
915 2948 1125 3005 firm-nm
1165 2954 1401 3021 posuisse
1431 2956 1615 3019 infert;
1646 2958 1739 3011 sed
1773 2957 1872 3010 hoc
1909 2967 2028 3010 tan-

461 3047 573 3090 tum
604 3038 790 3093 deduci
816 3050 1017 3109 potest,
1044 3044 1183 3109 quod
1229 3043 1416 3113 Gothi,
1441 3060 1572 3113 gens
1601 3047 1838 3099 candidis
1868 3048 2029 3103 mori-

463 3127 562 3178 hus
614 3137 828 3193 assueta
877 3129 1122 3199 facilique
1169 3132 1391 3201 imperio
1444 3134 1710 3202 subjecta,
1758 3152 1861 3203 non
1909 3152 2027 3191 eam

461 3214 695 3276 linguam
710 3216 1117 3295 lialterent,tpnn
1138 3221 1493 3276 Itoniauornm
1520 3224 1782 3278 licentiam
1803 3239 1856 3279 et
1878 3229 2023 3295 vitia,

460 3305 561 3358 dec
585 3322 655 3358 -ra
678 3317 733 3360 et
762 3306 1009 3361 indecora
1039 3324 1201 3378 prope
1244 3312 1448 3366 infinita
1479 3314 1878 3384 omnigenorum
1907 3335 2025 3372 mn-

459 3411 648 3449 ncrnm
678 3398 975 3465 exprimere
1005 3402 1280 3466 potuisset.
1327 3404 1400 3459 De
1442 3414 1660 3473 caetero,
1691 3407 1831 3476 quod
1881 3419 2025 3464 certe

465 3485 648 3552 tit-gari
692 3488 903 3554 nequit,
932 3489 977 3541 si
1028 3492 1201 3545 adhue
1232 3494 1701 3561 Langobardorum
1742 3513 1937 3551 sertno-
1956 3500 2023 3553 ad

454 3571 789 3628 cili-rmanda
820 3578 1034 3629 nomina
1071 3593 1207 3645 pene
1253 3581 1599 3636 inuumeralia
1630 3600 1904 3639 mur-erum
1931 3600 2025 3655 ap-

459 3672 546 3715 tus
584 3671 697 3727 est,
727 3678 827 3719 cur
867 3664 1003 3720 hanc
1038 3671 1390 3736 aptitudinem
1418 3683 1473 3727 et
1503 3671 1756 3729 Gothicus
1794 3692 1899 3730 nos
1932 3679 2026 3730 ha-

454 3749 658 3808 buisset
672 3753 695 3806 l
1464 3779 1468 3783 ’

531 3881 555 3916 s
594 3865 649 3918 In
676 3880 744 3919 eo
769 3869 981 3936 gothica
1022 3872 1199 3942 lingua
1227 3873 1563 3943 potissimum
1605 3886 1850 3946 prasstat,
1882 3879 2021 3947 quod

438 3954 769 4031 synonymis
802 3955 1060 4011 ditissima
1089 3962 1187 4024 sit;
1224 3965 1473 4017 vombula
1518 3980 1603 4019 res
1645 3976 1699 4020 et
1734 3968 1880 4021 ideas
1908 3985 2023 4022 out-

456 4044 586 4099 niuo
618 4059 780 4100 novas
811 4052 1159 4116 exprimentia
1204 4053 1486 4110 efformare
1525 4060 1721 4124 possit;
1757 4062 2022 4125 possideat

458 4136 756 4204 completas
776 4139 1033 4195 flectionis
1053 4142 1271 4210 formas,
1289 4154 1343 4199 et
1362 4160 1752 4217 consequenter
1767 4168 1825 4205 ea
1852 4163 2021 4209 trans-

456 4223 693 4293 ponendi
729 4226 979 4283 vocabula
1020 4231 1268 4288 facultate
1300 4238 1559 4304 gaudeat,
1594 4255 1694 4307 qua
1715 4280 1731 4305 ,
1765 4243 2022 4307 prosaicis

451 4316 761 4379 auctoribus
783 4322 1055 4376 audaciam
1084 4326 1455 4380 saxonicorum
1486 4339 1539 4383 et
1567 4331 1856 4385 horealiutu
1890 4349 2017 4401 poe-

454 4414 629 4461 tarum
674 4407 989 4464 habentibus
1032 4412 1159 4481 (Gr.
1186 4415 1277 4469 Gr.
1305 4417 1392 4481 IV,
1422 4420 1553 4483 552,
1594 4421 1715 4473 coll.
1756 4421 1825 4485 ll,
1867 4423 2015 4490 920),

452 4510 625 4566 poene
653 4501 846 4570 gothici
864 4543 879 4565 ,
906 4505 1006 4558 sub
1034 4506 1135 4561 isto
1172 4511 1359 4564 saltem
1389 4522 1664 4579 respectu,
1699 4530 1881 4583 parum
1908 4520 2016 4573 sint

446 4593 820 4661 «laiderandi;
864 4598 1293 4669 orthographiam
1335 4602 1527 4659 habeat
1574 4606 1711 4661 adeo
1756 4610 2013 4666 determi-

450 4691 654 4750 natam,
682 4687 1048 4743 utscribentis
1069 4691 1288 4747 arbitrio
1317 4694 1444 4749 nihil
1468 4699 1731 4766 relinquat
1757 4699 2015 4755 delinien-

446 4777 575 4828 tlnm
599 4790 614 4841 ;
646 4777 877 4847 denique
904 4781 1095 4835 aliena:
1137 4783 1447 4842 litteratura:
1473 4790 1701 4857 scripta,
1734 4792 1897 4847 immo
1922 4794 2016 4848 ab-

444 4875 673 4921 rtractas
702 4872 990 4925 sententias
1020 4874 1072 4926 in
1100 4887 1161 4927 se
1189 4873 1437 4932 facillime
1464 4881 1701 4935 converti
1729 4882 1870 4938 sinat
1894 4874 2007 4951 (Gr.

447 4956 544 5011 Gr.
567 4972 686 5012 aut
715 4956 794 5011 ἰι
815 4961 996 5033 edit.];
1024 4974 1202 5019 nostra
1226 4968 1459 5036 prolegg
1484 4971 1551 5024 ad
1577 4972 1831 5045 Ullllam).
1862 4975 2011 5031 Unde

444 5045 586 5113 quod
616 5046 753 5111 Ihre,
781 5047 956 5105 Gloss.
980 5050 1201 5121 Suigoth
1230 5055 1284 5120 1,
1319 5057 1388 5112 29
1416 5059 1581 5113 dicit:
1616 5080 1641 5113 r
1671 5062 1897 5132 linguam
1918 5079 2025 5134 σοι

443 5137 633 5189 utimur
675 5140 803 5193 adeo
840 5143 1030 5197 cultam
1072 5154 1119 5197 et
1162 5148 1461 5201 concinnant
1498 5168 1627 5220 esse,
1659 5162 1715 5205 ut
1760 5156 2012 5225 elegantia

441 5228 607 5297 nulli,
631 5246 695 5283 ne
717 5248 893 5300 gnarae
916 5235 1116 5305 quidem
1137 5247 1185 5291 et
1211 5238 1381 5292 latinia
1409 5241 1681 5310 quidquam
1703 5246 1963 5312 concedat,
1984 5265 2004 5299 ι

442 5334 626 5375 verum
651 5328 761 5385 est,
787 5325 960 5392 quoad
981 5326 1315 5395 principium,
1333 5332 1507 5400 quoad
1532 5347 1657 5387 vero
1675 5338 2006 5390 consecutio-

442 5426 588 5473 nem,
622 5412 796 5480 lingua
826 5415 1023 5469 diutius
1050 5418 1281 5485 vivente,
1335 5436 1517 5476 verum
1566 5420 1681 5477 ﬁeri
1725 5426 2002 5493 potuisset.

517 5522 534 5552 ι
572 5501 758 5558 Utrum
802 5506 1013 5572 gothica
1060 5507 1236 5577 lingua
1264 5511 1333 5564 sit
1362 5512 1534 5581 reipsa
1563 5515 1776 5581 cognitu
1822 5516 1890 5570 ita
1923 5516 2002 5570 fa-

433 5593 574 5657 cilis,
614 5604 668 5647 nt
716 5594 883 5663 Majas
920 5609 974 5655 et
1017 5599 1405 5656 Castillionteus
1452 5604 1617 5658 semel
1662 5603 2004 5663 asseruernut

434 5672 611 5751 (Sper.
638 5686 699 5738 Vl
734 5704 748 5741 :
790 5707 808 5739 α
847 5707 1002 5757 neque
1043 5683 1308 5763 ttlpttilana
1352 5694 1527 5763 lingua
1566 5699 1871 5767 perdifﬁcilis
1899 5710 1998 5763 η’,

432 5791 591 5846 neque
634 5782 743 5847 ejus
782 5783 1047 5849 primorem
1079 5796 1305 5839 notitiam
1347 5787 1504 5846 quivis
1546 5789 1698 5843 etiam
1740 5792 1847 5847 sine
1886 5806 1996 5845 ma-

1527 414 1977 471 GRMlllATICA
2006 412 2327 470 GOTlIlCA‘I
2366 414 2660 473 ιιΝαυιε.

3618 418 3721 473 396

2158 528 2315 597 gistro
2342 546 2443 582 non
2486 530 2619 584 bret‘i
2647 530 2925 600 obtinebit),
2953 548 2982 587 e
3012 532 3197 602 majori
3229 535 3487 592 minorive
3530 544 3718 609 cogni-

2155 619 2315 684 tione,
2344 634 2501 688 quam
2527 636 2835 689 comparare
2873 624 3023 690 velis,
3070 626 3438 695 consequitur;
3488 631 3591 685 hoc.
3634 643 3719 686 ta-

2153 722 2272 761 men
2303 708 2439 763 bene
2466 722 2795 779 compertnm
2824 712 3038 779 habeas,
3059 715 3200 784 quod
3232 718 3509 785 plusquam
3534 726 3717 792 cogni-

2150 798 2294 853 tione
2343 797 2585 853 incboata
2632 814 2764 868 Opus
2810 811 2928 869 est,
2981 811 3037 856 ut
3086 805 3202 873 quis
3246 821 3376 860 sana
3425 820 3604 867 mente
3646 813 3717 867 de

2148 891 2360 958 gothico
2382 906 2629 949 sermone
2648 894 2887 961 judicare
2913 897 3097 965 possit.

2213 1004 2239 1074 §
2264 1004 2451 1072 9.Qo:e
2462 1008 2864 1077 grammaticales
2875 1011 3226 1064 annotationes
3237 1010 3304 1066 de
3316 1012 3488 1081 lingua
3500 1013 3715 1081 gothica

2146 1097 2261 1149 sive
2282 1110 2313 1150 a
2333 1096 2601 1151 veteribus
2627 1098 2739 1152 sive
2758 1113 2786 1150 a
2809 1100 3191 1154 recentioribus
3216 1103 3533 1168 conscripta:
3562 1112 3712 1163 sunt,

2145 1199 2236 1239 eas
2258 1187 2435 1240 retulit
2455 1180 2818 1241 blassmannus
2840 1188 2918 1257 (in
2940 1188 3150 1259 llattptii
3165 1189 3551 1260 Zeitscltriftfur
3563 1194 3717 1246 deut-

2145 1276 2295 1327 schen
2321 1274 2607 1328 Alteri/tum
2630 1275 2666 1337 Ι,
2692 1277 2798 1332 298
2822 1277 2997 1347 sqq);
3020 1294 3138 1348 qua:
3160 1294 3285 1334 vero
3305 1283 3654 1351 grammatica:
3684 1295 3714 1337 ο

2144 1364 2396 1432 peculiari
2425 1375 2604 1420 textus
2641 1368 2836 1421 ulfilani
2867 1370 3043 1423 studio
3069 1369 3136 1423 ah
3161 1380 3319 1424 :etate
3345 1371 3487 1424 Junii
3522 1372 3711 1442 vulga-

2144 1463 2210 1507 ta:
2238 1465 2357 1508 sunt
2376 1494 2393 1520 ,
2420 1470 2511 1508 eas
2541 1455 2686 1510 Zahn
2729 1453 3044 1527 (Einleitung
3069 1474 3180 1509 sum
3209 1457 3396 1526 Ulﬁlas
3426 1476 3477 1526 p.
3501 1461 3562 1513 6|
3596 1462 3711 1529 sq.)

2143 1547 2600 1613 commemoravit,
2644 1561 2744 1600 suo
2798 1542 2956 1615 modo
2993 1547 3307 1617 dijudicans.
3347 1548 3707 1603 Grauunatica

2142 1649 2260 1703 qua:
2292 1637 2455 1703 pritna
2488 1637 2643 1705 hujus
2666 1640 2893 1694 nominis
2922 1655 3029 1694 non
3050 1640 3261 1708 indigna
3289 1641 3406 1704 fuit,
3431 1652 3705 1694 auctorem

2147 1722 2327 1778 habuit
2359 1724 2591 1792 Fuldan;
2636 1728 2859 1795 primum
2890 1744 3016 1782 vero
3054 1743 3201 1782 sana:
3226 1730 3485 1783 doctrina:
3512 1744 3708 1799 corpus

2138 1814 2189 1869 in
2218 1817 2512 1886 germanica
2539 1821 2878 1887 grammatica
2900 1820 3142 1875 Grimmii
3168 1822 3420 1889 reperies.

2215 1924 2234 1957 ι
2273 1907 2347 1960 De
2375 1907 2635 1975 indigenis
2662 1909 2957 1964 Gothorum
3007 1912 3368 1978 grammaticis
3406 1928 3511 1965 non
3549 1914 3702 1967 novi-

2138 2007 2285 2057 mus;
2315 2004 2369 2047 et
2396 1993 2608 2049 aliunde
2634 2010 2810 2050 sermo
2853 1997 3113 2050 brevioris
3151 1998 3245 2049 fuit
3279 1999 3424 2062 vitm,
3456 2014 3618 2063 quam
3650 2010 3705 2054 ut

2136 2083 2489 2151 corruptionis
2521 2085 2809 2151 periculum
2851 2084 2998 2139 adire
3028 2086 3286 2153 potuerit,
3330 2086 3703 2155 indigenarum

2136 2172 2599 2242 grammaticarum
2661 2190 2873 2229 causam
2939 2177 3382 2230 communiorcm.
3439 2178 3701 2232 Gouticos

2134 2265 2443 2331 alphabetus
2486 2266 2862 2331 nonnullmque
2895 2266 3091 2334 regulae
3126 2264 3193 2317 ad
3234 2267 3719 2321 determinamlam‘

2132 2353 2481 2420 quorumdam
2506 2368 2756 2406 sonorum
2787 2348 3131 2422 prolationem
3162 2355 3331 2421 primo
3358 2354 3700 2408 inveniemur

2135 2443 2272 2509 apud
2303 2444 2569 2497 viennense
2597 2446 2990 2512 manuscriptum
3022 2444 3336 2512 (.llembran.
3370 2442 3575 2499 Salisb.
3602 2445 3692 2497 Nr.

2134 2530 2256 2594 H0,
2280 2531 2403 2584 olim
2449 2532 2640 2585 Salisb.
2672 2532 2723 2584 7l
2764 2531 2854 2584 fol.
2882 2531 2997 2599 20),
3029 2532 3167 2598 quod
3199 2530 3361 2584 Wiilt.
3408 2531 3700 2585 Griututitts

2132 2617 2245 2687 (45°
2276 2631 2418 2673 tomo
2446 2618 2761 2671 Jarhbuclter
2788 2620 2871 2685 [ἠν
2901 2620 3179 2682 Lileratur,
3204 2636 3254 2685 p.
3280 2620 3312 2673 5
3332 2618 3475 2689 sqq.)
3526 2622 3707 2687 primo

2135 2710 2330 2784 edidit,
2362 2711 2429 2766 de
2455 2725 2560 2778 quo
2592 2711 2694 2767 vid.
2721 2710 3113 2764 Massmannum
3145 2710 3181 2761 Ι.
3207 2708 3242 2763 1.
3276 2709 3381 2763 296
3402 2724 3531 2779 sqq.

2206 2818 2224 2848 ι
2256 2800 2429 2853 Tutna
2449 2798 2797 2853 Bonaeeutura
2826 2798 3074 2852 Vulcania
3097 2799 3333 2867 vulgatus
3353 2809 3435 2851 est
3459 2800 3703 2864 libellus,

2131 2900 2348 2945 auctore
2377 2906 2665 2959 anonymo,
2696 2892 2797 2944 hoe
2826 2889 3037 2942 nomine
3082 2889 3407 2956 inscriptus:
3442 2887 3519 2941 De
3564 2889 3703 2940 litteo

2129 2978 2200 3030 ris
2229 2988 2275 3030 et
2305 2979 2481 3049 lingua
2514 2977 2754 3031 Getarum
2792 2979 2894 3030 sive
2930 2977 3240 3040 Gothorum;
3279 2977 3361 3030 cui
3410 2976 3697 3044 adjunctus

2130 3075 2213 3125 est
2238 3066 2689 3123 (iommentariolus
2714 3067 2776 3120 de
2804 3068 2979 3135 lingua
3004 3068 3255 3135 gotthica,
3286 3064 3502 3133 Leyden
3538 3065 3702 3128 1597,

2131 3154 2237 3207 vid.
2264 3156 2652 3208 Masstnanuum
2675 3156 2712 3206 l.
2735 3155 2772 3207 1.
2795 3154 2891 3208 511
2922 3169 3063 3221 sqq.,
3087 3154 3176 3220 qui
3208 3152 3460 3205 nonnulla
3488 3168 3521 3208 e
3549 3163 3703 3207 texto

2127 3253 2375 3310 excerpta
2404 3251 2460 3296 et
2494 3242 2863 3296 annotationes
2912 3242 2962 3295 iu
2991 3240 3272 3294 nonnullas
3316 3240 3523 3295 litteras
3562 3257 3699 3295 non-

2130 3334 2501 3402 nullorumque
2530 3334 2787 3389 vocalium
2817 3343 3013 3388 rectam
3042 3330 3390 3399 prolationem
3422 3332 3695 3386 continet:

2128 3423 2265 3478 idem
2299 3424 2457 3478 etiam
2495 3425 2727 3478 invenire
2763 3432 2845 3478 est
2881 3424 2933 3477 in
2982 3422 3215 3476 Gruterii
3254 3421 3690 3487 inscriptionibus.

2202 3534 2221 3567 ι
2244 3516 2307 3569 G.
2337 3517 2549 3580 llickes,
2566 3518 2643 3569 ins
2666 3518 2901 3569 itutiones
2921 3496 3264 3585 grammatica
3279 3515 3699 3584 anglosaxottt'cc

2124 3614 2170 3658 et
2202 3605 2582 3676 mscgotlticce,
2604 3603 2824 3667 Oxford,
2855 3603 2989 3657 1689
3010 3643 3025 3664 .
3053 3603 3088 3657 ι
3121 3602 3255 3667 vol.,
3281 3618 3507 3668 quorum
3541 3606 3692 3671 prius

2124 3694 2437 3761 Linguarum
2462 3705 2680 3748 veterum
2708 3691 3172 3761 septentrionalium
3203 3689 3523 3743 Thesauri”;
3550 3691 3693 3761 ejus-

2123 3786 2243 3841 dem
2274 3787 2504 3841 auctoris
2532 3786 2791 3851 continet,
2821 3799 2953 3853 opus
2996 3783 3188 3838 iterum
3233 3781 3461 3848 editum,
3488 3782 3692 3838 Oxford

2126 3877 2282 3941 1705,
2312 3877 2347 3929 2
2382 3876 2489 3929 vol.
2522 3874 2614 3928 fol.

2198 3986 2218 4019 ι
2251 3968 2493 4023 Lambert
2523 3977 2609 4021 ten
2651 3964 2800 4030 Kate,
2830 3962 3203 4031 Gemeensehap
3241 3970 3415 4015 tamen
3454 3964 3519 4029 de
3558 3964 3692 4018 Gat—

2122 4060 2277 4113 tt'scha
2330 4059 2560 4128 Spraeke
2601 4075 2664 4112 en
2715 4058 2778 4111 de
2828 4053 3296 4120 Netlerduistsche,
3348 4054 3691 4109 Atnslerdam

2122 4152 2282 4217 1710,
2310 4150 2365 4205 4.
2781 4192 2784 4194 ν

2195 4259 2215 4293 r
2253 4241 2403 4293 Edw.
2436 4240 2566 4309 Lyc,
2591 4238 2923 4310 grammatica
2964 4240 3386 4308 gothica,'cujus
3413 4239 3466 4294 in
3497 4239 3691 4308 praefa-

2122 4332 2261 4385 tione
2298 4331 2577 4405 Sacrorum
2623 4329 2992 4399 evangeliorum
3028 4330 3190 4383 venio
3229 4329 3436 4400 gothica
3472 4330 3688 4383 inducta

2116 4430 2202 4475 est
2227 4421 2293 4475 ab
2316 4421 2519 4475 editore
2567 4421 2835 4485 Benzelio,
2863 4418 3060 4473 Oxford
3110 4420 3270 4478 1750.
3292 4418 3329 4471 4
3356 4421 3461 4472 vol.
3496 4436 3551 4487 ι).
3585 4422 3686 4475 59-

2117 4511 2221 4574 62;
2254 4511 2409 4578 hujus
2435 4512 2791 4579 grammatica:
2815 4509 3159 4563 seminarium
3180 4516 3265 4562 est
3289 4508 3408 4563 0w.
3437 4509 3687 4577 Blanuiug

2117 4599 2462 4653 Gramnmtica
2498 4599 2945 4668 (Anglosaxonica
2988 4603 3061 4668 et)
3091 4599 3479 4668 Matsogttltica,
3529 4600 3687 4666 cujus

2118 4697 2223 4749 1¹³¹ιι
2238 4696 2343 4749 vol.
2370 4692 2735 4747 Dictionariunt
2755 4697 3023 4749 manica-
3050 4703 3097 4747 ει
3112 4693 3573 4764 gaudeo-latinum,
3588 4708 3688 4748 atl-

2116 4795 2262 4841 otore
2293 4786 2419 4863 Lyc,
2443 4785 2700 4850 continet,
2716 4785 2784 4839 ab
2805 4784 2991 4841 eodem
3013 4784 3261 4853 Manuing
3284 4782 3439 4850 edit.,
3458 4782 3686 4839 London

2117 4876 2273 4937 1772,
2303 4877 2337 4927 2
2362 4876 2465 4929 vol.
2496 4876 2589 4930 fol.

2188 4984 2208 5019 ς
2246 4966 2333 5020 Fr.
2363 4966 2485 5019 Karl
2530 4966 2691 5020 Fulda
2711 5007 2728 5032 ,
2760 4964 3095 5033 Ulfilanisclte
3140 4964 3506 5036 Spraeltleltre,
3536 4964 3592 5019 in
3622 4965 3683 5019 ‘2‘

2112 5059 2219 5112 vol.
2250 5058 2433 5125 Ulﬁlas
2462 5073 2491 5110 a
2521 5058 2722 5112 Zalinio
2747 5058 2919 5113 editus
2948 5074 3002 5127 p.
3036 5056 3184 5112 1-62.

2188 5168 2205 5202 ι
2242 5150 2289 5204 ι.
2322 5150 2547 5216 Grimm,
2572 5145 2821 5203 Deutsche
2846 5146 3479 5215 Grammatik,Gottingen
3514 5146 3679 5212 1819,

2110 5238 2174 5293 2⁸
2198 5242 2351 5304 edit,
2374 5240 2407 5293 ιι
2430 5239 2557 5301 νοι.;
2589 5236 2967 5293 item-1839.57
2988 5254 3002 5301 ;
3027 5239 3093 5292 5⁸
3116 5238 3245 5293 edit.
3268 5278 3283 5302 ,
3316 5236 3341 5290 1
3374 5237 3476 5291 vol.
3510 5235 3685 5300 £8403

2184 5348 2204 5382 s
2244 5332 2316 5385 De
2360 5330 2670 5400 prolationis
2712 5339 2763 5381 et
2808 5329 3093 5381 formarum
3136 5328 3379 5380 doctrina
3407 5324 3681 5377 notandus

2108 5434 2189 5478 est
2216 5424 2272 5477 Ρ.
2299 5424 2464 5493 Bopp,
2500 5421 2889 5491 l’ergleicltentle
2928 5419 3263 5485 Grammatik,
3297 5415 3472 5471 Berlin
3506 5415 3679 5471 1853·

2106 5515 2195 5581 52,
2227 5516 2261 5569 ι
2276 5517 2420 5592 part.

2181 5624 2201 5657 s
2239 5605 2311 5659 De
2341 5603 2711 5672 blunographia
2741 5601 2988 5657 laudandi
3021 5606 3185 5656 sunt:

2181 5715 2201 5748 ι
2250 5696 2371 5749 Joh.
2423 5710 2524 5748 von
2578 5692 2727 5760 lhrc,
2769 5693 2843 5746 De
2894 5691 3051 5745 verbis
3096 5684 3579 5756 Hmsogotltorum,
3617 5684 3672 5738 In

2110 5786 2409 5857 Buschingii
2450 5784 2761 5857 collectione
2804 5781 3123 5846 Scriptorum
3164 5778 3440 5835 versionem
3479 5774 3671 5829 αισι.-
