3836 6362
526 542 639 600 899

613 675 633 707 ι
668 656 783 708 .lam
813 666 939 705 vero
966 649 1009 704 si
1036 649 1151 717 quis
1180 646 1379 715 absque
1405 643 1628 713 partium
1651 640 1823 694 studio
1851 636 2090 705 gothicas

535 745 738 797 litteras
756 739 1186 801 consiileraverit,
1206 749 1520 805 persuasum
1544 730 1757 784 habebit
1773 728 1836 781 ad
1859 738 2086 794 graecum

540 828 871 891 alphebctnm
909 824 1209 890 pertinere:
1246 820 1311 886 ἢ,
1336 825 1397 885 Β,
1422 819 1489 886 Γ,
1521 820 1562 873 (Ξ
1584 860 1598 883 ,
1632 822 1715 885 Ζ,
1740 820 1782 885 ι,
1814 821 1879 885 ll,
1904 819 1973 883 λ,
2002 819 2082 889 Ν,

540 915 612 975 N,
644 914 717 977 ll,
742 912 806 980 T,
831 913 896 984 γ,
926 913 989 976 Ω,
1016 910 1088 975 Χ;
1119 912 1183 963 ad
1205 912 1420 965 latinum
1448 929 1459 962 :
1500 910 1572 975 Δ,
1606 910 1677 975 U,
1718 911 1780 975 h,
1814 910 1875 980 μ,
1913 908 1977 975 '5,
2030 910 2084 982 Ρ,

535 1007 607 1059 ita
629 1014 834 1065 tamen,
862 1003 917 1056 u't
938 1018 966 1054 c
993 1000 1251 1069 prioribus
1270 1000 1447 1067 plures
1468 998 1625 1050 etiam
1654 994 1828 1045 latina:
1852 1000 1974 1051 smt,
2000 999 2086 1041 ut:

546 1107 604 1163 θ,
633 1099 694 1160 ll,
734 1093 775 1145 (Ξ
799 1134 814 1155 ,
838 1091 879 1156 1,
914 1091 981 1152 κ,
1013 1089 1090 1149 Ν,
1120 1086 1199 1150 Τς
1227 1086 1293 1139 ad
1339 1084 1607 1153 gothicum
1640 1080 1848 1133 tandem
1881 1076 2093 1145 proprie

536 1191 798 1252 spectant,
845 1182 924 1231 sin
975 1180 1162 1237 fortun,
1191 1176 1379 1227 saltem
1411 1172 1829 1241 signiﬁcatione:
1870 1168 1931 1237 ῴ
1960 1175 2012 1220 et
2049 1163 2095 1219 θ

536 1288 568 1326 e
588 1273 775 1340 grmcis
796 1281 835 1321 Ψ
855 1276 908 1321 et
930 1278 990 1330 8;
1014 1265 1063 1327 Ο.
1083 1275 1133 1317 et
1156 1266 1202 1319 ll
1233 1277 1263 1316 e
1278 1262 1461 1316 latinis
1484 1260 1527 1314 G
1550 1269 1603 1315 et
1626 1268 1686 1323 n;
1711 1260 1754 1312 si
1781 1258 1893 1311 hare
1915 1256 2092 1309 ultima

535 1365 711 1417 littera
759 1362 940 1412 forma:
986 1358 1159 1409 latina:
1206 1353 1401 1407 cursivi
1451 1368 1485 1405 n
1532 1350 1706 1403 minus
1745 1354 2091 1415 congrueret,

534 1462 789 1506 extranea
818 1464 935 1501 esse
964 1454 1137 1514 posset
1165 1443 1248 1495 vel
1283 1441 1459 1494 forsan
1490 1439 1731 1504 indigena
1760 1436 1887 1504 (vid.
1918 1434 1944 1503 ᾗ
1983 1434 2088 1501 12).

539 1542 744 1594 llunico
773 1549 945 1590 autem
975 1534 1103 1588 nihil
1148 1539 1389 1586 remanet
1416 1526 1845 1583 adscribendum.
1894 1523 2091 1577 Oll'ensi

536 1638 661 1683 sunt
707 1629 879 1693 plures
919 1638 986 1677 ex
1024 1637 1089 1675 eo
1125 1618 1265 1687 quod
1296 1618 1483 1671 Ullilas
1512 1630 1577 1669 ex
1607 1614 1827 1667 arbitrio
1853 1611 2092 1680 qua-dam

539 1718 687 1791 signa
713 1714 939 1780 elegisse
964 1717 1323 1768 assereretur;
1350 1703 1442 1757 sed
1465 1701 1655 1755 merito
1675 1701 1892 1769 cogitari
1923 1706 2097 1766 porest

539 1787 661 1859 eum
710 1800 968 1869 imprimis
1009 1796 1269 1857 Voluisse,
1321 1803 1375 1844 ut
1422 1805 1531 1844 sua:
1578 1790 1767 1857 linguae
1813 1787 1929 1840 soni
1974 1801 2095 1839 cum

539 1892 726 1946 alienis
779 1891 945 1958 signis
1001 1901 1157 1953 quam
1222 1882 1450 1936 maxime
1508 1887 1888 1946 congruerent;
1940 1892 2098 1943 porro

542 1979 854 2048 quibusdam
877 1973 1269 2028 characteribus
1288 1970 1432 2022 sonis
1454 1982 1557 2021 non
1581 1966 2019 2033 reSpondentibus
2046 1974 2099 2017 et

543 2068 664 2121 aliis
707 2064 1039 2120 sermonibus
1082 2058 1360 2114 nonnullos
1403 2072 1563 2109 sonos
1601 2056 1813 2122 gothico
1856 2053 2099 2122 protirios

546 2174 651 2210 non
696 2153 1027 2215 habentibus,
1060 2149 1172 2202 huc
1214 2148 1361 2215 signa
1411 2147 1643 2211 legitime
1690 2161 1783 2210 pro
1824 2144 1972 2196 libitu
2003 2157 2101 2196 suo

546 2245 772 2300 mutuari
802 2242 1001 2310 potuit,
1035 2241 1085 2292 in
1119 2240 1219 2291 hoc
1248 2236 1419 2305 potius
1450 2234 1741 2287 laudandus
1770 2249 1927 2297 quam
1961 2236 2101 2286 vitu-

546 2332 829 2402 perandus.
854 2328 1021 2381 Etiam
1046 2326 1095 2378 in
1112 2323 1410 2393 quiereudis
1429 2322 1825 2375 characteribus
1841 2322 1905 2374 ad
1925 2332 2100 2375 certos

545 2439 707 2477 sonos
748 2418 1159 2473 accommodatis
1196 2417 1369 2469 cenati
1402 2424 1525 2467 sunt
1563 2413 1859 2468 Simonides
1886 2424 1935 2466 et
1978 2414 2103 2481 Epi-

547 2515 793 2567 charmos
843 2525 938 2577 pro
976 2523 1151 2575 μαιεο
1180 2506 1480 2573 alphabeto,
1507 2505 1682 2557 Cazsar
1709 2504 1973 2568 Claudius,
2007 2519 2102 2570 pro

549 2605 713 2658 latino
750 2602 877 2669 (rid.
909 2598 1217 2660 Schneider,
1244 2594 1601 2647 Formenlehre
1621 2596 1711 2645 der
1755 2597 1843 2645 lat.
1878 2594 2104 2659 Sprache

550 2696 592 2758 1,
625 2692 853 2761 hsqq.),
904 2690 1263 2756 Chilpericus,
1312 2701 1405 2754 pro
1453 2686 1773 2738 Francorum
1821 2686 2101 2752 alphabeto

550 2784 794 2851 (Gregor.
815 2780 1017 2834 ται-οη.
1048 2778 1185 2831 Hist.
1217 2777 1535 2830 Francorum
1564 2792 1615 2839 ν,
1648 2777 1736 2842 iii)
1759 2785 1812 2827 et
1838 2776 2101 2843 imprimis

546 2874 777 2943 Cyrillus
804 2871 1053 2922 slavicum
1079 2866 1411 2936 alphabetum
1450 2882 1480 2919 e
1504 2881 1675 2933 graeco
1702 2867 1989 2921 deducens.

628 2979 647 3010 ι
696 2960 825 3013 Cum
873 2957 1081 3023 gethica
1127 2955 1381 3020 scriptura
1430 2954 1587 3005 etiam
1639 2965 1759 3021 post
1809 2954 2101 3009 Gothorum

553 3058 788 3115 tempora
832 3052 1292 3105 commemoratur,
1337 3058 1439 3094 non
1486 3042 1807 3097 credendum
1857 3054 1940 3097 est
1986 3061 2103 3099 eam

552 3148 705 3199 esse,
736 3148 854 3200 qua:
898 3134 948 3185 in
995 3130 1217 3199 gothicis
1264 3129 1473 3195 scriptis
1523 3141 1821 3198 usurpatur.
1881 3134 2102 3189 Gothica

553 3224 695 3279 enim
727 3224 777 3275 in
809 3221 1051 3287 llispauia
1084 3220 1368 3270 vocabatur
1395 3218 1674 3284 scriptura,
1705 3235 1822 3285 qua:
1852 3222 1975 3274 alibi
2004 3226 2104 3275 sub

554 3312 765 3365 nomine
793 3309 1025 3361 toletuna:
1048 3307 1338 3371 indignata,
1368 3320 1397 3357 e
1421 3306 1646 3373 gothicis
1675 3316 1728 3358 et
1759 3309 1931 3361 latinis
1958 3310 2101 3363 litte-

554 3400 630 3453 ris
667 3396 939 3452 commista
971 3405 1071 3457 est,
1102 3403 1155 3446 et
1180 3409 1209 3445 a
1252 3393 1461 3446 Francis
1486 3405 1749 3461 assmnpta
1784 3398 2101 3465 (Aschbach,

555 3486 735 3540 Gesch.
780 3488 872 3536 der
923 3482 1265 3550 l‘Vestgotlten,
1315 3483 1417 3535 353
1464 3482 1837 3551 sq.),concil;o
1866 3488 2103 3543 leoneusi

552 3576 740 3646 (l09l)
768 3576 1015 3641 abrogata
1046 3582 1147 3625 est.
1178 3571 1390 3625 Necnon
1416 3582 1467 3625 et
1498 3574 1548 3625 iu
1582 3573 1722 3626 Italia
1751 3578 1927 3628 runiea
1953 3578 2101 3645 signa

556 3663 840 3731 improprie
880 3662 1086 3729 gothica
1135 3670 1428 3727 nuncupata
1480 3671 1621 3726 sunt,
1654 3664 1759 3716 vid.
1807 3666 2101 3720 Massman-

553 3767 709 3817 num,
739 3750 903 3804 Skeir.
935 3764 1052 3817 pag.
1079 3764 1143 3801 xv
1178 3759 1232 3801 et
1266 3749 1475 3817 Hauptii
1520 3750 1804 3819 Zeitschrt'ft
1841 3755 1925 3820 {ar
1955 3758 2103 3807 deut-

550 3844 697 3895 sches
721 3838 999 3891 Alterthum
1025 3839 1063 3899 l,
1086 3835 1211 3889 377.
1234 3836 1383 3900 Quod
1410 3846 1583 3891 autem
1611 3841 1817 3905 gothica
1848 3845 2103 3910 scriptura

553 3932 608 3983 in
664 3929 807 3981 Italia
857 3934 1123 3979 asservata
1181 3925 1374 3991 fuerit,
1413 3936 1469 3980 et
1517 3930 1789 3982 breseiana
1835 3934 2105 3997 inSCI‘ltllO

550 4019 737 4085 prima:
769 4016 959 4067 tabulae
1005 4014 1057 4065 in
1100 4014 1385 4080 Specimine
1428 4015 1604 4082 Ulﬁlte
1634 4021 1854 4082 partium
1891 4022 2105 4075 inedita-

551 4124 665 4161 rum
689 4107 785 4159 hac
804 4104 988 4158 eadem
1014 4104 1167 4156 fuerit
1186 4104 1503 4169 conscripta,
1527 4106 1626 4157 hoc
1647 4109 1803 4158 unico
1821 4110 2050 4175 superin
2073 4127 2106 4165 e

554 4207 912 4255 monumento,
937 4195 1188 4247 stabiliter
1216 4193 1463 4249 aflirmari
1492 4196 1695 4263 nequit,
1725 4198 1849 4249 coll.
1880 4198 2101 4256 Grimtn.

555 4286 735 4341 Jahrb.
759 4286 850 4336 der
878 4282 976 4335 Lit.
1008 4280 1184 4347 XLIII,
1210 4283 1301 4335 21.
1339 4298 1360 4333 ι

626 4376 654 4444 ς
690 4377 768 4430 l2.
800 4374 1082 4429 Annotatio
1106 4372 1160 4424 2.
1185 4401 1251 4411 -
1268 4370 1418 4438 Quod
1444 4372 1509 4426 ad
1538 4378 1773 4440 formam,
1798 4377 2022 4431 habitum
2052 4391 2105 4435 et

554 4467 821 4535 potentiam
862 4464 1155 4517 literarum
1199 4463 1404 4526 attinet,
1437 4478 1711 4518 erroneam
1759 4467 1881 4535 Maji
1918 4472 2104 4539 conje-

553 4566 753 4607 cturam
798 4552 973 4617 (δρα.
1005 4553 1111 4617 xvr)
1144 4551 1285 4616 prius
1313 4560 1495 4605 notare
1535 4554 1808 4617 debemus,
1836 4559 1973 4624 quod
2004 4561 2105 4614 sci-

554 4644 678 4695 licet
704 4643 885 4696 Ulﬁlas
931 4646 1169 4706 majorem
1214 4648 1267 4693 et
1300 4643 1540 4693 minorem
1580 4643 1913 4712 alphabetum
1957 4649 2107 4703 adin-

556 4734 778 4787 vcuerit.
802 4732 1054 4799 Equidem
1078 4733 1128 4785 in
1150 4732 1416 4786 codicibus
1436 4734 1620 4787 littera:
1643 4736 1825 4803 majori
1845 4740 2105 4797 minorire

556 4834 679 4878 sunt
722 4834 939 4886 statura,
967 4830 1121 4889 prout
1161 4837 1315 4889 quam
1346 4825 1524 4877 sedem
1566 4839 1859 4895 occupant;
1885 4832 1962 4884 sic
1992 4848 2101 4885 ma-

556 4912 758 4979 joribus
819 4912 1007 4974 litteris
1056 4912 1354 4976 conscripta
1406 4920 1528 4964 sunt
1584 4913 1726 4967 initia
1779 4916 2009 4984 capitum
2054 4929 2107 4973 et

558 5016 839 5063 versuum;
869 5000 1154 5053 minoribus
1199 5014 1346 5062 Vero,
1376 5002 1463 5055 ubi
1511 5010 1683 5057 textus
1721 5016 1867 5059 extra
1912 5008 2101 5063 lineam

559 5091 957 5161 determinatam
990 5090 1039 5141 in
1071 5089 1302 5155 margine
1330 5090 1659 5157 conscriptus
1685 5104 1783 5146 est.
1817 5094 1933 5150 Sed
1949 5106 2107 5149 utrae-

558 5195 662 5249 que
704 5180 891 5253 litterae
934 5177 1173 5247 ejusdem
1221 5180 1500 5247 sunttypi.
1545 5180 1741 5234 l’otiori
1770 5182 1915 5248 jure,
1944 5194 1997 5237 et
2042 5201 2105 5238 ea

560 5273 737 5322 lorsan
782 5277 899 5321 erat
944 5268 1060 5335 Maji
1108 5269 1406 5333 sententia,
1454 5270 1692 5324 distinxit
1744 5273 2106 5327 Massmannus

563 5358 681 5429 (Die
743 5359 1031 5429 gothischett
1088 5358 1358 5410 Urkundeu
1412 5374 1507 5411 von
1562 5359 1758 5429 Neapel
1812 5373 1859 5414 et
1917 5365 2107 5416 Αναιο

560 5465 615 5515 p.
640 5448 673 5502 6
699 5446 837 5516 seq.)
864 5446 1171 5514 scripturam
1215 5456 1412 5500 rectam
1444 5456 1600 5513 atque
1628 5450 1849 5501 solidam
1894 5450 1958 5501 ad
1996 5466 2107 5503 ma-

560 5537 859 5604 nuscriptos
907 5536 1137 5602 codices,
1168 5534 1329 5588 libros
1376 5546 1430 5589 et
1473 5537 1841 5604 inscriptiones
1887 5553 2110 5605 usurpa-

563 5630 933 5695 tam,alteram
980 5642 1106 5681 vero
1154 5626 1455 5679 inclinatam
1486 5635 1540 5680 et
1566 5627 1824 5681 cursivam
1867 5630 1932 5682 ad
1984 5645 2109 5684 usus

562 5720 681 5771 vita:
708 5716 1058 5786 quotidianus.
1084 5716 1136 5769 In
1162 5730 1227 5769 eo
1256 5717 1420 5783 prior,
1446 5717 1519 5770 ait
1546 5718 1623 5770 vir
1646 5717 1853 5785 doctus,
1881 5734 1909 5772 a
1942 5727 2103 5787 poste-

563 5812 688 5865 riori
716 5811 995 5879 discrepat,
1026 5808 1164 5877 quod
1208 5808 1472 5863 uounullc
1520 5809 1729 5877 litterae,
1762 5810 1916 5865 etiam
1950 5811 2104 5863 abso-

1584 528 2027 586 GRAM‘IATSCA
2068 520 2388 575 GOTillC/l‘l
2418 518 2726 574 ‘l.|NGU}E.

3656 517 3750 571 960

2200 630 2355 692 lutte,
2411 628 2639 695 majores
2681 627 2875 680 calami
2925 626 3108 681 ductus
3156 627 3465 693 admittant,
3516 626 3646 680 dum
3703 628 3748 680 in

2192 719 2450 785 scriptura
2500 717 2706 770 cursiva
2756 716 2945 768 minori
2990 716 3379 772 deliucamento
3434 725 3748 770 exaratitur.

2194 807 2341 870 Quod
2374 814 2564 874 praeter
2598 803 2643 869 ᾗ
2662 812 2718 858 et
2747 814 2814 867 Δ,
2839 804 2905 857 de
2929 802 2985 873 ῴ
3013 804 3293 861 dicendum
3326 816 3434 861 est.
3478 806 3593 860 llac
3621 808 3751 858 scri-

2194 905 2341 965 ptura
2372 896 2582 950 cursiva
2612 896 2769 949 etiam
2788 894 3107 962 conscripta:
3134 906 3256 949 sunt
3284 882 3476 965 glosste
3503 906 3559 950 et
3587 911 3751 947 auuo-

2195 986 2419 1038 tationes
2449 984 2500 1037 in
2529 986 2901 1051 manuscriptis
2928 984 3219 1048 codicibus,
3255 985 3365 1037 vid.
3422 985 3660 1037 tabulam
3689 986 3751 1037 ad

2193 1072 2515 1127 Massmanni
2555 1072 2865 1136 Skeireins,
2920 1075 3151 1141 eaceptis
3194 1073 3275 1127 eis
3321 1073 3373 1126 in
3419 1075 3611 1126 codice
3668 1089 3749 1126 ar-

2193 1173 2382 1233 genteo
2406 1162 2784 1225 existentibus,
2811 1177 2929 1229 qua:
2977 1161 3138 1215 rectis
3184 1162 3496 1229 solidisque,
3527 1161 3624 1214 sed
3658 1162 3751 1213 nii-

2194 1254 2429 1319 nuribus,
2460 1252 2580 1306 licet
2612 1250 2847 1319 pulchris
2892 1264 3055 1317 saepe,
3083 1261 3135 1303 et
3177 1266 3209 1302 a
3262 1251 3541 1316 scriptura:
3586 1260 3752 1302 textus

2192 1342 2459 1397 distinctis
2488 1342 2679 1394 litteris
2727 1341 2937 1407 scriptae
2964 1350 3119 1403 sunt;
3154 1340 3416 1392 notmnlla:
3448 1348 3677 1401 tantum,
3704 1350 3752 1389 ut

2194 1448 2309 1501 qua!
2354 1432 2419 1485 ad
2468 1431 2595 1485 Luc.
2626 1447 2695 1501 vr,
2723 1430 2787 1483 37
2827 1439 2879 1483 et
2917 1444 3020 1493 avt,
3056 1431 3121 1483 l3
3171 1430 3460 1498 pertinent,
3490 1429 3749 1482 cursivata

2190 1524 2503 1591 scripturam
2535 1522 2791 1591 prtebent,
2820 1520 2959 1573 unde
2986 1528 3227 1585 constat,
3258 1536 3347 1574 eas
3393 1522 3507 1574 sive
3548 1522 3717 1574 dirers
3738 1538 3751 1560 ε

2196 1624 2451 1681 tempore.
2478 1613 2591 1667 sive
2618 1627 2774 1665 manu
2816 1610 3023 1665 diversa
3066 1610 3232 1665 fuisse
3258 1611 3615 1679 conscriptas.

2271 1724 2289 1756 ι
2326 1705 2474 1770 Quod
2505 1704 2571 1755 ad
2602 1705 2869 1756 diversum
2904 1700 3138 1755 habitum
3170 1716 3327 1770 quem
3373 1703 3645 1765 nonnullae
3674 1702 3752 1755 lit—

2198 1804 2324 1849 tera:
2358 1796 2409 1868 in
2439 1793 2711 1848 codicibus
2736 1792 3096 1857 diversispra:
3112 1805 3175 1844 se
3194 1791 3377 1845 lerunt
3403 1832 3419 1855 ,
3454 1790 3588 1844 nihil
3632 1792 3750 1846 certi

2196 1888 2323 1941 olim
2369 1885 2563 1953 conjici
2610 1885 2800 1952 potuit,
2829 1885 2947 1952 quia
2983 1882 3349 1937 deﬁcientibus
3392 1881 3749 1945 laesio-ilibus,

2197 1992 2357 2030 mera:
2405 1975 2810 2035 delineatioues,
2844 1973 3037 2040 smpius
3065 1971 3334 2036 inﬁdeles,
3366 1981 3561 2039 przesto
3587 1983 3751 2026 erant.

2197 2064 2344 2117 Nune
2392 2078 2517 2116 vero
2547 2060 2685 2115 facta
2726 2069 2851 2114 sunt
2878 2060 3153 2114 facsimilia
3194 2060 3427 2113 omnium
3450 2061 3696 2113 codicum
3726 2077 3739 2112 :

2198 2154 2609 2209 mediolanorum
2649 2167 2678 2203 a
2718 2151 2855 2216 blajo
2883 2159 2935 2203 et
2960 2148 3348 2216 Castihionaro,
3383 2152 3741 2204 Viennensium

2196 2261 2226 2297 a
2251 2244 2339 2300 W.
2374 2243 2654 2307 Grimmio,
2682 2240 2999 2295 Skeireinsis
3027 2249 3079 2292 et
3105 2240 3429 2306 neapolitani
3460 2240 3750 2293 documenti

2198 2350 2227 2387 a
2257 2336 2611 2397 llassmanno,
2642 2331 2883 2384 codicum
2933 2328 3167 2397 argentei
3196 2336 3250 2380 et
3277 2328 3559 2381 carolini-a
3589 2330 3751 2392 nobis,

2198 2424 2285 2490 qui
2319 2421 2441 2473 inde
2468 2419 2697 2474 tabulam
2729 2418 3044 2483 exscriptam
3074 2415 3414 2468 instituimus.

2275 2528 2293 2560 t
2345 2509 2492 2561 Nunc
2531 2524 2658 2560 vero
2688 2506 2753 2560 de
2784 2505 3047 2559 nonnullis
3092 2506 3287 2559 litteris
3327 2504 3436 2558 sint
3483 2515 3753 2575 sequentes

2180 2600 2679 2653 animadversiones
2708 2612 2723 2652 :

2277 2708 2296 2739 ι
2329 2688 2380 2741 ἃ
2405 2687 2522 2740 Vid.
2551 2688 2682 2740 inira
2712 2685 2737 2754 ᾗ
2766 2687 2852 2740 l5.

2279 2798 2298 2830 ς
2339 2778 2386 2831 ll
2414 2787 2496 2831 est
2539 2792 2739 2841 neque,
2782 2784 2838 2827 ut
2886 2776 3045 2828 voluit
3071 2776 3159 2829 W.
3196 2777 3513 2841 Grimmius,
3550 2778 3753 2833 (Ζηνω-

2204 2885 2317 2924 rum
2362 2867 2528 2937 kappa
2558 2865 2689 2927 (vid.
2719 2865 2781 2917 ad
2809 2864 2835 2933 §
2867 2864 2981 2933 l5),
3012 2880 3205 2932 neque,
3234 2877 3292 2919 ut
3337 2870 3611 2921 contendit
3657 2870 3754 2939 Lyc

2203 2956 2445 3021 XXXIX,
2475 2955 2747 3007 Runorum
2792 2953 2901 3005 kern
2932 2951 3063 3032 (γ),
3091 2968 3209 3021 qua:
3236 2955 3447 3007 nonnisi
3485 2956 3539 3008 in
3592 2970 3756 3023 poste-

2158 3072 2159 3079 η
2202 3047 2431 3100 rioribus
2460 3043 2619 3097 latine
2648 3043 2856 3096 donatis
2898 3057 3014 3093 cum
3043 3057 3107 3095 eo
3143 3054 3461 3111 congruunt,
3501 3048 3593 3097 sed
3626 3044 3755 3098 Lati-

2201 3150 2388 3189 norum
2436 3148 2489 3201 q.
2543 3132 2649 3185 Nec
2692 3130 2851 3183 lat‘ne
2897 3130 3169 3182 transcribi
3218 3140 3392 3197 potest
3432 3148 3531 3201 qv,
3585 3132 3751 3185 habita

2201 3225 2377 3277 forsan
2443 3221 2649 3274 ratione
2712 3218 2972 3284 analogia:
3036 3227 3346 3271 creterarum
3417 3220 3754 3273 dialectorntn

2202 3313 2449 3383 (Grimm.
2480 3308 2655 3362 Gram.
2687 3307 2726 3369 l,
2754 3306 2831 3373 3),
2860 3320 2976 3358 cum
3007 3319 3259 3373 nusquam
3306 3306 3446 3359 adsit
3470 3310 3523 3361 in
3551 3308 3755 3377 gothico

2200 3415 2444 3456 sermone
2464 3397 2656 3466 duplex
2680 3410 2842 3448 sonus
2864 3394 3004 3465 (ltro),
3030 3408 3182 3463 quem
3208 3394 3393 3448 Ulﬁlas
3415 3396 3475 3447 Iw
3501 3398 3554 3450 in
3582 3397 3749 3449 Akrila

2201 3493 2335 3543 adeo
2366 3488 2702 3541 transvertit.

2276 3596 2295 3630 ι
2330 3577 2389 3647 di
2431 3576 2584 3628 Nullo
2613 3572 2952 3626 fundamento
2987 3570 3139 3623 nixus
3168 3571 3396 3639 conjecit
3424 3570 3531 3639 Lye
3558 3570 3755 3640 (Graia.

2199 3670 2339 3737 goth.
2370 3666 2579 3733 XXIX),
2608 3666 2743 3731 quod
2782 3660 2843 3731 ili
2874 3676 2935 3714 ex
2962 3661 3255 3729 conjunctis
3280 3662 3323 3715 Τ
3342 3672 3397 3715 et
3424 3661 3463 3714 ll
3490 3665 3755 3725 evasisset.

2200 3755 2269 3809 ita
2302 3764 2361 3807 ut
2396 3753 2606 3820 proprie
2650 3751 2807 3804 luerit
2835 3744 2927 3821 ῆῖ,
2958 3753 3094 3805 unde
3121 3743 3177 3823 ᾧ
3204 3762 3257 3805 et
3297 3751 3525 3821 denique
3565 3752 3653 3823 ῴ;
3680 3752 3756 3807 sel

2201 3858 2263 3896 ex
2294 3843 2498 3895 duobus
2526 3855 2589 3891 ex
2614 3838 2850 3893 adverso
2878 3840 3057 3907 positis
3084 3847 3131 3891 εὶ
3162 3835 3348 3911 (Ξ).
3380 3840 3559 3910 Neque
3592 3841 3756 3895 verius

2202 3942 2316 3995 est,
2361 3931 2496 3984 hanc
2543 3931 2771 3983 litteram
2814 3946 2881 3983 ex
2928 3944 2993 3983 eo
3046 3928 3300 3995 originem
3346 3929 3594 3994 duxisse,
3622 3932 3752 3998 quod

2202 4022 2565 4079 semicirculus
2608 4020 2744 4074 linea
2788 4017 3128 4072 transversali
3168 4017 3416 4085 ﬁgeretur
3445 4018 3748 4085 (W.Grim-

2204 4113 2360 4173 mins,
2400 4108 2573 4159 limen
2602 4105 2727 4173 44);
2761 4122 2880 4159 nam
2911 4106 3015 4159 duo
3040 4119 3241 4158 cornua
3266 4104 3493 4159 diversis
3518 4107 3751 4173 apicibus

2204 4200 2550 4253 ellormantur
2587 4195 2716 4264 (vid.
2746 4194 2924 4261 Tab.).
2972 4192 3131 4245 Datur
3166 4202 3219 4246 et
3255 4193 3361 4247 alia
3391 4192 3545 4260 hujus
3572 4193 3753 4246 littere

2206 4287 2391 4351 forma,
2422 4301 2544 4353 qua,
2573 4283 2822 4337 cornibus
2846 4282 2911 4335 ad
2954 4282 3283 4348 superiorem
3315 4293 3516 4351 partem
3543 4284 3752 4336 conclu-

2204 4377 2298 4439 sis,
2330 4389 2504 4443 με)οο
2539 4384 2575 4427 Φ
2614 4373 2934 4427 assimilatur
2980 4368 3091 4440 (W.
3122 4371 3344 4426 Grimm.
3380 4372 3549 4427 Wien.
3578 4371 3751 4428 Jahrb.

2204 4467 2383 4530 XLIII,
2410 4467 2488 4535 5).
2515 4466 2623 4519 Nec
2661 4467 2847 4520 runico
2872 4464 3022 4532 signo
3048 4458 3095 4535 β
3122 4462 3289 4518 forma
3330 4465 3575 4534 congruit
3595 4466 3754 4535 gotlti-

2204 4572 2323 4611 cum
2357 4555 2465 4621 (W.
2508 4555 2729 4609 Grimm.
2783 4556 2961 4609 llunen
2989 4553 3091 4619 μς
3116 4554 3166 4608 ,1.
3210 4553 3381 4608 Grim.
3409 4552 3590 4608 Gram.
3618 4554 3659 4620 l,
3683 4554 3751 4619 5),

2205 4646 2327 4699 licet
2351 4646 2403 4698 in
2433 4645 2801 4711 manuscriptis
2828 4644 3096 4699 codicibus
3132 4642 3395 4710 scriptura
3437 4642 3601 4697 latina
3626 4658 3745 4697 eon-

2202 4739 2411 4807 scriptis
2454 4736 2577 4791 illud
2618 4750 2713 4806 pro
2755 4733 2814 4804 ῴ
2857 4746 3155 4804 usurpetnr.
3183 4734 3243 4806 ῲ
3283 4735 3454 4789 forma
3494 4735 3636 4789 idem
3681 4742 3754 4787 est

2201 4839 2359 4895 atque
2386 4841 2614 4896 grzccum
2652 4836 2695 4878 Ψ
2730 4824 2869 4895 (ps);
2910 4825 3004 4878 sed
3056 4825 3239 4879 llltilas
3278 4839 3377 4894 pro
3420 4840 3478 4893 ps
3523 4824 3618 4879 illo
3661 4838 3753 4876 nos

2207 4918 2390 4982 utitur,
2414 4916 2677 4983 duplicem
2706 4922 3083 4968 consonantem
3105 4912 3300 4981 duplici
3327 4912 3479 4981 signo
3503 4912 3752 4972 reddens;

2204 5019 2325 5057 cum
2358 5012 2534 5055 autem
2583 5016 2682 5055 nec
2725 5001 2778 5054 in
2825 5014 2997 5068 gra'co
3040 5013 3137 5053 nec
3176 4999 3229 5052 in
3276 4998 3442 5053 latino
3480 4997 3751 5066 alphabeto

2205 5093 2561 5149 characterem
2591 5092 2797 5159 gothico
2819 5092 2885 5143 dh
2910 5088 3308 5157 reSpoudentem
3330 5088 3616 5152 inveniret,
3640 5085 3751 5139 illud

2206 5184 2327 5237 huic
2351 5197 2483 5238 sono
2510 5180 2943 5234 accommodavit.
2975 5178 3029 5232 lu
3056 5178 3385 5247 visigothicis
3414 5180 3642 5232 monetis
3665 5187 3753 5243 pro

2206 5288 2377 5341 graeco
2405 5284 2446 5328 Θ
2471 5272 2735 5341 gothicum
2758 5268 2817 5337 ῲ
2847 5269 3075 5321 occurrit
3104 5266 3154 5320 in
3177 5258 3672 5320 CINDASVINBVS
3706 5271 3753 5315 et

2198 5356 2695 5431 βροεθδγικθνδ
2731 5355 2857 5423 (vid.
2888 5354 3022 5420 apud
3049 5352 3324 5407 Aschbach
3349 5350 3500 5418 360),
3519 5349 3641 5413 quia
3674 5360 3751 5400 vc»

2211 5447 2497 5501 risimiliter
2519 5446 2598 5497 his
2618 5443 2989 5512 posterioribus
3004 5440 3191 5496 Gothis
3212 5451 3377 5507 purus
3397 5435 3637 5489 sonusdlt
3651 5451 3754 5489 sen-

2210 5539 2307 5590 sim
2337 5537 2638 5603 deperditus
2659 5542 2789 5598 erat,
2815 5534 3018 5599 cujusin
3049 5532 3220 5585 locum
3247 5530 3298 5580 th
3324 5540 3395 5592 et,
3426 5527 3603 5580 ablata
3622 5526 3749 5593 aspi-

2211 5619 2484 5690 ratione,'t
2514 5628 2682 5680 intrus
2706 5640 2819 5678 sum
2846 5624 2960 5684 fuit.
2984 5623 3120 5676 sicut
3146 5615 3336 5674 horum
3359 5619 3635 5672 nominum
3655 5629 3750 5671 ter-

2216 5704 2529 5772 minationes
2541 5714 2699 5769 etiam
2718 5711 3316 5785 probant.’l'heodoricus
3325 5708 3746 5780 Ostrogothum“:

2222 5822 2332 5873 rex,
2351 5808 2519 5861 edicta
2536 5822 2627 5860 sua
2647 5805 2973 5863 subscribere
2992 5801 3174 5864 debuit
3184 5800 3380 5877 ῲθςὶδ
3402 5802 3509 5873 (vel
3526 5798 3744 5863 960M.
