3882 6346
134 530 229 585 911

149 656 255 695 nam
294 640 592 706 Anonymus
619 636 927 691 Valesianus
965 634 1100 703 apud
1133 635 1448 688 Muratorcm
1473 635 1670 699 (Antia.

1498 521 1586 575 DE
1621 517 2016 576 SCRIPTUM.

3230 520 3330 571 εδιιὲ

1776 630 2050 691 lationem,
2093 641 2249 696 quam
2283 628 2497 682 aliunde
2545 628 2691 681 novit
2738 628 2940 693 Uliilas,
2978 645 3005 679 υ
3052 644 3334 693 usurpans,

147 729 257 781 hei.
282 729 339 788 ιι,
367 727 490 795 505)
518 740 777 793 expresse
803 726 956 778 dicit:
986 744 1003 773 ι
1043 723 1381 775 Theodericus
1408 722 1701 773 illitteratus
1774 716 1968 783 ubique
1990 716 2242 769 vocabula
2266 730 2440 784 graeca
2457 716 2775 783 digammate
2796 718 3108 783 proferenda
3131 730 3332 770 essent.

146 827 237 867 emt
260 828 300 867 et
329 817 395 866 sic
426 820 607 866 obruto
637 832 818 874 sensu,
846 822 895 865 at
926 815 977 864 in
1015 814 1180 864 decem
1224 828 1383 864 annos
1430 811 1570 881 regni
1600 810 1679 861 sui

148 918 341 973 qualiter
384 906 576 955 litteras
606 904 984 971 subscriptionis
1011 903 1159 954 edicti
1188 902 1265 952 sui
1289 903 1482 953 discere
1512 900 1678 952 nulla-

148 1004 275 1044 tenus
315 992 581 1058 potuisset,
624 994 684 1043 de
728 1008 827 1058 qua
884 1006 935 1043 re
980 990 1134 1057 jussit
1182 991 1421 1040 laminam
1470 1004 1677 1040 auream

145 1082 451 1132 interrasilem
509 1082 657 1146 ﬁeri,
701 1092 913 1148 quatuor
976 1079 1173 1132 litteras
1233 1080 1364 1145 regis
1416 1078 1675 1129 habentem

146 1163 370 1231 TIISUD,
414 1178 485 1231 ut,
529 1170 574 1221 si
617 1169 924 1221 subscribere
964 1168 1233 1229 voluisset,
1278 1169 1441 1235 posita
1486 1168 1676 1220 lamina

146 1273 277 1326 super
318 1258 578 1321 chartam,
629 1276 716 1326 per
752 1275 859 1311 eam
912 1275 1075 1326 penna
1121 1260 1421 1321 duceretur,
1464 1268 1511 1309 et
1554 1257 1675 1309 stib-

146 1347 329 1411 scriptio
355 1350 460 1415 ejus
482 1357 682 1398 tantum
708 1347 974 1399 videretur.
990 1367 1006 1396 ι
1034 1347 1167 1400 Cum
1192 1357 1363 1401 autem
1394 1348 1476 1399 his
1500 1348 1675 1400 verbis

148 1435 372 1489 asseritur
403 1450 585 1503 regem
617 1448 843 1505 quatuor
880 1447 1077 1490 tantum
1108 1437 1299 1491 litteris
1319 1437 1673 1498 subscribere,

148 1521 349 1576 THGOD
382 1538 561 1578 autem
604 1526 832 1591 quinque
857 1539 1133 1590 constare,
1164 1526 1423 1578 infelicius
1451 1524 1677 1592 conjecit

150 1611 318 1664 Ilciske
336 1615 400 1663 ad
433 1612 701 1668 Constant.
728 1616 791 1666 de
818 1614 1015 1668 Carrim.
1045 1615 1155 1666 aul.
1183 1616 1437 1683 bysantin.
1465 1630 1517 1681 p.
1551 1614 1674 1676 H0,

147 1701 256 1751 edit.
283 1700 441 1768 Lips.,
468 1702 585 1756 loco
610 1704 837 1761 TIIGOD
859 1704 1059 1773 aliquid
1098 1704 1265 1768 aliud,
1292 1703 1467 1756 forsan
1496 1702 1675 1766 LEGI,

147 1791 421 1857 legendum.
466 1794 598 1848 Ilinc
627 1795 777 1847 laclle
817 1796 1036 1848 solvitur
1075 1794 1391 1847 Massmanni
1432 1794 1673 1861 quaestio,

145 1878 295 1931 Skeir.
350 1882 496 1947 prmi.
558 1897 608 1949 p.
662 1886 810 1949 x“),
863 1895 1037 1936 utrum
1092 1882 1407 1937 Theodorici
1446 1882 1677 1951 sigillum

148 1968 437 2031 scripturam
472 1970 739 2036 gothicam
769 1971 1082 2026 contineret.

210 2074 226 2105 ι
253 2040 285 2110 ἰ’
303 2066 351 2109 et
373 2058 388 2108 I
414 2057 465 2110 in
493 2072 560 2111 eo
599 2068 723 2111 sunt
748 2060 1176 2123 discriminauda,
1206 2059 1344 2129 quod
1375 2060 1521 2128 prius
1548 2061 1680 2114 insi-

140 2144 319 2211 picute,
357 2147 619 2213 pasterius
659 2147 819 2201 metio
854 2158 908 2203 et
944 2149 1217 2203 desinente
1246 2149 1504 2202 vocabulo
1526 2164 1679 2203 usur-

145 2242 298 2301 petor,
324 2235 425 2286 vid.
451 2237 513 2287 ad
544 2236 571 2304 ᾗ
604 2237 687 2289 ΓΙ.

210 2344 226 2375 ι
255 2325 304 2390 C,
323 2338 402 2379 est
427 2328 466 2379 G
494 2327 822 2382 Latinorum.
865 2328 1135 2382 Librarius
1159 2327 1353 2384 codicis
1378 2330 1680 2384 Viennensis

146 2414 259 2480 (vid.
286 2417 381 2483 §9)
409 2413 455 2481 (ἦ
475 2428 531 2470 et
564 2428 599 2471 Γ
623 2418 785 2472 habet
815 2428 867 2473 et
896 2430 1109 2487 usurpat
1140 2434 1233 2487 pro
1267 2419 1451 2474 eadem
1483 2421 1678 2483 littera,

145 2516 200 2553 ea
237 2514 398 2557 tamen
444 2507 830 2572 discrepantia,
859 2508 998 2574 quod
1041 2509 1211 2573 prius,
1246 2509 1485 2575 latinum,
1508 2509 1681 2561 debite

134 2590 181 2655 j,
204 2596 470 2659 p05terius,
495 2609 749 2662 grai-cum,
789 2610 1032 2663 asperum
1069 2595 1112 2648 G
1150 2597 1350 2659 valeat;
1391 2597 1600 2662 deinde,
1628 2606 1683 2651 ut

147 2683 470 2749 prolationem
520 2685 847 2752 gothicorum
887 2699 1141 2739 sonorum
1183 2687 1479 2753 ignotorum
1508 2686 1680 2748 deter-

143 2775 291 2829 minet
320 2820 334 2843 ,
366 2776 623 2830 vocabula
654 2777 875 2843 εοεηίιώ
906 2776 1214 2844 prolationis
1240 2779 1393 2829 aﬂ'ert
1437 2778 1603 2844 genuit
1630 2785 1683 2829 et

144 2867 349 2932 Gabriel,
377 2878 432 2921 ut
457 2870 532 2921 ita
573 2869 752 2922 dicere
792 2868 1027 2922 intendat
1052 2884 1067 2920 :
1092 2868 1176 2920 ubi
1217 2867 1441 2920 debilior
1468 2876 1547 2919 est
1569 2881 1685 2934 pro-

143 2954 271 3019 latio,
298 2966 351 3009 ut
378 2957 426 3009 in
458 2958 653 3026 genuit,
678 2957 942 3025 gothicum
978 2956 1048 3021 (3.;
1081 2956 1167 3009 ubi
1196 2969 1321 3009 vero
1348 2955 1603 3023 asperior,
1629 2964 1686 3009 ut

144 3046 189 3095 in
216 3044 427 3107 Gabriel,
453 3058 488 3100 Γ
518 3047 816 3099 adhibetur.
846 3048 1042 3100 Eodem
1077 3047 1234 3100 modo
1264 3062 1374 3101 rem
1412 3048 1685 3102 intellexe-

142 3146 250 3187 runt
275 3136 354 3188 W.
379 3136 671 3189 Grimmius
705 3146 759 3189 et
789 3136 1173 3201 Massmannus,
1206 3152 1429 3205 quorum
1460 3138 1602 3204 prior
1630 3138 1681 3191 in

140 3226 395 3280 viennensi
438 3225 620 3278 Jahrb.
665 3242 715 3293 p.
762 3229 847 3293 l3,
890 3228 1153 3296 posterior
1201 3228 1252 3281 in
1294 3228 1503 3297 Hauptii
1543 3228 1683 3281 Zeit-

138 3318 299 3390 “hi‘lfl
327 3340 375 3392 p.
396 3317 529 3383 999,
550 3317 817 3370 afﬁrmant
837 3318 1045 3387 quidem
1078 3319 1177 3375 hoc
1200 3322 1495 3389 exemplum
1516 3323 1684 3390 genuit

141 3408 207 3458 rei
231 3408 424 3459 nullam
446 3407 636 3461 allerre
662 3407 853 3472 lucem,
876 3423 1037 3476 seque
1060 3410 1218 3462 malle
1246 3410 1559 3462 vocabulum
1592 3426 1686 3477 per

138 3509 160 3547 ι
185 3498 453 3563 incipiens,
487 3507 564 3557 ut,
596 3500 791 3558 lorsan.
806 3498 1040 3567 judaitts.
1072 3499 1180 3551 lIoc
1206 3499 1365 3551 etiam
1392 3500 1563 3575 obiter
1602 3500 1682 3552 (ιιι

137 3590 345 3639 cendum
374 3597 481 3651 est,
511 3586 779 3641 immerito
807 3588 911 3656 Lye
940 3602 992 3655 p.
1039 3586 1276 3650 XXXIX,
1303 3588 1352 3649 ὓ
1390 3603 1485 3657 pro
1510 3603 1683 3658 grta-co

138 3677 440 3745 accepisse
472 3677 624 3743 ideo,
650 3677 790 3746 quod
826 3678 971 3747 goth.
994 3678 1285 3748 iskarjotes,
1316 3694 1490 3747 graeco
1531 3681 1685 3735 Ἰσκα-

136 3771 303 3828 οιῷτης
327 3769 706 3836 responderet;
727 3778 781 3821 et
808 3768 925 3823 lhre
948 3785 996 3837 p.
1019 3767 1127 3823 202
1153 3770 1303 3837 (edit.
1329 3770 1546 3838 Bitscb.)
1563 3784 1681 3825 cum

137 3859 229 3909 leni
251 3858 520 3911 sibilantis
548 3858 835 3912 sono.illud
861 3860 1227 3926 proferendum
1247 3861 1562 3925 asseruisse,
1591 3861 1685 3929 qui

132 3951 361 4003 eruditus
398 3952 481 4002 vir
533 3949 588 4003 in
634 3950 735 4004 hoc
776 3950 1107 4019 conjicienda
1144 3954 1171 4014 ξ
1210 3953 1450 4007 eamdem
1501 3953 1684 4008 sedem

131 4050 387 4107 occupans
420 4039 470 4091 in
497 4038 780 4107 alphabeto
800 4053 973 4109 graico
992 4049 1148 4110 atque
1168 4040 1223 4105 C,
1246 4041 1299 4095 in
1324 4041 1536 4112 gothico
1561 4051 1687 4098 ante

131 4128 303 4182 oculos
324 4127 687 4183 verisimiliter
716 4128 913 4183 habuit.

199 4260 223 4289 ι
247 4242 321 4306 ll,
344 4241 388 4294 si
421 4255 449 4293 e
468 4240 632 4293 latino
656 4257 691 4293 ιι
712 4255 814 4295 non
835 4239 1131 4317 deducitur,
1150 4246 1418 4315 proprium
1437 4256 1579 4303 esset
1594 4263 1689 4317 go-

124 4333 248 4386 tliici
290 4333 552 4400 alphabeti
590 4335 827 4408 signum;
852 4336 943 4389 sed
966 4350 1121 4390 nemo
1139 4352 1269 4392 sane
1284 4354 1475 4407 negare
1490 4350 1684 4408 potest,

126 4429 221 4471 hoc
251 4423 439 4474 runicn
468 4421 542 4474 Ur
571 4397 718 4492 (ΓΙ)
746 4423 971 4476 similius
1006 4439 1149 4490 esse,
1178 4442 1333 4494 quam
1359 4440 1417 4482 ut
1442 4445 1603 4484 unum
1633 4438 1688 4485 et

128 4512 266 4560 idem
325 4523 420 4561 nor.
460 4521 747 4575 asseratnr,
794 4512 1147 4577 przeeuntibus
1187 4513 1295 4582 Lyc
1337 4531 1392 4581 p.
1439 4515 1684 4581 XXXIX,

130 4595 407 4658 Grimmio,
438 4596 614 4649 Runeu
650 4599 739 4663 ιδ,
775 4608 827 4651 et
874 4600 1118 4666 Waitzio,
1153 4602 1189 4655 l.
1233 4603 1271 4657 l.
1302 4604 1392 4657 ΒΞ.
1422 4603 1686 4660 Caeterum

130 4683 297 4737 altera
334 4685 553 4751 prolatio
585 4700 745 4740 causa
778 4695 879 4749 est,
920 4704 1016 4741 cur
1056 4693 1475 4759 graeco-latinum
1506 4696 1549 4748 Ο
1590 4710 1687 4762 pro

134 4785 268 4824 sono
301 4788 329 4821 ιι
359 4788 458 4826 non
490 4775 661 4828 electa
694 4773 790 4827 fuit
815 4790 829 4825 :
861 4774 1026 4829 forma
1051 4778 1193 4831 enim
1221 4780 1385 4832 latina
1410 4781 1450 4834 U
1476 4796 1571 4847 pro
1594 4797 1688 4835 vo-

128 4862 227 4915 cali
252 4873 493 4931 usurpata
512 4865 746 4918 nondum
769 4880 797 4917 a
821 4871 1127 4920 consonanti
1146 4868 1183 4921 ν
1198 4868 1682 4926 discriminabatur.

206 4971 225 5003 ι
261 4954 305 5005 8
328 4968 419 5021 pro
452 4969 544 5008 sua
584 4955 807 5024 pristina
839 4955 1005 5009 forma
1034 4956 1253 5012 latinum
1286 4970 1409 5025 est;
1443 4960 1607 5016 forma
1638 4950 1688 5043 τ’

130 5043 367 5110 proxime
394 5045 650 5099 accedens
681 5044 747 5098 ad
777 5059 1014 5113 graecum
1037 5046 1100 5111 C,
1142 5047 1194 5101 in
1238 5052 1521 5105 recentiori
1549 5054 1685 5106 scri-

131 5142 285 5200 ptnra
321 5134 383 5187 ad
427 5137 695 5190 cursivam
744 5135 1116 5205 propinquanti
1163 5140 1390 5207 primum
1433 5144 1684 5207 occurrit,

135 5220 246 5275 vid.
271 5220 860 5285 Massmannum.8keir.
884 5228 954 5296 Χ,
972 5227 1061 5283 ubi
1085 5229 1243 5284 etiam
1274 5232 1584 5299 angulusum
1615 5232 1684 5297 Ε,

132 5310 242 5364 vid.
273 5313 555 5369 viennense
579 5312 766 5367 Jahrb.
804 5316 855 5371 9.

206 5439 228 5475 ι
259 5418 303 5493 γ
333 5437 414 5479 est
438 5439 617 5495 neque
646 5425 1112 5494 anglosaxonicum
1147 5429 1181 5496 li
1212 5431 1344 5500 (Lyc
1372 5430 1506 5501 XL),
1534 5433 1687 5502 cujus

136 5524 165 5562 a
196 5510 351 5567 forma
377 5515 532 5585 longe
551 5516 755 5578 ditl'ert,
778 5531 946 5586 neque
968 5521 1211 5574 runicutn
1238 5522 1481 5588 (Grimm.
1506 5522 1687 5577 Runen

136 5603 581 5678 Il),sedgr:eeum
599 5606 639 5661 Υ
656 5605 1097 5678 (Grimmﬁram.
1112 5610 1151 5673 l.
1166 5610 1256 5675 ιε,
1272 5611 1359 5676 57;
1377 5610 1682 5681 Waitz.52).

207 5715 223 5746 ι
260 5696 298 5769 Ρ
322 5709 403 5754 est
441 5700 757 5756 Latinorum
794 5698 871 5763 I7;
910 5700 1201 5755 Grimmius
1227 5702 1440 5769 quidem
1479 5701 1686 5769 (liunen

138 5784 218 5851 Η)
248 5787 342 5841 hoc
367 5788 531 5843 habet
563 5800 817 5860 tanquam
846 5789 1105 5859 digamma
1137 5791 1420 5847 azolicum:
1464 5791 1555 5844 sed
1587 5792 1685 5845 ob-

134 5882 245 5939 ttat,
272 5877 409 5948 quod
442 5878 588 5934 istud
619 5878 778 5933 aliam
805 5888 959 5951 atque
982 5880 1254 5952 gothicum
1287 5885 1313 5947 ί
1339 5881 1523 5937 habeat
1557 5896 1679 5948 pro-

1773 804 1831 858 Si
1856 813 2035 858 autem
2062 804 2244 858 Ullilas
2267 805 2467 857 nullum
2494 806 2703 874 signum
2731 806 2894 858 latino
2913 807 3194 873 alphabeto
3221 824 3335 858 mu-

1772 902 1948 946 tnatus
1974 901 2135 957 esset,
2167 892 2435 960 gothicum
2466 891 2508 962 ιζ
2533 903 2591 944 ιιι
2621 894 2861 945 runicum
2880 888 2930 965 γ
2954 908 3017 945 eo
3048 894 3215 959 magis
3242 892 3337 943 ha-

1770 980 2004 1043 beretur,
2029 980 2169 1047 quod
2196 981 2374 1043 lateat,
2403 994 2496 1033 cur
2516 993 2744 1047 grzecum
2770 992 2805 1033 ιδ
2828 997 2923 1048 pro
2942 996 3074 1035 sono
3100 981 3135 1032 ι’
3158 981 3335 1048 potius

1770 1086 1875 1124 non
1916 1072 2151 1140 elegerit,
2194 1088 2313 1127 cum
2350 1087 2514 1140 graec.
2558 1096 2589 1141 φ
2627 1086 2836 1138 semper
2870 1072 2972 1126 hoc
3000 1074 3151 1139 signo
3182 1083 3330 1124 tran-

1767 1160 1992 1225 scribat,
2019 1176 2105 1214 ea.
2138 1176 2215 1229 gr.
2243 1175 2260 1215 :
2284 1159 2541 1230 Filippsts,
2563 1163 2831 1224 Φιλιπποςς
2857 1160 3122 1231 Fygailus,
3154 1164 3334 1233 φύγιλσ

1768 1249 1881 1313 10;;
1916 1249 2169 1313 Filemon,
2193 1252 2457 1320 Φυλήμωνς
2490 1251 2705 1319 Nymfa,
2736 1256 2932 1321 Νυμφᾶ,
2963 1263 3067 1304 etc.

1846 1358 1862 1387 ι
1902 1336 1944 1389 Θ
1966 1337 2117 1391 Licet
2147 1338 2199 1392 in
2227 1354 2294 1393 eo
2322 1354 2507 1392 omnes
2534 1340 2889 1399 consentiant,
2920 1340 3060 1407 quod
3090 1340 3154 1392 ad
3186 1341 3336 1407 igno-

1771 1434 1883 1479 tttm
1930 1426 2266 1494 alphabetum
2313 1430 2416 1481 hoc
2448 1427 2657 1496 signum
2683 1428 2967 1495 pertineat,
2998 1436 3053 1482 et
3081 1427 3335 1483 Waitzius

1769 1515 1957 1568 saltem
1972 1525 2174 1569 asserat
2196 1516 2294 1570 hoc
2318 1530 2420 1570 non
2450 1531 2568 1569 esse
2594 1532 2845 1585 grzecum,
2878 1533 2997 1570 cum
3025 1528 3199 1571 tamen
3222 1518 3333 1584 jam

1773 1616 2104 1673 perspectum
2130 1606 2429 1672 habuimus,
2449 1606 2659 1661 Ullllam
2682 1622 2881 1675 graecas
2904 1609 3129 1669 litteras,
3144 1610 3336 1676 quitus

1772 1695 1824 1747 in
1855 1710 1949 1748 sua
1978 1696 2153 1763 lingua
2178 1696 2352 1749 nullus
2372 1710 2535 1749 sonus
2562 1697 2932 1762 respondebat.
2960 1697 3024 1748 ad
3049 1697 3333 1763 designan-

1769 1783 1867 1837 dos
1907 1786 2043 1838 alios
2084 1800 2246 1839 sonos
2293 1786 2504 1854 gothico
2544 1788 2776 1839 sermoni
2831 1788 3071 1853 proprios
3114 1801 3336 1851 usurpa-

1771 1872 1930 1935 visse,
1952 1874 2076 1926 nihil
2091 1875 2285 1939 obstat,
2308 1889 2431 1942 quin
2451 1874 2688 1927 dicamus
2705 1872 2748 1926 θ
2779 1873 3068 1928 Gothorum
3086 1891 3190 1928 non
3211 1889 3334 1942 pro-

1773 1966 1943 2028 prium
1972 1978 2092 2017 esse
2127 1966 2355 2033 signum,
2399 1966 2493 2019 sed
2532 1965 2891 2019 tantummodo
2925 1977 2965 2019 8
2996 1964 3325 2019 Grzccuru-n.

1772 2048 1941 2104 Nemo
1979 2052 2192 2119 insuper
2220 2067 2324 2105 non
2351 2052 2513 2117 videt,
2544 2055 2683 2123 quod
2716 2054 2898 2108 Ulﬁlas
2939 2054 2989 2107 in
3019 2071 3115 2107 suo
3144 2056 3333 2121 alpha-

1772 2140 1895 2195 beto
1933 2158 2103 2209 graeca
2133 2156 2173 2197 γ
2199 2154 2253 2197 et
2293 2153 2335 2197 Θ
2373 2145 2752 2208 intervenerit,
2796 2145 2847 2196 id
2876 2155 2978 2207 est,
3006 2145 3149 2212 goth.
3182 2145 3241 2214 ῴ
3281 2147 3334 2198 iu

1776 2234 1946 2286 locum
1993 2250 2153 2301 graec.
2203 2244 2243 2289 θ
2278 2243 2331 2289 et
2374 2235 2521 2304 gotb.
2558 2234 2601 2287 θ
2648 2237 2700 2288 in
2738 2235 2911 2289 locum
2951 2252 3110 2305 grtec.
3139 2248 3177 2288 Ψ
3209 2236 3333 2288 sub-

1777 2324 1993 2376 diuterit.

1849 2404 1867 2461 ι
1902 2416 1978 2475 Ω,
1996 2422 2208 2466 auctore
2227 2412 2313 2465 W.
2331 2410 2589 2465 Gritnmio
2610 2412 2813 2471 (Ruuen
2831 2412 2945 2479 $3),
2966 2411 3203 2464 runicum
3221 2422 3332 2474 est;

1774 2501 1867 2553 sed
1898 2503 1997 2555 hoc
2021 2503 2069 2572 ςε
2091 2503 2252 2570 (tedii)
2282 2503 2482 2555 codicis
2513 2504 2815 2556 viennensis
2842 2501 3077 2569 (Wiener
3102 2500 3261 2553 Jahrb
3290 2503 3333 2568 ),

1778 2592 2023 2655 pertinet,
2054 2593 2258 2654 utalia,
2282 2592 2346 2644 ad
2377 2594 2692 2660 scripturam
2720 2593 2931 2645 lineolis
2960 2593 3330 2657 luxuriantem,

1775 2695 1891 2745 qua:
1932 2690 1987 2732 ut
2027 2686 2299 2747 exemplar
2340 2684 2562 2749 proponi
2604 2681 2812 2749 nequit;
2862 2681 3077 2734 aliunde
3115 2681 3332 2735 danicus

1776 2783 1938 2821 sonus
1962 2770 2065 2839 (θ)
2083 2772 2293 2838 gothico
2316 2773 2391 2839 (ὃ)
2421 2772 2641 2827 minime
2668 2777 2943 2839 congruit;
2977 2775 3023 2835 Ω
3044 2774 3221 2842 igitur,
3254 2775 3334 2826 in-

1777 2859 2058 2913 nuentibus
2098 2861 2203 2929 Lye
2244 2860 2483 2925 XXXIX,
2514 2875 2567 2917 et
2596 2863 2822 2915 Waitzio
2855 2865 2942 2925 ὁὶ,
2980 2876 3061 2918 est
3092 2867 3264 2930 potius
3290 2878 3336 2920 Ω

1777 2948 2102 3004 Graecorum.
2162 2953 2205 3005 υ
2250 2953 2369 3006 huic
2415 2954 2569 3021 signo
2612 2954 2826 3006 omnino
2874 2954 3049 3006 simile
3104 2956 3336 3009 occurrit

1776 3040 1933 3088 etiam
1994 3039 2043 3089 in
2088 3038 2435 3108 inscriptione
2480 3042 2791 3095 adumbrata
2842 3042 2979 3109 apud
3028 3040 3333 3109 Groteleud,

1776 3124 2034 3177 Altitalien
2065 3127 2128 3190 ν,
2161 3130 2265 3180 tab.
2303 3129 2364 3191 Il,
2394 3130 2445 3181 4.
2479 3148 2497 3180 ι

1850 3232 1870 3265 ι
1906 3216 1932 3285 §
1965 3218 2047 3269 I3.
2078 3218 2364 3271 Annotatio
2391 3218 2624 3271 5.—His
2655 3218 2836 3287 viginti
2866 3228 2918 3272 et
2938 3219 3169 3287 quinque
3200 3220 3333 3274 litte-

1779 3306 1853 3359 ris
1881 3306 2140 3361 addantur
2162 3308 2267 3361 duo
2293 3310 2607 3375 episemata,
2636 3311 2841 3363 scilicet
2869 3326 2880 3361 :

1852 3412 1871 3444 ι
1915 3392 1965 3461 1)
1995 3394 2039 3463 ll
2066 3396 2317 3461 Quamvis
2351 3396 2451 3450 hoc
2477 3397 2685 3465 signum
2727 3410 2986 3464 nusquam
3036 3406 3093 3449 ut
3134 3396 3333 3461 littera,

1777 3480 1874 3533 sed
1906 3490 2103 3533 tantum
2128 3492 2183 3535 ut
2218 3484 2348 3537 cilra
2370 3483 2422 3536 in
2452 3486 2637 3538 codice
2662 3495 2913 3551 argenteo
2940 3497 3211 3553 appareat,
3239 3487 3339 3540 hoc

1779 3579 1952 3625 tamen
1982 3574 2097 3628 lbre
2125 3576 2200 3643 (p.
2229 3575 2336 3629 205
2355 3576 2485 3628 edit.
2513 3576 2710 3642 Bitsch)
2738 3576 2896 3628 habet
2917 3586 2973 3628 ut
2994 3591 3115 3631 vera
3141 3578 3334 3642 littera,

1778 3676 1956 3730 quam,
2001 3662 2441 3730 quemadmodum
2486 3664 2688 3716 russico
2726 3662 3016 3715 characteri
3054 3663 3131 3714 tsk
3175 3665 3336 3733 (tsch;

1778 3749 1970 3802 valenti
1993 3750 2157 3802 forma
2184 3749 2450 3813 convenit,
2479 3750 2549 3802 ita
2569 3757 2624 3803 et
2652 3750 2883 3815 potentia
2906 3750 3191 3804 convenire
3211 3767 3313 3804 con
3335 3784 3342 3791 -

1779 3840 1966 3895 tendit.
1995 3839 2099 3895 Sed
2129 3850 2312 3893 contra
2343 3841 2552 3905 militat,
2584 3840 2721 3908 quod
2748 3856 3015 3909 nunquam
3042 3841 3221 3895 Ullilas
3243 3843 3337 3895 du-

1780 3929 1969 3996 plicem
2000 3942 2187 3981 sonum
2222 3930 2377 3981 unico
2407 3930 2560 3996 signo
2596 3929 2907 3992 reddiderit,
2936 3939 2990 3983 et
3017 3932 3066 3983 in
3109 3939 3213 3984 tota
3244 3948 3339 3999 go-

1780 4017 1918 4071 thica
1950 4019 2207 4086 scriptura
2238 4018 2566 4085 compositus
2596 4032 2757 4070 sonus
2780 4020 2855 4071 tsk
2887 4035 3143 4087 nusquam
3172 4036 3339 4088 appa-

1780 4117 1913 4161 reat.
1944 4108 2110 4173 Quam
2144 4106 2499 4175 conjecturam
2533 4108 2667 4162 lbrei
2700 4109 2820 4161 licet
2845 4108 2953 4176 jam
2994 4125 3021 4161 a
3050 4110 3253 4163 Zalinio
3285 4112 3337 4165 in

1781 4197 2212 4250 annotationibus
2271 4196 2337 4249 ad
2398 4197 2664 4265 gothicum
2717 4197 3055 4265 alphabetum
3118 4198 3338 4268 gothiczs

1781 4286 2139 4352 grammaticae
2177 4284 2358 4339 Fuldai
2386 4287 2682 4353 praepositis
2714 4296 2769 4339 ut
2798 4303 3000 4340 merum
3032 4288 3338 4357 ﬁgmentum

1781 4371 2074 4437 explosam,
2109 4373 2175 4425 de
2205 4386 2378 4435 novo,
2408 4374 2513 4427 alio
2541 4383 2714 4427 tamen
2742 4375 2899 4427 modo
2925 4378 3211 4444 exagitavit
3249 4378 3337 4435 W.

1782 4456 2066 4511 Grimmius
2092 4458 2287 4527 (Wien.
2315 4460 2497 4514 Jahrb.
2532 4478 2582 4529 p.
2610 4463 2753 4532 7),in
2782 4463 2879 4516 hoc
2904 4465 3055 4533 signo
3081 4466 3334 4531 litteram,

1782 4555 1837 4601 et
1859 4549 2074 4617 quidem
2105 4552 2172 4602 dh
2203 4552 2464 4606 valentem
2494 4551 2683 4606 iterum
2714 4569 3005 4622 agnoscens
3031 4573 3046 4619 ;
3094 4558 3187 4611 sed
3217 4560 3338 4614 huic

1781 4650 1914 4690 sono
1937 4639 2222 4705 respondet
2244 4640 2322 4709 ῲ,
2352 4651 2405 4693 ιιι
2432 4640 2564 4694 intra
2604 4641 2658 4711 (ᾗ
2690 4642 2780 4711 50)
2807 4644 3133 4697 ostendetur.
3161 4645 3339 4715 Neque

1783 4726 1979 4781 Jacobo
2018 4728 2274 4782 Grimmio
2316 4730 2515 4799 (Wien.
2555 4732 2739 4785 Jahrb.
2786 4748 2839 4801 p.
2871 4736 2962 4801 40)
3004 4736 3335 4803 displicebat,

1786 4826 1822 4886 ιι
1856 4816 2082 4870 litteram
2110 4832 2248 4881 esse,
2290 4820 2512 4885 negabat
2540 4832 2714 4873 autem
2746 4820 2825 4872 vir
2850 4820 2937 4875 ille
2966 4822 3175 4887 doctus.
3196 4829 3336 4894 quod

1782 4908 1847 4961 ad
1880 4908 2146 4975 gothicum
2176 4907 2510 4976 alphabetum
2541 4909 2653 4962 bmc
2680 4909 2849 4962 littera
2890 4914 3187 4969 necessario
3216 4931 3335 4983 pcr-

1786 4998 1997 5060 tineret,
2031 5013 2146 5051 eam
2176 4997 2481 5053 adscribens
2510 4998 2575 5053 ad
2624 4999 2959 5068 alphabetum
3007 5018 3070 5055 ex
3117 5019 3220 5070 quo
3248 5006 3334 5061 ille

1785 5086 2055 5155 prodierat
2079 5102 2091 5149 ;
2122 5088 2328 5140 confert
2353 5088 2598 5153 equidem
2624 5088 2905 5151 slavicum;
2932 5090 3065 5144 hanc
3092 5105 3219 5144 vero
3251 5093 3335 5146 lits

1785 5182 1950 5226 teram
1984 5186 2086 5225 non
2114 5186 2235 5226 esse
2262 5173 2552 5238 dentalem,
2572 5176 2664 5230 sed
2692 5176 3009 5243 gutturalem
3041 5180 3333 5233 contendit.

1786 5262 2060 5330 Utcunque
2086 5276 2144 5315 se
2168 5260 2360 5314 habent
2385 5262 2504 5331 ista,
2532 5264 2741 5332 signum
2766 5264 2832 5315 de
2856 5279 2962 5332 quo
2983 5280 3121 5318 nunc
3144 5268 3336 5335 agitur,

1786 5367 1889 5405 non
1920 5362 2001 5405 est
2030 5351 2235 5419 gothica
2267 5350 2470 5418 littera,
2505 5352 2598 5406 sed
2631 5360 2830 5405 tantum
2862 5354 3151 5406 numeralis
3190 5361 3337 5420 nota,

1785 5438 1851 5491 90
1879 5439 2077 5504 valens,
2109 5437 2278 5507 ltopps
2306 5438 2628 5501 Grmcorum,
2661 5438 2767 5491 vid.
2801 5440 3116 5511 Schneider,
3154 5442 3335 5495 Form-

1784 5528 1920 5581 lehre
1951 5528 1988 5591 I,
2020 5527 2154 5591 522;
2177 5526 2388 5579 Matthia
2412 5525 2617 5579 Griech.
2645 5526 2821 5580 Gram.
2852 5526 3003 5591 l,‘22;
3032 5529 3335 5598 Buttmann,

1786 5617 1985 5671 Griech.
2016 5617 2189 5669 Gram.
2215 5615 2256 5683 l,
2291 5615 2374 5669 12.
2403 5616 2529 5671 Inde
2556 5617 2641 5670 W.
2667 5617 2951 5671 Crimmius
2972 5635 3142 5687 graeco
3167 5619 3337 5689 Itoppa

1784 5706 2048 5772 gothicum
2066 5712 2108 5754 u
2132 5696 2725 5769 inleliciusassiinilavit,
2740 5708 2877 5774 quod
2897 5709 3055 5761 latino
3075 5727 3103 5771 q
3128 5714 3338 5777 prOprio

1786 5794 2089 5863 respondet.
2144 5793 2214 5847 De
2247 5801 2439 5846 caetero
2465 5803 2508 5845 ιι
2544 5802 2597 5848 et
2638 5805 2672 5862 ιι
2702 5795 2884 5848 eodem
2924 5796 3080 5849 modo
3111 5796 3247 5849 inter
3277 5813 3335 5851 se

1786 5886 2096 5950 convenire,
2126 5894 2281 5953 atque
2308 5898 2535 5953 grmcum
2566 5883 2731 5954 kappa
2764 5893 2817 5941 ct
2853 5886 3036 5955 koppa,
3068 5900 3221 5939 nemo
3252 5898 3332 5943 est
