3836 6360
140 414 230 468 909

267 526 336 602 ηί
394 534 488 590 pro
527 519 620 590 illi
673 521 842 576 Skeir.
874 522 930 585 ll,
957 536 1013 585 a;
1050 519 1130 584 Vl,
1165 519 1229 582 b;
1260 520 1384 572 Tab.
1419 519 1478 584 ΙΙ,
1505 535 1559 572 ιι.

255 613 349 669 [\N
390 627 483 680 pro
527 612 643 666 NN
689 611 856 666 Skeir.
894 611 976 676 Vl,
1005 626 1052 664 c.

264 699 347 756 |~A
386 716 479 769 pro
520 700 628 754 NA
667 701 799 755 Tim.
827 699 886 761 ll,
912 716 968 762 ιι,
990 700 1089 762 21,
1123 714 1200 762 ιιι,
1233 700 1280 762 1,
1308 699 1360 750 2.

271 790 341 844 λς.
388 805 479 856 pro
519 788 616 842 NS
653 788 828 866 Skeir.
859 788 943 852 V'l,
970 803 1030 851 a;
1062 787 1167 850 νιε,
1199 787 1251 840 b.

277 879 353 949 l‘lt
393 897 483 948 ιιτο
523 878 626 952 μαι»
663 880 797 942 lhre,
841 895 892 947 p.
930 880 1043 933 I92.

277 975 338 1084 ιβ
397 1028 490 1080 pro
527 1015 632 1084 ditt
670 1016 793 1067 Luc.
824 1032 896 1076 ιιι,
934 1019 982 1070 1.

138 1144 256 1198 ilico
291 1144 652 1197 abbreviatura
681 1141 958 1194 adhibemr
995 1145 1151 1196 etiam
1177 1145 1227 1197 in
1254 1144 1436 1197 codice
1468 1141 1681 1194 ambro-

141 1235 284 1286 siano
315 1246 409 1299 pro
437 1231 620 1301 [mit-Ii,
656 1229 761 1282 vid.
789 1228 946 1282 tzibul.
972 1228 1110 1290 Ιιιοι,
1136 1243 1188 1279 ιι.
1328 1225 1334 1231 ’

208 1343 225 1373 i
259 1329 272 1345 '
303 1323 465 1391 Signo
504 1326 576 1345 "‘
625 1319 877 1373 vocabula
930 1318 980 1371 in
1029 1318 1264 1385 margine
1303 1330 1548 1373 amiciata
1603 1321 1683 1373 vel

141 1413 420 1474 illustrata,
454 1425 657 1466 necnon
689 1417 742 1462 et
769 1407 957 1476 glossn
986 1408 1114 1474 ipsa:
1140 1416 1193 1460 et
1232 1408 1500 1460 variantes
1547 1410 1682 1460 indi-

141 1510 338 1562 cantur,
369 1499 505 1562 lhre.
538 1513 591 1566 ρ.
622 1496 742 1550 190.
772 1495 922 1548 Aliud
966 1497 1206 1563 s‘guum,
1236 1496 1437 1549 scilicet
1463 1496 1536 1564 ι»,
1560 1493 1680 1548 Cor.

144 1585 187 1650 I,
238 1601 356 1649 xm,
402 1587 469 1650 3;
529 1600 619 1652 xv,
668 1586 737 1638 3'3
789 1583 1042 1636 vocabulo
1113 1590 1286 1637 textus
1342 1584 1393 1636 in
1453 1583 1688 1652 margine

144 1675 366 1743 glossato
398 1672 788 1741 superponitur.
815 1672 950 1725 Idem
974 1673 1179 1740 signum
1205 1673 1362 1725 etiam
1390 1672 1523 1740 Epit.
1555 1688 1590 1733 i,
1623 1671 1687 1724 19

144 1777 192 1818 ct
218 1781 273 1831 it,
300 1766 362 1817 10
402 1775 544 1818 stare
573 1765 800 1817 videtur.
832 1763 1035 1830 Deniqu
1060 1786 1067 1795 -
1089 1763 1320 1822 crassius
1353 1773 1599 1830 punctum
1633 1765 1682 1814 in

148 1854 583 1908 vocabuiotextus
607 1855 688 1920 figi
709 1861 901 1920 potest,
922 1851 1108 1904 utGal.
1125 1867 1182 1917 ιι,
1199 1853 1252 1914 5,
1268 1852 1326 1916 8;
1347 1851 1530 1917 'l‘iinJ,
1548 1867 1581 1914 l,
1597 1852 1646 1903 ὅ.
1664 1871 1682 1902 ι

214 1941 282 2010 ιθ
316 1942 401 1994 18.
434 1940 720 1993 Annotatio
747 1939 800 1990 8.
828 1968 887 1976 σ-
921 1939 1195 2006 Scriptura
1224 1938 1429 1991 litterali
1455 1938 1684 1992 nondum

147 2032 439 2094 adinventa,
471 2028 628 2082 Gothi
674 2027 908 2080 runicain
953 2027 1292 2095 prolyiliiliter
1336 2027 1686 2094 usurpabant,

146 2134 240 2187 qua
262 2129 313 2173 et
339 2118 430 2172 alii
459 2115 706 2170 Germani
737 2117 1033 2170 utebantur.
1067 2117 1212 2170 lianc
1242 2118 1474 2170 rttnicam
1502 2119 1688 2169 verisi-

147 2207 331 2260 miliier
382 2214 700 2260 vocaverunt
745 2221 774 2257 a
821 2206 1030 2274 gothico
1081 2221 1256 2269 ranos,
1288 2206 1458 2273 quod,
1490 2206 1610 2259 licet
1639 2209 1686 2259 in

148 2294 420 2348 bibliorum
450 2295 694 2346 versione
726 2309 863 2346 nunc
891 2296 1061 2346 adhuc
1087 2299 1363 2366 μυστήριον
1401 2295 1685 2362 significet,

147 2381 298 2434 etiam
321 2396 419 2450 pro
444 2381 599 2450 βουλή
621 2389 674 2434 et
693 2378 995 2449 συμϐούλιον
1017 2390 1296 2447 usurpatur
1319 2381 1447 2447 (viil.
1469 2382 1652 2450 gloss.)
1676 2399 1686 2431 :

147 2469 337 2534 pariter
388 2467 846 2537 anglosaxonicuni
890 2483 988 2519 run
1021 2470 1113 2520 bas
1143 2483 1327 2521 omnes
1355 2470 1691 2536 significatio-

148 2571 236 2609 nes
253 2557 425 2610 habet.
456 2558 628 2610 “astte
645 2557 834 2610 littei'ai
847 2572 933 2609 um
957 2557 1258 2626 (elementa)
1280 2559 1486 2626 gothici;
1505 2559 1657 2610 dicun
1671 2586 1691 2599 ο

149 2660 227 2704 tur
249 2652 426 2704 stabeis
454 2651 735 2721 (στοιχεῖα,
763 2650 884 2703 coll.
909 2648 1023 2702 Gal.
1052 2665 1125 2716 iv,
1151 2651 1202 2714 ὅ,
1232 2652 1294 2712 9;
1326 2651 1436 2703 Gol.
1467 2666 1530 2715 ιι,
1563 2650 1686 2719 20);

150 2744 298 2796 varie
344 2742 573 2805 lineole,
624 2741 826 2806 unc-ini,
877 2750 1084 2806 puncta,
1119 2753 1346 2802 cornua,
1391 2741 1541 2790 rritos
1587 2740 1690 2805 (κε-

150 2840 303 2903 ραῖαι,
347 2832 473 2885 Luc.
501 2846 614 2897 xvi,
647 2830 757 2896 17),
799 2829 978 2882 strikos
1022 2829 1276 2904 (κεραῖαι,
1321 2830 1445 2882 Μιιι.
1480 2845 1535 2894 v,
1570 2829 1688 2896 18),

149 2923 288 2974 itikos
337 2923 604 2993 (στιγμαί,
632 2921 754 2974 coll.
792 2921 917 2975 Luc.
949 2936 1017 2982 tv,
1051 2921 1158 2989 15).
1201 2922 1523 2987 Scripturam
1557 2937 1689 2974 nun-

149 3010 399 3078 cupabant
422 3009 568 3074 boka,
599 3009 677 3061 vel
709 3011 1036 3062 communius
1062 3009 1113 3061 in
1144 3009 1330 3077 plurali
1361 3023 1578 3062 numero
1602 3009 1692 3060 bo-

147 3099 252 3163 hos;
293 3115 464 3168 neque
490 3097 628 3152 aliud
657 3113 844 3150 nomen
875 3099 1067 3152 habent
1094 3099 1302 3169 litterte,
1328 3098 1510 3150 charta
1544 3098 1691 3150 testi-

151 3188 408 3255 licatoria,
449 3189 519 3241 .in
587 3189 794 3253 neapol.
853 3188 1218 3252 documento,
1311 3203 1466 3254 quam
1533 3185 1690 3251 italia,

149 3279 270 3332 alias
307 3278 360 3332 in
410 3279 546 3344 plur.
589 3277 757 3341 baltea,
805 3292 1009 3330 necnon
1055 3287 1103 3329 et
1151 3276 1331 3329 charta
1384 3276 1685 3340 creditoria,

149 3375 391 3431 tponsato
423 3365 470 3417 ia
517 3366 838 3436 (γράμματα,
875 3365 999 3419 Luc.
1026 3380 1141 3427 xvi,
1171 3365 1224 3427 6,
1252 3364 1338 3432 7);
1381 3365 1559 3418 charta
1609 3367 1692 3431 pi-

149 3455 442 3519 gnoratorla
475 3455 852 3528 (χειρόγραφον,
880 3453 993 3506 Col.
1034 3469 1098 3516 ιι,
1133 3456 1223 3521 14)
1253 3464 1332 3508 est
1361 3453 1692 3522 vadjabokos;

149 3540 347 3595 “hith
373 3546 573 3610 repudii
602 3545 952 3609 (ἀποστάσιον,
982 3545 1078 3596 MC.
1109 3559 1215 3606 xu,
1245 3543 1309 3605 4;
1341 3545 1467 3596 Mill.
1496 3558 1548 3608 v,
1573 3543 1688 3608 51),

149 3632 286 3687 bokoa
334 3633 629 3701 alratcinais
673 3634 751 3687 vel
801 3634 950 3686 bolios
994 3633 1291 3700 afrtassair,
1333 3634 1692 3687 denominatio

147 3723 295 3777 etiam
341 3737 438 3791 pro
482 3724 704 3791 epistola
747 3724 1024 3794 (ἐπιστολῇ)
1075 3734 1353 3791 usurpata,
1410 3725 1514 3777 vid.
1547 3725 1693 3792 gius-

145 3823 275 3872 επ..
309 3811 364 3862 b.
399 3825 483 3870 v.;
530 3812 660 3864 liber
688 3820 861 3864 autem
903 3813 1124 3881 (βίϐλος,
1158 3814 1366 3882 βώλων)
1401 3813 1508 3864 rid.
1537 3811 1688 3874 ibid.,

147 3915 191 3950 ia
219 3914 379 3952 sensu
409 3900 720 3967 christiano,
753 3901 802 3954 id
832 3910 942 3966 est,
975 3903 1277 3968 significans
1309 3902 1498 3953 librum
1533 3902 1692 3954 libro-

143 4004 282 4056 rum,
331 3990 491 4045 biblia
541 3993 767 4064 (γραξαί)
812 3991 997 4044 eodem
1045 3994 1296 4045 vocabulo
1345 3992 1498 4056 boka,
1545 3993 1692 4045 bokos

140 4085 457 4149 designatur.
495 4081 632 4135 Boka
680 4084 887 4136 tandem
939 4085 1130 4146 littera,
1178 4099 1354 4151 graeco
1395 4089 1608 4159 γράμμα
1638 4092 1692 4138 et

146 4172 442 4244 γράμματα,
471 4186 674 4226 necoon
712 4182 763 4225 et
803 4174 964 4225 latino
1007 4174 1205 4233 littera,
1238 4174 1435 4235 lit'erte,
1473 4186 1692 4238 respon-

142 4264 226 4315 det
250 4263 432 4328 (Rom.
459 4281 544 4326 vn,
576 4268 640 4326 6;
683 4264 806 4318 Cor.
848 4265 920 4328 ll,
950 4281 1035 4327 ιιι,
1069 4263 1132 4324 6;
1162 4263 1368 4330 imprim
1392 4277 1417 4315 s
1465 4263 1582 4316 Gal.
1607 4278 1686 4324 Vl,

147 4348 247 4415 ll),
274 4363 324 4404 et
357 4351 502 4404 boias
543 4367 638 4419 pro
682 4352 924 4415 scientia,
966 4354 1342 4419 scripturarum
1387 4352 1691 4419 cognitione

1483 410 1566 464 DE
1606 408 2049 464 PROLATIONE.

3232 400 3332 452 910

1782 520 2060 574 adhibetur
2104 517 2276 584 (Joan.
2323 533 2419 567 vii.
2472 517 2580 583 l5).
2627 515 3020 581 Conscquenter
3061 511 3331 578 scripturae

1779 608 1971 661 eruditi
2013 605 2146 671 apud
2190 606 2400 657 Jularos
2448 603 2805 676 (γραμματεῖς)
2862 616 3051 653 nomen
3103 599 3330 655 boknrjoo

1784 698 1982 749 habent
2034 694 2180 762 (vid.
2225 695 2386 761 gl.:ss.
2431 692 2483 744 lt.
2519 693 2635 760 v.),
2681 692 2819 760 quod
2869 695 3075 748 proprie
3117 678 3330 729 scribant

1781 785 2072 854 signiﬁcat,
2117 783 2222 836 vid.
2263 784 2471 834 ducum.
2530 782 2734 838 ncanot.
2782 773 2882 824 Pro
2923 768 3143 834 epistula
3189 769 3330 835 (Eri-

1783 875 1968 938 σεοὶῇ)
2023 874 2347 933 ρηυιιιιίιτιιιιι
2395 881 2462 932 ep
2484 865 2739 916 stolarum
2795 863 3050 928 interpres
3105 873 3331 927 graecum

1778 958 2045 1021 aipistaule
2097 955 2239 1025 (vid.
2293 957 2452 1022 gloss.
2497 954 2546 1004 h.
2600 955 2685 1018 ν.)
2743 956 2793 1004 in
2835 966 2988 1004 sensu
3045 950 3331 1003 litierarmu

1780 1045 2183 1113 apustolicarum
2213 1046 2498 1109 usurpavit.
2531 1039 2696 1109 Sigljo
2735 1041 2958 1107 sigillum
2995 1038 3252 1109 (σφραγὶς)
3283 1047 3334 1089 et

1782 1137 1990 1203 sigljan,
2008 1134 2257 1204 gas’gljan
2286 1133 2517 1201 sigillare
2544 1133 2734 1205 (σφραγ
2756 1133 2874 1195 Cm)
2906 1131 3125 1196 gothicae
3149 1131 3336 1194 lingua:

1784 1226 2048 1293 proprium
2074 1225 2302 1290 est(viil.
2320 1225 2478 1290 gloss.
2499 1223 2588 1274 hh.
2609 1222 2741 1284 vv.).
2770 1222 2962 1274 Prieter
2984 1221 3130 1273 bokcs
3161 1222 3336 1273 valens

1785 1315 2037 1381 scriptum
2062 1357 2075 1378 ,
2118 1315 2466 1380 scripturam,
2521 1327 2725 1363 sai-ram
2777 1312 3062 1377 pratcipne,
3103 1310 3248 1364 adest
3285 1319 3338 1361 ct

1786 1403 1927 1454 mela‘
1957 1403 2090 1470 (Mc.
2128 1417 2217 1464 itii,
2244 1401 2344 1463 24;
2385 1401 2508 1452 Luc.
2542 1415 2612 1464 tv,
2652 1400 2712 1452 9-1
2740 1416 2752 1460 ;
2787 1399 2937 1452 Joan.
2973 1417 3020 1460 ι’,
3053 1400 3140 1464 47)
3169 1407 3220 1452 ct
3250 1415 3338 1468 ga-

1787 1490 1991 1542 melei'us
2020 1489 2192 1558 (.loan.
2220 1504 2319 1550 ιιι,
2344 1491 2431 1550 38,
2467 1489 2564 1552 42;
2596 1489 2718 1540 (lor.
2747 1489 2808 1547 ll,
2837 1504 2917 1549 ιιι,
2945 1490 3010 1551 7;
3044 1490 3179 1539 Titii.
3211 1490 3246 1549 l,
3283 1504 3335 1553 v,

1791 1584 1900 1651 18),
1931 1583 2011 1636 vel
2046 1583 2364 1649 frequentius
2396 1580 2523 1649 [)am
2556 1581 2801 1648 gnmeliifo
2827 1580 2954 1646 (vid.
2985 1583 3138 1645 gloss.
3169 1581 3335 1646 h.v.),

1790 1672 2118 1738 participium
2147 1679 2295 1740 priet.
2320 1685 2346 1720 a
2375 1673 2628 1737 gauteljan
2647 1710 2660 1731 ,
2696 1671 2831 1737 quod
2864 1671 3015 1722 simul
3043 1682 3196 1737 atque
3224 1671 3340 1723 sim-

1793 1761 1908 1827 plex
1951 1761 2136 1838 ntrljau
2185 1759 2416 1812 scribere
2447 1760 2693 1828 (γράφειν)
2737 1759 3025 1824 significat;
3075 1759 3212 1810 unde
3259 1759 3340 1825 tif-

1791 1852 1975 1921 melja'i
2002 1850 2350 1914 subscribere,
2369 1849 2671 1918 iifarnirljau
2695 1848 2982 1901 inscribere
3005 1850 3340 1923 (ἐπιγράφειν,

1793 1940 1899 1994 vid.
1944 1940 2093 2008 ibid.)
2137 1954 2253 1992 cuin
2297 1939 2531 2006 ufarmeli
2575 1939 2654 1991 vel
2703 1939 3024 2006 ufarnteler‘ns
3070 1939 3340 2006 inscriptio

1793 2029 2081 2103 (ἐπιγραφή,
2107 2028 2211 2082 \id.
2237 2027 2411 2094 ibid.).

1866 2137 1882 2167 ι
1900 2121 1969 2170 De.
1995 2122 2213 2171 materia
2237 2129 2412 2170 autem
2437 2119 2487 2170 in
2512 2133 2609 2185 qua
2635 2116 2963 2184 scripserunt
2984 2117 3341 2185 priinoGotlii,

1793 2207 1918 2258 nihil
1958 2209 2085 2259 certi
2133 2208 2402 2270 novimus;
2437 2207 2576 2274 quod
2623 2208 2765 2260 enim
2815 2207 3064 2261 arborum
3095 2207 3342 2261 corticem

1793 2298 1846 2348 in
1896 2296 2034 2350 hunc
2087 2312 2236 2349 usum
2286 2297 2644 2357 converterint
2675 2311 2811 2348 nomi
2834 2311 2970 2365 nque
3008 2297 3129 2348 boka
3169 2298 3236 2348 ab
3266 2313 3343 2349 ar-

1797 2386 1937 2438 boris
1968 2387 2202 2446 uomine,
2232 2385 2671 2452 queiuadniodmn
2705 2385 2828 2436 fiber
2858 2386 3080 2440 mutuati
3119 2386 3344 2449 fuerint,

1794 2489 1824 2527 e
1865 2489 2009 2527 mera
2063 2475 2365 2542 conjectura
2405 2484 2631 2527 conSIat.
2682 2474 2868 2528 Postea
2920 2490 3045 2527 vero
3095 2478 3344 2529 socieJate

1795 2577 1911 2615 cum
1961 2563 2158 2616 Graecis
2207 2565 2359 2627 inita,
2411 2577 2781 2629 pergamenum
2833 2565 3214 2627 adhibuerunt,
3265 2568 3344 2619 vel

1794 2653 1979 2704 saltem
2029 2667 2124 2718 pro
2151 2667 2214 2704 eo
2259 2667 2445 2704 nomen
2497 2653 2808 2705 maimbrana
2851 2654 3010 2722 (Titii.
3043 2655 3112 2719 ΙΙ,
3158 2671 3224 2718 tv,
3260 2656 3344 2723 15)

1795 2754 2132 2807 acceperunt,
2170 2759 2198 2794 c
2225 2757 2397 2810 graeco
2424 2745 2687 2814 μεμϐράνα
2713 2745 3060 2809 exscriptum.
3087 2745 3198 2797 Jaiu
3225 2762 3344 2800 vero

1796 2846 1980 2883 omnes
2023 2832 2214 2900 gothici
2265 2833 2601 2898 inanuscripti
2633 2832 2844 2885 codices
2884 2834 2969 2898 qui
3019 2833 3084 2885 ad
3127 2849 3220 2885 nos
3266 2851 3344 2886 tis-

1797 2937 1896 2988 que
1929 2932 2308 2988 perveneront,
2341 2921 2390 2974 in
2431 2935 2743 2989 pergameno
2773 2929 2897 2974 sunt
2928 2924 3240 2990 conseripti;
3275 2926 3344 2977 in.

1801 3019 1878 3059 ter
1925 3022 2055 3075 quos
2100 3008 2298 3061 eminet
2343 3009 2506 3061 codex
2538 3021 2818 3076 argenteus
2860 3011 2910 3061 in
2960 3015 3118 3064 rubro
3169 3028 3344 3080 perga-

1795 3113 1971 3165 meuo,
2007 3097 2298 3164 litterisque
2327 3098 2594 3167 argenteis
2638 3108 2692 3151 et
2732 3100 2909 3152 aureis
2940 3109 3203 3166 exaratos,
3238 3104 3345 3154 vid.

1795 3190 2030 3259 Prolegg.
2071 3193 2152 3244 col
2185 3191 2285 3244 489
2311 3207 2428 3259 sm;
2467 3193 2516 3244 in
2551 3207 2745 3261 papyro
2773 3193 2980 3260 quidem
3011 3195 3352 3246 conscribitur

1793 3277 2168 3331 documentum
2229 3281 2653 3345 neapolitanum,
2723 3279 2814 3332 sed
2877 3295 2978 3331 non
3037 3296 3098 3333 ex
3152 3281 3346 3347 integro

1793 3366 2056 3432 gothicum
2086 3375 2184 3419 est.
2216 3367 2416 3419 Mature
2464 3370 2513 3418 in
2561 3369 2745 3419 librum
2776 3367 2898 3419 folia
2931 3369 3225 3421 coailunare
3261 3371 3347 3422 de.

1797 3453 2048 3517 buerunt,
2077 3469 2196 3506 cum
2224 3455 2330 3521 jam
2363 3459 2412 3507 in
2446 3455 2720 3508 bibliorum
2747 3457 2987 3510 versione
3013 3472 3129 3511 voc.
3160 3460 3352 3526 spildos

1796 3540 2308 3608 (πινακίδικ,πλάκις,
2334 3542 2438 3594 Luc
2480 3559 2513 3606 ι,
2541 3544 2635 3606 63;
2665 3542 2862 3609 Cor.ll,
2884 3562 2960 3612 in,
2984 3548 3058 3616 5),
3090 3560 3347 3605 occurrat,

1873 3649 1891 3682 i
1917 3633 2100 3698 Quoad
2133 3648 2256 3685 vero
2286 3634 2691 3688 instrumentum
2723 3650 2826 3703 quo
2852 3637 2906 3688 in
2936 3637 3213 3690 scribendo
3242 3649 3347 3691 tite.

1797 3722 2013 3782 bantur,
2061 3738 2224 3788 penna
2256 3732 2370 3775 erat
2410 3723 2588 3790 nigra,
2629 3725 2831 3776 iit-artis!
2861 3725 2940 3778 vel
2983 3729 3214 3780 warli‘sla
3247 3729 3347 3797 (pi-

1795 3813 1904 3875 λαν,
1933 3813 2092 3880 gloss.
2120 3812 2172 3864 h.
2208 3816 2305 3879 v.),
2336 3813 2690 3867 verisitniliter
2716 3816 2969 3879 calamus,
3009 3835 3146 3879 ritur,
3175 3834 3346 3886 quem-

1797 3904 2078 3957 admodum
2124 3905 2240 3957 alia!
2283 3905 2606 3959 calamorum
2654 3909 2857 3973 species
2909 3911 3209 3978 (κάλαμος),
3243 3911 3346 3962 vid.

1796 3994 1956 4058 gloss.
2005 3995 2054 4043 li.
2101 4009 2183 4055 v.,
2231 4002 2511 4062 utrumque
2549 3996 2770 4061 gothica:
2801 3996 2991 4064 lingua:
3020 4001 3349 4054 vocabulum.

1797 4081 1995 4150 Legore
2040 4091 2092 4133 ct
2142 4083 2382 4145 recitare,
2429 4083 2637 4151 δῦσαι-αα
2666 4093 2720 4136 et
2765 4088 3058 4154 usrigguan,
3094 4087 3348 4144 idtm..est

1799 4172 2136 4233 vocabulum,
2185 4174 2484 4224 cantionem
2519 4175 2600 4224 vel
2647 4174 3085 4230 declamationem
3138 4179 3347 4245 pepula.

1798 4265 1930 4315 rinm
1980 4264 2361 4315 cantilenarum
2421 4263 2756 4330 significans;
2830 4267 2969 4322 unde
3010 4269 3164 4324 lectio
3215 4271 3346 4336 (ἀνά-

1798 4376 1978 4424 γνωσις
2011 4354 2148 4412 Tim.
2178 4356 2216 4417 l,
2243 4369 2317 4417 iv,
2347 4354 2433 4417 l3)
2459 4370 2637 4424 saggvs
2666 4357 3000 4423 exponiturn

1294 4835 1427 4902 DE
1506 4831 2216 4905 PBOLATIONE.

207 5011 234 5080 ς
267 5011 356 5064 19.
382 5008 436 5062 Si
458 5006 670 5077 quidem
701 5016 836 5072 pene
857 5010 938 5055 est
966 5002 1284 5069 impossibile
1312 5003 1463 5068 plena
1495 5003 1694 5056 securi-

142 5114 242 5159 tate
289 5100 550 5157 sermonis
595 5099 815 5153 extincti
865 5093 1209 5162 prolationem
1249 5094 1500 5159 definire,
1549 5104 1690 5147 certa

143 5206 310 5249 tamen
343 5197 618 5247 remanent
646 5186 861 5247 indicia,
887 5185 1072 5253 quibus
1099 5184 1346 5252 pensatis.
1379 5184 1441 5235 ad
1486 5183 1694 5252 fugaces

143 5298 296 5337 sonos
326 5281 604 5348 scriptura:
630 5278 798 5344 signis
825 5274 1240 5326 circumvestitos
1270 5273 1542 5340 pervenire
1573 5289 1692 5342 pos-

142 5385 343 5427 sit-Ius.
384 5369 500 5425 Jam
524 5383 651 5422 vero
679 5380 796 5434 qua
827 5363 1015 5416 indicia
1043 5363 1281 5432 gothicus
1309 5378 1483 5417 sermo
1515 5363 1691 5432 singu-

143 5465 318 5518 lariter
344 5476 455 5529 pra:
476 5476 534 5514 se
555 5460 680 5519 fert.
713 5456 778 5509 ad
805 5455 1075 5523 sequentia
1107 5453 1402 5508 reienintur
1427 5472 1440 5506 :
1475 5454 1525 5524 1)
1555 5455 1691 5509 litte-

145 5566 312 5605 rarum
357 5549 626 5609 habitum,
671 5553 826 5614 prout
869 5557 902 5596 e
948 5541 1122 5610 lingua
1170 5540 1322 5595 nobis
1367 5557 1468 5595 non
1521 5543 1691 5609 ignma

146 5653 312 5696 ortum
343 5639 572 5701 ducant;
604 5634 662 5704 2)
692 5632 1031 5703 scriptionein
1062 5633 1434 5686 vocabulorum
1463 5633 1695 5702 peregri-

146 5747 328 5789 norum
360 5741 417 5789 et
457 5730 728 5788 nominum
759 5724 1118 5796 propriorum;
1154 5723 1210 5793 3)
1239 5723 1440 5778 litteras
1471 5724 1604 5778 inter
1634 5738 1692 5778 se

1795 5013 2160 5068 commuiatas,
2178 5005 2286 5059 sive
2306 5004 2403 5058 hoc
2417 5003 2503 5058 fiat
2517 5019 2580 5060 ex
2597 5007 2793 5076 regula,
2815 5007 2924 5060 sive
2937 5023 2997 5061 ex
3015 5009 3346 5065 librariorum

1798 5093 1981 5146 menda
2002 5110 2014 5155 ;
2035 5094 2257 5161 denique
2277 5091 2635 5162 “analogiam
2659 5106 2995 5162 cognatorum
3021 5113 3091 5151 se
3110 5115 3346 5152 monum.

1866 5182 2009 5236 Licet
2036 5194 2206 5234 autem
2238 5181 2368 5234 infra
2387 5223 2402 5244 ,
2429 5183 2798 5236 auxiliantibus
2825 5184 2906 5238 bis
2934 5186 3158 5250 indiciis,
3188 5202 3345 5242 sooos

1801 5273 2022 5340 gothica
2075 5272 2260 5340 linguae
2300 5273 2591 5326 instaurare
2631 5272 2982 5335 intendamus,
3019 5276 3344 5332 animadver-

1802 5372 1909 5416 tere
1953 5373 2124 5414 tami-n
2165 5365 2256 5414 abs
2290 5378 2346 5415 re
2386 5378 2484 5413 non
2530 5373 2610 5415 est
2659 5357 2753 5416 nos
2791 5372 2981 5436 quarto
3012 5364 3220 5432 indicio,
3253 5381 3344 5418 co-

1799 5464 2071 5523 gnatorum
2095 5455 2285 5507 scilicet
2313 5469 2611 5507 sermonum
2631 5455 3092 5523 analogia,nonnisi
3117 5458 3339 5512 maxima

1799 5544 2036 5596 eautione
2054 5558 2173 5595 usos
2191 5541 2320 5605 fore,
2341 5553 2389 5594 et
2411 5544 2575 5595 hoccx
2600 5545 2867 5610 mtiliildii‘i
2890 5548 3106 5596 ratione.
3130 5545 3338 5601 Etenim

1797 5634 2002 5701 gothica
2034 5634 2228 5701 lingua,
2255 5633 2398 5700 quasi
2425 5648 2601 5686 ramus
2625 5635 2939 5699 germaiiicze
2964 5635 3144 5702 stirpis
3169 5653 3341 5690 emor-

1800 5733 1938 5787 tuus,
1970 5725 2020 5778 in
2051 5723 2286 5793 c0gnatis
2318 5724 2504 5791 linguis
2544 5723 2684 5776 nulla
2727 5725 2805 5778 sui
2837 5731 2982 5792 parte
3005 5725 3114 5794 jam
3157 5739 3339 5794 super-
