3836 6356
149 437 238 492 DEI

151 568 175 602 ι
199 559 368 603 anser!
402 551 456 603 in
483 552 654 617 excés,
683 552 900 620 procis).
945 553 1092 616 Quod
1133 566 1192 606 ea
1231 553 1301 606 sit
1339 554 1452 607 hic
1492 552 1713 620 prolatio

148 649 233 696 τοῦ
276 642 332 693 ai
359 642 411 696 in
442 643 765 707 quibusdam
797 645 978 697 saltem
1007 645 1236 706 casibus,
1262 643 1366 712 jam
1397 659 1422 695 a
1451 647 1716 701 veteribus

150 731 517 796 grammaticis
566 732 619 784 in
659 732 782 785 cod.
819 731 1102 785 vindobon.
1145 732 1276 800 (vid.
1321 732 1499 786 ’Wien.
1533 732 1715 788 Jahrb.

155 818 331 884 XLIII,
353 821 444 888 Il)
469 820 568 872 fuit
597 831 875 884 assertum,
893 821 1017 874 etin
1043 836 1236 888 genere
1256 836 1463 887 semper
1479 823 1720 876 animad-

159 924 361 963 versum
387 925 404 973 ;
429 925 665 976 quonam
691 911 830 962 enim
853 911 955 962 alio
977 909 1133 963 modo
1157 925 1315 964 sonus
1336 913 1492 978 graeci
1511 932 1532 964 ι
1556 912 1714 978 signi-

157 999 299 1052 ficari
330 1000 636 1068 potuisset?
662 1001 766 1056 Sed
793 1002 1043 1070 quzrritur
1072 1001 1303 1070 insuper,
1336 1011 1506 1055 utrum
1526 1013 1718 1070 praeter

155 1088 284 1142 hanc
329 1090 690 1156 prolationem
737 1107 843 1143 non
892 1091 1045 1144 detur
1072 1102 1126 1143 et
1167 1094 1353 1152 altera,
1395 1092 1711 1158 germanicaa

152 1180 415 1247 proxima,
465 1180 542 1234 ita
582 1191 658 1244 ut,
693 1180 755 1233 ad
795 1179 1230 1233 di~criminandas
1261 1181 1351 1232 has
1380 1179 1510 1232 duas
1539 1180 1716 1248 prola-

150 1271 340 1334 tiones,
371 1270 540 1323 aliam
568 1286 660 1335 per
689 1272 762 1331 ai,
801 1272 1021 1323 alte—ram
1057 1284 1183 1322 vero
1212 1284 1303 1337 per
1325 1269 1375 1320 at
1400 1269 1717 1336 designave-

153 1361 272 1412 riut.
313 1360 502 1424 Quam
549 1359 954 1426 discrepantiam
987 1369 1042 1413 ut
1082 1358 1442 1421 admittamus,
1473 1351 1716 1426 sequen-

154 1448 278 1502 tium
309 1451 584 1502 rationum
610 1465 704 1503 nos
734 1459 1032 1503 commovet
1059 1448 1343 1501 auctoritas
1369 1464 1380 1498 :

217 1541 269 1603 α)
301 1539 364 1590 Αἰ
392 1553 462 1592 ex
495 1540 514 1590 ἱ
544 1554 637 1606 per
668 1539 958 1607 ruptionem
1004 1539 1234 1590 nascitur
1270 1545 1324 1591 et
1349 1547 1430 1590 est
1461 1537 1640 1602 breve,
1668 1537 1722 1591 cii

154 1642 276 1681 vero
302 1627 675 1696 diphthongus
704 1638 785 1682 est
809 1638 864 1682 et
890 1631 1135 1695 longum;

219 1717 271 1785 ὸ)
302 1718 365 1770 Ai
393 1727 452 1772 et
480 1719 534 1771 ai
562 1719 786 1772 diversis
808 1717 1076 1771 vocalibus
1101 1717 1422 1784 respondent
1447 1718 1496 1768 in
1519 1717 1721 1770 exscri-

153 1806 329 1875 ptione
366 1808 751 1862 vocabulorum
785 1813 1198 1876 peregrinorum,
1248 1807 1403 1876 igitur
1431 1809 1542 1877 ipsa
1581 1809 1719 1862 inter

153 1909 206 1952 se
230 1897 546 1966 discrepare
566 1898 798 1966 debent;
1453 1890 1460 1893 ’

217 1989 265 2059 c)
294 1993 356 2044 At
387 1989 674 2045 adhibetur
706 2002 808 2043 tam
832 2006 932 2058 pro
954 2005 1126 2059 grmco
1147 2011 1167 2045 ι
1193 2007 1347 2060 quam
1372 2006 1468 2057 pro
1497 2014 1569 2054 at,
1593 2005 1712 2060 pro-

156 2076 322 2134 fertur
348 2095 483 2148 ergo
517 2080 567 2132 in
597 2081 756 2146 priori
788 2094 910 2132 casu
941 2079 1014 2142 ai,
1049 2082 1100 2132 in
1134 2081 1411 2147 posteriori
1438 2082 1518 2141 ai,-

218 2169 281 2235 d)
327 2169 382 2221 ln
425 2170 795 2238 comparativo
838 2170 1125 2238 maiza(ex
1167 2171 1282 2220 ntali
1313 2178 1366 2222 et
1394 2168 1508 2236 iza)
1540 2169 1714 2221 adhuc

157 2260 490 2328 perspicuum
513 2269 618 2323 est,
640 2261 905 2329 quomodo
931 2262 981 2313 ai
1006 2276 1071 2314 ex
1103 2278 1135 2313 a
1164 2262 1248 2315 eti
1271 2273 1444 2313 ortum
1473 2261 1711 2326 duxerit;

219 2350 282 2418 e)
313 2351 376 2403 Ai
399 2351 727 2420 quandoque
769 2352 820 2404 in
850 2353 903 2420 α]
931 2351 1136 2416 incidit,
1161 2367 1285 2420 ergo
1314 2363 1533 2422 utraque
1559 2367 1717 2406 voca-

158 2441 223 2494 lts
243 2440 294 2495 in
323 2441 646 2511 proferendo
670 2442 840 2496 audiri
867 2443 1065 2496 debuit.

230 2527 357 2590 Sed,
384 2543 514 2582 vere
536 2539 592 2580 ut
620 2528 877 2593 dicamus,
911 2545 1010 2584 nec
1038 2531 1419 2599 impugnabiles
1446 2532 1559 2585 lsi!!!
1595 2541 1718 2584 sunt

162 2617 421 2687 rationes,
453 2608 568 2674 'nec
612 2636 675 2674 ex
723 2623 1074 2675 monumentis
1111 2624 1335 2691 gothicze
1385 2622 1578 2692 lingua:
1606 2622 1718 2676 ullo

170 2707 321 2761 modo
346 2710 725 2778 comprobatur
755 2710 835 2762 illa
876 2711 1164 2776 distinctio,
1203 2712 1268 2764 ad
1306 2711 1715 2779 perturbandam

161 2798 490 2866 gutbicorum
538 2800 789 2853 sonorum
819 2801 1136 2865 doctrinam,
1168 2800 1219 2854 in
1252 2815 1309 2856 se
1341 2802 1633 2870 simplicem
1663 2809 1720 2856 et

165 2890 476 2959 regularem,
507 2891 695 2960 magis,
718 2907 874 2960 quam
903 2893 967 2945 ad
994 2893 1357 2947 illustrandam
1405 2893 1714 2948 inserviens.

166 2973 393 3032 Primum
434 2979 596 3047 igitur
622 2980 686 3032 ad
712 2980 873 3033 ullam
899 2982 1337 3048 compositionem
1369 2982 1451 3036 vel
1495 2982 1719 3051 conjun-

166 3067 391 3125 ctionetn
419 3083 698 3124 recurrere
719 3084 994 3142 necessum
1023 3080 1121 3134 est,
1141 3081 1196 3122 ut
1213 3071 1352 3124 varia
1379 3071 1602 3138 prolatio
1626 3078 1715 3126 τοῦ

169 3157 212 3208 at
234 3159 547 3226 explicetur,
572 3174 693 3213 cum
720 3160 831 3228 pari
855 3160 974 3227 jure
1001 3160 1226 3229 proferri
1259 3147 1486 3230 potuerit
1515 3160 1564 3226 ὅ,
1595 3158 1626 3212 ἓ
1657 3171 1716 3217 et

170 3248 238 3312 ii,
273 3245 342 3305 lii.
374 3249 638 3304 (laterum
684 3264 749 3303 eo
788 3249 945 3303 modo
983 3249 1038 3303 in
1062 3250 1332 3304 viennensi
1363 3251 1545 3305 codice
1575 3250 1715 3315 (vid.

173 3336 336 3392 Win.
365 3337 552 3392 Jahrb.
599 3337 778 3401 XLIII,
814 3337 907 3408 fl)
943 3339 1170 3407 prolatio
1226 3339 1461 3392 vocabuli
1505 3339 1715 3404 libaidu,
1753 3356 1758 3361 τ

174 3429 321 3483 allato
349 3430 532 3493 (ibeda,
566 3429 840 3492 statuitur,
874 3428 974 3482 hoc
1012 3443 1264 3497 expresse
1309 3429 1528 3483 addito:
1559 3446 1577 3480 ι
1599 3431 1717 3497 dip-

176 3527 347 3588 toxgon
388 3517 434 3571 ai
462 3533 554 3587 pro
582 3535 613 3572 ο
640 3519 811 3588 longa.
835 3537 852 3568 ι
887 3518 1070 3583 Quoad
1102 3519 1389 3572 vicinarum
1422 3519 1720 3588 linguarum

176 3607 478 3676 analogiam,
511 3610 615 3660 huc
657 3607 833 3660 alTerri
886 3608 1088 3675 nequit,
1141 3608 1333 3674 quippe
1363 3622 1480 3659 cum
1511 3609 1717 3676 gothica

176 3699 396 3750 omnium
421 3697 744 3764 germanica:
771 3697 951 3766 stirpis
979 3697 1131 3752 nobis
1152 3697 1220 3751 sit
1251 3699 1637 3766 antiquissima,
1668 3707 1723 3752 ct

178 3786 432 3856 illegitima
491 3788 715 3856 proinde
755 3789 928 3843 omnis
964 3790 1263 3857 conjectura
1302 3805 1366 3845 ex
1414 3791 1719 3855 recentiori,

179 3875 392 3943 scilicet,
423 3880 593 3932 veteri
622 3877 1082 3947 germanica,quae
1112 3877 1434 3932 multimodis
1452 3890 1720 3948 corrupta,

181 3983 370 4023 necnon
399 3983 656 4022 sonorum
700 3978 987 4036 systemate
1035 3982 1204 4035 neque
1250 3977 1516 4033 constans,
1550 3983 1722 4037 neque

180 4057 535 4124 determinata,
582 4057 918 4112 mediocriter
959 4065 1158 4111 tantum
1203 4071 1373 4112 causa:
1415 4059 1719 4126 profuisset.

181 4147 315 4203 Nunc
339 4164 462 4203 vero
483 4148 528 4201 si
559 4150 610 4200 ai
637 4162 812 4217 grazco
836 4169 856 4202 r
874 4157 928 4203 et
953 4171 1006 4203 αι
1035 4149 1264 4204 vicissim
1286 4152 1591 4218 respondet,
1617 4169 1721 4208 non

182 4239 292 4293 inde
315 4239 598 4294 concludas
619 4238 882 4308 gotbicatn
913 4239 1296 4309 diphthongum
1326 4241 1588 4308 duplicem
1628 4241 1722 4295 ba—

187 4328 349 4386 bttisse
371 4347 585 4398 sonum,
626 4330 720 4385 sed
752 4332 983 4398 legitime
1033 4339 1233 4385 tantum
1253 4325 1487 4386 'asseras
1519 4343 1724 4388 veteres

184 4421 396 4488 Graeos,
427 4424 505 4480 illi
529 4424 717 4478 saltem
747 4421 834 4491 qui
867 4422 1035 4483 Utilia:
1063 4425 1224 4479 coaevi
1253 4434 1422 4488 erant,
1451 4442 1726 4496 antinom-

184 4509 448 4567 ItlfllOtlttm
464 4512 790 4568 recentiores
809 4509 1000 4577 Graeci,
1015 4521 1070 4567 ut
1089 4534 1110 4568 ε
1136 4513 1433 4579 protulisse,
1449 4517 1589 4583 quod
1617 4518 1724 4572 fac-

185 4607 305 4666 tum,
328 4601 393 4655 ab
411 4587 662 4657 omnibus
695 4602 801 4656 fere
832 4603 1099 4656 hodiernis
1115 4604 1390 4673 philologis
1406 4609 1721 4674 generaliter

183 4689 471 4758 admissum,
516 4697 584 4748 ab
633 4711 698 4748 eo
750 4696 964 4762 insuper
1011 4697 1114 4750 vim
1163 4686 1389 4759 obtinet,
1413 4697 1552 4765 quod
1598 4713 1715 4753 voc.

184 4783 388 4853 Γραικὸς.
415 4783 651 4848 Graecus,
689 4785 897 4852 gothiee
930 4783 1070 4837 krelu
1113 4786 1432 4853 exscriptuin
1476 4787 1562 4839 sit.
1607 4787 1717 4841 Nec
1754 4843 1758 4847 _

185 4870 342 4926 minus
367 4873 609 4942 equidem
640 4883 844 4930 certum
867 4883 950 4928 est
973 4889 1089 4928 voc.
1120 4876 1282 4926 maiza
1306 4889 1337 4931 a
1362 4875 1539 4930 radice
1561 4875 1716 4931 ΜΑΗ

183 4970 228 5013 et
256 4966 618 5020 terminatione
641 4964 998 5034 comparativa
1028 4965 1108 5017 ἔω
1126 4977 1298 5021 ortum
1321 4966 1535 5030 ducere,
1563 4983 1718 5036 quam

185 5052 232 5104 ai
254 5053 305 5108 in
329 5057 594 5112 nonnullis
627 5057 812 5124 paucis
850 5054 1060 5111 casibus
1086 5057 1134 5111 in
1162 5057 1215 5126 aj
1243 5056 1504 5122 incidere;
1534 5058 1624 5113 sed
1651 5074 1718 5115 ex

185 5138 274 5199 bas
311 5144 699 5201 circumstantia
744 5146 892 5200 valor
937 5146 1149 5216 quidem
1180 5149 1578 5219 etymolog‘cus,
1613 5165 1719 5205 non

187 5241 345 5290 autem
387 5236 643 5304 phonicus
681 5239 938 5306 exsurgit.
992 5237 1294 5303 Enimvero,
1339 5248 1395 5292 ut
1441 5256 1552 5293 rem
1600 5256 1724 5295 nos-

188 5332 308 5380 tra
332 5329 574 5397 exemplo
593 5340 895 5395 congenere
921 5328 1264 5391 illustremus,
1281 5331 1719 5398 quemadmodum

189 5424 246 5465 ex
269 5427 330 5468 eo
353 5416 491 5484 quod
537 5421 669 5485 fasti,
703 5416 870 5470 invito
913 5420 1176 5484 praeterito
1217 5420 1406 5489 tavida,
1435 5422 1722 5488 genitivum

189 5503 294 5571 “iis
331 5505 591 5573 el’ormet,
639 5517 854 5581 etymon
883 5508 1092 5574 quidem
1128 5508 1378 5575 TIVAN,
1411 5509 1544 5566 TAU
1574 5513 1718 5582 (rad.

194 5587 348 5662 HV)
376 5595 684 5663 innoteseit,
717 5613 819 5653 non
849 5606 1020 5652 autem
1045 5612 1231 5663 sonus,
1258 5598 1356 5653 nisi
1385 5600 1524 5668 quod
1553 5618 1619 5653 au
1643 5595 1724 5674 ’τῷ

190 5694 219 5734 ο
250 5681 411 5740 alluit
445 5695 547 5751 est,
578 5688 651 5742 ita
696 5692 858 5740 maisa
883 5702 946 5742 ex
975 5703 1057 5741 ma
1084 5716 1107 5729 -
1134 5689 1217 5742 iu
1243 5691 1486 5754 componi
1532 5695 1720 5756 potuit,

191 5775 303 5838 quin
321 5777 418 5835 duo
441 5777 710 5834 elementa
743 5779 795 5834 in
826 5781 1117 5846 prolatione
1159 5779 1462 5835 necessario
1491 5783 1726 5845 separari

1538 441 1623 495 DE
1663 437 2103 496 PROLATIONE.

3272 445 3371 498 99.3

1824 549 2068 603 debeant.
2094 546 2199 602 Res
2230 547 2412 602 eadem
2443 562 2500 601 se
2531 547 2687 601 habet
2732 549 2781 601 in
2810 550 3069 604 Sansltrita
3093 554 3290 619 lingua,
3319 557 3369 609 in

1819 653 1918 706 qua
1961 657 1992 691 a
2018 641 2116 692 eti
2145 654 2208 692 ex
2261 640 2437 707 regula
2486 640 2748 693 constanti
2795 642 2845 694 in
2883 657 2911 694 ε
2959 645 3368 700 confunduntur.

1817 729 1998 794 Quoad
2031 745 2156 783 vero
2179 731 2229 782 al
2258 730 2307 782 in
2337 734 2392 800 aj
2414 732 2693 794 transiens,
2723 732 2822 784 hoc
2852 733 3010 785 etiam
3039 736 3372 788 animadver-

1822 820 2031 873 tendum
2058 830 2156 883 est,
2179 820 2316 888 quod
2350 821 2400 872 in
2434 821 2561 872 solis
2588 822 2964 894 aio,ajukdn{i,
2990 827 3215 888 rai,vaia
3240 831 3366 893 (non

1817 919 1991 963 autem
2024 911 2072 962 in
2103 910 2200 974 bai,
2235 909 2422 980 bajops
2452 924 2480 960 a
2512 909 2626 979 BA)
2655 913 2826 964 locum
2857 913 3077 978 habeat;
3108 933 3236 984 quas
3264 919 3368 971 for-

1817 1001 2075 1054 mationes
2126 1002 2300 1070 lingua
2338 1002 2565 1069 gothica,
2597 1002 2768 1069 qualis
2809 1004 2961 1057 nobis
3010 988 3196 1059 tradita
3250 1008 3364 1074 fuit,

1816 1087 1960 1140 nullo
2018 1088 2127 1140 fere
2186 1088 2340 1140 modo
2392 1089 2654 1154 exlilieare
2706 1101 2896 1156 potest,
2938 1108 3181 1160 qumque,
3232 1097 3369 1149 sicut

1819 1178 1999 1238 maizn,
2045 1176 2157 1228 sine
2204 1175 2364 1228 dubio
2394 1175 2456 1228 ad
2488 1191 2550 1229 ea
2582 1178 2803 1245 pristina
2841 1181 3102 1232 sermonis
3131 1192 3368 1249 tempora

1817 1265 2160 1319 adseribenda
2203 1273 2346 1328 sunt,
2374 1265 2564 1333 quibus
2602 1280 2791 1320 sensus
2831 1269 3212 1337 etymologieus
3239 1289 3371 1323 non—

1817 1357 1944 1410 dum
1974 1366 2088 1410 erat
2127 1356 2418 1410 hebetatus.
2453 1356 2508 1410 Si
2539 1372 2664 1428 ergo
2693 1359 2852 1412 nullis
2877 1366 3206 1428 argumentis
3236 1366 3284 1415 ni
3317 1366 3365 1416 in

1819 1447 2075 1516 duplicem
2103 1449 2367 1501 diversum
2385 1463 2570 1503 sonum
2595 1449 2936 1504 dividendum
2959 1467 3078 1507 esse
3103 1466 3370 1515 ειςιῑυιιιιτ.

1817 1536 1924 1606 jam
1953 1539 2204 1607 quteritur
2224 1538 2486 1606 quomodo
2501 1540 2892 1610 Gothus,eujus
2913 1541 3088 1611 lingua
3119 1561 3369 1598 sonorum

1821 1637 2051 1696 systema
2092 1637 2196 1679 tum
2238 1627 2476 1696 regulare
2501 1636 2556 1681 et
2580 1629 2800 1698 simplex
2829 1632 3062 1699 exhibet,
3096 1649 3255 1688 sonos
3295 1638 3356 1704 ip-

1819 1731 1928 1780 sos,
1953 1717 2130 1784 quales
2158 1717 2195 1781 i,
2225 1719 2288 1780 ei,
2311 1735 2357 1783 ε,
2385 1719 2472 1786 qui
2495 1719 2715 1773 mirifice
2739 1720 2828 1773 alii
2861 1721 2910 1774 in
2944 1723 3057 1776 aliis
3083 1723 3352 1785 incedunt,

1821 1806 1955 1859 adeo
2002 1821 2186 1860 secure
2209 1817 2262 1859 et
2302 1808 2520 1874 praecise
2558 1808 2888 1872 discreverit,
2936 1823 2992 1865 u:
3040 1813 3090 1864 in
3132 1817 3371 1867 omnibus

1823 1895 1933 1950 fere
1963 1897 2168 1949 casibus
2197 1906 2249 1949 et
2277 1897 2434 1950 invita
2462 1899 2761 1965 scriptionis
2787 1899 3130 1955 ﬂuctuatione
3155 1905 3204 1956 in
3238 1921 3373 1957 non-

1816 1987 1972 2039 nullis
1999 1987 2289 2053 codcibus,
2322 1987 2472 2041 facile
2499 1987 2567 2041 sit
2603 1998 2750 2042 recte
2775 1997 2829 2042 et
2863 1989 3220 2044 indubitanter
3241 2009 3367 2046 con-

1809 2075 2010 2141 jicere?
2036 2076 2312 2141 Quomodo
2343 2077 2547 2131 Gothus
2586 2093 2748 2131 sonos
2790 2087 2986 2132 tantam
3017 2079 3370 2135 diversitatem

1817 2181 1923 2231 prie
1945 2180 2002 2217 se
2015 2165 2268 2229 ferentes,
2281 2177 2526 2232 quantam
2541 2174 2634 2220 eet
2651 2168 2725 2231 ai,
2739 2184 2768 2218 ο
2784 2178 2838 2221 et
2857 2186 2924 2220 nu
2939 2170 3126 2223 eodem
3142 2183 3193 2224 et
3219 2173 3374 2226 unico

1821 2254 1973 2321 signo
2003 2254 2300 2319 significare
2330 2256 2596 2322 potuerit?
2615 2257 2764 2310 Nunc
2783 2273 2908 2310 vero
2935 2260 2978 2312 si
2997 2255 3058 2312 ai
3087 2271 3142 2314 et
3163 2263 3214 2314 di
3232 2264 3375 2316 nulio

1817 2341 2122 2396 discrimine
2169 2343 2381 2406 habuit,
2411 2344 2458 2398 si
2513 2345 2682 2399 cuivis
2725 2349 3108 2402 accentuationi
3159 2367 3376 2419 prorsus

1815 2435 2020 2487 alienus
2057 2433 2174 2498 fuit,
2228 2435 2273 2489 si
2301 2436 2516 2491 aliunde
2548 2437 2691 2490 nulla
2744 2440 3059 2495 necessitite
3107 2443 3225 2496 talis
3269 2446 3377 2497 dis-

1816 2527 2087 2592 crepantia
2128 2525 2477 2590 desideratur,
2497 2541 2797 2581 sermonem
2817 2531 3084 2596 gutliieum
3111 2549 3239 2587 sane
3270 2545 3375 2588 tor-

1817 2622 2025 2686 queret,
2051 2615 2138 2683 qui
2165 2614 2299 2669 hanc
2327 2615 2737 2684 discrepantiam
2768 2619 3104 2675 introducere
3128 2631 3373 2678 tentaret.

1817 2704 2078 2759 Caeterum
2110 2705 2160 2757 ai
2202 2713 2257 2758 et
2293 2721 2362 2757 au
2409 2705 2644 2772 ejusdem
2692 2717 2815 2760 sunt
2861 2711 3178 2764 conditionis
3210 2731 3220 2761 :
3255 2729 3372 2765 cum

1818 2809 1942 2858 ergo
1986 2793 2335 2848 confidentius
2381 2794 2554 2850 adhuc
2601 2797 3021 2864 probaverimus,
3062 2819 3128 2852 an
3168 2818 3375 2868 semper

1819 2885 1956 2937 sicut
1981 2898 2010 2936 ο
2036 2893 2276 2951 apertum
2309 2883 2533 2949 proferri
2559 2894 2613 2938 et
2634 2888 2930 2954 quamlibet
2948 2890 3295 2944 differentiam
3315 2897 3376 2944 aii

1820 2974 1959 3027 inter
1995 2983 2046 3025 et
2086 2975 2152 3024 au
2202 2972 2561 3040 rejiciendam,
2607 2989 2798 3028 novum
2845 2977 2946 3030 erit
2989 2992 3378 3046 argumentum,

1817 3075 1923 3129 quo
1944 3060 2214 3115 distinctio
2242 3061 2450 3114 illorum
2480 3063 2533 3114 ai
2575 3071 2628 3117 et
2657 3065 2707 3116 di
2730 3065 2920 3120 iterum
2968 3066 3377 3136 impugnaliitur.

1820 3151 1899 3206 Ex
1925 3153 2265 3209 eonseetariis
2291 3153 2434 3206 falsis
2458 3154 2596 3208 idem
2631 3153 2844 3226 insuper
2870 3161 3119 3212 statuitur
3151 3179 3160 3212 :
3188 3167 3234 3214 ai
3271 3166 3384 3231 (an)

1823 3244 1965 3299 enim
2015 3244 2330 3312 regulariter
2371 3254 2495 3299 ante
2519 3263 2545 3299 r
2570 3256 2624 3299 et
2651 3247 2683 3298 Ii
2711 3251 2791 3317 (et
2815 3251 2888 3319 ιο)
2916 3251 3154 3304 adhiberi
3201 3255 3378 3316 debet.

1821 3342 1874 3388 et
1900 3342 2073 3388 tamen
2105 3335 2326 3402 plurima
2360 3335 2613 3390 vocabula
2645 3337 2725 3390 bis
2745 3343 3169 3393 consonantibus
3197 3345 3375 3411 nihil.)

1823 3423 2164 3492 praepositum
2198 3423 2437 3492 praebent
2461 3435 2515 3476 et
2540 3425 2642 3477 alia
2669 3422 2880 3481 diverse
2909 3429 3173 3484 diversum
3198 3449 3380 3487 aecen~

1826 3522 1930 3566 tum
1962 3522 2240 3581 usurpant;
2292 3529 2406 3582 qua:
2443 3514 2710 3567 fluctuatio
2741 3517 3010 3584 praecipue
3041 3530 3180 3586 patet
3215 3521 3264 3573 in
3297 3539 3378 3573 ca-

1821 3603 1987 3664 sibus,
2019 3613 2072 3654 ut
2113 3603 2285 3671 ραιιὰἰή
2313 3613 2367 3656 et
2394 3605 2677 3672 gauli/tum,
2709 3605 2849 3658 άίἡια
2879 3617 2932 3662 et
2971 3610 3194 3672 ailttrou,
3224 3613 3298 3663 sai
3329 3620 3381 3663 et

1820 3694 2030 3757 saiwan,
2063 3693 2287 3746 drtiumn
2315 3704 2367 3746 ct
2388 3692 2673 3747 dratiluna.

2519 3842 2676 3911 ΑΗ

1892 3970 1918 4041 §
1946 3971 2034 4026 29.
2073 3968 2130 4044 I)
2163 3973 2238 4025 Au
2270 3983 2325 4026 ut
2353 3985 2514 4028 sonus
2542 3972 2763 4039 simplex
2793 3979 2899 4026 tam
2945 3971 3252 4042 frequenter
3291 3993 3382 4031 oe-

1822 4079 2042 4119 currens
2066 4078 2225 4134 quam
2251 4065 2320 4127 ai,
2351 4063 2640 4136 quamlibet
2662 4063 2898 4117 vocabuli
2920 4065 3101 4119 sedem
3124 4082 3382 4136 occupare

1825 4163 1996 4222 potest
2020 4163 2076 4208 et
2096 4153 2369 4222 quibusvis
2394 4154 2807 4208 consonantibus
2835 4155 3082 4223 conjungi
3121 4173 3132 4206 :

1893 4246 1947 4314 α)
1983 4244 2137 4299 Initio
2170 4263 2181 4296 :
2211 4251 2429 4314 audags,
2455 4260 2606 4314 nugo,
2633 4244 2875 4310 att/tanta,
2904 4244 3086 4301 att/ua.
3114 4247 3270 4316 cupa,
3290 4265 3382 4300 au-

1823 4333 1940 4397 kan,
1964 4335 2153 4399 aurati,
2185 4334 2380 4401 anrtja,
2409 4347 2554 4396 auso,
2581 4333 2757 4399 aufso;

1895 4419 1946 4492 ὁ)
1981 4421 2150 4476 Medio
2180 4438 2192 4473 :
2226 4421 2410 4483 bauan,
2442 4420 2720 4494 blauIJjan,
2747 4422 2967 4486 (manna,
2991 4439 3213 4492 gaunon,
3255 4427 3376 4475 dau-

1827 4511 1953 4582 pus,
1978 4513 2242 4579 drausjan,
2263 4509 2483 4579 haubib,
2502 4511 2689 4572 hlauts,
2718 4510 3093 4575 dislmaupmm,
3119 4510 3384 4580 paurnns,

1827 4600 2042 4670 plauhs,
2071 4600 2248 4668 praui,
2274 4600 2456 4661 Isaura,
2483 4597 2679 4663 kraust,
2709 4601 2852 4661 (ann,
2879 4601 3154 4668 mamgins,
3187 4601 3380 4672 naups,

1824 4690 1998 4756 roads,
2030 4690 2224 4755 san/us,
2245 4690 2574 4758 skaudaraip,
2601 4690 2929 4763 afslaulijan,
2955 4693 3192 4760 spaurds,
3216 4704 3384 4756 uana,

1827 4792 2057 4851 gataura,
2114 4783 2316 4848 lrausli,
2365 4782 2544 4845 vaurd,
2593 4785 2863 4850 gaufanrs,
2909 4784 3132 4848 ﬂaulan,
3187 4787 3383 4852 {rauja,

1828 4873 2097 4936 waurbtm;
2126 4883 2324 4937 tranan,
2359 4872 2615 4936 trauaida,
2643 4873 2800 4937 sauil,
2823 4873 3142 4942 galanbeins.
3169 4877 3384 4944 usbaug-

1819 4966 1937 5034 jan,
1968 4962 2314 5028 sauds,nault,
2338 4962 2544 5026 dauhts,
2576 4961 2771 5031 banps,
2793 4963 2997 5031 galauk,
3018 4966 3173 5028 sanis,
3204 4982 3383 5034 ganni-

1818 5033 1936 5122 jan,
1971 5055 2155 5117 daims,
2192 5056 2389 5121 taujan,
2417 5054 2656 5122 raupjan,
2687 5051 2859 5118 fanra,
2883 5051 3144 5122 [)attrbuit,
3174 5033 3381 5127 saurgaa

1825 5144 2007 5209 baurd,
2028 5144 2259 5205 vanrlua,
2278 5145 2495 5213 [σιω-ωε,
2521 5159 2643 5194 vaur
2648 5143 2801 5213 1mm,
2824 5142 3062 5212 ηιαανρτ,
3081 5146 3381 5212 staurknan,

1828 5250 2046 5299 t'aurms,
2085 5236 2270 5299 linum,
2296 5233 2669 5304 gabaurjopus,
2704 5234 2900 5303 paurp,
2934 5243 3189 5304 staurrnn,
3218 5220 3382 5307 [mur-

1829 5343 1935 5392 sus,
1967 5337 2183 5391 raurstv,
2219 5337 2410 5387 vaurts,
2436 5326 2670 5395 [)aurfta,
2703 5342 2841 5392 rans,
2867 5327 3100 5397 luusjan;

1898 5414 1950 5486 c)
1989 5415 2154 5472 Fine:
2182 5417 2306 5480 dau,
2350 5416 2481 5485 pou,
2505 5417 2626 5482 jau,
2669 5431 2822 5479 snau,
2848 5416 3027 5477 alitau,
3059 5433 3245 5484 sanan,
3277 5428 3378 5472 etc.

1905 5524 1923 5557 ι
1948 5505 2232 5560 Annotatio
2264 5509 2311 5560 t.
2336 5532 2406 5545 --
2446 5503 2558 5558 Huc
2581 5519 2685 5559 non
2710 5505 2972 5561 referendi
2999 5514 3123 5559 sunt
3149 5521 3301 5560 casus
3329 5507 3382 5560 in

1828 5597 2017 5670 quibus
2055 5614 2087 5651 a
2112 5606 2165 5649 et
2193 5611 2224 5647 ιι
2251 5595 2314 5650 ad
2345 5594 2581 5650 diversas
2625 5596 2857 5665 syllabas
2899 5598 3183 5663 pertinent,
3229 5606 3285 5649 ut
3330 5599 3382 5650 in

1829 5706 1928 5759 σου
1951 5690 2078 5742 Mth.
2113 5704 2184 5752 Ix,
2214 5689 2315 5753 ‘28;
2348 5690 2447 5742 Mc.
2481 5705 2590 5752 vm,
2631 5689 2720 5754 2‘2,
2766 5705 2860 5743 tau
2902 5688 3053 5741 Joan.
3097 5704 3167 5750 Ix,
3199 5688 3254 5750 ‘2,
3296 5689 3389 5753 I9,

1830 5797 1950 5835 svau
1993 5779 2078 5845 18,
2107 5780 2194 5844 22,
2229 5781 2371 5834 watth
2403 5781 2524 5836 Cor.
2560 5783 2598 5849 Ι,
2635 5798 2704 5847 ιν,
2735 5782 2784 5845 7,
2819 5779 3150 5851 gnunlrdjan.
