3836 6366
517 419 611 473 9ΞἸ

516 526 721 594 Iungam
762 524 1165 594 respondentem
1190 563 1205 590 ,
1255 532 1310 578 ut
1346 539 1378 576 α
1426 523 1477 577 in
1519 539 1549 577 ο
1587 527 1762 594 (δεῖ,
1793 522 1912 592 7),i
1941 520 1993 576 in
2020 523 2067 574 ei

518 613 569 685 (ξ
590 614 682 678 23.
707 616 780 681 6),
814 631 843 668 τι
867 617 917 669 in
940 619 990 669 iu
1018 616 1071 685 (ξ
1102 617 1190 680 5|,
1212 615 1289 681 ‘2);
1495 620 1505 629 ’
2046 696 2047 699 η

589 705 648 771 Ξ)
688 703 947 773 Correptio
989 705 1185 757 vocalis
1225 720 1318 773 per
1360 710 1735 757 consonantem
1764 711 2068 772 sequentem

1560 412 1997 471 cnauuartca
2037 408 2353 468 GOTHICE
2384 372 2676 465 meum;

3616 408 3705 462 ξ)ὶὸ

2136 548 2139 550 >
2169 518 2336 571 cunda
2356 528 2406 569 et
2436 528 2587 571 tertia
2609 518 2866 571 classibus
2893 532 2992 572 non
3011 516 3269 581 exbibeal,
3297 528 3368 583 ul,
3388 534 3471 573 ex.
3498 537 3601 590 ετ..
3627 541 3707 593 ga-

2171 606 2273 658 nolt
2297 604 2565 660 derivatur
2583 620 2613 656 a
2637 606 2825 668 naltau,
2851 604 2986 673 quod
3012 604 3178 671 ipsum
3207 608 3271 659 ad
3300 608 3515 662 verbum
3540 612 3706 678 primm

2167 693 2352 747 classis
2382 693 2710 760 deperditum
2743 693 2970 761 pertinet
2994 692 3046 773 (ᾗ
3078 692 3166 757 26,
3196 694 3276 758 4),
3309 696 3387 748 vel
3416 705 3473 747 ut
3512 699 3709 767 rrobjau

522 792 764 846 efﬁcitur.
809 791 1041 861 Liquida:
1088 793 1413 860 praesertim,
1467 807 1665 846 necnon
1708 809 1770 855 δ,
1801 808 1858 856 z,
1889 793 1921 843 It
1958 800 2011 844 et
2050 791 2079 859 f
2168 785 2232 839 ad
2255 786 2515 855 quoddam
2558 786 2759 851 t'rakan,
2794 785 2908 839 ποις
2936 786 3293 866 referendum,
3340 789 3477 856 quod
3519 805 3583 845 ex
3618 795 3709 846 uri.

524 882 754 936 vocalem
780 880 1157 948 praecedentem
1182 882 1491 947 regulariter
1510 881 1700 948 corripi
1718 880 1920 946 jubent,
1950 894 2067 933 cum

527 972 731 1026 scilicet
758 986 855 1024 una
897 971 973 1025 vel
1000 972 1177 1039 plures
1206 981 1554 1033 consonantes
1578 973 1629 1025 in
1655 972 1836 1025 eadem
1868 969 2068 1038 syllaba

527 1069 837 1127 sequuntur,
889 1076 975 1114 ex.
1017 1076 1100 1128 gr.
1141 1077 1154 1111 :
1197 1060 1365 1128 balgs,
1408 1061 1555 1123 atlai,
1603 1064 1813 1123 malum,
1868 1057 2071 1120 valdan,

525 1147 692 1214 Italbs,
720 1148 853 1211 Itala,
874 1149 994 1209 salt,
1027 1148 1195 1212 mildv,
1232 1147 1438 1214 ﬁlleirts,
1469 1148 1640 1206 Itilms.
1669 1148 1865 1210 ltilpan,
1903 1146 2072 1213 dulgs,

526 1238 681 1304 ful's.
716 1238 917 1302 mulda,
963 1224 1167 1302 cumba,
1212 1253 1459 1303 mamma,
1506 1237 1778 1300 srimmau,
1819 1236 2074 1302 trimpan,

527 1326 727 1393 dumbs,
752 1343 819 1378 an
840 1329 1075 1389 binum“,
1108 1326 1270 1395 laggi,
1294 1326 1451 1389 baud,
1474 1325 1654 1395 dragk,
1683 1327 1768 1394 (an
1779 1324 1835 1392 ῥ,
1860 1339 2043 1376 manna
2060 1363 2075 1386 ,

528 1427 685 1481 aurs,
726 1415 954 1485 briggan,
998 1414 1229 1485 drigkau,
1275 1414 1475 1486 sigqau,
1525 1414 1687 1476 viuds,
1727 1415 1939 1477 vinuan,
1991 1427 2081 1480 ρας

500 1525 503 1527 >
529 1503 715 1574 minpi,
739 1506 904 1571 iuggs,
928 1502 1167 1572 bislngqs,
1190 1504 1438 1567 mundrei,
1458 1503 1681 1565 kuunau,
1704 1501 1896 1571 Ιίυηρε,
1913 1517 2079 1569 rargs,

530 1610 679 1655 arms,
704 1592 884 1663 barba,
908 1592 1100 1661 rardja,
1124 1593 1281 1661 corp,
1305 1592 1535 1662 bairgmt.
1558 1590 1789 1644 suairban
1809 1628 1823 1653 ,
1856 1590 2077 1654 vairdus,

530 1681 729 1751 eairps,
758 1682 942 1749 Mirm,
972 1682 1191 1749 fuirzna,
1214 1681 1416 1749 banrgs.
1443 1679 1667 1749 paurfts,
1687 1678 1866 1744 ranrd,
1891 1686 2079 1741 vaurts,

536 1769 775 1840 maurpr,
813 1785 961 1833 wars,
994 1779 1117 1831 am,
1150 1771 1236 1834 ist,
1265 1768 1400 1835 ﬁala,
1429 1768 1613 1831 brum,
1643 1782 1786 1832 mut,
1816 1766 2080 1835 andavizu,

530 1858 812 1918 anabuzus,
842 1858 1025 1921 multis,
1049 1856 1226 1920 raihts,
1256 1857 1446 1925 multis,
1471 1857 1625 1925 (tufts,
1646 1857 1786 1925 gifts,
1808 1854 1986 1924 skufts.

606 1966 625 1997 ‹
660 1948 942 2001 Annntatio
991 1946 1040 1999 1.
1073 1976 1145 1987 --
1186 1946 1391 2000 Vocalis
1428 1956 1603 2000 autem
1640 1960 1744 1999 non
1783 1944 2084 2015 corripitur.

532 2038 739 2106 quando
782 2050 1079 2091 consonans
1117 2036 1364 2106 liquidam
1407 2051 1632 2105 sequens
1680 2051 1782 2090 non
1828 2035 1893 2089 ad
1933 2040 2088 2091 eam-

532 2132 651 2182 dem
690 2128 880 2193 radicis
926 2128 1209 2198 syllabam,
1259 2126 1349 2182 sed
1389 2128 1454 2181 ad
1503 2126 1919 2181 terminationem
1964 2138 2086 2192 per-

534 2218 694 2283 tinet,
734 2233 819 2271 ex.
862 2233 942 2286 gr.
972 2236 984 2283 ;
1021 2219 1196 2282 smals,
1222 2217 1344 2285 fult,
1369 2233 1525 2281 unus,
1559 2231 1699 2277 rans,
1722 2230 1889 2277 muns,
1913 2228 2084 2283 gaurs,

535 2309 722 2377 traljau,
750 2308 1002 2376 gramjan,
1030 2308 1197 2376 sunja,
1225 2305 1407 2377 ltarjis,
1433 2307 1759 2376 gabaurjaba,
1781 2314 2085 2375 galaurnan.

613 2414 632 2447 ι
662 2396 944 2451 Anuotatio
964 2395 1176 2450 2.-—ln
1202 2395 1436 2464 plurimis
1462 2394 1669 2449 casibus
1691 2393 1873 2448 litterae
1897 2395 2087 2460 l,m,n,

542 2505 590 2554 r,
620 2504 645 2541 ι
675 2489 725 2541 iu
747 2501 804 2541 se
830 2497 881 2541 et
904 2497 1117 2555 propter
1138 2500 1197 2541 se
1217 2486 1597 2555 correptionem
1619 2487 1883 2539 attrahere
1914 2484 2090 2537 viden-

540 2588 646 2646 tur,
671 2579 809 2633 unde
833 2578 943 2633 ﬁeri
974 2588 1168 2648 potest,
1196 2589 1250 2633 ut
1273 2578 1326 2631 in
1349 2577 1633 2646 scriptione
1661 2577 1741 2631 vel
1773 2577 1887 2631 sine
1910 2590 2090 2629 neres-

539 2669 690 2723 si'ate
714 2670 1063 2736 geminentur,
1087 2668 1190 2732 vel,
1236 2667 1322 2721 ubi
1344 2667 1655 2736 etymologia
1687 2664 2089 2735 geminationem

541 2756 847 2823 postularet,
865 2756 1128 2824 simplices
1150 2756 1496 2823 adhibeantur
1515 2754 1566 2824 (ᾗ
1589 2755 1674 2815 55,
1697 2765 1874 2807 annot.
1904 2756 1955 2818 1,
1977 2754 2051 2821 2).
2067 2773 2084 2805 ι

611 2844 665 2913 5)
692 2844 999 2898 Absouantia
1033 2843 1109 2913 (Ι)
1141 2846 1191 2897 iu
1224 2858 1287 2897 eo
1311 2844 1580 2907 consistit,
1603 2843 1740 2913 quod
1765 2843 1961 2897 vocalis
1987 2842 2092 2911 syl-

543 2932 671 2986 laba:
698 2933 943 2986 radiculis
981 2934 1092 2987 sive
1124 2948 1217 3000 per
1256 2932 1622 2987 deductionem
1663 2932 1777 2985 sive
1819 2946 1911 2999 per
1937 2942 2091 2984 voca-

547 3022 655 3075 buli
680 3020 1046 3075 formationem
1075 3021 1218 3088 juxta
1246 3030 1415 3081 certas
1439 3019 1644 3089 regulas
1667 3021 1717 3072 in
1741 3021 1895 3072 aliam
1921 3028 2090 3073 trans-

550 3118 656 3163 eat.
708 3110 909 3163 Dantur
944 3108 1183 3177 quaedam
1221 3107 1544 3161 absonantie
1571 3108 1750 3162 series
1775 3145 1789 3170 ,
1835 3122 1952 3176 qua:
1983 3119 2089 3159 tum

546 3196 694 3261 duas,
728 3208 836 3251 tum
863 3206 970 3251 tres
991 3209 1043 3251 et
1064 3196 1223 3251 etiam
1245 3206 1467 3265 quatuor
1486 3197 1722 3255 diversas
1748 3196 1956 3250 vocales
1985 3210 2096 3249 am-

549 3290 862 3355 p‘ectnntur,
905 3303 1125 3357 qua-que
1174 3288 1260 3341 ubi
1285 3286 1349 3341 de
1375 3286 1690 3340 formatione
1718 3286 2094 3354 conjugatiouis

548 3375 702 3432 fortis
727 3378 775 3448 (§
804 3379 923 3441 117,
947 3377 988 3444 f,
1016 3378 1071 3448 ε)
1121 3393 1216 3432 nec
1265 3393 1367 3432 non
1395 3386 1449 3432 et
1485 3378 1853 3431 vocabulorum
1884 3378 1931 3448 (§
1972 3379 2094 3443 139,

555 3467 674 3538 HS)
705 3467 924 3536 qumstio
945 3468 1062 3531 erit,
1090 3468 1349 3535 praecipue
1374 3476 1650 3522 occurrent
1676 3470 1940 3536 fusiusque
1963 3476 2090 3520 trac-

554 3558 822 3609 tabuntur.
850 3556 943 3610 llic
981 3570 1106 3612 vero
1133 3555 1378 3621 sufﬁciat,
1403 3570 1466 3609 ex
1490 3556 1601 3609 istis
1622 3557 1875 3609 classibus
1915 3555 2102 3624 prteci-

551 3657 679 3711 pnas
700 3645 752 3696 in
774 3642 957 3697 ordine
996 3644 1059 3697 ad
1087 3659 1271 3699 sonum
1311 3659 1617 3714 excerpere,
1642 3644 1779 3698 unde
1819 3655 2100 3714 sequentes

548 3730 773 3787 evadant
797 3738 995 3789 classes
1030 3752 1045 3786 :

682 3835 738 3884 1·
776 3831 960 3886 classis
994 3850 1007 3883 :
1222 3832 1241 3883 ἱ
1460 3847 1491 3883 a
1701 3848 1735 3884 tt
1944 3850 1977 3885 ιι

676 3923 908 3974 2³³-
1219 3927 1237 3974 i
1448 3940 1483 3975 α
1694 3940 1720 3976 e
1939 3940 1972 3975 ιι

676 4012 737 4063 5⁸
835 4040 907 4052 -
1220 4014 1237 4064 i
1455 4029 1488 4065 α
1696 4028 1722 4065 e
1942 4014 1960 4065 ὅ

678 4104 741 4154 4·
834 4132 902 4145 --
1211 4106 1257 4158 ci
1449 4105 1501 4158 ai
1698 4108 1717 4157 ἰ
1943 4108 1962 4157 i

678 4191 741 4243 5‘
832 4220 905 4232 —-
1217 4195 1270 4245 iu
1442 4211 1509 4246 an
1699 4213 1731 4247 tt
1947 4213 1978 4247 tt

680 4279 899 4333 6³-
1211 4299 1243 4335 a
1449 4299 1482 4336 ο
1691 4300 1722 4337 ο
1943 4302 1975 4337 a

731 4391 834 4445 Ex.
859 4406 940 4459 gr.
967 4408 981 4444 :
1095 4392 1303 4456 biudan,
1388 4394 1545 4459 baud,
1577 4394 1803 4459 bnnduu,
1835 4394 2103 4458 bundans;

1093 4485 1285 4547 nimau,
1392 4502 1529 4559 nam,
1578 4502 1784 4550 nemon,
1840 4500 2087 4549 minimis;

1096 4575 1285 4642 giban,
1388 4580 1516 4644 gaf,
1580 4576 1776 4644 geburt,
1844 4577 2055 4644 gibaus;

1096 4665 1295 4727 beitan,
1387 4667 1484 4717 bait
1512 4705 1526 4726 ,
1577 4665 1715 4718 binm
1741 4707 1756 4726 .
1847 4666 2049 4728 bitans;

1094 4754 1299 4819 biudau,
1395 4741 1778 4824 bnup,bndun,
1855 4756 2087 4819 laudum;

1092 4844 1290 4911 sakan,
1381 4844 1499 4909 80k,
1580 4844 1774 4909 sokuu,
1849 4845 2057 4897 takans.

622 4934 675 4989 ltt
702 4934 887 5004 prima,
918 4936 1141 4987 secunda
1172 4945 1223 4987 et
1245 4934 1395 4987 tettia
1418 4935 1673 4988 classibus
1693 4952 1727 4987 α
1749 4951 1875 5001 pura
1913 4933 2105 4991 radicis

554 5029 749 5082 vocalis
787 5029 1055 5095 praevalet,
1102 5028 1150 5079 in
1193 5041 1376 5094 quar-a
1417 5029 1457 5093 ἱ,
1501 5029 1551 5081 in
1579 5029 1759 5096 quinta
1793 5044 1846 5092 τι,
1878 5028 1929 5081 in
1957 5039 2104 5083 sexta

555 5128 754 5181 autem,
796 5117 1027 5168 omnimu
1075 5114 1549 5181 itnpvrfectissitna,
1581 5116 1765 5169 iterum
1797 5124 2013 5182 apparet
2052 5131 2106 5178 α,

557 5208 607 5260 in
663 5222 764 5273 quo
816 5206 980 5258 latens
1031 5206 1242 5271 longum
1290 5221 1317 5256 ο
1356 5204 1543 5258 radicis
1600 5218 1693 5271 per
1743 5203 2108 5257 absonantiam

554 5294 752 5361 corripi
791 5294 1029 5354 videtur;
1076 5309 1174 5359 qua
1223 5291 1288 5343 tle
1309 5304 1461 5343 causa
1486 5292 1756 5355 qua-ritur,
1783 5299 1957 5343 utrum
2001 5286 2112 5347 hac

555 5387 739 5439 classis
783 5383 1141 5437 secundari-un
1187 5380 1415 5433 radicum
1482 5379 1844 5433 formationem
1890 5396 1951 5433 ex
2025 5395 2111 5436 se-

627 5540 709 5609 (ί)
734 5540 988 5603 Quoniam
1032 5539 1286 5609 voeabulo
1324 5553 1491 5605 germ.
1530 5540 1710 5592 Ablaut
1753 5537 1951 5609 nullum
1976 5536 2049 5609 ‘Ia
2075 5536 2118 5609 ἰῇ

558 5606 699 5662 num
733 5609 987 5675 perferto,
1025 5618 1080 5659 ut
1126 5607 1300 5667 video,
1351 5609 1656 5674 respondet,
1712 5622 1778 5658 ne
1820 5606 2115 5675 periphrasi

562 5689 701 5738 utar,
732 5674 867 5743 quod
894 5674 1317 5740 interpretationi
1343 5690 1556 5743 semper
1582 5674 1971 5730 incommodum
2016 5686 2115 5735 ρει,

562 5761 753 5798 novum
794 5747 1104 5799 vocabulum
1146 5745 1445 5811 excogitare
1474 5744 1653 5799 malui.
1682 5744 1858 5810 Itaque
1888 5745 1937 5796 itt
1966 5743 2119 5812 bujus

2171 875 2302 938 Itan,
2347 874 2465 927 vrak
2503 873 2783 928 deductum
2834 884 2930 928 est.
2980 874 3081 927 Pro
3128 874 3224 927 hac
3267 875 3523 931 afﬁnitate
3564 879 3707 933 etiam

2172 962 2417 1023 militant,
2442 961 2580 1029 quod
2605 962 2825 1028 plurima
2851 962 3031 1027 verba,
3051 961 3115 1015 ad
3142 962 3276 1017 lianc
3298 963 3526 1018 classem
3555 968 3704 1035 perti-

2174 1052 2370 1114 nentia,
2412 1052 2460 1104 in
2493 1052 2735 1118 praesenti
2752 1055 2782 1121 j
2812 1051 3087 1116 advocant,
3120 1052 3169 1105 id
3200 1064 3302 1117 est,
3327 1053 3712 1109 debilitcrcon-
3740 1097 3743 1101 γ

2172 1142 2443 1210 iugantur.
2494 1142 2570 1195 Ad
2621 1153 2819 1196 sextam
2867 1152 2923 1198 et
2966 1144 3068 1197 alia
3118 1144 3445 1201 absonantite
3495 1148 3704 1212 classis.

2177 1232 2347 1286 rarior
2368 1231 2628 1299 equidem,
2664 1234 2895 1298 proxime
2920 1234 3141 1299 accedit,
3170 1249 3398 1305 nempe:

2299 1321 2355 1372 7η
2387 1321 2571 1375 classis
2603 1339 2617 1373 :
2801 1322 2871 1387 oi,
2902 1338 2929 1374 ε
3069 1340 3098 1376 o
3308 1340 3338 1377 ο
3547 1328 3615 1393 ai,
3640 1343 3665 1381 ι

2177 1423 2296 1476 qua:
2357 1411 2408 1463 in
2461 1411 2637 1464 verbis
2696 1411 3031 1479 reduplica‘tis
3092 1415 3452 1467 tantummodo
3501 1418 3710 1469 occurrit

2183 1499 2229 1568 (§
2254 1497 2394 1568 126).
2426 1501 2479 1553 ln
2521 1501 2617 1553 hac
2655 1501 2808 1554 classi
2838 1517 2865 1553 e
2902 1502 3173 1569 praesentis
3206 1501 3466 1571 primitiva
3506 1517 3619 1558 esse
3645 1505 3710 1557 ri-

2180 1587 2365 1651 detur,
2412 1597 2533 1643 ante
2576 1587 2708 1641 alias
2758 1589 2966 1642 vocales
3010 1605 3112 1642 nou
3156 1604 3437 1645 remanens
3483 1592 3708 1660 equidem

2182 1677 2201 1744 (
2229 1676 2254 1747 ξ
2284 1674 2371 1743 25,
2406 1677 2454 1743 l,
2482 1693 2510 1732 c
2530 1678 2576 1746 ),
2606 1678 2698 1733 sed
2729 1679 2780 1732 in
2800 1678 2995 1745 verbis,
3022 1694 3242 1746 quorum
3271 1680 3512 1734 radicalis
3531 1681 3710 1751 syllaba

2183 1769 2349 1823 vocali
2378 1768 2590 1831 desinit,
2622 1786 2740 1823 eum
2768 1770 2817 1822 ai
2852 1769 2967 1839 ejus
3015 1785 3147 1824 sono
3192 1770 3340 1825 afﬁni
3387 1781 3711 1836 commutata,

2184 1858 2367 1913 eodem
2432 1873 2646 1925 prorsus
2693 1860 2848 1914 modo
2894 1870 3053 1928 atque
3105 1860 3157 1915 in
3209 1859 3470 1915 similibus
3520 1862 3713 1915 casibus

2188 1947 2253 2018 (§
2277 1947 2362 2013 26,
2393 1949 2468 2015 5)
2499 1964 2565 2002 au
2594 1956 2685 2004 τοῦ
2726 1965 2755 2002 o
2784 1964 3059 2020 personam
3088 1951 3243 2017 gerit.

2260 2066 2276 2096 ι
2308 2046 2588 2100 Annotalio
2615 2048 2663 2100 1.
2693 2047 2931 2112 -—Quod
2959 2056 3132 2101 autem
3163 2058 3269 2103 tres
3300 2050 3503 2117 priores
3530 2050 3710 2104 classes

2184 2137 2464 2191 maximam
2496 2135 2631 2188 inter
2654 2150 2713 2188 se
2738 2136 2960 2191 habeant
2982 2136 3313 2204 relationem,
3344 2139 3429 2191 vel
3460 2139 3623 2208 printo
3648 2140 3713 2193 in-
3761 2200 3765 2203 ‘

2187 2226 2319 2278 tnitu
2360 2233 2521 2293 patet.
2557 2225 2613 2279 ln
2642 2226 2725 2280 ltis
2762 2227 2901 2280 enim
2933 2227 3151 2282 triadem
3192 2229 3451 2283 vocalium
3492 2224 3713 2298 gotbica2

2187 2331 2300 2370 rum
2342 2324 2461 2372 s‘ese
2502 2319 2834 2373 evolventem
2873 2319 3124 2382 vidimus,
3155 2320 3294 2374 unde
3340 2336 3445 2373 non
3476 2322 3715 2374 immerito

2186 2417 2398 2474 propter
2440 2424 2470 2458 α
2521 2406 2828 2469 dominans,
2882 2407 2993 2469 cis,
3046 2417 3103 2460 ut
3154 2408 3474 2476 primitivis,
3515 2409 3717 2475 primam

2186 2496 2363 2548 sedem
2393 2494 2783 2563 adscripsimus.
2828 2495 3092 2564 ln'qnarta
3133 2508 3185 2550 et
3213 2497 3395 2565 quinta
3432 2497 3677 2550 classibus
3704 2537 3717 2559 ,

2188 2602 2304 2655 qua:
2332 2587 2677 2640 arctissimam
2712 2602 2917 2655 quoque
2943 2576 3251 2641 afﬁnitatem
3274 2590 3410 2642 intrr
3434 2603 3493 2643 se
3521 2589 3735 2654 babeu',

2188 2693 2220 2729 a
2254 2691 2468 2743 prorsus
2492 2676 2685 2736 deﬁcit,
2708 2676 2894 2729 iterum
2928 2677 3289 2730 tantummodo
3313 2678 3715 2744 npparensltici,

2190 2766 2291 2819 illic
2326 2781 2392 2830 ιι,
2446 2781 2663 2833 quorum
2703 2766 3010 2819 absonantia
3051 2767 3160 2820 sive
3200 2782 3293 2834 per
3347 2768 3717 2835 productionem

2192 2855 2293 2924 (ei,
2326 2856 2438 2924 in),
2479 2858 2589 2909 sive
2618 2871 2710 2922 per
2739 2856 3035 2923 ruptiouem
3061 2856 3158 2924 (ai,
3190 2872 3256 2907 au
3278 2856 3296 2923 )
3321 2855 3566 2910 efﬁcitur.
3591 2855 3719 2909 Nunc

2190 2959 2313 3000 vero
2340 2945 2760 3013 CUlll‘producliO
2791 2953 2846 2998 et
2884 2945 3056 3012 ruptio
3096 2946 3329 2999 latiorem
3359 2944 3609 3011 simplicis
3641 2958 3718 2997 so-

2194 3050 2376 3088 norum
2406 3037 2707 3106 systematis
2737 3036 3086 3090 evolutionem
3114 3035 3393 3104 supponit,
3423 3036 3517 3089 ltas
3547 3037 3721 3091 classes

2194 3126 2411 3193 proinde
2440 3139 2494 3180 ut
2522 3129 2835 3194 power-iores
2864 3128 3385 3190 habuimus;scxtnm
3409 3138 3602 3191 autem,
3624 3128 3721 3180 sive

2193 3216 2310 3283 quia
2342 3231 2372 3268 e
2403 3216 2566 3282 prima
2606 3218 2824 3287 deducta
2855 3225 2953 3279 est,
2977 3218 3089 3270 sive
3116 3216 3237 3285 quia
3266 3218 3620 3270 recentissima
3645 3226 3722 3267 aut

2194 3306 2377 3359 saltem
2408 3306 2804 3374 imperfectissa,
2849 3308 3235 3361 immamediate
3268 3319 3384 3377 post
3416 3322 3507 3362 eas
3527 3308 3587 3360 ad
3621 3306 3722 3359 ulti-

2197 3412 2338 3450 tnum
2380 3399 2549 3450 locum
2582 3396 2900 3450 remisimus.

2200 3499 2213 3510 κ
2272 3506 2289 3537 ι
2324 3487 2602 3541 Aunotatio
2623 3488 2675 3541 2.
2699 3511 2767 3521 -
2789 3487 3034 3551 Quamvis
3058 3487 3367 3539 absonantia
3403 3488 3455 3539 in
3478 3483 3723 3539 formanda

2200 3577 2566 3645 ronjugatione
2602 3575 2722 3630 forti
2754 3576 3014 3645 praecipue
3039 3583 3320 3644 appareat,
3357 3577 3543 3627 dantur
3568 3582 3723 3625 tamen

2201 3664 2435 3717 nonnulli
2465 3678 2639 3731 casus,
2666 3663 2717 3717 in
2740 3664 2928 3731 quibus
2953 3662 3225 3718 evidenter
3245 3663 3311 3715 ad
3346 3662 3481 3715 banc
3503 3661 3723 3727 conjuga-

2203 3758 2395 3806 tionem
2429 3754 2611 3806 referri
2639 3755 2839 3823 nequit,
2868 3762 2925 3806 ut
2965 3752 3018 3807 in
3044 3752 3202 3821 dogs,
3237 3765 3269 3805 a
3312 3752 3435 3821 day.
3465 3751 3661 3803 habui»:
3700 3763 3724 3799 a

2200 3840 2365 3894 itabat:
2394 3882 2408 3906 ,
2437 3842 2628 3911 ganolis
2670 3856 2698 3892 a
2744 3845 2941 3907 nonan,
2970 3855 3091 3909 qua
3125 3839 3305 3893 omnia
3351 3840 3416 3892 ad
3459 3838 3724 3904 analogiam

2206 3944 2368 3987 sextae
2397 3934 2582 3986 classis
2614 3933 2974 3997 cll’ormantur,
3008 3931 3133 3985 licet
3162 3932 3381 3984 verbum
3413 3932 3591 3998 dagan,
3622 3929 3725 3996 dog,

2205 4022 2407 4085 habitu,
2450 4022 2545 4073 ItOb
2585 4023 2772 4074 mirum
2812 4020 2967 4075 simul
3004 4028 3059 4074 et
3093 4018 3473 4074 inadtnissibile
3519 4017 3726 4070 videatur

2208 4105 2442 4177 (p‘i'optcr
2490 4110 2785 4175 conjectum
2842 4107 3131 4173 ΝΑΗΑΝ,
3187 4106 3388 4169 NOII,
3435 4107 3536 4160 vid.
3585 4104 3725 4173 με,

2205 4202 2287 4270 4).
2340 4202 2493 4255 Aliud
2534 4202 2829 4268 exemplum
2870 4200 3195 4253 absouantia:
3226 4198 3530 4266 irregularis
3557 4195 3728 4265 prabet

2209 4294 2451 4363 briggan,
2478 4291 2690 4371 brahia,
2718 4292 2854 4359 quod
2888 4292 3106 4359 primam
3138 4288 3359 4343 classem
3385 4289 3605 4356 sapiens,
3635 4285 3725 4353 pri-

2207 4384 2446 4437 mitivum
2473 4385 2653 4437 forsan
2680 4386 2883 4453 origini,
2926 4385 3050 4451 brag
3091 4382 3476 4451 conjiciendum
3520 4379 3725 4437 exhibet,

2205 4488 2271 4525 ex
2322 4487 2427 4540 quo
2462 4489 2557 4539 per
2588 4474 3025 4526 introductiouem
3064 4472 3255 4526 nasalis
3298 4472 3380 4541 (ut
3424 4472 3475 4525 in
3515 4468 3723 4527 standum,

2204 4561 2347 4631 stop,
2380 4562 2458 4613 vel
2484 4563 2534 4613 in
2558 4560 2818 4629 pagkjan,
2854 4559 3037 4629 [ia/tta)
3074 4575 3263 4613 novum
3298 4564 3627 4624 prasens,et
3652 4566 3726 4619 per

2207 4652 2447 4705 latiorem
2482 4652 2849 4705 formationem
2882 4651 3170 4715 praeteriti,
3202 4648 3362 4703 etiam
3403 4647 3457 4700 in
3496 4642 3726 4699 nonnullis

2210 4739 2327 4792 aliis
2373 4739 2546 4792 verbis
2570 4748 2929 4793 occurrentem
2957 4737 3109 4807 (coll.
3136 4752 3279 4805 mag,
3304 4737 3495 4799 malua,
3512 4748 3607 4803 pg,
3631 4733 3727 4785 ohla

2212 4826 2366 4894 etc.),
2392 4842 2583 4881 novum
2607 4829 2925 4898 prieteritum
2946 4841 3065 4881 cum
3093 4824 3250 4879 debili
3275 4824 3500 4879 ﬂexione
3516 4829 3727 4877 exortum

2204 4926 2304 4968 est.
2350 4933 2369 4965 ι

2274 5006 2331 5073 ιι)
2378 5006 2543 5071 Quem
2597 5006 2845 5057 inlluxum
2882 5003 3039 5057 habet
3080 5002 3392 5055 absonautia
3427 5000 3479 5053 in
3516 4990 3728 5051 vocalem

2213 5095 2429 5164 syllabae
2477 5093 2753 5158 radicalis,
2806 5106 2924 5145 eum
2976 5095 3131 5144 etiam
3182 5089 3341 5141 habet
3387 5085 3644 5141 debilitatio‘
3688 5082 3727 5151 iu

2216 5184 2448 5236 vocalem
2510 5182 2723 5250 syllaba:
2780 5180 3085 5235 formativae.
3148 5177 3281 5231 lluic
3332 5173 3594 5230 allectioni
3641 5170 3727 5222 sola

2216 5272 2407 5325 vocalis
2434 5288 2465 5322 α
2498 5269 2769 5337 subiacet,
2800 5284 2915 5337 qua:
2945 5269 3039 5322 sub
3067 5266 3178 5333 ejus
3206 5264 3405 5319 inlluxu
3433 5274 3547 5315 cum
3577 5256 3679 5311 ἕπει
3708 5270 3731 5302 ιι

2142 5362 2150 5371 ’
2216 5366 2590 5423 commutatur;
2621 5358 2763 5425 atqui
2808 5355 3099 5411 dcbilitatio
3123 5363 3229 5407 tum
3258 5367 3325 5405 ex
3363 5359 3543 5404 natura
3561 5339 3733 5399 vocalis

2180 5568 2191 5571 -
2219 5525 2393 5593 operis
2422 5522 2641 5577 decursu
2692 5522 2881 5586 ubique
2901 5518 3065 5593 aderit
3098 5529 3211 5593 voc.
3252 5506 3543 5593 obsonant-Ia
3569 5501 3730 5593 trauli-

2220 5573 2635 5648 {ibiiéiiftfdciu’is
2672 5606 2765 5643 seu
2798 5573 2920 5645 soni
2960 5592 3009 5643 in
3052 5605 3080 5641 ει
3104 5588 3232 5649 ium,
3286 5586 3450 5637 lector
3486 5573 3728 5635 lienem“:

2222 5666 2499 5734 intelligas.
2530 5662 2748 5729 lnlerpr.
