3836 6416
584 606 686 663 M1

566 715 713 784 plura
741 723 861 771 sunt
888 714 1161 779 vocabula,
1185 688 1875 783 inanimata,proprietates,
1918 721 2060 767 artes
2088 754 2105 781 ,

562 802 1130 869 alectioncsveanimi,
1151 811 1281 867 etc.,
1311 802 1682 869 exprimentia.
1701 816 1839 871 quas,
1864 817 1957 869 per
1985 817 2104 870 pcr-

558 893 979 947 sonificationem
1006 890 1248 945 omnibus
1275 889 1463 959 linguis
1487 904 1815 944 communem
1858 891 2100 943 masculi-

557 996 629 1039 no
682 970 999 1037 feminiuove
1026 995 1217 1051 genere
1245 981 1433 1035 donata
1462 988 1605 1043 sunt,
1652 989 1708 1033 ut
1737 981 1903 1047 bagms
1934 994 2095 1034 masc.

567 1070 747 1136 arbor,
770 1069 926 1141 sirpe
947 1069 1071 1124 lem.
1103 1078 1265 1134 terra,
1294 1070 1437 1122 doms
1466 1082 1629 1121 masc.
1654 1066 1927 1135 judicium,
1953 1084 2099 1122 muns

556 1172 724 1213 masc.
752 1160 1034 1225 sententia,
1059 1158 1287 1227 gaftugds
1325 1156 1448 1211 fetu.
1490 1157 1755 1225 cogitatio,
1812 1172 1927 1209 nens
1969 1157 2094 1223 rem.

552 1261 703 1317 spes,
725 1256 829 1302 etc.
855 1245 984 1300 Vice
1008 1260 1156 1299 versa
1188 1244 1434 1299 nonnulla
1454 1253 1575 1298 sunt
1602 1244 1879 1309 vocabula,
1916 1259 2099 1312 perso—

551 1350 649 1390 nas
672 1334 1035 1404 significantia,
1065 1348 1181 1403 quas
1225 1347 1399 1386 rerum
1422 1347 1609 1401 genus,
1648 1332 1697 1385 id
1726 1341 1827 1397 est,
1858 1342 2099 1387 neutrum

553 1439 661 1494 pra
676 1438 733 1478 se
746 1424 935 1485 ferunt,
956 1422 1065 1476 sive
1085 1437 1268 1477 eorum
1289 1435 1455 1490 genus
1480 1420 1805 1475 indefinitum
1822 1436 2093 1476 remanere

550 1511 830 1575 voluerint,
843 1510 963 1564 utin
978 1511 1099 1562 bam
1110 1511 1167 1564 τὸ
1178 1508 1387 1566 παιδίου.
1404 1508 1592 1572 infans,
1608 1523 1788 1578 gaman
1815 1508 1841 1563 ὃ
1860 1509 2089 1575 πλησίας,

549 1601 840 1671 proximus,
854 1599 963 1653 sive
978 1590 1069 1667 pe}
1083 1607 1431 1666 contemptum
1447 1598 1758 1666 personasin
1776 1612 1949 1651 rerum
1962 1599 2095 1652 clas-

545 1688 1319 1760 semdeprimereiutenderint,
1351 1686 1472 1741 utin
1496 1686 1639 1757 penis
1671 1684 1863 1740 neut‘r.‘
1890 1686 2091 1740 manci-

545 1778 948 1852 pium,gtukalki
958 1788 1131 1834 neutr.
1143 1791 1448 1832 conservus.
1468 1775 1620 1829 Aliud
1638 1783 1717 1829 est
1748 1789 1913 1844 genus
1947 1788 2091 1828 com-

543 1887 701 1927 mune
714 1886 807 1941 pro
819 1869 1108 1936 vocabulis,
1120 1883 1236 1937 qua:
1245 1868 1471 1921 animata
1486 1866 1753 1935 utriusque
1779 1866 1986 1934 generis
1997 1881 2089 1920 seu

544 1975 706 2016 sexus
716 1960 1013 2029 exprimunt
1024 1964 1077 2014 et
1090 1965 1475 2026 consequenter
1485 1952 1927 2010 utmasculina'vel
1942 1954 2093 2010 femi-

1563 600 2005 659 GBAHIIATICA
2044 601 2362 660 GOTlllCE
2385 603 2703 663 LINGUE.
2741 656 2747 664 .

3642 613 3724 668 948

2205 717 2325 770 uina
2337 727 2674 786 usurpantur,
2687 717 2936 784 utasiln,
2948 730 3107 773 masc.
3124 720 3324 785 asinus,
3340 720 3459 777 fem.
3475 723 3725 789 αὐαιθυὶ

2203 819 2355 860 casus
2370 821 2471 859 non
2484 806 2582 861 nisi
2599 821 2720 862 raro
2732 816 3034 872 occanunt,
3050 821 3170 863 cum
3181 810 3449 865 ordinario
3464 823 3725 884 mutatogc.

2202 908 2328 948 nere
2354 904 2703 956 commutatur
2722 896 2910 961 forma,
2945 907 3001 951 ut
3046 898 3314 953 insvafltra
3361 916 3525 957 masc.
3576 918 3721 969 socer,

2198 982 2541 1037 fem.svailtro
2568 1000 2772 1051 socrus,
2802 985 2927 1055 pius
2956 1001 3121 1041 masc.
3174 986 3436 1053 famulus,
3485 991 3608 1046 rem.
3630 993 3725 1063 [)it't'

2199 1074 2410 1140 famula,
2433 1092 2609 1147 magus
2635 1092 2799 1131 masc.
2833 1092 2986 1146 puer,
3010 1077 3143 1132 rem.
3179 1081 3311 1132 mani
3355 1081 3497 1149 (loco
3544 1084 3723 1153 magvt'.’

2198 1163 2418 1218 Grimm.
2467 1164 2554 1229 Ill,
2603 1165 2752 1233 356)
2796 1167 2987 1235 puella.
3033 1168 3155 1221 llazc
3204 1169 3414 1225 aliunde
3455 1170 3617 1225 fusius
3649 1172 3721 1225 ubi

2198 1250 2266 1303 de
2295 1249 2606 1305 formatione
2639 1252 3010 1307 vocabulorum
3042 1253 3096 1324 (ᾗ
3133 1254 3232 1309 ΝΞ
3256 1257 3398 1324 sqq.)
3418 1258 3717 1312 evolveutur.

2203 1336 2297 1391 llic
2332 1338 2548 1393 relative
2591 1339 2656 1393 ad
2693 1339 3095 1395 declinationem
3139 1343 3317 1398 dicere
3362 1346 3573 1411 suﬂicit,
3601 1347 3719 1414 quod

2196 1436 2437 1481 neutrum
2463 1443 2673 1497 semper
2691 1432 3043 1485 accusativum
3068 1430 3258 1486 formet
3311 1437 3626 1489 nominativo
3659 1438 3719 1490 si-

2194 1517 2391 1581 milem,
2417 1526 2470 1573 et
2491 1518 2795 1573 femininum
2839 1514 3098 1588 pleniores
3149 1523 3359 1577 vocales
3410 1524 3465 1577 in
3516 1522 3720 1580 flexione

2194 1606 2393 1671 diligat.
2420 1606 2477 1660 lu
2501 1608 2767 1663 nonnullis
2788 1618 2961 1663 tamen
2989 1612 3258 1666 vocabulis
3284 1627 3395 1667 sua:
3420 1614 3607 1680 cuique
3640 1628 3719 1681 ge-

2191 1695 2307 1749 neri
2326 1682 2511 1750 daniur
2540 1697 2759 1752 diversae
2780 1698 3196 1767 terminationes,
3240 1702 3311 1755 ita
3366 1711 3422 1755 ut
3448 1703 3610 1771 magis
3634 1702 3718 1755 mi-

2197 1796 2357 1837 nusve
2385 1784 2453 1837 sit
2475 1784 2760 1854 dijudicatu
2787 1784 3020 1851 difﬁcile,
3038 1790 3300 1857 quodnam
3329 1805 3495 1859 genus
3514 1791 3623 1846 haec
3638 1805 3719 1843 νου

2195 1869 2378 1925 cabula
2411 1871 2651 1928 habeant.
2677 1871 2791 1927 Jam
2816 1888 2942 1930 vero
2972 1871 3053 1931 lia:
3075 1879 3472 1934 terminationes
3497 1890 3614 1934 sunt
3642 1895 3654 1907 ·

1736 2084 1790 2155 l)
1811 2084 1876 2139 In
1898 2074 2228 2142 declinatione
2244 2090 2466 2144 vocafica
2493 2107 2515 2145 :

2624 2140 2627 2143 Ἴ
2701 2181 2840 2249 plur.

573 2181 637 2251 α)
671 2180 954 2238 Masculina
996 2196 1009 2233 :
1048 2180 1102 2249 α)
1335 2176 1471 2246 sing.
1612 2187 1756 2230 nom.
1888 2192 1939 2229 σε

2185 2192 2288 2238 ten.
2436 2180 2508 2232 σεε
2701 2181 2840 2249 plur.
2972 2198 3091 2237 nom
3236 2200 3316 2238 -ω
3334 2224 3350 2249 ,
3502 2200 3597 2239 -ιη

782 2298 847 2311 -
1056 2269 1112 2339 β)
1333 2294 1402 2306 —-
1601 2293 1671 2306 —-
1879 2269 1975 2319 θεία

2185 2297 2230 2307 -
2438 2270 2526 2323 σεῖε
2704 2300 2776 2312 --
2978 2302 3050 2315 --
3252 2260 3353 2347 .503

778 2386 847 2400 —
1052 2356 1107 2427 7)
1333 2380 1403 2392 -’
1607 2379 1677 2391 ’-
1884 2354 1974 2431 ιβ’

2185 2383 2232 2397 ·-
2438 2357 2530 2427 ’,ἱὶι
2710 2387 2777 2397 -
2799 2391 2801 2393 ί
2870 2396 2873 2397 ν
2982 2389 3052 2403 -·
3262 2366 3363 2433 -jo.s

776 2478 845 2490 __.
988 2476 999 2485 ,,
1049 2447 1101 2515 δ)
1327 2473 1395 2484 _
1603 2470 1672 2484 —
1879 2458 1966 2496 -ιω

2185 2473 2223 2485 ··
2427 2436 2545 2519 ταδ’
2698 2443 2769 2488 έ
2993 2479 3044 2491 -·
3252 2454 3367 2522 -Ῐιιε

778 2566 846 2579 ..
1052 2536 1099 2603 ⁸)
1323 2562 1409 2608 .-.
1606 2561 1674 2572 -
1719 2522 1723 2526 ’
1882 2548 1969 2584 ,αν

2185 2563 2219 2576 -
2440 2554 2508 2591 ονε
2707 2568 2777 2578 -
2981 2568 3039 2581 —-
3256 2545 3387 2613 4qu

570 2631 624 2698 ι)
659 2629 851 2687 Neutra
892 2646 904 2682 :
1048 2631 1104 2695 α)
1323 2623 1457 2691 sing.
1602 2636 1721 2676 nom
1882 2652 1916 2662 -
2158 2639 2278 2692 gen.
2432 2627 2521 2678 4's
2706 2626 2824 2695 plur
2988 2643 3133 2683 nom.
3262 2647 3320 2682 -a

774 2747 843 2758 ...
1050 2715 1108 2785 β)
1326 2737 1397 2751 -
1602 2738 1671 2749 -
1887 2712 1927 2762 -ί

2185 2741 2221 2751 -
2432 2715 2525 2785 -jis
2709 2743 2778 2755 —
2986 2745 3052 2756 —
3265 2722 3343 2790 .ja

770 2834 842 2851 _
1046 2802 1396 2875 γ)“-
1606 2828 1674 2839 -—-
1891 2816 1951 2851 -u

2185 2828 2217 2839 "
2432 2802 2529 2856 ὐίε
2716 2831 2786 2844 -
2994 2834 3063 2845 -
3268 2826 3353 2863 -υα

772 2926 841 2938 -
1049 2894 1099 2960 δ)
1322 2919 1392 2933 --
1600 2920 1667 2930 -
1888 2908 1947 2943 -ιι

2192 2919 2227 2931 δ
2431 2910 2525 2947 -αα
2707 2922 2777 2936 -
2983 2924 3052 2937 ——
3255 2897 3406 2955 deest

564 2986 633 3057 ε)
671 2984 941 3042 Feminiua
973 3000 986 3036 :
1036 2983 1091 3049 α)
1313 2980 1448 3048 sing.
1591 2991 1731 3031 nom.
1882 2996 1939 3030 -a

2185 2994 2266 3035 en.
2424 2998 2500 3035 σοι
2702 2983 2818 3051 plur
2978 2988 3148 3054 nom;
3248 3003 3333 3041 σοι

771 3106 835 3121 ..-
1044 3076 1100 3144 β)
1328 3098 1398 3112 --
1603 3098 1672 3109 —-
1878 3071 1919 3120 οἱ

2185 3099 2216 3111 -
2422 3074 2526 3144 -jos
2699 3100 2770 3113 —
2976 3102 3045 3113 --
3234 3080 3354 3147 πίοι

771 3198 839 3211 --
1043 3166 1100 3239 γ)
1322 3192 1389 3203 -
1599 3190 1668 3202 -
1888 3179 1934 3215 -ε

2185 3192 2219 3203 -
2424 3167 2525 3219 -σὶο
2706 3197 2771 3206 -
2984 3194 3050 3205 —-
3261 3170 3356 3223 seis

767 3286 837 3299 _.
1041 3252 1095 3321 δ)
1327 3279 1395 3290 -
1605 3278 1672 3289 -
1882 3265 1965 3301 -ιιε

2185 3262 2223 3291 ‘-
2425 3269 2565 3319 -aua_
2608 3246 2611 3249 ’
2704 3284 2773 3297 υ-
2984 3283 3055 3293 -
3259 3260 3360 3322 οῇκι

766 3377 836 3389 -
1042 3348 1088 3413 ι)
1327 3370 1395 3382 -
1601 3370 1669 3380 --
2150 3367 2219 3379 -
2703 3376 2771 3388 -
2972 3380 3041 3391 .-

1667 3430 1725 3500 Ξ)
1748 3428 1811 3483 In
1838 3430 2167 3485 declinatione
2192 3436 2546 3493 consonantia:
2574 3454 2596 3491 :
2722 3473 2727 3476 ο

558 3536 627 3604 a)
663 3526 939 3589 Masculina
977 3551 993 3587 ε
1314 3528 1449 3597 sing.
1593 3539 1733 3579 nom.
1868 3540 1924 3577 σα
2142 3538 2265 3593 gen.
2422 3528 2525 3580 -t'na
2699 3532 2835 3599 plur.
2980 3549 3120 3590 nom.
3255 3550 3377 3588 -απε

557 3626 609 3693 ι)
646 3624 836 3679 Neutra
868 3639 880 3674 :
1311 3646 1379 3661 -ο
1585 3644 1658 3660 ..-
1863 3632 1918 3667 ,ο

2185 3642 2210 3657 ί
2420 3618 2518 3671 ’ἷηε
2700 3650 2769 3662 --
2972 3651 3041 3664 --
3252 3640 3375 3678 -ona

558 3714 606 3782 ε)
650 3709 912 3767 Feminiua
940 3726 953 3761 :
1316 3730 1385 3747 —-
1596 3733 1662 3744 -
1869 3720 1923 3755 -o

2185 3735 2216 3744 ··
2424 3722 2534 3760 -οιη
2704 3738 2774 3749 -—-
2980 3740 3049 3751 -ο
3253 3728 3371 3764 ’0118

729 3826 797 3839 _...
1311 3822 1378 3835 ..-
1588 3820 1689 3861 -ι
1862 3795 1957 3842 -εὶ,

2185 3819 2210 3832 ··
2417 3795 2546 3846 ’ἀπ’
2694 3824 2763 3837 --
2873 3798 2877 3803 ’
2969 3828 3037 3841 ——
3192 3802 3383 3853 '-et'us

594 3936 621 4006 ς
637 3936 723 3990 60.
741 3934 795 3989 Ν
799 3949 997 4002 umerus
1012 3946 1104 3998 pro
1119 3925 1453 3984 substantivis
1465 3924 1652 3993 duplex
1669 3932 1749 3977 est
1765 3938 1778 3976 :
1792 3922 2069 3991 singularis

520 4025 723 4079 scilicet
771 4030 827 4077 et
860 4020 1096 4090 pluralis.
1159 4017 1368 4077 Dualis,
1408 4013 1495 4082 qui
1574 4014 1626 4066 in
1658 4013 1971 4079 pronomine
2015 4022 2067 4067 et

521 4112 685 4169 verbo
713 4110 991 4179 reperitur,
1024 4109 1074 4161 in
1100 4101 1441 4159 substantivis
1465 4114 1718 4168 nusquam
1749 4102 1994 4152 occurrit.
2054 4124 2059 4125 ν

590 4202 618 4272 §
642 4201 728 4255 Gl.
758 4199 976 4265 Utrique
997 4208 1218 4249 numero
1246 4192 1476 4260 quinque
1505 4199 1625 4245 sum
1646 4204 1789 4242 casus
1834 4205 1851 4240 :
1894 4189 2065 4241 nomi-

522 4292 729 4346 nativus
754 4291 974 4352 scilicet,
1019 4285 1306 4348 vocativus,
1366 4282 1718 4341 accusativus,
1776 4280 1985 4333 dativus
2012 4291 2068 4333 et

518 4378 795 4449 genitivus.
828 4376 991 4430 Casus
1017 4372 1428 4427 instrumentalis
1474 4371 1525 4424 in
1575 4368 1911 4423 subslant’vis
1960 4383 2064 4421 non

516 4464 759 4535 equidem
790 4462 1070 4524 invenitur,
1098 4460 1188 4513 sed
1220 4460 1272 4511 in
1300 4458 1611 4526 pronomine
1632 4456 1863 4523 quaedam
1913 4456 2066 4525 liquit

517 4555 735 4623 vestigia
764 4554 893 4622 (vid.
919 4552 978 4622 §§
1014 4551 1134 4618 l08,
1167 4548 1309 4620 HO).
1351 4548 1498 4615 Quod
1537 4547 1583 4601 si
1624 4548 1832 4612 insutrer
1855 4547 2062 4614 gotliica

518 4647 753 4713 nomina,
780 4654 839 4699 ut
860 4643 992 4697 infra
1023 4640 1276 4707 dicemus,
1318 4654 1381 4694 ex
1435 4640 1600 4694 forma
1646 4653 1858 4691 casuum
1886 4639 1936 4692 in
1982 4654 2064 4692 va-

516 4738 621 4791 rias
648 4734 1026 4791 declinationes
1044 4728 1369 4797 ordinantur,
1394 4730 1512 4782 haec
1536 4728 1764 4782 varietas
1822 4729 2063 4783 consistit

515 4829 691 4883 minus
712 4826 763 4881 in
794 4825 1080 4879 mutatione
1110 4823 1533 4876 terminationum
1574 4819 1787 4873 omnino
1830 4818 2061 4871 diversa~

514 4932 651 4981 rum,
670 4905 824 4984 uuam
846 4914 898 4966 in
919 4912 1169 4967 varietate
1190 4910 1501 4980 syllabarum
1520 4907 1819 4962 radicalium
1846 4908 1926 4961 vel
1970 4907 2061 4960 de-

513 5004 798 5062 rivatarum
832 5002 965 5055 hanc
1020 4998 1421 5069 praecedentium
1448 5007 1499 5051 et
1539 4998 1589 5049 in
1637 4997 1790 5065 hujus
1820 4998 1869 5049 io
1920 4996 2057 5049 illam

512 5093 733 5149 inﬂuxu.
768 5090 899 5144 lllnc
918 5104 984 5143 ex
1009 5090 1349 5156 sequentibus
1370 5088 1507 5141 notis
1550 5086 1889 5154 dignoscendi
1936 5095 2058 5139 sunt

511 5185 567 5239 in
590 5196 784 5252 genere
808 5193 962 5235 casus
996 5178 1263 5247 utriusque
1290 5177 1492 5230 numeri
1514 5184 1570 5228 et
1597 5176 1648 5228 in
1679 5173 1920 5229 omnibus
1962 5174 2057 5228 de-

509 5271 904 5327 clinationibus.
1122 5292 1127 5297 -
1922 5326 1926 5329 ι

578 5359 942 5417 Nominativus
964 5355 1272 5409 terminatur
1293 5354 1346 5407 in
1377 5353 1610 5407 vocalem
1642 5353 1723 5405 vel
1744 5352 1794 5404 i.i
1828 5368 1901 5414 -s,
1927 5367 2055 5405 neu-

510 5460 593 5507 tro
612 5450 773 5507 etiam
795 5448 845 5503 in
868 5448 1000 5501 alias
1027 5453 1378 5499 consonantes
1410 5444 1587 5507 finito;
1618 5442 1886 5495 vocativus
1914 5444 2048 5510 sing.

509 5540 835 5597 nominativo
859 5535 1125 5600 convenit,
1156 5534 1353 5602 rejecto
1386 5540 1585 5586 tantum
1615 5549 1638 5585 ι
1667 5532 1785 5583 huic
1813 5532 2051 5598 proprio;

510 5630 842 5688 accusativus
863 5625 1001 5695 sing.
1034 5626 1082 5677 iu
1114 5638 1305 5693 genere
1336 5623 1565 5675 radicem
1597 5622 1832 5673 vocabuli
1864 5622 2053 5674 nudam

508 5722 746 5789 praebet;
788 5718 992 5770 dativus
1018 5715 1153 5783 sing.
1184 5713 1421 5781 primitus
1449 5712 1755 5765 terminatur
1786 5712 1837 5767 in
1868 5728 1896 5760 a
1921 5727 1938 5773 ;
1964 5726 2053 5778 ge-

510 5811 704 5865 nitivus
746 5810 907 5875 sing.,
940 5807 992 5859 in
1024 5822 1067 5859 ε.
1109 5804 1320 5857 Necnon
1344 5814 1395 5855 et
1426 5804 1772 5855 nominativus
1802 5811 1852 5852 ct
1894 5817 2051 5854 voca-

511 5902 651 5955 tivus
677 5899 815 5967 plur.
846 5910 1007 5949 masc.
1037 5906 1088 5948 et
1120 5894 1243 5947 fetu.
1276 5892 1327 5946 in
1353 5909 1398 5959 ε,
1426 5892 1668 5946 neutr.iu
1698 5908 1728 5942 a
1756 5891 2043 5945 terminan-

2176 3934 2292 3988 tur;
2321 3926 2647 3980 accusativus
2688 3927 2825 3995 plur.
2853 3929 2905 3981 in
2935 3946 2961 3982 ε
2980 3929 3061 3982 vel
3088 3945 3166 3995 ns,
3198 3937 3372 3983 neutr.
3398 3931 3448 3981 in
3475 3945 3555 3993 a;
3594 3929 3703 3983 dati

2175 4032 2270 4070 vus
2295 4018 2433 4086 plur.
2476 4017 2527 4070 in
2572 4034 2662 4083 m;
2702 4017 2963 4086 genitivus
2992 4020 3125 4087 plur.
3167 4020 3217 4071 in
3245 4034 3400 4072 unam
3441 4019 3725 4088 longarum

2169 4107 2422 4160 vocalium
2451 4122 2477 4160 ε
2508 4108 2590 4161 vel
2621 4124 2670 4163 ο.
2694 4109 2834 4175 Quas
2858 4123 3042 4163 omnes
3073 4108 3465 4164 terminationes
3488 4123 3727 4178 sequens

2168 4195 2343 4249 tabula
2372 4195 2585 4250 exhibet
2615 4212 2628 4249 :

2549 4282 2676 4350 Sing
3047 4282 3192 4337 Plur.

2338 4371 2491 4445 Nom.
2565 4402 2634 4413 -
2656 4414 2670 4437 ,
2700 4388 2723 4426 ε
3095 4391 3138 4435 s,
3267 4375 3458 4443 (neutr.
3492 4374 3553 4443 α)

2344 4459 2468 4514 Voc.
2518 4496 2523 4501 .
2568 4466 2636 4507 σέ·-
3098 4477 3144 4527 ε,
3269 4462 3463 4532 (neutr.
3486 4463 3549 4529 α)

2338 4550 2467 4606 Acc.
2578 4579 2648 4593 --
3097 4568 3142 4611 ι,
3171 4568 3249 4617 ns,
3272 4554 3468 4621 (neutr.
3487 4551 3550 4618 α)

2342 4640 2461 4694 Dat.
2589 4657 2621 4693 α
2649 4640 2741 4712 (ai,
2770 4640 2862 4710 au)
3092 4656 3142 4691 m

2336 4728 2467 4783 Gen.
2584 4746 2609 4784 ε
3092 4745 3140 4791 e,
3169 4743 3221 4782 ο.

2233 4819 2368 4889 §62.
2392 4820 2469 4873 Ad
2495 4821 2663 4873 varias
2685 4818 3067 4877 declinationes
3084 4818 3396 4873 dividendas
3422 4816 3614 4869 thema
3634 4830 3725 4869 seu

2161 4911 2309 4962 radix
2337 4908 2575 4965 vocabuli
2606 4909 2866 4976 imprimis
2892 4918 2976 4964 est
2998 4907 3348 4964 observanda.
3374 4907 3591 4961 Radice
3610 4919 3726 4959 eam

2164 5000 2381 5051 formam
2420 4998 2732 5052 substantivi
2777 4998 3132 5067 intelligimus.
3194 5012 3313 5068 quae
3352 4998 3480 5050 licet
3526 5010 3630 5063 per
3671 5007 3728 5046 se

2162 5090 2326 5157 ipsam
2356 5090 2547 5143 nullam
2590 5088 2728 5143 l..-rte
2768 5102 2985 5143 casuum
3032 5088 3451 5155 designationem
3504 5086 3728 5145 haheat,

2132 5174 2257 5232 nec
2310 5178 2361 5230 in
2412 5179 2583 5244 lingua
2605 5179 2773 5247 qualis
2800 5178 3253 5247 est,generaliter
3276 5176 3501 5237 existat,
3548 5185 3727 5251 tamen

2160 5271 2224 5322 ad
2250 5269 2551 5321 formandos
2578 5283 2750 5332 casus,
2774 5269 2838 5322 ad
2862 5267 3201 5322 evolvendam
3225 5266 3665 5320 declinationem
3681 5274 3730 5317 et

2159 5358 2485 5410 formandum
2534 5357 2840 5409 vocabulum
2869 5358 2937 5410 ita
2966 5356 3429 5409 fundamentaliter
3464 5355 3725 5413 inservit,

2155 5460 2213 5503 ut
2240 5466 2343 5503 non
2374 5450 2541 5503 solum
2572 5463 2755 5501 omnes
2795 5450 3079 5503 existentes
3105 5448 3483 5502 declinationis
3516 5450 3729 5510 forms.

2160 5540 2251 5591 sed
2277 5540 2431 5591 etiam
2472 5540 2655 5590 formae
2688 5553 2752 5592 ex
2783 5540 3131 5593 existentibus
3157 5536 3426 5591 vocabulis
3460 5538 3731 5592 derivata

2158 5627 2221 5678 ad
2252 5628 2379 5679 hanc
2407 5626 2583 5679 reduci
2614 5627 2831 5692 possint.
2862 5629 3025 5692 Quam
3068 5625 3346 5679 radicalem
3374 5626 3628 5681 formato
3678 5625 3731 5681 in

2156 5716 2378 5769 decursu
2409 5715 2581 5783 operis
2614 5717 2800 5770 litteris
2829 5714 3118 5769 uncialibus
3148 5715 3475 5770 notavimus.

2226 5802 2251 5870 §
2283 5803 2369 5855 65.
2402 5801 2691 5855 Declinatio
2720 5801 2771 5855 in
2798 5788 2929 5854 duas
2954 5810 3129 5866 partes
3154 5801 3430 5864 dividitur,
3465 5818 3614 5871 quas
3636 5818 3725 5855 ve-

2154 5903 2290 5946 teres
2330 5906 2358 5944 a
2389 5891 2602 5946 nomine
2631 5890 2697 5945 ad
2739 5890 3054 5959 adjectivum
3085 5893 3324 5961 proxime
3360 5894 3729 5957 accendeuii,
