3858 6356
176 407 281 463 illi]

172 517 422 585 fairinaad:
446 526 496 573 ct
525 518 943 588 ungafairinops,
972 527 1254 585 utrumque
1280 536 1375 586 pro
1403 520 1693 590 ἀνέγκλητος

171 605 543 672 irrepreltensus
566 607 817 672 positum.
846 605 1012 659 Aliter
1042 621 1103 661 se
1126 607 1284 660 habet
1304 607 1433 661 Mth.
1458 622 1601 669 xm,
1628 608 1697 662 75

169 693 240 746 ubi
260 693 469 757 Gothus,
495 696 716 764 ἐμνήσθη
749 694 772 747 ὁ
793 698 976 767 Πέτρος
1000 701 1090 748 ταῦ
1130 697 1348 771 ῥήματος
1368 697 1531 754 Ἰησοῦ
1557 697 1695 768 εἰρη-

168 781 283 840 rlro;
302 785 428 855 αὖτῷ
466 797 561 850 per
586 785 845 853 gamunda
872 786 1066 850 paitnts
1100 789 1299 837 vaurdis
1323 787 1476 837 iesut's
1513 785 1623 852 qi};
1639 800 1697 836 a-

167 871 251 921 nis
284 872 347 921 du
383 872 450 924 sis
495 884 850 935 convertens,
892 872 1116 940 qibarnis
1158 873 1222 926 ad
1273 874 1475 926 vourdis
1533 874 1698 926 refert

1559 410 1646 465 DE
1681 411 1957 469 NCMlNE.

3225 402 3351 460 ΚΕΖ

1796 519 1965 586 (verbi
1984 518 2130 582 Jesu,
2151 517 2291 584 quod
2314 517 2508 572 dictum
2529 525 2611 571 est
2633 515 2727 585 ei),
2753 530 2872 570 eum
2895 516 2959 570 ad
2983 516 3137 570 iam“:
3157 514 3354 570 referre

1796 607 2069 661 debuisset
2094 606 2205 673 (qui
2224 606 2432 660 dixerat
2454 603 2573 675 illi).
2598 604 2769 658 Minus
2798 603 2973 659 adhuc
3001 614 3179 672 coitgr-
3201 614 3354 658 enter

1798 696 1900 750 Mc.
1931 710 2021 758 xv,
2051 695 2122 748 28
2159 695 2419 769 ἐπληρώθη
2462 696 2493 751 ri
2533 698 2697 767 γραφή
2719 695 2748 750 ἡ
2771 694 2990 765 λένὺυσα
3016 693 3238 745 activum
3262 705 3353 745 eo-

1797 786 1917 839 dem
1945 785 2103 838 modo
2125 784 2176 838 in
2200 786 2464 851 passivum
2493 792 2871 837 commutatum
2902 790 2984 835 est
3020 781 3072 834 in
3100 782 3354 848 interpre-

1800 871 1997 925 tatione
2024 870 2321 940 usfullttoda
2348 869 2475 940 [tata
2504 871 2753 938 σουπειίΔο
2776 868 2907 939 pata
2936 871 3000 937 qi
3008 866 3205 937 pono.
3245 887 3262 919 ι

1519 1022 1600 1081 ll.
1661 1018 1958 1079 NOMEN.

614 1135 654 1185 I.
701 1135 1203 1185 SL’BSTANTH'UM.

221 1264 245 1333 ᾗ
282 1265 393 1321 t9l.
435 1268 499 1321 Α.
541 1268 970 1322 ArenLurtvmt.

224 1369 259 1423 1.
298 1370 365 1423 De
390 1387 603 1439 genere.

221 1456 267 1523 t)
309 1458 359 1511 ln
398 1458 611 1527 gothico
653 1474 899 1517 sermone
944 1470 1174 1515 neutrum
1218 1462 1375 1517 ctiam
1404 1474 1571 1529 genus
1607 1469 1691 1515 est

164 1547 390 1609 naturale,
420 1563 539 1601 cum
569 1562 665 1603 nec
692 1550 1038 1604 masculinum
1058 1565 1155 1605 nec
1176 1550 1483 1605 femininum
1511 1550 1690 1604 exclu-

159 1633 235 1686 dat
258 1634 333 1702 (ut
354 1636 468 1703 ejus
496 1638 712 1691 nomine
740 1637 1025 1705 indicatur)
1040 1678 1056 1700 ,
1079 1638 1172 1692 sed
1202 1646 1468 1705 utrumque
1489 1637 1689 1704 ample-

161 1730 309 1775 ctatur
341 1733 394 1777 et
442 1724 725 1781 coadunet.
754 1724 871 1778 Jam
915 1740 1041 1779 vero
1078 1736 1319 1779 neutrum
1351 1740 1454 1779 non
1484 1733 1686 1779 tantum

160 1810 359 1862 occurrit
390 1818 445 1863 ut
471 1825 643 1880 genus
681 1814 954 1880 proprium
1000 1814 1370 1868 nonnullorum
1400 1815 1689 1869 substanti-

162 1907 341 1959 rorum,
362 1912 480 1964 qua:
502 1896 642 1952 infra
671 1898 725 1967 ο)
746 1908 801 1953 et
827 1900 917 1968 aa)
947 1900 1299 1969 subjecimus,
1330 1901 1424 1956 sed
1445 1902 1603 1957 etiam
1632 1903 1685 1956 in

124 2008 127 2009 ν
160 1983 443 2048 qu‘busdam
486 1989 993 2054 constructionibus,
1019 2003 1139 2045 cum
1169 1990 1368 2043 scilicet
1394 2004 1685 2058 pronomen

139 2070 228 2123 ιςει
245 2075 501 2129 numerate
526 2084 584 2128 ut
607 2075 903 2145 subjectum
931 2077 1244 2139 inserviens,
1274 2077 1368 2131 sed
1394 2078 1459 2131 ad
1483 2093 1686 2132 mascu-

159 2158 296 2213 linum
324 2162 473 2216 simul
502 2172 559 2218 et
598 2164 904 2219 femininum
932 2168 1155 2221 relatum
1177 2208 1193 2234 ,
1220 2168 1273 2221 in
1318 2178 1507 2223 neutro
1537 2172 1684 2237 poni-

158 2256 245 2313 tur,
269 2253 367 2305 vid.
398 2252 573 2323 μοί),
595 2255 647 2309 5.
673 2254 1019 2310 Masculinum
1041 2267 1219 2313 autem
1248 2274 1416 2328 genus
1444 2269 1527 2315 est
1548 2262 1685 2328 prin-

157 2348 277 2406 seps,
304 2345 575 2410 agentibus
602 2344 892 2413 proprium,
914 2346 1039 2400 dum
1081 2350 1116 2416 [ε
1133 2349 1378 2401 mininum
1408 2351 1683 2406 vocabulis

158 2425 383 2483 derivatis
428 2437 484 2485 et
526 2432 774 2487 motionis
813 2433 1092 2501 capacibus
1138 2434 1473 2503 pcculiariter
1511 2451 1687 2492 reser-

160 2522 302 2571 Vatur.

274 2628 325 2694 a)
345 2625 599 2683 Naturale
622 2647 797 2701 genus.

216 2717 292 2786 aa)
319 2717 569 2774 Neutrum
596 2722 648 2775 in
674 2736 831 2777 sensu
854 2721 1016 2792 supra
1034 2726 1197 2791 dicto,
1230 2727 1280 2781 id
1306 2735 1408 2793 est,
1438 2729 1686 2785 masculi-

162 2816 265 2857 num
289 2816 337 2859 et
362 2808 667 2863 femininum
693 2811 746 2864 in
787 2825 848 2865 se
872 2812 1170 2876 continens,
1200 2828 1365 2881 genus
1392 2826 1475 2870 est
1516 2818 1685 2871 nornis

160 2892 229 2945 nis
252 2894 364 2960 Dei,
392 2897 538 2967 gap,
565 2899 704 2967 quod
729 2900 771 2952 si
803 2901 1085 2967 recentius,
1122 2901 1371 2956 inﬂuente
1397 2903 1681 2961 christiana

160 2982 398 3051 religione,
431 2995 488 3040 ut
512 2988 857 3043 masculinum
879 2998 1186 3060 usurpatum
1212 2990 1396 3055 fuerit,
1422 2994 1683 3060 primitive

160 3071 318 3125 saltem
347 3084 589 3129 neutrum
619 3085 702 3131 est
741 3076 863 3147 (nec
905 3079 1280 3134 attendendum
1323 3090 1405 3134 est
1431 3081 1493 3133 ad
1526 3095 1684 3149 pecu-

163 3156 269 3213 liare
295 3165 596 3218 vocabulum
621 3167 729 3235 gud
750 3181 843 3234 pro
872 3167 1017 3223 falsis
1040 3169 1155 3223 deis
1182 3177 1527 3236 reservatum,
1562 3186 1681 3240 pro-

162 3254 259 3312 pter
280 3250 406 3315 plur.
442 3253 581 3320 guda
606 3253 759 3307 Joan.
789 3271 844 3321 x,
874 3255 963 3320 54,
989 3257 1089 3321 35,
1111 3271 1231 3312 eum
1260 3257 1375 3312 Gal.
1410 3274 1481 3323 tv,
1516 3261 1548 3313 8
1577 3270 1682 3316 s'et

160 3334 291 3386 etiam
310 3337 473 3408 gitpa)
502 3348 559 3394 et
582 3340 845 3408 significat
864 3342 1223 3409 divinitatem,
1250 3359 1352 3399 non
1376 3348 1542 3400 solum
1564 3347 1680 3415 ejus

162 3422 306 3478 ideatn
324 3438 372 3481 et
390 3428 785 3495 cogitationem,
798 3430 890 3485 sed
907 3445 1023 3486 eam
1045 3440 1101 3485 ut
1115 3432 1270 3487 deum
1292 3443 1345 3488 et
1364 3434 1513 3487 deam
1530 3435 1679 3489 exhi-

161 3509 284 3576 bens,
306 3516 439 3571 unde
461 3516 804 3573 confirmatur
825 3519 1113 3575 Gothorum
1142 3521 1544 3591 pulytlteismus.
1569 3524 1675 3578 Eo-

159 3595 257 3651 tletn
282 3603 429 3656 modo
450 3603 549 3658 sibi
574 3602 1382 3673 effingebantskoltsldmmonem
1405 3612 1677 3681 utriusque

160 3689 353 3751 generis.
376 3690 595 3761 Insuper
620 3705 804 3749 neutra
824 3705 946 3749 sunt
968 3696 1093 3750 barri
1121 3698 1259 3753 illius
1281 3700 1490 3769 (τέκνον)
1516 3709 1570 3756 et
1597 3701 1679 3755 di—

160 3774 436 3834 tninutivum
472 3782 669 3835 barnilo
710 3781 925 3849 ﬁliolus,
981 3784 1208 3851 (amics.
1264 3786 1542 3854 τεκνίδιον),
1597 3789 1676 3854 fa-

159 3861 277 3916 dra'n
297 3878 535 3935 parentes
565 3872 739 3939 (pater
770 3878 825 3924 et
852 3871 1059 3940 mater),
1084 3887 1271 3943 gamau
1309 3886 1502 3931 comes.
1530 3873 1674 3944 peris

161 3950 371 4010 minister
394 3958 638 4025 (ancillus
666 3967 719 4013 et
745 3959 993 4027 ancilla);
1023 3963 1309 4015 masculina
1350 3971 1525 4017 autem
1554 3974 1676 4019 sunt

160 4039 285 4105 {mu
303 4057 447 4110 puer,
473 4044 591 4099 licet
613 4044 738 4100 Cor.
763 4048 826 4113 ll,
850 4062 920 4112 vt,
943 4049 1010 4102 15
1034 4064 1135 4103 non
1162 4050 1227 4103 ad
1259 4050 1497 4107 homines
1520 4067 1675 4120 βορη-

159 4125 331 4183 tiariter
358 4131 682 4188 referendum
712 4136 805 4201 sit,
830 4146 886 4192 et
915 4154 1099 4193 manna
1128 4139 1307 4206 homo,
1330 4143 1447 4210 quia
1472 4143 1540 4198 de
1566 4159 1673 4197 nta-

158 4229 204 4269 re
228 4222 473 4290 pracipne
493 4225 776 4293 cogitatur.

214 4309 284 4379 ιδ)
310 4311 375 4367 Ut
398 4318 666 4370 masculina
695 4331 814 4372 cum
846 4331 1025 4373 eorum
1059 4318 1495 4386 respondentibus
1524 4324 1671 4392 femi-

158 4396 266 4450 nini:
288 4414 558 4457 occurrunt
591 4423 605 4455 :
636 4409 765 4472 mir,
796 4421 915 4460 raro
939 4424 1087 4476 guma
1118 4410 1196 4460 vir
1215 4436 1283 4448 -—
1304 4411 1421 4477 qino
1452 4410 1666 4477 femina,

160 4488 439 4562 luygalaups
460 4495 768 4549 adolescens
787 4522 858 4534 -—
884 4497 1099 4565 magalia
1136 4497 1311 4565 virgo,
1344 4515 1515 4567 magns
1546 4516 1673 4566 puer

159 4601 215 4615 —
238 4581 359 4631 πιαυὶ
385 4580 572 4648 puella,
605 4580 810 4649 magula
851 4586 1099 4649 puerulus
1122 4613 1181 4624 —
1221 4588 1403 4639 mat-ilo
1434 4589 1666 4653 puerula,

158 4663 235 4716 Iba
259 4668 558 4738 vir—aena
604 4673 823 4737 mulier,
881 4679 989 4723 alta
1031 4683 1083 4728 et
1112 4675 1337 4739 (tantum
1384 4675 1498 4728 Gal.
1533 4691 1601 4739 tv,
1637 4678 1669 4730 ϐ

158 4772 199 4808 to
216 4761 433 4831 exordio)
456 4763 606 4831 fadar
625 4772 774 4831 pater
793 4789 863 4804 -—
880 4761 1023 4831 αἱρεῖ
1048 4772 1237 4827 mater,
1259 4781 1416 4818 surtu:
1444 4766 1579 4819 lilitts
1606 4796 1668 4806 —-—

159 4844 348 4902 daahtar
374 4852 493 4917 lilia,
519 4852 719 4923 bropar
747 4851 909 4906 frater
930 4880 999 4893 -
1025 4854 1203 4906 wistar
1230 4869 1400 4921 soror,
1429 4872 1561 4926 megs
1585 4872 1668 4926 ge-

159 4944 315 4987 Iter—
338 4937 489 5009 breps
519 4954 704 5002 nurus,
734 4939 939 4991 srailtra
966 4952 1111 4993 socer
1143 4968 1212 4981 —
1232 4941 1434 4995 svaihro
1460 4958 1662 5011 socrus,

160 5019 386 5094 mpraps
402 5042 645 5095 sponsus,
668 5027 837 5097 nipji:
851 5042 1128 5096 germanus
1141 5028 1501 5102 (σνγγενής)--
1513 5034 1667 5105 n51th

160 5120 404 5177 germana;
432 5132 524 5169 atto
564 5117 706 5169 avita
738 5117 1083 5171 masculinum
1112 5132 1203 5171 uva
1231 5121 1507 5188 supponit,
1531 5123 1664 5177 sicut

160 5203 204 5248 et
237 5211 295 5253 ex
332 5205 497 5256 tn'dut'o
535 5204 693 5257 vidua
750 5205 928 5257 vidum
971 5204 1154 5260 viduus
1204 5212 1664 5275 grammaticaliter

162 5285 557 5353 pmjudicandum
589 5306 691 5347 eSt.

215 5372 280 5439 cc)
301 5376 495 5446 Absque
523 5379 793 5435 femininis
814 5390 988 5434 autem
1012 5388 1450 5452 respondentibus
1476 5398 1529 5441 ttt
1558 5404 1664 5442 ma-

162 5460 322 5515 sculina
346 5478 622 5524 occurrunt
646 5471 862 5523 nomina
888 5484 1247 5539 perstinarum,
1279 5492 1395 5544 qua:
1426 5495 1659 5546 munere,

164 5544 410 5609 ministerio
428 5559 681 5623 quolibet,
700 5567 831 5622 etc.,
856 5558 1172 5628 funguntur:
1195 5568 1323 5621 reita
1347 5567 1660 5636 dominator,

104 5698 109 5709 ἢ
164 5632 323 5695 Lindius
339 5644 473 5699 urbis
495 5647 799 5716 praefectus,
813 5647 1043 5720 ,bt'udans
1066 5668 1178 5724 rex,
1198 5655 1370 5729 frauja
1399 5632 1659 5726 dominus,

1791 1129 2172 1200 fauramaplet’s
2220 1131 2433 1199 praesul,
2467 1129 2717 1183 antibo/us
2746 1129 3002 1194 minister,
3033 1130 3200 1184 skalks
3242 1146 3353 1185 ser-

1790 1236 1907 1285 vus,
1929 1221 2093 1276 aeneis
2116 1222 2494 1285 mercenarius,
2520 1219 2739 1273 hairdeis
2761 1228 2958 1287 pastor,
2980 1221 3148 1288 aurtja
3174 1222 3353 1277 hortu-

1788 1309 1964 1374 lanus,
2000 1310 2142 1379 kasja
2182 1310 2399 1378 figulus;
2432 1310 2712 1375 gadrauhts
2742 1308 2914 1371 miles,
2943 1308 3141 1363 Itunda-
3165 1319 3217 1363 et
3246 1310 3351 1380 Im-

1789 1398 2072 1469 sundifaps
2093 1401 2350 1463 centurio,
2374 1409 2501 1462 etc.,
2524 1398 2668 1452 reiha
2690 1400 2987 1466 presbyter,
3005 1408 3148 1451 staua
3165 1399 3348 1466 judcx,

1787 1486 1947 1558 sakjis
1996 1496 2286 1555 pugnator,
2338 1487 2671 1558 attdastapjis
2717 1488 3084 1551 adversarius,
3131 1489 3351 1543 veitt'ads

1789 1576 1964 1639 testis,
1989 1573 2218 1629 bokam’s
2244 1574 2439 1637 scriba,
2462 1576 2600 1628 atrus
2630 1576 2880 1638 nuntius;
2926 1577 3127 1628 vairdus
3154 1590 3346 1643 caupo,

1786 1672 1924 1733 gaius
1948 1664 2157 1731 hospes,
2187 1664 2420 1733 gadauka
2442 1665 2747 1733 inquilinus,
2779 1665 3015 1732 galtlaiba
3034 1677 3234 1729 comes,
3254 1679 3346 1719 so-

1785 1751 2159 1820 cius,.gadaila
2190 1757 2474 1819 particeps,
2506 1751 2730 1821 gasinpa
2770 1752 2945 1805 socius
2986 1752 3215 1819 itineris,
3262 1770 3348 1824 ga-

1786 1841 1938 1894 Iaista
1964 1840 2091 1900 dux,
2124 1840 2249 1892 Iiuta
2280 1840 2573 1911 hypocrita,
2600 1839 2755 1909 piubs
2776 1850 2826 1894 et
2849 1839 3027 1908 Ittiftus
3053 1841 3206 1903 latro,
3229 1841 3376 1897 horse

1785 1928 1989 1982 adulter
2028 1942 2150 1983 cum
2189 1928 2444 1984 feminino
2495 1929 2847 1997 respondente
2889 1928 3056 1997 kalij
3087 1928 3349 1998 adultera,

1785 2032 1914 2069 naue
1960 2016 2253 2079 homicida;
2316 2016 2565 2085 liuparet's
2606 2026 2813 2083 cantor,
2864 2016 3102 2071 nul/areis
3145 2030 3343 2086 custos,

1784 2105 2016 2157 latraret}
2040 2105 2306 2172 magister,
2334 2114 2388 2159 et
2408 2106 2508 2158 alia
2538 2106 2587 2159 in
2610 2107 2728 2168 -eis,
2753 2106 2864 2160 vid.
2893 2106 2919 2175 ἕ
2950 2107 3039 2160 67.

1852 2191 1946 2256 dd)
1973 2190 2175 2246 Praeter
2194 2192 2521 2248 substantiva
2549 2194 2740 2248 litteris
2768 2194 2851 2259 ὁὸ)
2876 2195 3130 2263 subjecta,
3159 2206 3215 2249 ut
3240 2213 3343 2253 mo-

1784 2278 1905 2331 bilia
1948 2278 2120 2333 adhuc
2162 2291 2445 2335 occurrunt
2480 2298 2495 2333 :
2542 2282 2665 2350 [tius
2694 2296 2881 2337 servus
2929 2298 3048 2335 cum
3087 2284 3211 2338 fetn.
3260 2301 3343 2340 re-

1784 2367 2064 2435 spondenti
2091 2368 2204 2439 pivi
2223 2382 2403 2435 serva,
2424 2371 2636 2434 ancilla,
2661 2372 2980 2427 dauravmds
3003 2373 3199 2442 janitor
3226 2389 3344 2430 cum

1782 2454 1910 2510 fem.
1954 2456 2279 2511 dauravarda
2319 2466 2373 2513 et
2414 2458 2733 2512 dauravardo
2764 2458 3001 2528 janitrix,
3029 2475 3261 2517 uaursttta
3288 2474 3341 2518 et

1783 2550 2413 2623 gavaurslvqoperarius,
2440 2551 2820 2616 'coopetarius,
2867 2551 2982 2618 ejus
3026 2549 3337 2609 femininum

1781 2643 2016 2688 caurum
2062 2638 2303 2704 operaria
2351 2653 2418 2692 ex
2464 2652 2764 2693 unvaurstvo
2793 2640 2928 2694 Tim.
2963 2642 3002 2705 Ι,
3026 2656 3078 2708 v,
3103 2643 3169 2697 15
3197 2646 3339 2713 cogi-

1784 2722 1999 2777 tandum
2019 2734 2102 2778 est
2124 2741 2138 2788 ;
2164 2726 2311 2796 arbja
2341 2727 2510 2782 haeres
2537 2743 2611 2782 m.
2644 2756 2715 2768 —
2754 2732 2898 2800 arbjo
2942 2730 3115 2788 lueres
3148 2732 3212 2796 f.,
3247 2751 3340 2805 ga-

1782 2826 1939 2866 razna
1959 2812 2160 2867 vicinus
2179 2843 2247 2855 -—
2266 2832 2487 2883 garazno
2508 2818 2699 2883 vicina,
2723 2822 2986 2889 praufetus
3012 2824 3340 2891 propheta-—

1782 2904 2053 2969 praufeleis
2085 2906 2450 2973 prophetissa;
2498 2912 2548 2961 in
2581 2910 2821 2979 unhulpa
2863 2911 3121 2980 malignus
3150 2943 3218 2955 --
3244 2932 3339 2969 un-

1780 2994 1948 3064 Itulpo
1975 2998 2203 3066 maligna
2226 2998 2532 3054 femininum
2556 3002 2800 3069 primitus
2817 3004 3084 3059 exstitisse
3110 3006 3335 3075 videtur,

1781 3085 1887 3141 vid.
1918 3089 2081 3155 gloss.
2108 3091 2162 3144 lt.
2191 3104 2243 3143 ν.
2271 3107 2285 3154 ;
2334 3102 2578 3146 neuttum
2608 3094 2795 3162 gajuko
2842 3096 3015 3149 socius
3038 3096 3175 3151 Phil.
3204 3113 3273 3162 tv,
3301 3100 3333 3153 7

1779 3190 1900 3230 cum
1954 3192 2118 3232 masc.
2175 3179 2380 3249 gajuka,
2433 3181 2656 3252 gaskulki
2701 3198 2989 3240 conservus
3026 3185 3141 3241 Col.
3184 3204 3223 3257 t,
3270 3192 3331 3256 7;

1782 3264 1893 3327 tv,7
1911 3277 2029 3316 cum
2052 3264 2217 3319 skalks
2234 3268 2673 3336 significationem
2697 3266 3083 3340 diminutivam,
3100 3275 3190 3330 sed
3206 3278 3336 3330 ami-

1778 3348 1919 3403 citia:
1942 3351 2299 3409 etdilectionis
2322 3370 2466 3410 more
2488 3371 2661 3425 graeco
2681 3367 2735 3412 et.
2757 3359 2917 3414 latino
2941 3360 3131 3416 habere
3151 3364 3335 3418 viden-

1780 3444 1897 3499 tur;
1922 3438 2050 3492 item
2073 3450 2316 3497 neutrum
2342 3444 2486 3513 [ieris
2505 3445 2621 3499 Col.
2644 3461 2723 3511 ttt,
2746 3446 2850 3512 2‘2;
2879 3464 2951 3513 tv,
2985 3452 3008 3503 l
3035 3465 3151 3505 cum
3175 3453 3335 3522 pius,-

1777 3536 1961 3579 contra
1988 3536 2164 3583 autem
2189 3538 2432 3586 neutrum
2480 3536 2675 3603 gumet’n
2700 3550 2769 3589 ex
2797 3536 3058 3604 adjectivo
3084 3525 3333 3610 gumeins,

1780 3614 1918 3670 Tim.
1942 3616 2003 3680 ll,
2028 3633 2114 3682 ttt;
2141 3619 2175 3673 6
2212 3621 2370 3675 etiam
2416 3622 2779 3677 diminutivum
2810 3635 2912 3692 est,
2941 3629 3032 3682 sed
3061 3628 3114 3683 in
3141 3632 3331 3688 malam

1778 3715 1981 3773 partem
2008 3723 2022 3771 ;
2052 3708 2189 3763 idem
2218 3724 2336 3765 cum
2375 3712 2543 3781 qinein
2571 3713 2667 3767 Mc.
2688 3729 2742 3777 x,
2774 3715 2807 3769 6
2830 3756 2845 3782 ,
2877 3730 2980 3771 non
3004 3719 3247 3787 equidem
3279 3723 3332 3780 in

1780 3808 1995 3861 pravum
2018 3810 2254 3863 sensum,
2286 3813 2382 3868 pro
2411 3802 2540 3854 mari
2564 3812 2617 3855 et
2656 3804 2848 3869 femina
2881 3806 3114 3873 ponitur,
3140 3810 3229 3864 sed
3257 3814 3333 3881 fa-

1776 3884 1920 3938 drein
1947 3885 2012 3940 ad
2043 3886 2140 3941 hoc
2166 3889 2249 3942 vix
2279 3891 2464 3946 referri
2507 3904 2694 3958 potest,
2723 3895 2888 3951 multo
2930 3898 3103 3954 minus
3146 3905 3331 3971 gaitein

1777 3972 1904 4028 Luc.
1949 3988 2041 4041 xv,
2081 3975 2169 4041 29,
2214 3991 2334 4033 cum
2374 3979 2488 4034 tunc
2527 3982 2740 4035 animali
2786 3998 2891 4038 non
2934 3984 3185 4055 applicari
3215 4005 3337 4059 pos-

1773 4060 1901 4115 sint.
2910 4082 2913 4085 '

1845 4153 1923 4223 ee)
1950 4155 2213 4213 Abstracta
2239 4160 2322 4215 vel
2344 4161 2621 4217 collectiva
2640 4206 2655 4228 ,
2688 4176 2747 4221 ut
2772 4169 3011 4237 p0pttlus,
3043 4175 3329 4243 exercitus,

1781 4244 2031 4307 ecclesia,
2056 4256 2160 4300 etc.
2186 4248 2371 4302 Omnia
2407 4263 2530 4303 sunt
2575 4251 2854 4319 feminina,
2888 4267 2944 4309 ut
2971 4257 3137 4327 [nuda
3168 4276 3325 4328 popu-

1776 4327 1876 4391 lus,
1913 4331 2072 4384 Itausa
2096 4335 2265 4399 turba,
2297 4336 2482 4401 ﬁlusna
2508 4346 2561 4391 et
2590 4343 2821 4410 managet'
2847 4343 3146 4410 multitudo,
3168 4327 3323 4415 turnia

1777 4416 2181 4483 impedimenta,
2225 4424 2498 4493 gomainpt
2543 4430 2789 4491 ecc'esta,
2833 4428 3016 4499 aribus
3057 4440 3110 4486 et
3148 4434 3296 4489 Itat'rd

1773 4512 2079 4575 exercitus;
2112 4514 2317 4565 hin/ima
2342 4530 2470 4568 vero
2516 4516 2791 4572 multitudo
2837 4522 3184 4577 maswliuum
3222 4536 3322 4592 est,

1772 4601 1869 4650 teet“
1900 4602 2045 4653 turba
2073 4610 2128 4656 et
2153 4604 2302 4673 (ηνῙή
2332 4606 2600 4658 exercitus
2623 4609 2822 4662 navalis
2851 4620 3054 4670 neutra.

1843 4687 1909 4751 ff)
1952 4685 1991 4737 E
2033 4677 2331 4742 nominibus
2361 4688 2643 4743 bestiarum
2697 4704 2882 4747 neutra
2930 4708 3053 4751 sunt
3079 4702 3323 4766 generica

1770 4774 1884 4826 diu:
1907 4783 1959 4829 et
1983 4777 2261 4831 obscurum
2291 4780 2418 4831 biart‘
2442 4781 2604 4834 bestia
2646 4798 2848 4837 necnon
2875 4794 2927 4837 et
2952 4789 3096 4854 [ailtu
3126 4805 3280 4855 pecus
3303 4808 3319 4857 ;

1770 4862 1905 4917 inter
1925 4866 2165 4932 specifica
2199 4870 2557 4923 tantummodo
2589 4872 2721 4925 lamb
2749 4887 2914 4941 agnus
2933 4885 2987 4929 et
3025 4879 3159 4930 svein
3199 4895 3317 4947 por-

1767 4966 1891 5014 cus;
1925 4954 2211 5007 masculina
2252 4966 2377 5010 sunt
2416 4959 2660 5023 generica
2685 5000 2697 5018 ,
2748 4968 2806 5012 ut
2849 4962 2984 5031 fugis
3026 4965 3169 5028 avis,
3199 4966 3317 5033 ﬁds

1769 5044 1924 5107 piscis
1943 5082 1957 5105 ,
1986 5058 2183 5096 vanrms
2224 5047 2419 5098 vermis
2446 5056 2496 5099 et
2526 5048 2763 5115 specilica
2794 5050 2921 5102 stiur
2948 5065 3076 5116 aper
3096 5092 3108 5115 ,
3130 5057 3314 5110 att/teut

1766 5139 1815 5181 et
1838 5130 1998 5183 auhsa
2029 5130 2143 5196 bos,
2180 5131 2359 5200 t't'prtts
2392 5134 2583 5198 hircus,
2620 5137 2748 5203 gaits
2773 5150 2949 5201 caper,
2972 5140 3084 5205 [ala
3114 5144 3312 5209 pullus,

1766 5217 1920 5269 asilas
1946 5219 2144 5286 asinus,
2176 5220 2341 5273 hands
2386 5224 2550 5283 canis,
2580 5224 2712 5292 calfit
2738 5224 2905 5292 lupus.
2938 5228 3187 5285 ulbandus
3213 5234 3312 5286 ele-

1773 5300 1901 5372 phas
1931 5307 2227 5378 (camelus),
2258 5312 2411 5365 alta/cr
2434 5313 2695 5378 co'umha,
2720 5331 2811 5369 ara
2834 5319 3024 5385 aquila,
3051 5322 3181 5373 liam:
3204 5324 3310 5389 gal-

1768 5396 1866 5459 lus,
1902 5414 2082 5463 sparra
2111 5414 2307 5466 passwr,
2334 5403 2485 5455 nadrs
2515 5404 2711 5469 vipera,
2742 5417 2792 5477 et
2817 5406 2990 5461 forsan
3013 5410 3171 5476 mafm
3200 5426 3309 5465 ter-

1766 5488 1893 5551 tuis;
1928 5487 2170 5543 feminina
2202 5504 2373 5544 autent
2416 5503 2536 5545 sunt
2579 5494 2735 5563 fait/io
2776 5497 2999 5563 vulpes,
3042 5499 3185 5551 kalbo
3224 5504 3307 5567 ju-

1765 5589 1925 5627 vettca
1946 5614 1961 5639 ,
1995 5579 2143 5645 guilei
2169 5593 2321 5647 capra
2345 5620 2358 5642 ,
2405 5582 2712 5637 ltra‘vadttbo
2745 5593 2931 5650 turtur,
2958 5584 3207 5653 pramstci
3238 5590 3305 5644 la-

1763 5673 1926 5732 certa,
1957 5668 2088 5720 malo
2112 5669 2270 5724 tinea.
