3858 6400
513 425 647 482 1083

646 542 698 612 b)
718 539 1099 594 Cramumticule
1127 553 1298 607 genus.
1338 536 1429 591 ilic
1455 536 1728 590 dicendum
1752 537 2004 589 habemus
2023 573 2037 597 ,

506 644 730 698 quonam
764 628 916 681 modo
945 641 1110 696 genus
1149 626 1471 692 obiectorum
1522 626 1925 679 inanimatorum
1954 624 2045 675 ds-

510 717 840 773 terminatum
886 716 1058 768 fuerit.
1085 713 1242 781 Cujus
1269 713 1398 765 ratio
1430 713 1732 779 plerumque
1759 725 1853 764 nos
1892 710 2043 777 fugit,

508 820 743 872 tempore
771 819 875 873 quo
906 804 1001 857 fuit
1056 802 1535 861 accommodatum.
1569 802 1783 852 nimium
1820 809 2043 852 remoto.

507 895 762 951 Nonnulla
789 903 987 946 tantum
1015 892 1213 958 objecta
1236 929 1251 952 ,
1281 903 1418 943 nunc
1449 890 1619 941 adhuc
1662 902 1840 941 secum
1889 900 2044 952 gene-

503 987 578 1041 ris
598 983 852 1053 originem
885 997 989 1049 pra:
1007 997 1065 1035 se
1089 981 1280 1045 ferunt,
1312 992 1501 1046 nempe
1526 976 1915 1047 mythologiam;
1950 975 2043 1026 ita-

506 1093 629 1143 que,
658 1075 987 1129 documentis
1011 1088 1073 1126 ex
1098 1075 1206 1137 ipsa
1239 1071 1408 1137 lingua
1441 1067 1798 1121 deﬁcientibus
1826 1068 1907 1118 vel
1940 1080 2043 1117 non

504 1169 634 1223 satis
670 1166 930 1234 cognitis,
976 1163 1041 1215 ad
1090 1161 1365 1229 re'igiuues
1410 1159 1713 1226 fabulusquc
1748 1155 2045 1209 Borealium

506 1256 811 1327 populorum
833 1255 885 1305 in
908 1249 1216 1319 explicando
1239 1248 1447 1301 illorum
1469 1261 1663 1314 genere
1690 1258 2044 1300 recurremus.

573 1343 656 1411 ea)
691 1342 885 1394 Eodem
916 1353 1077 1404 proiie
1100 1335 1254 1388 modo
1278 1336 1565 1387 illustratur
1588 1347 1751 1402 genus
1777 1331 2043 1384 nomimun

505 1433 668 1486 sulem
698 1440 751 1484 et
780 1430 955 1481 lunam
993 1426 1395 1493 designantium.
1439 1424 1540 1477 Sed
1566 1437 1627 1476 ea
1656 1421 1873 1490 insignis
1897 1421 2044 1473 adest

508 1522 857 1588 discrepantia
895 1520 1032 1571 inter
1068 1517 1315 1569 classicos
1358 1525 1410 1568 et
1452 1513 1777 1581 germanicos
1802 1512 2044 1579 p0pulns,

506 1612 638 1679 :juud
662 1610 862 1677 priores
885 1606 1049 1658 sulem
1080 1618 1243 1656 masc.
1268 1613 1321 1656 et
1348 1604 1522 1655 lunam
1553 1604 1700 1664 fem.,
1730 1600 2045 1667 posteriores

502 1712 675 1756 autem
722 1699 857 1751 viam
904 1699 1162 1748 inversam
1196 1695 1473 1746 tenuerint.
1508 1690 1661 1744 Gothi
1697 1688 1853 1757 igitur
1880 1702 2043 1741 animo

503 1793 583 1848 sol
611 1792 735 1844 fem.
761 1797 815 1842 et
836 1802 978 1839 mnta
998 1787 1117 1838 luna
1143 1797 1309 1836 masc.
1332 1784 1586 1845 fecerunt,
1609 1783 1725 1848 quia
1747 1779 1895 1845 juxta
1926 1777 2043 1829 illo-

463 1881 477 1893 ‘
502 1893 617 1933 rum
648 1874 957 1944 populorum
998 1869 1370 1938 mythologiam
1422 1869 1542 1919 luna
1592 1866 1734 1918 Mani
1774 1864 1913 1917 filius
1962 1869 2045 1915 est

506 1963 868 2033 Mundilj'ceris,
897 1961 1064 2014 sulem
1095 1967 1267 2011 autem
1290 1955 1384 2010 Sol
1404 1954 1635 2022 ejusdem
1661 1954 1761 2006 lilia
1784 1960 1839 2005 et
1863 1951 2043 2003 (ἐίσην-ε

500 2070 715 2126 sponsa.
744 2051 947 2108 Gellius
978 2048 1219 2118 equidem
1265 2061 1358 2113 pro
1378 2045 1491 2098 sole
1520 2044 1674 2097 etiam
1701 2040 2039 2095 masculinam

497 2150 721 2203 formam
760 2158 926 2197 sunua
965 2149 1021 2195 et
1063 2147 1301 2193 neutram
1345 2136 1477 2190 sauil
1511 2134 1695 2197 habet,
1731 2132 1823 2187 sed
1852 2141 2041 2200 praeter

498 2234 639 2306 quod
675 2234 797 2287 lem.
835 2244 999 2282 sumta
1034 2224 1363 2297 communior
1399 2232 1479 2276 est
1516 2222 1666 2291 (Mtb.
1694 2237 1748 2285 ν,
1778 2220 1876 2283 43;
1909 2219 2038 2273 Luc.

499 2340 570 2386 Iv,
602 2324 697 2385 40;
730 2318 862 2385 Eph.
891 2333 960 2380 tv,
990 2316 1093 2380 26;
1123 2314 1255 2368 Neh.
1286 2328 1381 2379 vn,
1427 2312 1503 2381 5),
1544 2314 1660 2363 dum
1704 2309 1818 2362 alia:
1856 2307 2040 2361 forma:

498 2432 600 2471 non
623 2411 720 2465 nisi
742 2408 877 2477 apud
904 2407 1131 2461 Marcum
1158 2410 1439 2458 occurrunt
1468 2401 1674 2471 (stmnin
1703 2397 2039 2451 urrinnandin

497 2521 570 2568 IV,
593 2504 657 2566 ti;
682 2516 795 2564 xvi,
819 2500 886 2561 2;
922 2511 1139 2568 gaaaggq
1167 2496 1297 2546 sani!
1325 2508 1361 2557 ι,
1394 2492 1489 2554 59.,
1521 2490 1651 2542 sani!
1676 2490 1842 2556 riqizci
1848 2487 1891 2556 1)
1921 2500 2035 2552 χιιι,

496 2592 589 2661 94)
619 2590 753 2645 etin
781 2586 1119 2641 masculinam
1164 2595 1323 2649 grape.
1360 2586 1412 2634 c't
1454 2582 1545 2632 lat.
1588 2577 1931 2660 probabiliter
1958 2576 2038 2628 iu-

498 2686 776 2738 lluxerunt.
823 2675 972 2739 Quod
1020 2671 1085 2724 ad
1125 2670 1359 2723 di-ersas
1404 2667 1608 2721 radices
1644 2666 1850 2728 attinet,
1877 2678 2038 2716 animo

496 2769 782 2837 antiquius,
808 2762 941 2816 anui!
972 2760 1235 2814 recentius
1274 2771 1465 2810 nourcn
1495 2768 1613 2809 esse
1640 2753 1743 2807 dici
1770 2759 1959 2821 potest,
1992 2751 2037 2804 si

499 2858 663 2913 Ειιάω
710 2846 977 2924 (Alvismal
1005 2847 1091 2910 16,
1140 2849 1191 2912 l,
1236 2846 1272 2897 2
1309 2846 1408 2897 sol
1435 2844 1591 2896 Im'lrr
1632 2841 1744 2893 med
1774 2844 2034 2904 manuum,

494 2967 554 3004 en
603 2960 807 3000 snnna
854 2941 968 2995 med
1013 2938 1228 3010 gopom,
1284 2936 1334 2989 id
1364 2943 1464 2996 est,
1514 2932 1606 2987 Sol
1648 2940 1862 2986 vocatur
1900 2930 2038 2984 inter

497 3036 759 3097 homines,
788 3031 881 3087 sed
908 3030 1086 3085 Summ
1112 3025 1248 3094 apud
1278 3025 1428 3093 deos)
1460 3022 1587 3078 fides
1608 3020 1902 3076 adhibenda
1931 3021 2034 3085 sit;

493 3135 743 3182 czeterum
770 3121 929 3175 etiam
965 3133 995 3170 a
1024 3114 1221 3171 tineis
1261 3113 1470 3167 nomina
1509 3112 1835 3181 obiectorum
1860 3110 2035 3180 qualia

491 3214 628 3283 apud
654 3212 789 3266 Deos
815 3208 992 3275 vigent
1030 3214 1088 3260 ut
1130 3205 1423 3273 antiquiora
1450 3201 1747 3257 nominibus
1774 3200 1910 3267 apud
1939 3199 2036 3252 ho-

496 3306 663 3359 mines
702 3288 963 3364 usurpatis
1006 3294 1345 3378 tradebantur
1391 3291 1521 3362 (vid.
1552 3290 1805 3358 Gnattling
1836 3290 1887 3342 iu
1920 3286 2032 3341 lle-

485 3396 617 3453 siod.
642 3394 901 3462 Tlteoqon.
926 3386 1075 3455 851).
1212 3475 1224 3477 _
1299 3398 1315 3477 η

556 3487 612 3539 lu
648 3481 818 3537 veteri
862 3477 1156 3533 Borealium
1194 3472 1365 3542 lingua
1394 3473 1487 3528 Sol
1525 3472 1682 3528 etiam
1720 3472 2029 3528 femininum

486 3584 610 3639 est;
648 3570 915 3640 gothicum
958 3576 1132 3621 autem
1158 3565 1312 3632 suuil,
1362 3562 1526 3617 forma
1577 3572 1845 3624 neutrum,
1899 3567 2034 3616 inter

484 3680 649 3719 animo
673 3670 729 3717 et
754 3675 940 3727 smnia,
964 3666 1025 3712 ut
1046 3656 1284 3711 naturale
1316 3665 1581 3720 neutrum,
1612 3654 1662 3709 id
1692 3662 1795 3720 est,
1825 3669 2033 3708 mascu-

485 3756 649 3810 linum
686 3761 741 3806 et
783 3748 1090 3803 femininum
1120 3745 1172 3818 in
1198 3760 1255 3798 se
1283 3746 1638 3813 complectens
1658 3752 1798 3798 stare
1830 3753 2028 3811 posset,

485 3844 599 3897 vid.
630 3854 786 3907 supra
815 3838 892 3905 1).
926 3837 1037 3889 Non
1077 3835 1288 3888 fundata
1324 3836 1544 3887 naturali
1574 3847 1766 3898 genere
1802 3844 1927 3888 sunt
1950 3835 2031 3887 iu-

484 3946 642 3999 snper
672 3927 813 3998 tuggl
844 3934 1071 3991 astrum,
1105 3934 1365 3990 neutrum,
1414 3932 1469 3978 et
1494 3925 1685 3979 stairno
1722 3925 1897 3991 stella,
1947 3922 2028 3979 fe-

487 4022 768 4078 mininum.

552 4106 635 4175 bb)
679 4106 757 4159 Ex
804 4101 1122 4172 mythologia
1171 4095 1330 4155 etiam
1378 4101 1670 4156 illustratur
1724 4101 1871 4156 nalus
1925 4117 2027 4158 nox

482 4198 606 4254 fem.
638 4204 691 4251 et
710 4194 833 4262 dogs
852 4192 966 4246 dies
991 4205 1177 4255 masc.,
1200 4192 1389 4259 quippe
1410 4206 1529 4245 cum
1559 4192 1609 4244 in
1637 4192 2028 4260 septentriona-

481 4288 618 4341 libus
665 4283 859 4352 mytltis
892 4278 1027 4333 Nott
1067 4278 1173 4331 tilia
1218 4288 1298 4330 cst
1347 4277 1527 4331 Nervis
1574 4287 1625 4331 et
1680 4293 1743 4331 ex
1792 4278 2029 4349 Delinger

482 4374 644 4427 filium
678 4373 814 4440 Dagr
845 4368 1043 4422 habuit.
1075 4367 1363 4421 Andanuhli
1385 4377 1559 4421 autem
1591 4381 1797 4435 veSper,
1843 4384 2027 4437 quem-

481 4462 760 4515 admodum
790 4460 909 4512 alize
949 4457 1201 4523 temporis
1241 4456 1627 4524 designationes
1666 4457 1759 4509 me!
1797 4466 1852 4510 et.
1878 4457 2025 4524 hei/ts

481 4553 691 4617 tempus
710 4588 726 4611 ,
764 4551 847 4617 jer
886 4556 942 4599 et
972 4544 1159 4614 atapm‘
1204 4558 1404 4609 annus,
1436 4555 1618 4598 neutra
1647 4552 1791 4602 sunt.
1821 4558 1873 4598 ut
1901 4556 2023 4614 pote

481 4640 617 4695 idem
660 4640 955 4691 abstracta'.
1003 4637 1082 4689 An
1111 4635 1249 4705 opus
1277 4650 1438 4690 masc.
1469 4636 1565 4711 vel
1590 4635 1699 4705 01m
1730 4646 1904 4691 neutr.
1929 4638 2020 4702 sit,

476 4730 688 4785 dubium
716 4737 834 4789 est;
862 4740 959 4780 nec
986 4726 1133 4778 ulttvo
1160 4740 1312 4778 mune
1342 4726 1494 4789 fem.,
1525 4730 1660 4779 sicut
1679 4736 1731 4779 et
1756 4725 1866 4779 viko
1894 4728 2014 4781 heb.

476 4818 658 4871 domas
687 4815 835 4877 fctn.,
862 4816 966 4865 aius
995 4828 1157 4865 masc.
1196 4824 1247 4865 et
1278 4814 1539 4882 ajnkdnfis
1568 4815 1690 4867 fem.
1720 4815 1885 4883 (αἰὼν)
1918 4832 2020 4867 non

477 4908 687 4967 habent,
729 4918 832 4971 quo
861 4901 1205 4968 explieeutur.
1234 4900 1357 4953 Nott
1397 4905 1612 4955 alteram
1654 4902 1811 4954 filiam
1842 4902 2023 4955 habuit

476 5012 539 5051 ex
573 4998 731 5055 Auar,
760 4993 959 5045 scilicet
985 4991 1147 5044 16rd]:
1171 5032 1185 5054 ,
1216 4992 1370 5044 ()dim'
1412 5007 1631 5058 sponsa,
1682 4991 1821 5046 unde
1866 4993 2021 5065 airpa

476 5098 613 5144 terra
643 5086 792 5147 fcm.;
822 5082 1006 5134 himins
1045 5078 1218 5133 autem
1256 5084 1445 5136 cmlum
1494 5096 1654 5137 masc,
1698 5090 1812 5145 est,
1843 5084 2021 5136 nescio

473 5193 571 5245 qua
602 5179 802 5227 ratione
833 5171 1204 5241 mythologiea.
1251 5171 1365 5223 Jam
1405 5186 1529 5223 vero
1559 5169 1667 5223 Ilal
1705 5169 1854 5222 Latris
1907 5180 2021 5223 erat

474 5265 604 5323 lilia.
639 5264 758 5313 hinc
793 5260 937 5322 Italia
968 5259 1166 5311 inferus
1193 5255 1313 5311 ft-m.
1343 5257 1553 5310 Fratres
1574 5257 1707 5325 ejus,
1744 5257 1899 5325 ignis,
1929 5272 2020 5311 aer

472 5362 527 5405 et
552 5364 695 5405 mare
721 5347 1004 5401 masculina
1033 5356 1156 5399 sunt
1184 5348 1231 5398 in
1259 5347 1463 5415 gothica
1496 5346 1687 5413 lingua,
1721 5347 1803 5398 vel
1832 5348 2017 5399 saltem

475 5442 629 5509 luftus
652 5454 741 5491 aer
764 5446 817 5490 et
840 5438 968 5489 saivs
991 5450 1139 5488 mare
1170 5439 1309 5501 (nam
1340 5437 1493 5487 marci
1536 5448 1680 5487 mare
1728 5433 1849 5487 feni.
1879 5436 2013 5501 e5t);

473 5534 604 5597 ignis
648 5544 808 5581 masc.
854 5529 906 5582 in
937 5531 1097 5579 aulms
1121 5529 1356 5581 caminus
1379 5570 1390 5591 ,
1415 5528 1551 5595 quod
1578 5542 1696 5581 cum
1725 5529 1857 5595 Λῃηὶ
1884 5528 2024 5597 ignis

471 5626 569 5671 (eo
621 5619 756 5685 apud
803 5618 957 5670 ludos
1015 5618 1281 5683 collatum,
1324 5619 1558 5687 vestigia
1612 5617 1887 5685 reliquisse
1938 5619 2013 5670 vi-

472 5708 643 5762 detur.
676 5708 749 5760 tjx
786 5704 868 5761 his
903 5714 1076 5761 tamen
1117 5707 1387 5763 elementis
1427 5709 1582 5765 etiam
1627 5716 1810 5765 neutra
1845 5715 1967 5763 sunt
1998 5724 2011 5758 :

1550 420 1989 480 GRAMMATlCA
2030 417 2344 477 COTHICJE
2387 420 2535 475 LEM".
2549 420 2679 477 UE.

3570 418 3677 474 ιω)

2152 537 2239 601 fon
2269 533 2402 602 ignis
2428 543 2480 588 et
2504 543 2616 585 ι’(εό
2647 545 2795 597 aqua.
2825 528 2896 582 Ex
2927 544 2975 582 m
3020 526 3238 594 titulogiu
3265 527 3559 579 masculina.
3586 528 3679 579 illu-

2150 632 2383 675 Strautur
2431 639 2443 672 :
2488 622 2674 671 t'iutrus
2716 618 2912 681 hiems,
2960 618 3105 669 rimis
3148 625 3331 668 ventus
3378 616 3677 683 (uis-autern

2150 710 2303 762 turbo
2349 716 2590 761 neuti-um
2637 706 2762 775 est),
2812 713 2864 759 et
2907 703 3247 772 probabiliter
3288 703 3445 756 etiam
3487 704 3681 773 "ICNOIJS

2149 798 2346 849 mensis
2392 804 2444 848 et
2482 796 2736 861 nnurgins
2776 806 2962 855 mane;
3003 792 3216 857 insuper
3242 792 3405 842 snaits
3445 791 3538 843 nix
3566 791 3679 857 (rign

2148 899 2274 936 vero
2303 884 2475 954 pluvia
2508 882 2807 947 neutrum).
2843 890 2896 933 et
2935 882 3090 934 etiam
3133 896 3244 949 vcgs
3288 880 3507 942 ﬂuetus,
3537 878 3679 949 ﬂodrs

2148 972 2335 1027 ﬂuvius
2360 974 2482 1043 (sed
2505 988 2613 1024 awa
2643 982 2721 1025 est
2756 972 2923 1039 fetu.),
2956 972 3151 1023 brutum
3188 970 3336 1036 fons;
3365 972 3580 1025 difticilc
3604 989 3680 1023 au-

2149 1070 2253 1117 tem
2281 1062 2587 1145 vocabit/lum
2610 1060 2815 1112 mil/mm
2839 1060 2999 1113 nubes
3023 1060 3072 1112 in
3098 1061 3210 1114 solo
3233 1070 3426 1114 tantum
3455 1075 3679 1115 sermone

2146 1150 2357 1218 go'bico
2417 1164 2733 1213 occurrens,
2808 1148 3118 1216 exp’icatnr.
3195 1150 3332 1203 Deus
3397 1149 3593 1202 tonitru
3636 1162 3677 1201 et

2148 1239 2370 1307 fulguris
2417 1240 2557 1293 nulla
2610 1239 2850 1307 equidem
2892 1240 3109 1306 vestigia
3160 1238 3311 1303 fecit;
3354 1238 3471 1307 ejus
3515 1240 3676 1293 saltem

2151 1328 2477 1394 phenomena
2504 1325 2712 1396 gotbice
2756 1327 3071 1381 traduntur:
3132 1328 3393 1382 lauhmum’
3428 1328 3602 1398 fulgur
3636 1342 3681 1384 et

2148 1419 2317 1488 [:c‘tt'o
2357 1421 2576 1479 ton'tru,
2615 1428 2895 1486 utrumque
2924 1418 3047 1473 fem.

2214 1508 2361 1575 cclln
2385 1506 2683 1561 nominibus
2716 1511 3005 1575 plantarum
3025 1498 3131 1574 jam
3170 1523 3268 1562 l0"
3311 1507 3463 1561 adest
3511 1506 3681 1561 relatio

2144 1598 2207 1651 ad
2240 1611 2510 1666 personas,
2535 1611 2715 1651 earum
2738 1598 2910 1651 virore
2931 1600 3141 1668 (masc.)
3161 1599 3331 1652 forsan
3345 1600 3425 1653 vel
3451 1585 3680 1653 ariditate

2144 1689 2375 1758 (neutr.)
2423 1696 2623 1742 tantum
2675 1689 2943 1757 spertatis.
2993 1690 3127 1744 Sunt
3169 1692 3354 1743 saltum
3404 1691 3678 1745 masculina

2143 1781 2315 1850 bagms
2335 1780 2493 1833 arbor
2512 1788 2562 1833 et
2576 1781 2730 1833 etiam
2744 1789 2844 1832 asts
2869 1794 3062 1841 ramus,
3077 1779 3218 1832 vatus
3238 1789 3289 1833 et
3311 1780 3508 1832 candus
3532 1782 3677 1850 virga.

2146 1876 2278 1924 ta'ns
2306 1870 2492 1936 stipes,
2517 1868 2653 1936 laufs
2676 1868 2877 1934 folium,
2905 1869 3068 1921 blomn
3086 1868 3202 1933 ﬂos,
3234 1867 3471 1938 petimus
3488 1883 3677 1937 vepres;

2143 1959 2316 2012 solum
2347 1965 2515 2010 vaurts
2538 1957 2685 2009 radix
2706 1956 3010 2010 femininum
3065 1966 3162 2010 est.
3215 1958 3319 2011 Sed
3348 1968 3533 2013 contra
3562 1973 3678 2012 neu-

2144 2058 2222 2103 tra
2244 2060 2367 2103 sunt
2408 2049 2530 2114 triu,
2557 2047 2693 2116 quod
2726 2062 2827 2101 non
2856 2049 3022 2100 solum
3066 2057 3146 2101 est
3174 2048 3407 2102 omnium
3436 2050 3677 2114 majorum

2142 2138 2389 2192 arborum
2435 2152 2624 2192 nomen
2670 2138 2989 2206 genericum,
3019 2139 3110 2192 sed
3157 2140 3468 2193 vocabulum
3520 2146 3710 2209 grzeco‘

2140 2228 2260 2301 δόρυ
2302 2229 2515 2282 omnino
2567 2228 2931 2295 respondens,
2979 2228 3282 2296 germanico
3320 2229 3478 2283 Stock
3530 2229 3678 2299 (unde

2141 2331 2290 2371 nom.
2335 2331 2504 2383 germ.
2547 2314 2833 2369 Wcinstock
2878 2317 3025 2383 gotb.
3076 2315 3380 2381 t'einatriu),
3422 2316 3678 2369 ordinario

2141 2406 2362 2459 aritlum‘
2393 2404 2585 2473 lignum
2637 2403 2875 2457 iudicans
2917 2403 3079 2471 (ξύλον
3123 2402 3222 2457 ille.
3273 2420 3380 2465 xvi,
3434 2404 3675 2471 62,48);

2139 2497 2269 2562 fraiv
2288 2510 2490 2559 semen,
2517 2496 2626 2548 basi
2650 2497 2829 2564 bacca,
2853 2497 3012 2549 ain-an
3045 2496 3242 2551 fructus
3266 2498 3448 2565 (masc.
3486 2498 3681 2551 smakka

2142 2588 2273 2640 licus
2324 2586 2655 2653 peregrinum
2694 2587 2800 2653 est)
2824 2626 2841 2651 ,
2871 2587 2963 2639 aha
2992 2587 3155 2655 spica,
3182 2588 3341 2640 Iranm
3369 2588 3677 2643 frumentum

2140 2678 2213 2738 (et
2240 2684 2430 2728 czetera
2453 2674 2674 2729 cerealia
2698 2713 2716 2740 ,
2748 2685 2970 2745 excepto
2992 2678 3161 2730 uaiteis
3203 2678 3429 2731 triticum
3472 2677 3676 2743 musa).

2137 2763 2333 2817 kaurno
2358 2777 2575 2833 granum
2602 2762 2867 2827 frumenli;
2894 2781 3011 2818 ram
3039 2765 3262 2830 arundo,
3289 2784 3404 2836 gras
3445 2768 3603 2821 herba
3628 2767 3677 2820 in

2136 2866 2350 2920 genere,
2402 2853 2642 2921 legumen
2688 2864 2741 2907 et
2798 2855 2912 2907 Ιιιηνὶ
2951 2854 3179 2920 faenum;
3230 2857 3324 2910 sed
3380 2855 3547 2910 ahena
3592 2870 3678 2923 pa-

2138 2945 2218 2995 lea
2265 2940 2573 2995 femininum
2622 2949 2721 2996 est.
2770 2943 2953 3007 Quoad
3005 2958 3131 2997 vero
3192 2946 3401 2997 nomina
3459 2944 3678 3013 peculia-

2136 3032 2270 3085 rium
2299 3030 2592 3098 plantarum
2615 3032 2873 3099 vigadeino
2893 3033 3117 3086 carduus
3143 3040 3199 3087 et
3222 3034 3495 3085 aiwatundi
3519 3032 3678 3098 spirae

2134 3128 2257 3174 sunt
2296 3121 2462 3183 fem.;
2509 3121 2681 3188 sinaps
2722 3130 2894 3173 autem
2926 3121 3122 3189 sinapis
3150 3130 3202 3174 et
3230 3135 3446 3174 svamms
3494 3122 3678 3189 fungus

2131 3224 2214 3265 ma
2222 3223 2300 3264 SC.

2203 3296 2298 3369 dd)
2327 3298 2380 3353 ln
2412 3313 2574 3368 regno
2612 3300 2821 3354 tandem
2851 3299 3272 3369 inorganieorum
3300 3300 3479 3357 deficit
3508 3302 3679 3357 omnis

2037 3399 2043 3411 '
2131 3388 2320 3442 relatio
2340 3390 2404 3440 ad
2441 3403 2690 3457 personas
2711 3430 2725 3454 ,
2763 3404 2861 3443 nec
2890 3389 2996 3457 jam
3028 3390 3384 3445 determinare
3414 3404 3582 3458 genus
3615 3406 3675 3444 es

2129 3477 2513 3545 significatione
2528 3478 2773 3546 possibile
2785 3486 2883 3531 est.
2900 3478 3105 3532 Metalla
3119 3480 3478 3532 tantummodo
3491 3488 3613 3531 sunt
3628 3479 3678 3533 in

2131 3579 2324 3632 genere
2354 3573 2537 3617 neutra
2573 3562 2738 3633 τρυθρ
2760 3578 2966 3628 aurum,
2997 3564 3155 3617 silubr
3179 3575 3476 3633 argentum,
3509 3566 3677 3619 εξοαηι

2129 3653 2349 3717 ferrum,
2375 3654 2452 3703 aiz
2478 3665 2573 3705 aes.
2603 3653 2673 3705 Ex
2726 3651 2841 3705 aliis
2888 3664 3062 3706 antem
3113 3654 3345 3707 metallis
3371 3664 3532 3708 sunt:
3586 3657 3679 3708 salt

2129 3742 2205 3793 sal
2236 3752 2430 3805 neutr.;
2459 3742 2616 3795 unius
2647 3742 2775 3811 lapis
2800 3782 2813 3805 ,
2846 3742 3013 3796 hallus
3041 3744 3188 3811 rupis
3212 3783 3228 3807 ,
3260 3745 3450 3798 malum
3473 3760 3633 3799 arena
3659 3787 3675 3810 ,

2126 3831 2320 3896 ambjus
2350 3830 2507 3897 cinis,
2549 3831 2697 3884 suibls
2727 3832 2912 3898 sulfur,
2972 3846 3178 3897 masc.;
3219 3832 3367 3902 palm
3413 3836 3598 3903 argilla
3626 3846 3680 3889 et

2128 3920 2301 3972 mulda
2327 3920 2460 3973 Cinis
2482 3920 2606 3973 l’em.

2196 4009 2344 4074 Quod
2372 4009 2436 4061 ad
2464 4008 2671 4062 nomina
2711 4008 3057 4079 geographica
3086 4010 3309 4078 attinet,
3347 4021 3529 4066 neutra
3555 4021 3677 4065 sunt

2128 4105 2179 4158 in
2206 4118 2401 4172 genere
2430 4106 2550 4159 land
2574 4116 2712 4161 terra
2738 4118 2788 4161 et
2810 4108 2921 4175 gavi
2949 4121 3068 4170 rus;
3092 4107 3341 4162 feminina
3370 4109 3475 4177 fera
3504 4109 3675 4169 locus.

2127 4195 2299 4247 marka
2326 4196 2600 4262 terminus;
2630 4198 2853 4266 [σίν-(ιηηί
2874 4212 3023 4252 mons
3050 4208 3219 4252 neutr.
3248 4206 3348 4257 est.
3384 4200 3551 4252 ωαξης
3576 4199 3678 4253 col-

2125 4281 2194 4336 lis
2221 4298 2382 4337 masc.
2414 4299 2427 4346 ;
2458 4298 2523 4336 an
2553 4286 2705 4339 vallis
2735 4285 2817 4339 dat
2850 4285 3073 4355 (neutr.)
3102 4287 3179 4339 vel
3210 4285 3324 4339 dals
3350 4288 3567 4353 (masc.)
3592 4288 3676 4339 di-

2124 4383 2294 4433 catur,
2343 4373 2637 4437 incertum;
2672 4377 2844 4427 driuso
2874 4374 3036 4427 clivus
3062 4383 3116 4427 et
3154 4374 3351 4447 iddalja
3387 4375 3676 4430 descensus

2124 4461 2272 4522 [δίης
2290 4460 2393 4528 eigs
2410 4461 2490 4513 via
2509 4468 2588 4513 est
2617 4473 2802 4523 masc.;
2825 4462 2914 4512 sed
2942 4461 3156 4516 dubium
3178 4472 3260 4516 est
3299 4478 3366 4516 an
3396 4464 3497 4516 iter
3515 4478 3678 4535 gnggs

2126 4548 2344 4615 (mase.)
2394 4549 2475 4601 vel
2516 4564 2645 4617 gagg
2695 4549 2917 4619 (neutr.)
2968 4552 3072 4613 sit;
3122 4553 3287 4621 smiga
3329 4561 3502 4605 autem
3549 4567 3674 4619 gra-

2121 4639 2221 4693 dus
2276 4640 2398 4693 fem.
2425 4650 2542 4701 est;
2596 4641 2757 4693 altum
2799 4650 2879 4695 est
2907 4642 3075 4711 ῥισίν-ἱ
3102 4652 3275 4697 neutr.
3321 4641 3405 4695 vel
3453 4641 3677 4695 hulundi

2124 4729 2289 4793 fem.;
2341 4732 2468 4782 urbs
2513 4730 2712 4799 banrgs
2764 4740 2818 4784 et
2867 4733 3012 4786 vicus
3044 4746 3137 4785 seu
3164 4744 3294 4799 psus
3341 4732 3507 4785 haima
3540 4732 3671 4788 feni.

2122 4828 2263 4881 sunt,
2297 4819 2432 4871 vei/ts
2460 4827 2634 4871 autem
2658 4829 2826 4874 neutr.

2203 4909 2539 4962 «Annotatio.
2573 4939 2635 4948 -—
2666 4910 2767 4965 Sed
2799 4910 2963 4964 multo
3008 4910 3279 4965 difficilLus
3327 4911 3673 4966 determinari

2122 5006 2297 5063 potrst
2334 5011 2496 5063 genus
2535 4998 2752 5051 aliarum
2780 4999 3024 5051 classium
3054 5000 3402 5066 objectorum.
3427 5001 3519 5054 Sic
3554 5017 3573 5059 :

2192 5115 2211 5146 ι
2252 5095 2302 5161 1)
2335 5096 2406 5147 Ex
2440 5097 2661 5162 partibus
2682 5097 2913 5149 animalis
2939 5098 3162 5163 corporis
3188 5097 3241 5151 in
3272 5113 3503 5167 genere:
3554 5113 3676 5155 cur-

2118 5198 2213 5251 pus
2246 5183 2341 5235 leik
2362 5200 2408 5237 et
2442 5188 2655 5252 sanguis
2698 5181 2821 5252 filo];
2848 5195 3015 5239 neutr.
3052 5196 3222 5257 sunt;
3277 5201 3403 5240 caro
3446 5199 3673 5239 manuue

2118 5274 2294 5345 (σαρξ)
2325 5272 2447 5327 fem.
2478 5282 2533 5326 et
2572 5275 2719 5325 mimz
2763 5274 2932 5343 (κρέας
2961 5288 3082 5327 caro
3110 5274 3493 5337 manducanda,
3538 5274 3671 5341 etc.)

2115 5373 2315 5425 neutr.,
2344 5364 2502 5429 adeps
2531 5362 2757 5432 smairpr
2784 5374 2977 5429 neutr.;
3008 5365 3123 5419 lana
3151 5367 3290 5418 unua
3322 5365 3467 5427 fem.,
3500 5366 3674 5432 capil-

2113 5452 2193 5503 με
2211 5449 2520 5518 tugletsknft
2566 5451 2758 5517 (coma)
2784 5462 2971 5509 neutr.;
2998 5451 3444 5520 membrumlipns
3468 5466 3668 5512 masc;

2112 5550 2269 5605 Caput
2292 5537 2485 5605 [tuabi];
2518 5550 2726 5601 neutr.;
2776 5541 3009 5593 crauium
3049 5541 3254 5592 wairnei
3281 5539 3402 5593 fem.
3436 5580 3449 5599 ,
3500 5540 3670 5592 facies

2110 5627 2256 5695 ludja
2287 5626 2359 5693 (id
2383 5635 2461 5677 est
2492 5639 2611 5691 pars
2655 5625 2840 5693 capitis
2866 5629 3067 5694 capill‘s
3117 5628 3333 5691 nudata,
3362 5628 3465 5681 vid.
3504 5629 3665 5690 Μαι..

2109 5728 2184 5781 v1,
2217 5712 2304 5782 l7)
2337 5724 2414 5770 eSt
2438 5712 2587 5781 fcm.,
2617 5714 2729 5770 vlifs
2758 5724 2811 5769 et
2840 5716 3158 5769 andavleizm
3196 5714 3403 5786 (facies)
3434 5729 3610 5769 masc.
3645 5728 3661 5778 ;
